time,ask,bid,ask_volume,bid_volume
2022-01-26 14:55:00.092000,1.1436,1.14358,1200000,4040000
2022-01-26 14:55:00.194000,1.14361,1.14358,1440000,1200000
2022-01-26 14:55:03.033000,1.14361,1.14357,1880000,2340000
2022-01-26 14:55:04.100000,1.14358,1.14355,1340000,3970000
2022-01-26 14:55:04.202000,1.14359,1.14354,1340000,3370000
2022-01-26 14:55:05.108000,1.14355,1.14353,2030000,1200000
2022-01-26 14:55:05.211000,1.14355,1.14352,2340000,1340000
2022-01-26 14:55:06.128000,1.14355,1.14353,1440000,1200000
2022-01-26 14:55:08.599000,1.14354,1.14353,1200000,1200000
2022-01-26 14:55:11.069000,1.14353,1.1435,2340000,4040000
2022-01-26 14:55:12.535000,1.14353,1.1435,1800000,3610000
2022-01-26 14:55:16.440000,1.14352,1.1435,1200000,1200000
2022-01-26 14:55:17.229000,1.14352,1.14349,2340000,1340000
2022-01-26 14:55:19.056000,1.14349,1.14346,1200000,4640000
2022-01-26 14:55:19.158000,1.14349,1.14346,1800000,1200000
2022-01-26 14:55:19.557000,1.14348,1.14346,1200000,1200000
2022-01-26 14:55:22.401000,1.14349,1.14346,2340000,1200000
2022-01-26 14:55:22.568000,1.14349,1.14345,1440000,1880000
2022-01-26 14:55:25.593000,1.14349,1.14345,1920000,1800000
2022-01-26 14:55:25.726000,1.14349,1.14345,1880000,1800000
2022-01-26 14:55:26.309000,1.14348,1.14345,1200000,1200000
2022-01-26 14:55:34.647000,1.14349,1.14345,1200000,1340000
2022-01-26 14:55:36.918000,1.14348,1.14345,1200000,1200000
2022-01-26 14:55:38.103000,1.14348,1.14345,1920000,1200000
2022-01-26 14:55:38.409000,1.14348,1.14345,1440000,1200000
2022-01-26 14:55:41.035000,1.14349,1.14345,2570000,1800000
2022-01-26 14:55:41.158000,1.14348,1.14345,1200000,1200000
2022-01-26 14:55:44.103000,1.14347,1.14344,1440000,1340000
2022-01-26 14:55:44.205000,1.14347,1.14345,1200000,1340000
2022-01-26 14:55:44.307000,1.14348,1.14345,1800000,1320000
2022-01-26 14:55:45.011000,1.14353,1.1435,1940000,1880000
2022-01-26 14:55:45.215000,1.14352,1.1435,1200000,1200000
2022-01-26 14:55:45.267000,1.14355,1.14351,2940000,1340000
2022-01-26 14:55:45.369000,1.14355,1.14351,1800000,2480000
2022-01-26 14:55:45.471000,1.14355,1.14351,2340000,1340000
2022-01-26 14:55:45.879000,1.14355,1.14351,1800000,2940000
2022-01-26 14:55:46.873000,1.14355,1.14351,1800000,1880000
2022-01-26 14:55:46.976000,1.14355,1.14352,1800000,1200000
2022-01-26 14:55:47.332000,1.14355,1.14351,1200000,3840000
2022-01-26 14:55:47.801000,1.14355,1.14353,1200000,1800000
2022-01-26 14:55:48.696000,1.14356,1.14353,1200000,1800000
2022-01-26 14:55:48.951000,1.14357,1.14352,1200000,4740000
2022-01-26 14:55:50.359000,1.14355,1.14353,1500000,1940000
2022-01-26 14:55:50.411000,1.14351,1.14349,1200000,1200000
2022-01-26 14:55:50.564000,1.14351,1.14348,1200000,1200000
2022-01-26 14:55:50.818000,1.1435,1.14347,1200000,4070000
2022-01-26 14:55:51.458000,1.1435,1.14347,1200000,3470000
2022-01-26 14:55:52.369000,1.14349,1.14344,1880000,3600000
2022-01-26 14:55:55.917000,1.14347,1.14344,2780000,1200000
2022-01-26 14:55:56.072000,1.14347,1.14343,1880000,3240000
2022-01-26 14:55:56.183000,1.14343,1.1434,1200000,3240000
2022-01-26 14:55:56.387000,1.14343,1.14339,2780000,1200000
2022-01-26 14:55:59.889000,1.14343,1.14339,5450000,1200000
2022-01-26 14:56:02.039000,1.14343,1.14339,3140000,1200000
2022-01-26 14:56:03.764000,1.14343,1.14339,2240000,2330000
2022-01-26 14:56:03.969000,1.14342,1.14339,1200000,1920000
2022-01-26 14:56:06.955000,1.14343,1.14339,1340000,4690000
2022-01-26 14:56:07.057000,1.14343,1.14339,1800000,1340000
2022-01-26 14:56:09.060000,1.14341,1.14339,1340000,1200000
2022-01-26 14:56:09.163000,1.14342,1.14338,3380000,3470000
2022-01-26 14:56:09.265000,1.14342,1.14338,2780000,3910000
2022-01-26 14:56:09.417000,1.14342,1.14338,2240000,4390000
2022-01-26 14:56:11.111000,1.14341,1.14338,1200000,3380000
2022-01-26 14:56:11.213000,1.14341,1.14338,1200000,3240000
2022-01-26 14:56:11.315000,1.14341,1.14338,1200000,3260000
2022-01-26 14:56:14.584000,1.14342,1.14338,1200000,3260000
2022-01-26 14:56:15.109000,1.14342,1.14339,3380000,1200000
2022-01-26 14:56:15.211000,1.14342,1.14339,2780000,1200000
2022-01-26 14:56:20.108000,1.14341,1.14338,1200000,2780000
2022-01-26 14:56:20.271000,1.1434,1.14337,2470000,3680000
2022-01-26 14:56:20.373000,1.14337,1.14335,1200000,1800000
2022-01-26 14:56:20.476000,1.14339,1.14335,2360000,2240000
2022-01-26 14:56:22.090000,1.14338,1.14332,1200000,5480000
2022-01-26 14:56:22.344000,1.14336,1.14333,1200000,2780000
2022-01-26 14:56:26.131000,1.14337,1.14333,1340000,3680000
2022-01-26 14:56:30.160000,1.14337,1.14333,2480000,1800000
2022-01-26 14:56:37.150000,1.14336,1.14332,1800000,1440000
2022-01-26 14:56:39.843000,1.14334,1.14331,1320000,3740000
2022-01-26 14:56:39.945000,1.14336,1.1433,1460000,2700000
2022-01-26 14:56:40.047000,1.14335,1.14331,1200000,3240000
2022-01-26 14:56:41.510000,1.14334,1.14331,1440000,1570000
2022-01-26 14:56:41.612000,1.14335,1.14331,1200000,3420000
2022-01-26 14:56:42.661000,1.14336,1.14332,1200000,2820000
2022-01-26 14:56:44.109000,1.14336,1.14332,1440000,2340000
2022-01-26 14:56:44.831000,1.14336,1.14332,1200000,3260000
2022-01-26 14:56:49.110000,1.14335,1.14331,1460000,1340000
2022-01-26 14:56:49.213000,1.14334,1.1433,1440000,3680000
2022-01-26 14:56:49.366000,1.14335,1.14331,1460000,1200000
2022-01-26 14:56:49.802000,1.14336,1.1433,1320000,2340000
2022-01-26 14:56:51.257000,1.14334,1.14331,1320000,1200000
2022-01-26 14:56:51.359000,1.14335,1.14331,1200000,3240000
2022-01-26 14:56:54.110000,1.14334,1.1433,1200000,4280000
2022-01-26 14:56:54.212000,1.14333,1.1433,1200000,2940000
2022-01-26 14:56:54.970000,1.14334,1.14329,1320000,3170000
2022-01-26 14:56:55.723000,1.14333,1.14329,1200000,1810000
2022-01-26 14:56:55.849000,1.14333,1.14329,1200000,1210000
2022-01-26 14:56:56.481000,1.14331,1.14328,1200000,1200000
2022-01-26 14:56:57.597000,1.1433,1.14326,1320000,1800000
2022-01-26 14:56:58.005000,1.14331,1.14326,3240000,2480000
2022-01-26 14:56:58.056000,1.14331,1.14326,3240000,1880000
2022-01-26 14:56:59.618000,1.1433,1.14326,1200000,1320000
2022-01-26 14:57:07.111000,1.14329,1.14325,2340000,1320000
2022-01-26 14:57:07.213000,1.1433,1.14326,2340000,1200000
2022-01-26 14:57:07.316000,1.14327,1.14323,1880000,1920000
2022-01-26 14:57:07.418000,1.14324,1.1432,1340000,3470000
2022-01-26 14:57:07.521000,1.14324,1.1432,1800000,2940000
2022-01-26 14:57:07.572000,1.14324,1.1432,1800000,2780000
2022-01-26 14:57:07.725000,1.14327,1.14323,1880000,1920000
2022-01-26 14:57:07.827000,1.14327,1.14323,1200000,1460000
2022-01-26 14:57:08.259000,1.14328,1.14323,3840000,1920000
2022-01-26 14:57:08.907000,1.14329,1.14325,2780000,1440000
2022-01-26 14:57:09.009000,1.1433,1.14325,1880000,2780000
2022-01-26 14:57:09.061000,1.14331,1.14327,1320000,1460000
2022-01-26 14:57:09.112000,1.14331,1.14326,1880000,3240000
2022-01-26 14:57:10.370000,1.14331,1.14327,1340000,1200000
2022-01-26 14:57:13.427000,1.14331,1.14326,3860000,1200000
2022-01-26 14:57:14.107000,1.14326,1.14322,2780000,1340000
2022-01-26 14:57:14.209000,1.14325,1.14321,1340000,2040000
2022-01-26 14:57:14.312000,1.14325,1.14319,2400000,1920000
2022-01-26 14:57:14.414000,1.14324,1.1432,1800000,1920000
2022-01-26 14:57:15.817000,1.14324,1.1432,1200000,1320000
2022-01-26 14:57:16.541000,1.14323,1.1432,2700000,1200000
2022-01-26 14:57:16.592000,1.14321,1.14317,1320000,2040000
2022-01-26 14:57:16.694000,1.14322,1.14317,3680000,1460000
2022-01-26 14:57:17.656000,1.14322,1.14317,2520000,1800000
2022-01-26 14:57:17.809000,1.1432,1.14317,1320000,1200000
2022-01-26 14:57:17.912000,1.1432,1.14316,1880000,1800000
2022-01-26 14:57:18.014000,1.14319,1.14314,3240000,1460000
2022-01-26 14:57:18.586000,1.14319,1.14314,2480000,2360000
2022-01-26 14:57:18.841000,1.14318,1.14314,1880000,1200000
2022-01-26 14:57:20.095000,1.14318,1.14313,3840000,1440000
2022-01-26 14:57:20.197000,1.14318,1.14313,3240000,1880000
2022-01-26 14:57:25.113000,1.14315,1.14311,1340000,2280000
2022-01-26 14:57:25.215000,1.14318,1.14311,5180000,1440000
2022-01-26 14:57:26.129000,1.14317,1.14312,2780000,1880000
2022-01-26 14:57:26.683000,1.14318,1.14312,1880000,1200000
2022-01-26 14:57:28.111000,1.14316,1.14312,2040000,1440000
2022-01-26 14:57:28.518000,1.14316,1.14312,2780000,1320000
2022-01-26 14:57:30.253000,1.14316,1.14313,1320000,1200000
2022-01-26 14:57:30.393000,1.14316,1.14312,2340000,1200000
2022-01-26 14:57:33.108000,1.14316,1.14312,1320000,1200000
2022-01-26 14:57:35.736000,1.14316,1.14312,1880000,1200000
2022-01-26 14:57:35.889000,1.14316,1.14313,1320000,1200000
2022-01-26 14:57:37.300000,1.14317,1.14312,3420000,1200000
2022-01-26 14:57:37.402000,1.14317,1.14313,3420000,1200000
2022-01-26 14:57:38.921000,1.14316,1.14312,1320000,1500000
2022-01-26 14:57:39.023000,1.14315,1.14311,1200000,2570000
2022-01-26 14:57:39.074000,1.14316,1.14311,3470000,4210000
2022-01-26 14:57:39.126000,1.14314,1.14311,1200000,1440000
2022-01-26 14:57:39.228000,1.14315,1.14311,1340000,1440000
2022-01-26 14:57:41.456000,1.14315,1.14312,1200000,1200000
2022-01-26 14:57:41.558000,1.14316,1.14312,1320000,1500000
2022-01-26 14:57:43.649000,1.14318,1.14312,2940000,1200000
2022-01-26 14:57:43.752000,1.14317,1.14314,1340000,1200000
2022-01-26 14:57:44.533000,1.14312,1.14308,1340000,2400000
2022-01-26 14:57:44.635000,1.14315,1.14311,1320000,2240000
2022-01-26 14:57:44.738000,1.14317,1.14313,1200000,1200000
2022-01-26 14:57:44.840000,1.14318,1.14314,1800000,1340000
2022-01-26 14:57:45.043000,1.14319,1.14314,1800000,3070000
2022-01-26 14:57:47.045000,1.14319,1.14315,3380000,1200000
2022-01-26 14:57:47.759000,1.14321,1.1432,3140000,1500000
2022-01-26 14:57:47.861000,1.14324,1.14321,2040000,1200000
2022-01-26 14:57:47.964000,1.14324,1.14321,1880000,1200000
2022-01-26 14:57:49.601000,1.14322,1.14319,1200000,1200000
2022-01-26 14:57:49.703000,1.14324,1.14321,1940000,1200000
2022-01-26 14:57:49.805000,1.14324,1.14321,1340000,1200000
2022-01-26 14:57:50.610000,1.14326,1.1432,1800000,1440000
2022-01-26 14:57:53.094000,1.14325,1.14321,1940000,1440000
2022-01-26 14:57:53.196000,1.14322,1.14319,1320000,1200000
2022-01-26 14:57:53.349000,1.14323,1.14319,1440000,1200000
2022-01-26 14:57:53.451000,1.14321,1.14319,1200000,1200000
2022-01-26 14:57:53.756000,1.14324,1.14318,2940000,1200000
2022-01-26 14:57:53.858000,1.14323,1.14319,3680000,1200000
2022-01-26 14:57:53.961000,1.14322,1.14319,1200000,1200000
2022-01-26 14:57:54.079000,1.14323,1.14319,2780000,1200000
2022-01-26 14:57:55.204000,1.14322,1.14319,1200000,1200000
2022-01-26 14:58:00.625000,1.14321,1.14318,1200000,1320000
2022-01-26 14:58:00.676000,1.14315,1.14313,2240000,1320000
2022-01-26 14:58:00.778000,1.14315,1.14312,1340000,1200000
2022-01-26 14:58:05.206000,1.14315,1.14311,1440000,1200000
2022-01-26 14:58:05.810000,1.14315,1.14311,1200000,2520000
2022-01-26 14:58:08.109000,1.14314,1.1431,1320000,1980000
2022-01-26 14:58:08.211000,1.14313,1.14309,1200000,2340000
2022-01-26 14:58:08.315000,1.14313,1.14311,1200000,1200000
2022-01-26 14:58:08.519000,1.14315,1.14311,1340000,2290000
2022-01-26 14:58:08.621000,1.14315,1.14311,1200000,2340000
2022-01-26 14:58:08.723000,1.14315,1.14312,1200000,1500000
2022-01-26 14:58:08.826000,1.14316,1.14312,1340000,1670000
2022-01-26 14:58:08.928000,1.14316,1.14312,1340000,2710000
2022-01-26 14:58:10.907000,1.14316,1.14312,1200000,3010000
2022-01-26 14:58:12.121000,1.14315,1.14311,1940000,3230000
2022-01-26 14:58:12.223000,1.14315,1.14311,1200000,2360000
2022-01-26 14:58:13.562000,1.14316,1.14312,1200000,1440000
2022-01-26 14:58:16.159000,1.14316,1.14312,1200000,3770000
2022-01-26 14:58:16.262000,1.14319,1.14316,1800000,1670000
2022-01-26 14:58:16.364000,1.14318,1.14315,1200000,2870000
2022-01-26 14:58:16.466000,1.14318,1.14314,1200000,2520000
2022-01-26 14:58:20.298000,1.14318,1.14314,1440000,1440000
2022-01-26 14:58:21.132000,1.14317,1.14314,1200000,1440000
2022-01-26 14:58:22.127000,1.14317,1.14314,1200000,1920000
2022-01-26 14:58:22.229000,1.14317,1.14313,1200000,3650000
2022-01-26 14:58:22.969000,1.1432,1.14315,1200000,1970000
2022-01-26 14:58:23.071000,1.14317,1.14314,1200000,2340000
2022-01-26 14:58:23.959000,1.14318,1.14312,1200000,4500000
2022-01-26 14:58:24.767000,1.14318,1.14314,1200000,3420000
2022-01-26 14:58:25.173000,1.14319,1.14315,1440000,1320000
2022-01-26 14:58:26.118000,1.14316,1.14314,1880000,1200000
2022-01-26 14:58:26.169000,1.14316,1.14311,2780000,2750000
2022-01-26 14:58:26.272000,1.14315,1.14312,1200000,1210000
2022-01-26 14:58:26.374000,1.14317,1.14312,1880000,4620000
2022-01-26 14:58:26.476000,1.14318,1.14312,1880000,1810000
2022-01-26 14:58:26.579000,1.14318,1.14315,1440000,2100000
2022-01-26 14:58:26.681000,1.14317,1.14314,1440000,1200000
2022-01-26 14:58:26.783000,1.14317,1.14313,1200000,2570000
2022-01-26 14:58:26.885000,1.14317,1.14313,1200000,2470000
2022-01-26 14:58:27.109000,1.14318,1.14312,1200000,2290000
2022-01-26 14:58:29.125000,1.14318,1.14313,1440000,4090000
2022-01-26 14:58:29.227000,1.14318,1.14313,1200000,5170000
2022-01-26 14:58:31.716000,1.14317,1.14312,2360000,2110000
2022-01-26 14:58:31.818000,1.14317,1.14313,1200000,1670000
2022-01-26 14:58:32.302000,1.14318,1.14314,1200000,1320000
2022-01-26 14:58:32.506000,1.14318,1.14313,1440000,3010000
2022-01-26 14:58:36.119000,1.14316,1.14312,2940000,1320000
2022-01-26 14:58:36.221000,1.14317,1.1431,1440000,4850000
2022-01-26 14:58:37.901000,1.14312,1.14309,1200000,1320000
2022-01-26 14:58:38.003000,1.14312,1.14308,1320000,3320000
2022-01-26 14:58:39.087000,1.14312,1.14307,1880000,3010000
2022-01-26 14:58:39.397000,1.14312,1.14308,1200000,1440000
2022-01-26 14:58:40.120000,1.14311,1.14307,2940000,1210000
2022-01-26 14:58:40.222000,1.14311,1.14306,1880000,4690000
2022-01-26 14:58:40.477000,1.14311,1.14308,1200000,1670000
2022-01-26 14:58:40.680000,1.14311,1.14308,1200000,2750000
2022-01-26 14:58:41.120000,1.14311,1.14306,2960000,2640000
2022-01-26 14:58:41.222000,1.14311,1.14306,1340000,3490000
2022-01-26 14:58:41.882000,1.14311,1.14306,1340000,3490000
2022-01-26 14:58:41.985000,1.14312,1.14307,2340000,5110000
2022-01-26 14:58:42.087000,1.14314,1.14308,1200000,3610000
2022-01-26 14:58:42.189000,1.14313,1.14308,1800000,3470000
2022-01-26 14:58:42.291000,1.14312,1.14307,1880000,2030000
2022-01-26 14:58:42.394000,1.14312,1.14308,1340000,1500000
2022-01-26 14:58:43.858000,1.14314,1.14308,1340000,1500000
2022-01-26 14:58:43.909000,1.14316,1.14312,5180000,1500000
2022-01-26 14:58:44.016000,1.14316,1.14311,1440000,3010000
2022-01-26 14:58:44.260000,1.14316,1.14311,1200000,3650000
2022-01-26 14:58:44.362000,1.14318,1.14311,2780000,1670000
2022-01-26 14:58:44.575000,1.14317,1.14312,2780000,1740000
2022-01-26 14:58:44.678000,1.14318,1.14313,1880000,3010000
2022-01-26 14:58:44.780000,1.14319,1.14312,1200000,4090000
2022-01-26 14:58:45.426000,1.14318,1.14315,1200000,1970000
2022-01-26 14:58:45.478000,1.14321,1.14319,4200000,1500000
2022-01-26 14:58:45.529000,1.14323,1.14319,1880000,4210000
2022-01-26 14:58:45.834000,1.14324,1.14318,1440000,1440000
2022-01-26 14:58:45.936000,1.14323,1.14319,1440000,2870000
2022-01-26 14:58:46.039000,1.14323,1.14318,2340000,3950000
2022-01-26 14:58:47.353000,1.14323,1.14321,1200000,1200000
2022-01-26 14:58:47.456000,1.14325,1.14321,1880000,1200000
2022-01-26 14:58:47.888000,1.14325,1.1432,1880000,1200000
2022-01-26 14:58:49.120000,1.14325,1.1432,1440000,1920000
2022-01-26 14:58:49.222000,1.14325,1.14321,1440000,1510000
2022-01-26 14:58:49.324000,1.14325,1.1432,1440000,2150000
2022-01-26 14:58:51.110000,1.14323,1.14319,2520000,2700000
2022-01-26 14:58:51.212000,1.14324,1.14318,1880000,1320000
2022-01-26 14:58:51.314000,1.14325,1.1432,1800000,1440000
2022-01-26 14:58:51.458000,1.14326,1.14321,3840000,1200000
2022-01-26 14:58:51.661000,1.14325,1.14321,1200000,1200000
2022-01-26 14:58:52.415000,1.14323,1.14317,1460000,1340000
2022-01-26 14:58:52.568000,1.14324,1.14319,3380000,1440000
2022-01-26 14:58:52.670000,1.14324,1.1432,3380000,1340000
2022-01-26 14:58:52.779000,1.14324,1.1432,3240000,1340000
2022-01-26 14:58:54.698000,1.14324,1.1432,1800000,1440000
2022-01-26 14:58:55.661000,1.14322,1.1432,1320000,1200000
2022-01-26 14:58:55.764000,1.14324,1.1432,3380000,1200000
2022-01-26 14:58:55.866000,1.14325,1.1432,3240000,1440000
2022-01-26 14:58:56.519000,1.14325,1.1432,3650000,1200000
2022-01-26 14:58:58.710000,1.14324,1.14321,1320000,1200000
2022-01-26 14:59:00.076000,1.14325,1.14321,1880000,1200000
2022-01-26 14:59:00.229000,1.14323,1.14319,1800000,2340000
2022-01-26 14:59:00.331000,1.14322,1.14318,1920000,1340000
2022-01-26 14:59:00.433000,1.14325,1.14321,1440000,2930000
2022-01-26 14:59:00.536000,1.14327,1.14321,1200000,1670000
2022-01-26 14:59:00.740000,1.14328,1.14324,1940000,1880000
2022-01-26 14:59:00.791000,1.14329,1.14325,3240000,1200000
2022-01-26 14:59:00.893000,1.14329,1.14326,2340000,1200000
2022-01-26 14:59:01.097000,1.1433,1.14326,1880000,1200000
2022-01-26 14:59:05.167000,1.14332,1.14327,3240000,2570000
2022-01-26 14:59:05.269000,1.14332,1.14327,3840000,1440000
2022-01-26 14:59:06.487000,1.14333,1.14329,1320000,1800000
2022-01-26 14:59:07.521000,1.14334,1.14329,3680000,2110000
2022-01-26 14:59:08.745000,1.14333,1.14329,2780000,1200000
2022-01-26 14:59:09.733000,1.14334,1.1433,1800000,1440000
2022-01-26 14:59:09.835000,1.14335,1.1433,3240000,1440000
2022-01-26 14:59:10.983000,1.14335,1.14331,2340000,1200000
2022-01-26 14:59:11.765000,1.14335,1.14331,2940000,1200000
2022-01-26 14:59:12.317000,1.14336,1.14331,3240000,1440000
2022-01-26 14:59:12.419000,1.14335,1.14331,1320000,2030000
2022-01-26 14:59:12.572000,1.14335,1.14332,1200000,1200000
2022-01-26 14:59:12.674000,1.14336,1.14332,1880000,1200000
2022-01-26 14:59:13.078000,1.14335,1.14332,1320000,1200000
2022-01-26 14:59:13.130000,1.14333,1.14329,1320000,1440000
2022-01-26 14:59:17.426000,1.14334,1.1433,1440000,1440000
2022-01-26 14:59:17.681000,1.14335,1.14331,2520000,1200000
2022-01-26 14:59:17.986000,1.14335,1.14331,1800000,1200000
2022-01-26 14:59:19.187000,1.14337,1.14333,3380000,1200000
2022-01-26 14:59:22.090000,1.14337,1.14334,2480000,1200000
2022-01-26 14:59:22.142000,1.14335,1.14332,1440000,1570000
2022-01-26 14:59:22.895000,1.14335,1.14332,2940000,1200000
2022-01-26 14:59:23.900000,1.14335,1.14332,2340000,1200000
2022-01-26 14:59:25.131000,1.14335,1.14331,1920000,2930000
2022-01-26 14:59:25.238000,1.14337,1.14333,1880000,1200000
2022-01-26 14:59:25.340000,1.14338,1.14333,1880000,2780000
2022-01-26 14:59:25.700000,1.14338,1.14334,1320000,1200000
2022-01-26 14:59:26.310000,1.14338,1.14334,1920000,1200000
2022-01-26 14:59:30.139000,1.14337,1.14333,1200000,2340000
2022-01-26 14:59:30.343000,1.14334,1.14331,1200000,3600000
2022-01-26 14:59:30.445000,1.14336,1.14331,2940000,1440000
2022-01-26 14:59:30.547000,1.14337,1.14332,2340000,1800000
2022-01-26 14:59:32.056000,1.14337,1.14334,1200000,1200000
2022-01-26 14:59:32.159000,1.14339,1.14335,2040000,1200000
2022-01-26 14:59:33.002000,1.1434,1.14336,1200000,2780000
2022-01-26 14:59:33.110000,1.14342,1.14336,1440000,1200000
2022-01-26 14:59:33.263000,1.14342,1.1434,1200000,1200000
2022-01-26 14:59:33.314000,1.14343,1.1434,1440000,2100000
2022-01-26 14:59:34.117000,1.14343,1.14341,1200000,2410000
2022-01-26 14:59:34.169000,1.14345,1.14342,1320000,1500000
2022-01-26 14:59:34.423000,1.14347,1.14343,2060000,1200000
2022-01-26 14:59:34.811000,1.14347,1.14344,1920000,1200000
2022-01-26 14:59:34.862000,1.14347,1.14345,1320000,1200000
2022-01-26 14:59:35.015000,1.14348,1.14344,2520000,1800000
2022-01-26 14:59:35.178000,1.14347,1.14344,1320000,1800000
2022-01-26 14:59:35.229000,1.14349,1.14346,1320000,1500000
2022-01-26 14:59:35.331000,1.14347,1.14344,1320000,2700000
2022-01-26 14:59:36.070000,1.14347,1.14344,2360000,1200000
2022-01-26 14:59:36.263000,1.14347,1.14344,1340000,1200000
2022-01-26 14:59:36.366000,1.14347,1.14345,1340000,1200000
2022-01-26 14:59:39.068000,1.14349,1.14345,1800000,1440000
2022-01-26 14:59:39.120000,1.14352,1.14349,2840000,1500000
2022-01-26 14:59:39.222000,1.14354,1.14349,2040000,2570000
2022-01-26 14:59:39.274000,1.14355,1.14352,1200000,1200000
2022-01-26 14:59:39.376000,1.14357,1.14353,1320000,1340000
2022-01-26 14:59:39.478000,1.14358,1.14353,4760000,1340000
2022-01-26 14:59:39.733000,1.14355,1.14352,2780000,1200000
2022-01-26 14:59:39.835000,1.14355,1.14351,2570000,1200000
2022-01-26 14:59:40.025000,1.14356,1.1435,3650000,1200000
2022-01-26 14:59:40.127000,1.14354,1.1435,1880000,1200000
2022-01-26 14:59:43.219000,1.14355,1.1435,2780000,1320000
2022-01-26 14:59:43.910000,1.14354,1.1435,1440000,1200000
2022-01-26 14:59:44.012000,1.14355,1.14351,1320000,1200000
2022-01-26 14:59:44.115000,1.14357,1.14353,1880000,1200000
2022-01-26 14:59:44.268000,1.14359,1.14356,1320000,1200000
2022-01-26 14:59:44.471000,1.14362,1.14359,2040000,1500000
2022-01-26 14:59:44.523000,1.14362,1.14357,4320000,2030000
2022-01-26 14:59:44.625000,1.14362,1.14357,3490000,2030000
2022-01-26 14:59:45.486000,1.14363,1.14358,1670000,3470000
2022-01-26 14:59:45.546000,1.14364,1.1436,3120000,1500000
2022-01-26 14:59:45.800000,1.14361,1.14356,2780000,6170000
2022-01-26 14:59:45.903000,1.14361,1.14357,1440000,1200000
2022-01-26 14:59:46.773000,1.14361,1.14356,2780000,2110000
2022-01-26 14:59:47.127000,1.1436,1.14355,3190000,1340000
2022-01-26 14:59:47.229000,1.1436,1.14356,1320000,1200000
2022-01-26 14:59:49.479000,1.14362,1.14357,1920000,1200000
2022-01-26 14:59:49.531000,1.14363,1.14358,2110000,1200000
2022-01-26 14:59:50.385000,1.14362,1.14357,1200000,2640000
2022-01-26 14:59:50.487000,1.14364,1.14359,4620000,1200000
2022-01-26 14:59:51.058000,1.14362,1.14359,1200000,1200000
2022-01-26 14:59:51.210000,1.14362,1.14358,1200000,1500000
2022-01-26 14:59:51.313000,1.14361,1.14357,1440000,1200000
2022-01-26 14:59:52.104000,1.1436,1.14357,1200000,1200000
2022-01-26 14:59:52.207000,1.14361,1.14354,1920000,1200000
2022-01-26 14:59:53.070000,1.14361,1.14357,2520000,1200000
2022-01-26 14:59:53.429000,1.14361,1.14357,1920000,1200000
2022-01-26 14:59:53.532000,1.14362,1.14358,2060000,1200000
2022-01-26 14:59:53.634000,1.14363,1.14358,2570000,2570000
2022-01-26 14:59:54.046000,1.14364,1.14359,2220000,1200000
2022-01-26 14:59:55.265000,1.14365,1.14361,1740000,1500000
2022-01-26 14:59:55.368000,1.14365,1.14361,1440000,1500000
2022-01-26 14:59:55.474000,1.14366,1.14361,2780000,1670000
2022-01-26 14:59:55.780000,1.14366,1.14362,2780000,1200000
2022-01-26 14:59:55.882000,1.14366,1.14361,3770000,1440000
2022-01-26 14:59:55.984000,1.14367,1.14362,2220000,1200000
2022-01-26 14:59:56.136000,1.14367,1.14362,1500000,1200000
2022-01-26 14:59:58.057000,1.14366,1.14361,2330000,1340000
2022-01-26 14:59:58.159000,1.14365,1.1436,2240000,1200000
2022-01-26 14:59:58.261000,1.14363,1.14358,1200000,1200000
2022-01-26 14:59:58.363000,1.14362,1.14355,1200000,1200000
2022-01-26 14:59:58.668000,1.1436,1.14355,1200000,1200000
2022-01-26 14:59:58.770000,1.14359,1.14355,1200000,1200000
2022-01-26 14:59:59.830000,1.14353,1.1435,1200000,1340000
2022-01-26 14:59:59.933000,1.14356,1.14351,2400000,1800000
2022-01-26 15:00:00.085000,1.14355,1.14351,1340000,1200000
2022-01-26 15:00:00.562000,1.14353,1.14348,1200000,3780000
2022-01-26 15:00:00.664000,1.14354,1.1435,1200000,1200000
2022-01-26 15:00:00.766000,1.14355,1.1435,1200000,1800000
2022-01-26 15:00:00.955000,1.14357,1.14352,1200000,1200000
2022-01-26 15:00:01.362000,1.14352,1.14347,1500000,5580000
2022-01-26 15:00:01.417000,1.14341,1.14338,1200000,3830000
2022-01-26 15:00:01.519000,1.14343,1.14338,5930000,2880000
2022-01-26 15:00:01.621000,1.14341,1.14337,1200000,1340000
2022-01-26 15:00:01.723000,1.14341,1.14338,1200000,1200000
2022-01-26 15:00:01.825000,1.1434,1.14337,1200000,1500000
2022-01-26 15:00:01.878000,1.14341,1.14335,1800000,2100000
2022-01-26 15:00:01.930000,1.14338,1.14336,1200000,1200000
2022-01-26 15:00:01.982000,1.14341,1.14336,2400000,1800000
2022-01-26 15:00:02.086000,1.14339,1.14335,1800000,1200000
2022-01-26 15:00:02.141000,1.14337,1.14332,1200000,5580000
2022-01-26 15:00:02.193000,1.14337,1.14335,1200000,1200000
2022-01-26 15:00:02.295000,1.14334,1.14329,1200000,1500000
2022-01-26 15:00:02.346000,1.14336,1.14332,2700000,4940000
2022-01-26 15:00:02.448000,1.14338,1.14333,2100000,1200000
2022-01-26 15:00:02.550000,1.14338,1.14333,1200000,1340000
2022-01-26 15:00:02.653000,1.14339,1.14334,1200000,1500000
2022-01-26 15:00:02.755000,1.14338,1.14333,1200000,1200000
2022-01-26 15:00:03.009000,1.14337,1.14333,1800000,1200000
2022-01-26 15:00:03.111000,1.14338,1.14333,3600000,1200000
2022-01-26 15:00:03.213000,1.14337,1.14333,1200000,1200000
2022-01-26 15:00:03.723000,1.14332,1.1433,1500000,1200000
2022-01-26 15:00:03.775000,1.14331,1.14326,1340000,1200000
2022-01-26 15:00:03.826000,1.14329,1.14324,1200000,1200000
2022-01-26 15:00:03.877000,1.14327,1.14322,1340000,1500000
2022-01-26 15:00:03.979000,1.14327,1.14323,1800000,1200000
2022-01-26 15:00:04.081000,1.14326,1.14321,1200000,2330000
2022-01-26 15:00:04.294000,1.14326,1.14321,1200000,1500000
2022-01-26 15:00:04.396000,1.14328,1.14324,1800000,1200000
2022-01-26 15:00:04.498000,1.14329,1.14324,1340000,1200000
2022-01-26 15:00:04.651000,1.14329,1.14324,1200000,2100000
2022-01-26 15:00:04.753000,1.14329,1.14324,1200000,1500000
2022-01-26 15:00:04.957000,1.14328,1.14323,1200000,1570000
2022-01-26 15:00:05.059000,1.14324,1.14322,1200000,1200000
2022-01-26 15:00:05.162000,1.14322,1.14318,1800000,2240000
2022-01-26 15:00:05.213000,1.14323,1.1432,1200000,1200000
2022-01-26 15:00:05.265000,1.14325,1.14321,4500000,1800000
2022-01-26 15:00:05.925000,1.14326,1.14321,1800000,2330000
2022-01-26 15:00:06.280000,1.14326,1.14321,1800000,1200000
2022-01-26 15:00:06.332000,1.14324,1.14321,1200000,2030000
2022-01-26 15:00:06.485000,1.14327,1.14323,1200000,2100000
2022-01-26 15:00:06.587000,1.14325,1.14321,2240000,1500000
2022-01-26 15:00:06.790000,1.14323,1.1432,1340000,2100000
2022-01-26 15:00:06.892000,1.14325,1.14322,1800000,1500000
2022-01-26 15:00:06.994000,1.14326,1.14322,1200000,1500000
2022-01-26 15:00:07.097000,1.14325,1.14322,2700000,1500000
2022-01-26 15:00:07.149000,1.14324,1.1432,2360000,2030000
2022-01-26 15:00:07.251000,1.14324,1.14321,1880000,2100000
2022-01-26 15:00:07.353000,1.14326,1.14321,2340000,2180000
2022-01-26 15:00:07.460000,1.14326,1.14322,1200000,2870000
2022-01-26 15:00:07.563000,1.14326,1.14321,1320000,1670000
2022-01-26 15:00:07.665000,1.14326,1.14324,1200000,2100000
2022-01-26 15:00:07.773000,1.14329,1.14324,2240000,1690000
2022-01-26 15:00:07.875000,1.14329,1.14324,2340000,1210000
2022-01-26 15:00:08.079000,1.14329,1.14324,2700000,2890000
2022-01-26 15:00:08.181000,1.14329,1.14324,1880000,1320000
2022-01-26 15:00:08.233000,1.14332,1.14327,4160000,1200000
2022-01-26 15:00:08.335000,1.14332,1.14327,2700000,1200000
2022-01-26 15:00:08.871000,1.14331,1.14328,1500000,1200000
2022-01-26 15:00:08.973000,1.14329,1.14324,1800000,2710000
2022-01-26 15:00:09.075000,1.14327,1.14324,1200000,1670000
2022-01-26 15:00:09.126000,1.14332,1.14327,3300000,1200000
2022-01-26 15:00:09.228000,1.14332,1.14327,1800000,1200000
2022-01-26 15:00:09.432000,1.14332,1.14328,1200000,1200000
2022-01-26 15:00:09.534000,1.14335,1.14333,2240000,1500000
2022-01-26 15:00:09.638000,1.14341,1.14336,1440000,1200000
2022-01-26 15:00:09.689000,1.14342,1.14338,1440000,1200000
2022-01-26 15:00:09.791000,1.14343,1.14336,1800000,1500000
2022-01-26 15:00:09.893000,1.1434,1.14337,1200000,1760000
2022-01-26 15:00:09.996000,1.14342,1.14339,1200000,1320000
2022-01-26 15:00:10.048000,1.14344,1.14339,1800000,1320000
2022-01-26 15:00:10.099000,1.14344,1.14341,1200000,1200000
2022-01-26 15:00:10.252000,1.14345,1.14339,1200000,1320000
2022-01-26 15:00:10.354000,1.14344,1.1434,1200000,1690000
2022-01-26 15:00:10.456000,1.14346,1.1434,1800000,1440000
2022-01-26 15:00:10.558000,1.14347,1.14342,2240000,2660000
2022-01-26 15:00:11.081000,1.14348,1.14343,1800000,1320000
2022-01-26 15:00:11.268000,1.14346,1.14341,1200000,1320000
2022-01-26 15:00:11.853000,1.14345,1.1434,1200000,1320000
2022-01-26 15:00:11.955000,1.14344,1.14339,1200000,1320000
2022-01-26 15:00:12.057000,1.14344,1.14339,1200000,1460000
2022-01-26 15:00:12.694000,1.14345,1.14338,1200000,1440000
2022-01-26 15:00:12.796000,1.1434,1.14336,1200000,1200000
2022-01-26 15:00:12.847000,1.14339,1.14334,1200000,1440000
2022-01-26 15:00:14.109000,1.14338,1.14333,1200000,1440000
2022-01-26 15:00:14.639000,1.14337,1.14332,1200000,1440000
2022-01-26 15:00:14.690000,1.14335,1.1433,1200000,2340000
2022-01-26 15:00:14.945000,1.14335,1.14329,1200000,2340000
2022-01-26 15:00:15.149000,1.14335,1.14331,1200000,1200000
2022-01-26 15:00:16.246000,1.14337,1.1433,2240000,1200000
2022-01-26 15:00:16.351000,1.14334,1.14331,1200000,1200000
2022-01-26 15:00:16.454000,1.14334,1.1433,1200000,1440000
2022-01-26 15:00:16.557000,1.14334,1.14331,1200000,1200000
2022-01-26 15:00:16.710000,1.14335,1.14333,1200000,1200000
2022-01-26 15:00:17.087000,1.14336,1.14333,1200000,1200000
2022-01-26 15:00:17.296000,1.14335,1.14333,1200000,1200000
2022-01-26 15:00:17.398000,1.14335,1.14332,1200000,1200000
2022-01-26 15:00:17.500000,1.14334,1.14332,1200000,1200000
2022-01-26 15:00:17.917000,1.14334,1.14331,1200000,1200000
2022-01-26 15:00:18.237000,1.14337,1.14333,1200000,1440000
2022-01-26 15:00:18.360000,1.14339,1.14334,1340000,4160000
2022-01-26 15:00:18.470000,1.14339,1.14334,1800000,2340000
2022-01-26 15:00:18.978000,1.1434,1.14335,1200000,1200000
2022-01-26 15:00:19.533000,1.1434,1.14338,1200000,1200000
2022-01-26 15:00:19.584000,1.14344,1.14339,2340000,1200000
2022-01-26 15:00:19.687000,1.14344,1.1434,1200000,1200000
2022-01-26 15:00:20.277000,1.14344,1.14339,1800000,1670000
2022-01-26 15:00:20.379000,1.14343,1.14338,1200000,3770000
2022-01-26 15:00:20.684000,1.14344,1.14339,1800000,1670000
2022-01-26 15:00:20.786000,1.14344,1.14339,1800000,2220000
2022-01-26 15:00:21.522000,1.14343,1.14338,1200000,2750000
2022-01-26 15:00:21.624000,1.14342,1.14337,1800000,5290000
2022-01-26 15:00:21.727000,1.14342,1.14338,1800000,2750000
2022-01-26 15:00:21.778000,1.14344,1.14339,3600000,1440000
2022-01-26 15:00:21.880000,1.14344,1.1434,1200000,1200000
2022-01-26 15:00:22.719000,1.14346,1.14341,2940000,1800000
2022-01-26 15:00:22.973000,1.14346,1.14341,1880000,1800000
2022-01-26 15:00:23.276000,1.14344,1.1434,1340000,1200000
2022-01-26 15:00:23.378000,1.14344,1.14339,2780000,1200000
2022-01-26 15:00:23.481000,1.14339,1.14334,2340000,1440000
2022-01-26 15:00:23.636000,1.14337,1.14333,1200000,1440000
2022-01-26 15:00:23.738000,1.14337,1.14333,1200000,1920000
2022-01-26 15:00:23.840000,1.14339,1.14333,2700000,1920000
2022-01-26 15:00:24.104000,1.1434,1.14335,1440000,2110000
2022-01-26 15:00:24.207000,1.14339,1.14334,1340000,1440000
2022-01-26 15:00:24.410000,1.14338,1.14334,1320000,1200000
2022-01-26 15:00:24.513000,1.14338,1.14333,1200000,1200000
2022-01-26 15:00:24.666000,1.14336,1.14331,1880000,4760000
2022-01-26 15:00:24.717000,1.14334,1.14331,1200000,1440000
2022-01-26 15:00:24.819000,1.14334,1.14332,1200000,1200000
2022-01-26 15:00:24.871000,1.14337,1.14332,1200000,2870000
2022-01-26 15:00:25.386000,1.14338,1.14333,1800000,1210000
2022-01-26 15:00:26.292000,1.14339,1.14333,3240000,2110000
2022-01-26 15:00:26.496000,1.14338,1.14333,1200000,2110000
2022-01-26 15:00:26.703000,1.14339,1.14333,3240000,2290000
2022-01-26 15:00:26.805000,1.14339,1.14336,2780000,1200000
2022-01-26 15:00:26.907000,1.14341,1.14336,2700000,1200000
2022-01-26 15:00:27.213000,1.14342,1.14335,1440000,2870000
2022-01-26 15:00:27.315000,1.14339,1.14334,1320000,3190000
2022-01-26 15:00:27.519000,1.14341,1.14337,1920000,2330000
2022-01-26 15:00:27.571000,1.14342,1.14337,2340000,5290000
2022-01-26 15:00:27.934000,1.1434,1.14335,1440000,2480000
2022-01-26 15:00:28.572000,1.1434,1.14335,1880000,1440000
2022-01-26 15:00:29.244000,1.14341,1.14335,2960000,2770000
2022-01-26 15:00:29.346000,1.14341,1.14335,3240000,3310000
2022-01-26 15:00:29.448000,1.1434,1.14335,1200000,3310000
2022-01-26 15:00:29.678000,1.14341,1.14335,3240000,4210000
2022-01-26 15:00:30.082000,1.1434,1.14335,1200000,5570000
2022-01-26 15:00:30.185000,1.14342,1.14339,1200000,1500000
2022-01-26 15:00:30.338000,1.14343,1.14339,1200000,1670000
2022-01-26 15:00:31.707000,1.14347,1.14343,3380000,1800000
2022-01-26 15:00:31.809000,1.14347,1.14345,1200000,1500000
2022-01-26 15:00:31.911000,1.14347,1.14344,1200000,2870000
2022-01-26 15:00:32.013000,1.14348,1.14344,1200000,3770000
2022-01-26 15:00:32.115000,1.14349,1.14344,1880000,3770000
2022-01-26 15:00:32.166000,1.14347,1.14344,1200000,3770000
2022-01-26 15:00:32.217000,1.14349,1.14344,2780000,3080000
2022-01-26 15:00:32.319000,1.14349,1.14345,1800000,1620000
2022-01-26 15:00:32.782000,1.14349,1.14345,1800000,1670000
2022-01-26 15:00:33.293000,1.14346,1.14344,1880000,1800000
2022-01-26 15:00:33.344000,1.14344,1.1434,1200000,2870000
2022-01-26 15:00:33.396000,1.14342,1.14339,1320000,1340000
2022-01-26 15:00:33.498000,1.14343,1.14339,1200000,1670000
2022-01-26 15:00:33.601000,1.14344,1.14339,2780000,1670000
2022-01-26 15:00:34.581000,1.14344,1.14339,1200000,2290000
2022-01-26 15:00:34.810000,1.14344,1.14339,1320000,1670000
2022-01-26 15:00:35.704000,1.14343,1.14339,1920000,1200000
2022-01-26 15:00:35.807000,1.14342,1.14337,2780000,1690000
2022-01-26 15:00:36.011000,1.1434,1.14335,1440000,7130000
2022-01-26 15:00:36.419000,1.14341,1.14337,1880000,1500000
2022-01-26 15:00:36.572000,1.14342,1.14338,1340000,3140000
2022-01-26 15:00:36.675000,1.14344,1.14339,2960000,1200000
2022-01-26 15:00:36.828000,1.14343,1.14339,1440000,1940000
2022-01-26 15:00:36.930000,1.14343,1.14338,1440000,2240000
2022-01-26 15:00:37.033000,1.14345,1.14338,2340000,2030000
2022-01-26 15:00:37.389000,1.14344,1.14339,2060000,1340000
2022-01-26 15:00:38.018000,1.14343,1.14338,1920000,1500000
2022-01-26 15:00:38.120000,1.14342,1.14338,1320000,1500000
2022-01-26 15:00:38.274000,1.1434,1.14337,1440000,1500000
2022-01-26 15:00:38.376000,1.14341,1.14337,2060000,1500000
2022-01-26 15:00:42.418000,1.14342,1.14337,3860000,2030000
2022-01-26 15:00:44.449000,1.14342,1.14339,2780000,1500000
2022-01-26 15:00:44.552000,1.14344,1.14339,2960000,1500000
2022-01-26 15:00:44.654000,1.14344,1.14339,1440000,1670000
2022-01-26 15:00:45.514000,1.14346,1.14342,1340000,2640000
2022-01-26 15:00:45.718000,1.14347,1.14342,1880000,3310000
2022-01-26 15:00:45.820000,1.14346,1.14341,1920000,1800000
2022-01-26 15:00:45.923000,1.14345,1.14341,1460000,1200000
2022-01-26 15:00:46.025000,1.14348,1.14344,1520000,2030000
2022-01-26 15:00:46.178000,1.14349,1.14345,1880000,1200000
2022-01-26 15:00:47.290000,1.14349,1.14345,1920000,1200000
2022-01-26 15:00:47.673000,1.14349,1.14345,3420000,1200000
2022-01-26 15:00:47.775000,1.14349,1.14344,3860000,1340000
2022-01-26 15:00:47.895000,1.14349,1.14345,2340000,1570000
2022-01-26 15:00:47.997000,1.14349,1.14345,1200000,1810000
2022-01-26 15:00:48.251000,1.1435,1.14347,1200000,2030000
2022-01-26 15:00:48.354000,1.14352,1.14347,4140000,1210000
2022-01-26 15:00:48.405000,1.14349,1.14347,1200000,1210000
2022-01-26 15:00:48.828000,1.1435,1.14347,1200000,2110000
2022-01-26 15:00:49.235000,1.14349,1.14347,1200000,1200000
2022-01-26 15:00:49.399000,1.1435,1.14347,1200000,1200000
2022-01-26 15:00:49.916000,1.1435,1.14345,1340000,3240000
2022-01-26 15:00:50.018000,1.14351,1.14346,2340000,2770000
2022-01-26 15:00:50.120000,1.1435,1.14346,1200000,3230000
2022-01-26 15:00:50.477000,1.14349,1.14346,1200000,3310000
2022-01-26 15:00:50.678000,1.14351,1.14346,2780000,3310000
2022-01-26 15:00:50.781000,1.1435,1.14346,1200000,3310000
2022-01-26 15:00:51.124000,1.14351,1.14346,1880000,3310000
2022-01-26 15:00:51.175000,1.1435,1.14345,1200000,3310000
2022-01-26 15:00:51.227000,1.14351,1.14346,1880000,3310000
2022-01-26 15:00:51.537000,1.1435,1.14346,1200000,3310000
2022-01-26 15:00:51.985000,1.1435,1.14347,1200000,1800000
2022-01-26 15:00:52.037000,1.14354,1.14349,3680000,3380000
2022-01-26 15:00:52.139000,1.14352,1.14348,1440000,1200000
2022-01-26 15:00:52.190000,1.14352,1.14347,1440000,2570000
2022-01-26 15:00:52.292000,1.14352,1.14347,2340000,3770000
2022-01-26 15:00:52.399000,1.14352,1.14347,2340000,2570000
2022-01-26 15:00:52.502000,1.14352,1.14347,2780000,3310000
2022-01-26 15:00:53.150000,1.14353,1.14348,1200000,3190000
2022-01-26 15:00:53.699000,1.14352,1.14347,1200000,5220000
2022-01-26 15:00:53.801000,1.14351,1.14347,1200000,3240000
2022-01-26 15:00:54.562000,1.14351,1.14346,1880000,3910000
2022-01-26 15:00:54.664000,1.14351,1.14347,1200000,1670000
2022-01-26 15:00:54.984000,1.14353,1.1435,1200000,1870000
2022-01-26 15:00:55.035000,1.14354,1.1435,1340000,4070000
2022-01-26 15:00:55.137000,1.14355,1.14352,1200000,2110000
2022-01-26 15:00:55.239000,1.14357,1.14352,3240000,1670000
2022-01-26 15:00:55.341000,1.14356,1.14352,1200000,1670000
2022-01-26 15:00:56.407000,1.14355,1.14352,1440000,1500000
2022-01-26 15:00:56.712000,1.14356,1.14352,1200000,1670000
2022-01-26 15:00:57.073000,1.14356,1.14351,1880000,2030000
2022-01-26 15:00:57.175000,1.14355,1.14351,1200000,2030000
2022-01-26 15:00:57.589000,1.14355,1.14351,1200000,2630000
2022-01-26 15:00:57.691000,1.14356,1.14352,1200000,1970000
2022-01-26 15:00:59.425000,1.14355,1.14352,1200000,2870000
2022-01-26 15:00:59.527000,1.14356,1.14352,1200000,3310000
2022-01-26 15:01:00.077000,1.14357,1.14353,1200000,3240000
2022-01-26 15:01:00.281000,1.14358,1.14353,1200000,2110000
2022-01-26 15:01:00.690000,1.14358,1.14353,1200000,3190000
2022-01-26 15:01:01.040000,1.14355,1.14351,1340000,1340000
2022-01-26 15:01:01.142000,1.14355,1.14347,2340000,3650000
2022-01-26 15:01:01.244000,1.14353,1.14348,1880000,2340000
2022-01-26 15:01:01.347000,1.14352,1.14347,1880000,1670000
2022-01-26 15:01:01.449000,1.14351,1.14347,1880000,1200000
2022-01-26 15:01:01.805000,1.14347,1.14344,1440000,3140000
2022-01-26 15:01:01.907000,1.14348,1.14345,1200000,1210000
2022-01-26 15:01:02.009000,1.14349,1.14345,1340000,2110000
2022-01-26 15:01:02.138000,1.14351,1.14346,4740000,1200000
2022-01-26 15:01:02.240000,1.14351,1.14346,3380000,2150000
2022-01-26 15:01:02.882000,1.14351,1.14346,2780000,2470000
2022-01-26 15:01:03.180000,1.14351,1.14346,2340000,3650000
2022-01-26 15:01:03.563000,1.14351,1.14346,4160000,1880000
2022-01-26 15:01:04.174000,1.14349,1.14345,1320000,1440000
2022-01-26 15:01:04.328000,1.1435,1.14343,1800000,2570000
2022-01-26 15:01:04.583000,1.1435,1.14345,1200000,2110000
2022-01-26 15:01:04.686000,1.1435,1.14346,1200000,2590000
2022-01-26 15:01:06.152000,1.14351,1.14347,1440000,1210000
2022-01-26 15:01:06.256000,1.14351,1.14348,1440000,1500000
2022-01-26 15:01:06.359000,1.14353,1.14348,1340000,3650000
2022-01-26 15:01:06.461000,1.14354,1.14349,1880000,2570000
2022-01-26 15:01:06.563000,1.14354,1.14349,1340000,2750000
2022-01-26 15:01:07.362000,1.14355,1.1435,3240000,1440000
2022-01-26 15:01:07.718000,1.14354,1.14347,2340000,4670000
2022-01-26 15:01:07.821000,1.14353,1.14348,4280000,3770000
2022-01-26 15:01:10.104000,1.14353,1.14348,1880000,5290000
2022-01-26 15:01:10.206000,1.14354,1.14349,2240000,3010000
2022-01-26 15:01:10.667000,1.14354,1.14351,1200000,1200000
2022-01-26 15:01:10.718000,1.14354,1.14349,1200000,4370000
2022-01-26 15:01:11.273000,1.14353,1.14349,1200000,3230000
2022-01-26 15:01:11.376000,1.14354,1.14349,2780000,2470000
2022-01-26 15:01:11.715000,1.14355,1.1435,3840000,1200000
2022-01-26 15:01:12.045000,1.14355,1.14352,1200000,1670000
2022-01-26 15:01:12.097000,1.14356,1.14353,1320000,1200000
2022-01-26 15:01:12.402000,1.14357,1.14353,1440000,1440000
2022-01-26 15:01:13.137000,1.14357,1.14353,1920000,1670000
2022-01-26 15:01:14.147000,1.14357,1.14353,1320000,2570000
2022-01-26 15:01:14.278000,1.14359,1.14356,1940000,1670000
2022-01-26 15:01:14.381000,1.1436,1.14355,3380000,1200000
2022-01-26 15:01:14.586000,1.14359,1.14354,1880000,1200000
2022-01-26 15:01:15.044000,1.14358,1.14354,1880000,1800000
2022-01-26 15:01:18.106000,1.14355,1.14354,1200000,1800000
2022-01-26 15:01:18.158000,1.14355,1.14351,1200000,2570000
2022-01-26 15:01:19.147000,1.14356,1.1435,1200000,2570000
2022-01-26 15:01:20.379000,1.14356,1.14353,1920000,1500000
2022-01-26 15:01:20.430000,1.14359,1.14356,4580000,1570000
2022-01-26 15:01:20.533000,1.1436,1.14356,4220000,2330000
2022-01-26 15:01:20.635000,1.14361,1.14356,2340000,4810000
2022-01-26 15:01:21.708000,1.14363,1.14359,2480000,1200000
2022-01-26 15:01:22.681000,1.14363,1.14359,1880000,1200000
2022-01-26 15:01:24.202000,1.14363,1.1436,1340000,1200000
2022-01-26 15:01:24.609000,1.14364,1.1436,1880000,1200000
2022-01-26 15:01:24.762000,1.14365,1.1436,1880000,2340000
2022-01-26 15:01:24.864000,1.14363,1.1436,1200000,1800000
2022-01-26 15:01:25.683000,1.14365,1.1436,3240000,1200000
2022-01-26 15:01:26.530000,1.14363,1.1436,1200000,1200000
2022-01-26 15:01:29.105000,1.14364,1.14358,1340000,2570000
2022-01-26 15:01:29.308000,1.14365,1.1436,3240000,1200000
2022-01-26 15:01:29.472000,1.14364,1.14359,1200000,1500000
2022-01-26 15:01:30.354000,1.14365,1.1436,5040000,1200000
2022-01-26 15:01:30.608000,1.14365,1.1436,3420000,1200000
2022-01-26 15:01:30.775000,1.14365,1.1436,3240000,1440000
2022-01-26 15:01:31.256000,1.14366,1.14361,1340000,4390000
2022-01-26 15:01:32.406000,1.14366,1.14361,2940000,3310000
2022-01-26 15:01:32.535000,1.14367,1.14362,4320000,2030000
2022-01-26 15:01:32.904000,1.14366,1.14361,1920000,1880000
2022-01-26 15:01:34.115000,1.1436,1.14359,1200000,1340000
2022-01-26 15:01:34.168000,1.1436,1.14356,3380000,1200000
2022-01-26 15:01:34.270000,1.14359,1.14355,1440000,1500000
2022-01-26 15:01:34.372000,1.1436,1.14356,1800000,1670000
2022-01-26 15:01:36.769000,1.1436,1.14355,2340000,2340000
2022-01-26 15:01:36.922000,1.1436,1.14354,1880000,1200000
2022-01-26 15:01:37.034000,1.14358,1.14355,1340000,1200000
2022-01-26 15:01:37.809000,1.14358,1.14355,1940000,1200000
2022-01-26 15:01:37.911000,1.14358,1.14354,2940000,1200000
2022-01-26 15:01:37.963000,1.14354,1.14352,1800000,1200000
2022-01-26 15:01:38.065000,1.14353,1.1435,1200000,2100000
2022-01-26 15:01:38.758000,1.14355,1.1435,1800000,2870000
2022-01-26 15:01:38.860000,1.14357,1.14353,2340000,1200000
2022-01-26 15:01:39.413000,1.14357,1.14352,4580000,2110000
2022-01-26 15:01:39.762000,1.14357,1.14352,4760000,1670000
2022-01-26 15:01:39.865000,1.14355,1.14352,1200000,1210000
2022-01-26 15:01:39.967000,1.14357,1.14353,1880000,1320000
2022-01-26 15:01:40.302000,1.14359,1.14352,5640000,1460000
2022-01-26 15:01:40.454000,1.14358,1.14353,5040000,1920000
2022-01-26 15:01:40.777000,1.14355,1.1435,2480000,1200000
2022-01-26 15:01:40.829000,1.14352,1.14349,1880000,1800000
2022-01-26 15:01:40.880000,1.14352,1.14347,2940000,1200000
2022-01-26 15:01:41.755000,1.14351,1.14347,2480000,1200000
2022-01-26 15:01:41.857000,1.14351,1.14347,1880000,1200000
2022-01-26 15:01:42.541000,1.14352,1.14348,1920000,1500000
2022-01-26 15:01:42.643000,1.14352,1.14348,1320000,1500000
2022-01-26 15:01:42.796000,1.14354,1.14349,4740000,1670000
2022-01-26 15:01:42.932000,1.14346,1.14342,1500000,5180000
2022-01-26 15:01:43.188000,1.14346,1.14342,2780000,1200000
2022-01-26 15:01:43.290000,1.14345,1.14342,1320000,1200000
2022-01-26 15:01:43.341000,1.14347,1.14342,2780000,2340000
2022-01-26 15:01:43.494000,1.14347,1.14342,1340000,2520000
2022-01-26 15:01:43.768000,1.14349,1.14347,1200000,2030000
2022-01-26 15:01:43.819000,1.1435,1.14347,1500000,1880000
2022-01-26 15:01:43.973000,1.1435,1.14347,3840000,1200000
2022-01-26 15:01:44.024000,1.14348,1.14344,1440000,2780000
2022-01-26 15:01:44.892000,1.14349,1.14345,1880000,1320000
2022-01-26 15:01:45.096000,1.1435,1.14346,1880000,1320000
2022-01-26 15:01:46.249000,1.14352,1.14347,3420000,1500000
2022-01-26 15:01:46.677000,1.14352,1.14347,2780000,1500000
2022-01-26 15:01:47.227000,1.14353,1.14351,1200000,1200000
2022-01-26 15:01:47.279000,1.14354,1.14351,1800000,1320000
2022-01-26 15:01:47.330000,1.14356,1.14352,1440000,1320000
2022-01-26 15:01:47.483000,1.14357,1.14352,1800000,2570000
2022-01-26 15:01:50.037000,1.14357,1.14353,1320000,1500000
2022-01-26 15:01:50.139000,1.14358,1.14353,2340000,2470000
2022-01-26 15:01:50.241000,1.14358,1.14353,2520000,2470000
2022-01-26 15:01:50.618000,1.14358,1.14355,1440000,1200000
2022-01-26 15:01:50.670000,1.1436,1.14356,1440000,1200000
2022-01-26 15:01:52.669000,1.14361,1.14357,3420000,1200000
2022-01-26 15:01:52.873000,1.1436,1.14355,2960000,1200000
2022-01-26 15:01:52.975000,1.14358,1.14355,1200000,1200000
2022-01-26 15:01:53.077000,1.14361,1.14358,2340000,1200000
2022-01-26 15:01:53.179000,1.14362,1.14358,1880000,1440000
2022-01-26 15:01:53.382000,1.14363,1.14359,1460000,1200000
2022-01-26 15:01:53.485000,1.14363,1.14359,1320000,1440000
2022-01-26 15:01:57.714000,1.14364,1.14359,1440000,3050000
2022-01-26 15:01:58.481000,1.14363,1.14359,1200000,2590000
2022-01-26 15:01:58.685000,1.14364,1.14359,1880000,3790000
2022-01-26 15:01:58.878000,1.14363,1.14359,1200000,3790000
2022-01-26 15:01:59.924000,1.14363,1.14359,1440000,2110000
2022-01-26 15:02:00.178000,1.14363,1.1436,1440000,1500000
2022-01-26 15:02:00.382000,1.14366,1.14362,1920000,2410000
2022-01-26 15:02:00.485000,1.14366,1.14362,1440000,2570000
2022-01-26 15:02:00.639000,1.14366,1.14363,1440000,1200000
2022-01-26 15:02:00.843000,1.14367,1.14363,1440000,1500000
2022-01-26 15:02:00.945000,1.14368,1.14364,1200000,1200000
2022-01-26 15:02:00.996000,1.14369,1.14365,1440000,1200000
2022-01-26 15:02:01.442000,1.14369,1.14365,2480000,1200000
2022-01-26 15:02:01.747000,1.14369,1.14365,1880000,1200000
2022-01-26 15:02:03.514000,1.1437,1.14365,3240000,1920000
2022-01-26 15:02:03.616000,1.1437,1.14365,2340000,2780000
2022-01-26 15:02:04.003000,1.1437,1.14366,1440000,2100000
2022-01-26 15:02:04.105000,1.14371,1.14367,3240000,1200000
2022-01-26 15:02:04.208000,1.1437,1.14366,1440000,2700000
2022-01-26 15:02:04.516000,1.14369,1.14366,1800000,1200000
2022-01-26 15:02:04.618000,1.14367,1.14364,1440000,2700000
2022-01-26 15:02:05.427000,1.14368,1.14364,1320000,1800000
2022-01-26 15:02:05.791000,1.14369,1.14364,3680000,2340000
2022-01-26 15:02:05.995000,1.14366,1.14362,1880000,1800000
2022-01-26 15:02:06.097000,1.14366,1.14364,1200000,1200000
2022-01-26 15:02:06.200000,1.14369,1.14365,1200000,1320000
2022-01-26 15:02:06.302000,1.1437,1.14365,1340000,3420000
2022-01-26 15:02:06.936000,1.14369,1.14365,1200000,2060000
2022-01-26 15:02:07.037000,1.14369,1.14364,1200000,2520000
2022-01-26 15:02:07.815000,1.14367,1.14364,1440000,2240000
2022-01-26 15:02:07.917000,1.14366,1.14363,1200000,1200000
2022-01-26 15:02:08.828000,1.14365,1.14363,1200000,1200000
2022-01-26 15:02:10.754000,1.14366,1.14363,1200000,1340000
2022-01-26 15:02:10.857000,1.14368,1.14364,1940000,1880000
2022-01-26 15:02:10.959000,1.14368,1.14364,1200000,2340000
2022-01-26 15:02:11.061000,1.14368,1.14364,1200000,2520000
2022-01-26 15:02:11.164000,1.14368,1.14366,1200000,1670000
2022-01-26 15:02:12.401000,1.1437,1.14365,1200000,2110000
2022-01-26 15:02:16.474000,1.14368,1.14364,2340000,2630000
2022-01-26 15:02:16.577000,1.14367,1.14363,1340000,1320000
2022-01-26 15:02:18.446000,1.14368,1.14364,1340000,2040000
2022-01-26 15:02:18.548000,1.14369,1.14365,1200000,2340000
2022-01-26 15:02:19.815000,1.14368,1.14364,1340000,2960000
2022-01-26 15:02:19.917000,1.14365,1.14361,1340000,2340000
2022-01-26 15:02:20.019000,1.14364,1.1436,1340000,3010000
2022-01-26 15:02:20.071000,1.14363,1.14359,1940000,2290000
2022-01-26 15:02:20.224000,1.14364,1.14359,2940000,3420000
2022-01-26 15:02:21.095000,1.14363,1.14358,3420000,2780000
2022-01-26 15:02:21.248000,1.14363,1.14359,2340000,1440000
2022-01-26 15:02:22.332000,1.14366,1.1436,1880000,1880000
2022-01-26 15:02:22.435000,1.14367,1.14362,3960000,1880000
2022-01-26 15:02:22.537000,1.14367,1.14363,2780000,1320000
2022-01-26 15:02:22.828000,1.14365,1.14362,1200000,1440000
2022-01-26 15:02:22.930000,1.14365,1.1436,3420000,1880000
2022-01-26 15:02:23.033000,1.14366,1.14361,3840000,2750000
2022-01-26 15:02:23.338000,1.14367,1.14364,1880000,1200000
2022-01-26 15:02:24.298000,1.14369,1.14364,4140000,2960000
2022-01-26 15:02:24.502000,1.14366,1.14363,1200000,2940000
2022-01-26 15:02:24.604000,1.14366,1.14363,1440000,1340000
2022-01-26 15:02:24.707000,1.14366,1.14362,1440000,2780000
2022-01-26 15:02:25.275000,1.14365,1.14361,1440000,1880000
2022-01-26 15:02:26.629000,1.14365,1.14361,2060000,1200000
2022-01-26 15:02:27.109000,1.14364,1.14359,2750000,3470000
2022-01-26 15:02:27.436000,1.14362,1.14357,3860000,2780000
2022-01-26 15:02:27.539000,1.14361,1.14356,2480000,2960000
2022-01-26 15:02:27.641000,1.1436,1.14356,1320000,2340000
2022-01-26 15:02:28.101000,1.14358,1.14355,1200000,2340000
2022-01-26 15:02:29.101000,1.14358,1.14354,1200000,1200000
2022-01-26 15:02:31.200000,1.14358,1.14353,1800000,2780000
2022-01-26 15:02:31.808000,1.14358,1.14353,2340000,2820000
2022-01-26 15:02:32.465000,1.14358,1.14353,2520000,2340000
2022-01-26 15:02:33.103000,1.14358,1.14352,1200000,2820000
2022-01-26 15:02:33.678000,1.14359,1.14354,1200000,5180000
2022-01-26 15:02:33.831000,1.14359,1.14355,1200000,1920000
2022-01-26 15:02:35.241000,1.1436,1.14355,2340000,2520000
2022-01-26 15:02:35.582000,1.14361,1.14356,1440000,3260000
2022-01-26 15:02:35.684000,1.14361,1.14356,1440000,2700000
2022-01-26 15:02:36.908000,1.14362,1.14358,1880000,1440000
2022-01-26 15:02:37.010000,1.14363,1.14358,1880000,3050000
2022-01-26 15:02:38.310000,1.14361,1.14359,1940000,1200000
2022-01-26 15:02:38.361000,1.1436,1.14355,2340000,2940000
2022-01-26 15:02:38.463000,1.14359,1.14355,1340000,1440000
2022-01-26 15:02:38.566000,1.14359,1.14356,1200000,1500000
2022-01-26 15:02:38.668000,1.14363,1.14356,2340000,3080000
2022-01-26 15:02:39.269000,1.14363,1.14357,1340000,3980000
2022-01-26 15:02:39.374000,1.14363,1.14358,1880000,4440000
2022-01-26 15:02:41.352000,1.14364,1.1436,1800000,2870000
2022-01-26 15:02:41.455000,1.14362,1.14358,1800000,5410000
2022-01-26 15:02:41.557000,1.14362,1.14358,1880000,3010000
2022-01-26 15:02:41.810000,1.14362,1.14359,1320000,1500000
2022-01-26 15:02:41.914000,1.14363,1.1436,1340000,1740000
2022-01-26 15:02:42.067000,1.14364,1.1436,1440000,1320000
2022-01-26 15:02:43.457000,1.14365,1.14361,1200000,1620000
2022-01-26 15:02:43.941000,1.14368,1.14364,3840000,1740000
2022-01-26 15:02:43.993000,1.14369,1.14364,3680000,4160000
2022-01-26 15:02:44.095000,1.14369,1.14365,1200000,2220000
2022-01-26 15:02:44.456000,1.14368,1.14364,3240000,2400000
2022-01-26 15:02:44.609000,1.14369,1.14364,3680000,3610000
2022-01-26 15:02:45.142000,1.1437,1.14365,2780000,1880000
2022-01-26 15:02:45.244000,1.14369,1.14365,1200000,1880000
2022-01-26 15:02:45.346000,1.14371,1.14365,1800000,1210000
2022-01-26 15:02:46.062000,1.14374,1.1437,7000000,1200000
2022-01-26 15:02:46.164000,1.14374,1.1437,1880000,1340000
2022-01-26 15:02:46.368000,1.14374,1.14369,2780000,2780000
2022-01-26 15:02:46.750000,1.14373,1.14369,1200000,2780000
2022-01-26 15:02:46.852000,1.14374,1.14369,2780000,2780000
2022-01-26 15:02:47.560000,1.14375,1.1437,3240000,2570000
2022-01-26 15:02:47.662000,1.14375,1.14371,1800000,1210000
2022-01-26 15:02:48.272000,1.14377,1.14373,1970000,1800000
2022-01-26 15:02:48.425000,1.14377,1.14372,3540000,3240000
2022-01-26 15:02:48.781000,1.14376,1.14371,2330000,3140000
2022-01-26 15:02:51.400000,1.14377,1.14374,1340000,1340000
2022-01-26 15:02:51.502000,1.1438,1.14374,1200000,1570000
2022-01-26 15:02:51.604000,1.14381,1.14374,3470000,1570000
2022-01-26 15:02:51.706000,1.14381,1.14376,2470000,3910000
2022-01-26 15:02:51.808000,1.1438,1.14376,1200000,4370000
2022-01-26 15:02:52.663000,1.1438,1.14376,1200000,3970000
2022-01-26 15:02:52.968000,1.1438,1.14376,1200000,4270000
2022-01-26 15:02:53.998000,1.14379,1.14375,1200000,3370000
2022-01-26 15:02:54.795000,1.1438,1.14378,1200000,1200000
2022-01-26 15:02:54.846000,1.14383,1.14382,1200000,1200000
2022-01-26 15:02:54.898000,1.14382,1.1438,1200000,1200000
2022-01-26 15:02:55,1.14382,1.1438,2330000,1200000
2022-01-26 15:02:55.051000,1.14382,1.14378,3000000,1340000
2022-01-26 15:02:55.561000,1.14382,1.14379,2330000,1200000
2022-01-26 15:02:55.759000,1.14382,1.14377,3900000,4040000
2022-01-26 15:02:56.713000,1.1438,1.14375,2470000,4730000
2022-01-26 15:02:57.069000,1.14381,1.14376,5150000,2930000
2022-01-26 15:02:57.171000,1.14381,1.14376,2470000,4730000
2022-01-26 15:02:57.476000,1.14381,1.14377,1200000,2930000
2022-01-26 15:02:58.198000,1.14381,1.14376,4370000,2470000
2022-01-26 15:03:00.081000,1.1438,1.14376,1200000,1500000
2022-01-26 15:03:00.183000,1.14378,1.14374,3910000,1200000
2022-01-26 15:03:00.235000,1.14377,1.1437,2030000,4730000
2022-01-26 15:03:01.345000,1.14374,1.1437,3140000,1200000
2022-01-26 15:03:01.549000,1.14374,1.14368,1200000,2030000
2022-01-26 15:03:01.651000,1.14372,1.14369,1200000,1570000
2022-01-26 15:03:01.862000,1.14371,1.14367,1200000,3380000
2022-01-26 15:03:01.964000,1.14371,1.14367,1340000,1500000
2022-01-26 15:03:02.067000,1.14373,1.14367,1200000,2030000
2022-01-26 15:03:02.169000,1.14369,1.14367,1200000,2100000
2022-01-26 15:03:02.271000,1.14369,1.14365,1800000,1800000
2022-01-26 15:03:02.801000,1.14366,1.14364,1200000,1800000
2022-01-26 15:03:02.852000,1.14363,1.14359,1800000,2630000
2022-01-26 15:03:02.954000,1.14362,1.14358,1200000,2540000
2022-01-26 15:03:03.800000,1.14362,1.14358,1200000,2930000
2022-01-26 15:03:03.953000,1.14359,1.14355,1200000,3140000
2022-01-26 15:03:05.070000,1.14361,1.14356,1200000,2700000
2022-01-26 15:03:05.121000,1.14361,1.14357,1200000,2170000
2022-01-26 15:03:05.224000,1.14362,1.14358,1200000,2630000
2022-01-26 15:03:05.377000,1.14364,1.14358,1800000,3530000
2022-01-26 15:03:05.479000,1.14364,1.14359,1800000,4430000
2022-01-26 15:03:06.358000,1.14365,1.14358,1800000,2930000
2022-01-26 15:03:07.801000,1.14363,1.14359,1200000,1340000
2022-01-26 15:03:09.627000,1.14364,1.1436,1200000,3070000
2022-01-26 15:03:09.729000,1.14364,1.1436,1200000,1200000
2022-01-26 15:03:09.831000,1.14365,1.14358,1800000,2240000
2022-01-26 15:03:10.463000,1.14362,1.14359,1200000,2240000
2022-01-26 15:03:10.565000,1.14365,1.1436,1200000,6170000
2022-01-26 15:03:10.718000,1.14366,1.14361,1800000,2110000
2022-01-26 15:03:11.341000,1.14364,1.14361,1200000,1200000
2022-01-26 15:03:11.494000,1.14364,1.1436,1200000,2240000
2022-01-26 15:03:11.751000,1.14366,1.14361,1800000,5270000
2022-01-26 15:03:11.853000,1.14367,1.14362,2700000,2570000
2022-01-26 15:03:12.589000,1.14369,1.14365,2240000,1200000
2022-01-26 15:03:12.694000,1.14369,1.14366,1200000,1210000
2022-01-26 15:03:12.796000,1.1437,1.14366,1200000,2270000
2022-01-26 15:03:12.898000,1.14371,1.14366,1200000,3170000
2022-01-26 15:03:14.727000,1.14371,1.14366,1800000,2570000
2022-01-26 15:03:16.323000,1.14371,1.14366,1800000,2840000
2022-01-26 15:03:16.476000,1.14372,1.14367,4580000,1340000
2022-01-26 15:03:16.619000,1.1437,1.14366,1200000,1800000
2022-01-26 15:03:16.723000,1.14368,1.14364,3680000,2240000
2022-01-26 15:03:16.825000,1.14367,1.14363,1200000,1200000
2022-01-26 15:03:16.928000,1.14369,1.14365,1200000,3370000
2022-01-26 15:03:17.031000,1.1437,1.14364,1200000,2400000
2022-01-26 15:03:17.171000,1.14372,1.14368,1200000,1940000
2022-01-26 15:03:18.130000,1.14372,1.14368,1200000,1800000
2022-01-26 15:03:18.808000,1.14371,1.14367,1200000,1340000
2022-01-26 15:03:19.298000,1.14371,1.14367,1200000,1940000
2022-01-26 15:03:19.811000,1.14372,1.14366,1200000,1340000
2022-01-26 15:03:20.077000,1.14374,1.14371,1340000,1200000
2022-01-26 15:03:20.179000,1.14375,1.14371,2240000,1440000
2022-01-26 15:03:20.281000,1.14376,1.14371,2240000,2570000
2022-01-26 15:03:20.444000,1.14376,1.14371,1800000,3170000
2022-01-26 15:03:20.960000,1.14373,1.14371,1340000,1200000
2022-01-26 15:03:21.012000,1.14374,1.1437,3140000,1340000
2022-01-26 15:03:21.063000,1.14372,1.14368,2240000,1320000
2022-01-26 15:03:21.918000,1.14372,1.14369,1200000,1800000
2022-01-26 15:03:21.970000,1.14375,1.14368,3600000,1800000
2022-01-26 15:03:23.050000,1.14372,1.14369,1200000,1340000
2022-01-26 15:03:23.534000,1.14372,1.14367,3140000,3700000
2022-01-26 15:03:23.636000,1.14371,1.14367,1200000,2570000
2022-01-26 15:03:23.738000,1.14372,1.14368,3140000,1880000
2022-01-26 15:03:24.634000,1.14373,1.14371,1200000,1200000
2022-01-26 15:03:24.686000,1.14376,1.1437,1800000,1340000
2022-01-26 15:03:24.991000,1.14376,1.14371,3600000,2710000
2022-01-26 15:03:26.208000,1.14373,1.1437,1200000,1940000
2022-01-26 15:03:26.311000,1.14373,1.1437,1200000,1200000
2022-01-26 15:03:26.685000,1.14373,1.14369,1200000,1440000
2022-01-26 15:03:28.540000,1.14372,1.14369,1200000,1200000
2022-01-26 15:03:29.016000,1.14373,1.14369,2240000,1340000
2022-01-26 15:03:29.220000,1.14373,1.14367,1200000,2940000
2022-01-26 15:03:29.607000,1.14372,1.14368,1200000,2340000
2022-01-26 15:03:30.288000,1.14372,1.1437,1200000,1340000
2022-01-26 15:03:30.391000,1.14373,1.14371,1200000,1340000
2022-01-26 15:03:30.442000,1.14375,1.14371,1800000,1340000
2022-01-26 15:03:31.001000,1.14374,1.1437,1200000,2240000
2022-01-26 15:03:31.104000,1.14376,1.14369,3140000,2710000
2022-01-26 15:03:32.131000,1.14374,1.1437,1200000,5870000
2022-01-26 15:03:32.182000,1.14372,1.1437,1800000,1340000
2022-01-26 15:03:32.234000,1.1437,1.14367,1200000,1320000
2022-01-26 15:03:32.590000,1.14369,1.14365,1200000,2340000
2022-01-26 15:03:33.695000,1.14371,1.14369,1340000,2780000
2022-01-26 15:03:33.747000,1.14373,1.1437,1200000,1200000
2022-01-26 15:03:33.862000,1.14375,1.14371,1800000,1200000
2022-01-26 15:03:33.913000,1.14375,1.14372,1200000,1200000
2022-01-26 15:03:34.174000,1.14373,1.1437,1200000,3140000
2022-01-26 15:03:34.226000,1.14371,1.14366,1200000,1800000
2022-01-26 15:03:34.328000,1.1437,1.14366,2030000,2780000
2022-01-26 15:03:34.582000,1.1437,1.14364,1200000,4430000
2022-01-26 15:03:34.684000,1.14369,1.14365,1200000,1800000
2022-01-26 15:03:34.786000,1.14368,1.14364,1200000,4640000
2022-01-26 15:03:34.973000,1.14369,1.14364,1800000,4640000
2022-01-26 15:03:38.223000,1.1437,1.14367,1800000,2470000
2022-01-26 15:03:38.336000,1.14371,1.14367,1200000,4210000
2022-01-26 15:03:38.998000,1.14371,1.14367,1210000,3370000
2022-01-26 15:03:39.101000,1.14371,1.14366,1500000,2470000
2022-01-26 15:03:39.356000,1.14371,1.14366,2030000,2630000
2022-01-26 15:03:40.306000,1.14371,1.14367,3000000,1200000
2022-01-26 15:03:40.859000,1.14369,1.14366,1200000,2100000
2022-01-26 15:03:41.370000,1.14369,1.14366,1200000,1500000
2022-01-26 15:03:41.850000,1.14367,1.14364,2030000,2840000
2022-01-26 15:03:41.953000,1.14365,1.14361,1340000,3470000
2022-01-26 15:03:42.106000,1.14365,1.14362,1200000,1570000
2022-01-26 15:03:42.214000,1.14366,1.14362,1200000,1570000
2022-01-26 15:03:42.265000,1.14367,1.14363,2240000,2100000
2022-01-26 15:03:42.368000,1.14368,1.14365,2700000,1500000
2022-01-26 15:03:42.470000,1.14367,1.14364,1200000,1340000
2022-01-26 15:03:42.680000,1.14368,1.14364,2700000,1340000
2022-01-26 15:03:42.782000,1.14368,1.14364,3600000,3300000
2022-01-26 15:03:43.825000,1.14368,1.14364,1800000,3370000
2022-01-26 15:03:44.356000,1.14368,1.14364,1200000,3530000
2022-01-26 15:03:44.780000,1.14369,1.14367,1800000,1500000
2022-01-26 15:03:44.832000,1.14373,1.1437,1200000,1570000
2022-01-26 15:03:44.988000,1.14375,1.14369,1200000,2700000
2022-01-26 15:03:45.090000,1.14375,1.14371,2700000,1200000
2022-01-26 15:03:45.579000,1.14375,1.14371,1200000,2630000
2022-01-26 15:03:47.343000,1.14378,1.14374,1200000,1940000
2022-01-26 15:03:47.446000,1.14378,1.14373,1200000,1340000
2022-01-26 15:03:47.649000,1.14377,1.14373,1200000,1340000
2022-01-26 15:03:48.239000,1.14376,1.1437,1500000,3530000
2022-01-26 15:03:48.342000,1.14375,1.14371,1200000,2030000
2022-01-26 15:03:48.444000,1.14376,1.14371,2240000,2030000
2022-01-26 15:03:48.808000,1.14376,1.1437,1800000,1340000
2022-01-26 15:03:48.916000,1.14369,1.14368,1200000,1200000
2022-01-26 15:03:48.968000,1.14369,1.14365,1200000,2700000
2022-01-26 15:03:51.939000,1.14369,1.14365,1800000,1500000
2022-01-26 15:03:52.041000,1.1437,1.14365,1800000,3070000
2022-01-26 15:03:52.260000,1.14371,1.14367,1200000,1340000
2022-01-26 15:03:52.710000,1.14371,1.14368,1200000,1200000
2022-01-26 15:03:53.334000,1.14373,1.14368,5040000,2030000
2022-01-26 15:03:53.437000,1.14373,1.1437,1200000,1800000
2022-01-26 15:03:53.488000,1.14375,1.14371,1200000,1340000
2022-01-26 15:03:53.641000,1.14373,1.1437,1200000,3440000
2022-01-26 15:03:53.743000,1.14373,1.14369,2700000,1940000
2022-01-26 15:03:53.845000,1.14373,1.14369,3140000,1340000
2022-01-26 15:03:53.947000,1.14372,1.14368,1200000,2170000
2022-01-26 15:03:54.756000,1.14372,1.14368,1200000,1340000
2022-01-26 15:03:56.140000,1.14372,1.14368,1200000,3230000
2022-01-26 15:03:56.394000,1.14373,1.14371,1200000,1500000
2022-01-26 15:03:56.445000,1.14375,1.14371,2700000,2400000
2022-01-26 15:03:56.802000,1.14375,1.14372,1200000,2400000
2022-01-26 15:03:56.904000,1.14376,1.14372,1200000,2400000
2022-01-26 15:03:58.236000,1.14378,1.14373,3600000,5540000
2022-01-26 15:03:58.750000,1.14377,1.14374,1200000,1340000
2022-01-26 15:03:58.857000,1.14379,1.14373,2700000,1200000
2022-01-26 15:03:59.482000,1.14378,1.14375,1200000,1200000
2022-01-26 15:04:00.126000,1.14379,1.14375,2700000,1200000
2022-01-26 15:04:00.229000,1.14377,1.14375,1200000,1200000
2022-01-26 15:04:00.331000,1.14377,1.14373,1200000,3380000
2022-01-26 15:04:00.946000,1.14378,1.14374,1800000,3010000
2022-01-26 15:04:02.398000,1.14379,1.14375,1340000,2540000
2022-01-26 15:04:02.501000,1.14379,1.14375,1340000,2930000
2022-01-26 15:04:02.603000,1.14379,1.14375,1800000,2930000
2022-01-26 15:04:02.806000,1.14377,1.14373,1340000,6970000
2022-01-26 15:04:02.909000,1.14377,1.14372,2400000,3970000
2022-01-26 15:04:04.069000,1.14375,1.14372,1340000,1340000
2022-01-26 15:04:04.171000,1.14375,1.1437,2100000,6380000
2022-01-26 15:04:04.273000,1.14375,1.14371,1340000,1320000
2022-01-26 15:04:04.492000,1.14376,1.14373,1340000,1200000
2022-01-26 15:04:04.595000,1.14378,1.14373,3600000,4580000
2022-01-26 15:04:04.697000,1.14378,1.14374,2700000,1200000
2022-01-26 15:04:05.395000,1.14377,1.14374,1200000,1200000
2022-01-26 15:04:05.527000,1.14378,1.14375,1800000,1200000
2022-01-26 15:04:05.832000,1.14377,1.14375,1200000,1200000
2022-01-26 15:04:05.934000,1.14377,1.14374,1200000,1340000
2022-01-26 15:04:06.369000,1.14379,1.14373,1340000,1340000
2022-01-26 15:04:06.624000,1.14378,1.14374,1200000,1920000
2022-01-26 15:04:07.061000,1.1438,1.14375,1500000,4970000
2022-01-26 15:04:07.164000,1.1438,1.14376,1200000,4970000
2022-01-26 15:04:07.367000,1.1438,1.14376,2100000,1320000
2022-01-26 15:04:08.171000,1.1438,1.14376,2100000,1440000
2022-01-26 15:04:09.137000,1.1438,1.14376,2100000,1920000
2022-01-26 15:04:09.754000,1.1438,1.14376,1340000,3610000
2022-01-26 15:04:10.041000,1.14382,1.14379,1340000,1340000
2022-01-26 15:04:10.195000,1.14382,1.14378,1340000,2780000
2022-01-26 15:04:10.348000,1.14382,1.14378,1800000,1340000
2022-01-26 15:04:10.450000,1.14383,1.14377,1340000,1200000
2022-01-26 15:04:10.926000,1.14385,1.14379,1800000,1440000
2022-01-26 15:04:11.130000,1.14384,1.14379,2710000,1340000
2022-01-26 15:04:11.233000,1.14382,1.14378,1340000,3840000
2022-01-26 15:04:11.824000,1.14383,1.14379,1340000,1440000
2022-01-26 15:04:12.463000,1.14383,1.14379,1800000,1320000
2022-01-26 15:04:13.278000,1.14382,1.14378,1800000,3380000
2022-01-26 15:04:13.431000,1.14381,1.14378,3230000,1200000
2022-01-26 15:04:13.483000,1.1438,1.14376,1800000,1800000
2022-01-26 15:04:13.585000,1.1438,1.14375,1200000,1200000
2022-01-26 15:04:14.524000,1.1438,1.14376,1200000,1340000
2022-01-26 15:04:14.626000,1.14381,1.14376,2240000,2240000
2022-01-26 15:04:15.003000,1.1438,1.14376,1200000,1340000
2022-01-26 15:04:15.585000,1.14379,1.14375,1200000,1800000
2022-01-26 15:04:15.687000,1.14379,1.14374,1200000,4740000
2022-01-26 15:04:15.789000,1.1438,1.14373,1200000,4140000
2022-01-26 15:04:16.843000,1.14379,1.14375,1200000,1200000
2022-01-26 15:04:18.396000,1.1438,1.14375,2780000,1800000
2022-01-26 15:04:19.093000,1.1438,1.14376,1200000,1800000
2022-01-26 15:04:19.195000,1.1438,1.14377,1200000,1200000
2022-01-26 15:04:19.456000,1.14381,1.14377,1440000,1340000
2022-01-26 15:04:19.761000,1.1438,1.14377,1200000,1200000
2022-01-26 15:04:19.886000,1.1438,1.14376,1200000,1340000
2022-01-26 15:04:19.988000,1.14379,1.14376,1200000,1200000
2022-01-26 15:04:20.436000,1.14379,1.14375,1200000,1340000
2022-01-26 15:04:20.583000,1.14378,1.14375,1200000,1200000
2022-01-26 15:04:20.786000,1.14379,1.14373,1880000,1340000
2022-01-26 15:04:20.888000,1.14378,1.14373,1340000,1200000
2022-01-26 15:04:20.991000,1.14379,1.14375,1200000,1200000
2022-01-26 15:04:21.144000,1.14378,1.14375,1200000,1200000
2022-01-26 15:04:22.061000,1.14377,1.14373,1200000,2240000
2022-01-26 15:04:22.169000,1.14376,1.14373,1200000,1340000
2022-01-26 15:04:23.102000,1.14376,1.14371,2240000,4280000
2022-01-26 15:04:23.839000,1.14376,1.14372,1800000,1940000
2022-01-26 15:04:24.824000,1.14376,1.14372,1800000,1200000
2022-01-26 15:04:25.243000,1.14376,1.14373,1200000,2400000
2022-01-26 15:04:25.345000,1.14376,1.14372,1200000,1800000
2022-01-26 15:04:25.447000,1.14376,1.14372,1200000,1940000
2022-01-26 15:04:26.364000,1.14376,1.14371,2700000,3380000
2022-01-26 15:04:27.866000,1.14376,1.14371,1800000,2780000
2022-01-26 15:04:27.917000,1.14373,1.1437,3370000,2840000
2022-01-26 15:04:27.969000,1.14372,1.14368,1340000,2480000
2022-01-26 15:04:28.071000,1.14372,1.14368,1340000,1800000
2022-01-26 15:04:28.173000,1.14372,1.14368,1940000,1200000
2022-01-26 15:04:28.275000,1.14372,1.14366,1200000,2240000
2022-01-26 15:04:29.278000,1.14372,1.14367,2840000,2700000
2022-01-26 15:04:31.304000,1.14372,1.14367,2240000,3300000
2022-01-26 15:04:32.603000,1.14371,1.14367,1200000,2700000
2022-01-26 15:04:32.705000,1.14373,1.14368,3300000,1800000
2022-01-26 15:04:32.807000,1.14373,1.14368,2700000,2840000
2022-01-26 15:04:33.063000,1.14374,1.14368,1800000,1940000
2022-01-26 15:04:33.165000,1.14375,1.1437,2240000,3380000
2022-01-26 15:04:33.726000,1.14375,1.14372,1200000,1200000
2022-01-26 15:04:33.930000,1.14376,1.14372,1800000,1800000
2022-01-26 15:04:36.707000,1.14376,1.14372,1200000,2840000
2022-01-26 15:04:37.715000,1.14376,1.14371,2240000,3300000
2022-01-26 15:04:37.817000,1.14376,1.14371,1800000,2240000
2022-01-26 15:04:40.020000,1.14375,1.14371,1200000,1340000
2022-01-26 15:04:40.485000,1.14376,1.14371,1200000,2700000
2022-01-26 15:04:41.073000,1.14375,1.14371,1800000,3140000
2022-01-26 15:04:42.098000,1.14373,1.1437,2470000,1800000
2022-01-26 15:04:42.200000,1.14372,1.14368,1200000,2840000
2022-01-26 15:04:42.507000,1.14372,1.14368,1200000,2240000
2022-01-26 15:04:42.897000,1.14374,1.14368,2700000,1800000
2022-01-26 15:04:43,1.14371,1.14367,1800000,2340000
2022-01-26 15:04:44.998000,1.14372,1.14368,1500000,1940000
2022-01-26 15:04:45.100000,1.14373,1.1437,3440000,2700000
2022-01-26 15:04:45.608000,1.14372,1.1437,3440000,2700000
2022-01-26 15:04:45.873000,1.14372,1.1437,2240000,2700000
2022-01-26 15:04:46.048000,1.14372,1.14368,2240000,1340000
2022-01-26 15:04:46.302000,1.14372,1.14367,2700000,2700000
2022-01-26 15:04:48.183000,1.14372,1.14367,2240000,3440000
2022-01-26 15:04:48.285000,1.14372,1.14368,1200000,2630000
2022-01-26 15:04:48.387000,1.14372,1.14368,1200000,2030000
2022-01-26 15:04:48.489000,1.14372,1.14368,1800000,2170000
2022-01-26 15:04:49.460000,1.14372,1.14367,2240000,3830000
2022-01-26 15:04:50.525000,1.14373,1.14369,2240000,2700000
2022-01-26 15:04:51.521000,1.14372,1.14368,1200000,1500000
2022-01-26 15:04:53.983000,1.14371,1.14367,1200000,3370000
2022-01-26 15:04:55.413000,1.14372,1.14368,1200000,2700000
2022-01-26 15:04:56.785000,1.14371,1.14368,1200000,1500000
2022-01-26 15:04:57.334000,1.14372,1.14368,2240000,1500000
2022-01-26 15:04:57.842000,1.14372,1.14367,3300000,2930000
2022-01-26 15:04:58.147000,1.14372,1.14367,1800000,3140000
2022-01-26 15:04:58.734000,1.14371,1.14368,1200000,1200000
2022-01-26 15:05:00.045000,1.1437,1.14366,1200000,1340000
2022-01-26 15:05:00.199000,1.1437,1.14366,1200000,3740000
2022-01-26 15:05:00.444000,1.14371,1.14368,1200000,1200000
2022-01-26 15:05:01.196000,1.14371,1.14367,1500000,1340000
2022-01-26 15:05:03.175000,1.14372,1.14368,1200000,2240000
2022-01-26 15:05:03.226000,1.14373,1.14369,1200000,2400000
2022-01-26 15:05:03.328000,1.14374,1.1437,1200000,2240000
2022-01-26 15:05:03.430000,1.14375,1.1437,2030000,3600000
2022-01-26 15:05:03.808000,1.14375,1.1437,2030000,3740000
2022-01-26 15:05:05.530000,1.14373,1.1437,2030000,1340000
2022-01-26 15:05:05.633000,1.14372,1.14369,1340000,1200000
2022-01-26 15:05:06.194000,1.14372,1.14367,2470000,3300000
2022-01-26 15:05:06.347000,1.1437,1.14365,1200000,3910000
2022-01-26 15:05:06.882000,1.14365,1.14364,2030000,1200000
2022-01-26 15:05:06.934000,1.14363,1.1436,1340000,1500000
2022-01-26 15:05:07.036000,1.14363,1.14358,1940000,2470000
2022-01-26 15:05:07.138000,1.14363,1.14358,1200000,2340000
2022-01-26 15:05:07.342000,1.14363,1.14359,1200000,1800000
2022-01-26 15:05:07.495000,1.14364,1.14357,1500000,2240000
2022-01-26 15:05:07.598000,1.14362,1.14357,1340000,3140000
2022-01-26 15:05:08.025000,1.1436,1.14354,1500000,2400000
2022-01-26 15:05:08.077000,1.14359,1.14354,1340000,3600000
2022-01-26 15:05:08.128000,1.1436,1.14355,1340000,2870000
2022-01-26 15:05:08.230000,1.14361,1.14356,1340000,4370000
2022-01-26 15:05:08.434000,1.14363,1.14358,2400000,1340000
2022-01-26 15:05:08.536000,1.14363,1.14358,1340000,2240000
2022-01-26 15:05:10.684000,1.14365,1.1436,1800000,1200000
2022-01-26 15:05:10.948000,1.14365,1.1436,2040000,1200000
2022-01-26 15:05:11.860000,1.14365,1.1436,2340000,1200000
2022-01-26 15:05:12.013000,1.14365,1.1436,1920000,1200000
2022-01-26 15:05:12.398000,1.14365,1.1436,1440000,1200000
2022-01-26 15:05:12.986000,1.14367,1.14362,3140000,4640000
2022-01-26 15:05:13.088000,1.14369,1.14366,1570000,1200000
2022-01-26 15:05:13.292000,1.1437,1.14366,1200000,1200000
2022-01-26 15:05:13.394000,1.14371,1.14368,1200000,1200000
2022-01-26 15:05:14.064000,1.14372,1.14367,1800000,4640000
2022-01-26 15:05:14.217000,1.14372,1.14367,1800000,2240000
2022-01-26 15:05:16.054000,1.14371,1.14367,1200000,1200000
2022-01-26 15:05:16.610000,1.14371,1.14369,1200000,1340000
2022-01-26 15:05:16.713000,1.14373,1.14371,1200000,1200000
2022-01-26 15:05:17.280000,1.14375,1.14371,1200000,1200000
2022-01-26 15:05:17.483000,1.14376,1.14371,1800000,1800000
2022-01-26 15:05:17.535000,1.14376,1.14373,1200000,1200000
2022-01-26 15:05:17.586000,1.14379,1.14373,1200000,1340000
2022-01-26 15:05:18.847000,1.14373,1.14371,1200000,1200000
2022-01-26 15:05:18.899000,1.14371,1.14368,2030000,2240000
2022-01-26 15:05:18.950000,1.1437,1.14366,2030000,1200000
2022-01-26 15:05:19.053000,1.1437,1.14365,3470000,1800000
2022-01-26 15:05:19.155000,1.1437,1.14365,4370000,1800000
2022-01-26 15:05:19.361000,1.14371,1.14365,1940000,1200000
2022-01-26 15:05:19.463000,1.1437,1.14366,1340000,1200000
2022-01-26 15:05:19.671000,1.14372,1.14367,2240000,1800000
2022-01-26 15:05:21.581000,1.1437,1.14365,1800000,2700000
2022-01-26 15:05:21.735000,1.14371,1.14366,2240000,1800000
2022-01-26 15:05:22.849000,1.14371,1.14367,1200000,1200000
2022-01-26 15:05:25.716000,1.14372,1.14367,2700000,1800000
2022-01-26 15:05:26.192000,1.14374,1.1437,2770000,1200000
2022-01-26 15:05:26.294000,1.14374,1.14369,1800000,2780000
2022-01-26 15:05:28.077000,1.14374,1.14369,1800000,3840000
2022-01-26 15:05:28.834000,1.14375,1.1437,3600000,2240000
2022-01-26 15:05:28.936000,1.14372,1.14368,1200000,1340000
2022-01-26 15:05:28.988000,1.14371,1.14367,1200000,4860000
2022-01-26 15:05:29.090000,1.14371,1.14366,2240000,3240000
2022-01-26 15:05:29.249000,1.14371,1.14367,1200000,6910000
2022-01-26 15:05:29.351000,1.14372,1.14368,1200000,3170000
2022-01-26 15:05:29.558000,1.14372,1.14368,1200000,3010000
2022-01-26 15:05:30.301000,1.14372,1.14368,1200000,3170000
2022-01-26 15:05:30.636000,1.14375,1.1437,1800000,3240000
2022-01-26 15:05:30.738000,1.14376,1.14369,1800000,4740000
2022-01-26 15:05:32.370000,1.14376,1.14371,2700000,2340000
2022-01-26 15:05:32.422000,1.14376,1.14373,1200000,5170000
2022-01-26 15:05:32.478000,1.1438,1.14375,2400000,3010000
2022-01-26 15:05:32.529000,1.14381,1.14377,3140000,1340000
2022-01-26 15:05:32.651000,1.14382,1.14378,1200000,1340000
2022-01-26 15:05:32.753000,1.14382,1.14378,1200000,2040000
2022-01-26 15:05:33.278000,1.14385,1.1438,1800000,3380000
2022-01-26 15:05:33.431000,1.14385,1.14381,2100000,1340000
2022-01-26 15:05:33.592000,1.14384,1.14381,1500000,1340000
2022-01-26 15:05:34.233000,1.14385,1.14381,2100000,1200000
2022-01-26 15:05:35.101000,1.14385,1.14381,1200000,1340000
2022-01-26 15:05:35.329000,1.14385,1.14381,1500000,1340000
2022-01-26 15:05:37.208000,1.14385,1.1438,2700000,3380000
2022-01-26 15:05:37.311000,1.14384,1.1438,2030000,2780000
2022-01-26 15:05:37.413000,1.14383,1.14379,1500000,3240000
2022-01-26 15:05:37.516000,1.14384,1.1438,1200000,2480000
2022-01-26 15:05:37.669000,1.14385,1.1438,2240000,3380000
2022-01-26 15:05:39.133000,1.14385,1.14381,1200000,3380000
2022-01-26 15:05:39.184000,1.14387,1.14382,4860000,4280000
2022-01-26 15:05:39.388000,1.14387,1.14383,3500000,4320000
2022-01-26 15:05:40.079000,1.14387,1.14383,3500000,4140000
2022-01-26 15:05:40.851000,1.14387,1.14383,3500000,3420000
2022-01-26 15:05:41.653000,1.14384,1.14381,1200000,2940000
2022-01-26 15:05:41.755000,1.14384,1.1438,2340000,1880000
2022-01-26 15:05:43.716000,1.14383,1.14379,1500000,2960000
2022-01-26 15:05:43.819000,1.14382,1.14378,1500000,2960000
2022-01-26 15:05:43.921000,1.1438,1.14377,1340000,1320000
2022-01-26 15:05:44.176000,1.14381,1.14377,1200000,2360000
2022-01-26 15:05:46.760000,1.1438,1.14376,4880000,1320000
2022-01-26 15:05:46.862000,1.14378,1.14375,1500000,2340000
2022-01-26 15:05:47.422000,1.14379,1.14375,3470000,1880000
2022-01-26 15:05:48.195000,1.14379,1.14375,1340000,2820000
2022-01-26 15:05:48.298000,1.1438,1.14376,1340000,2960000
2022-01-26 15:05:48.502000,1.1438,1.14376,2640000,2480000
2022-01-26 15:05:48.756000,1.1438,1.14377,1800000,1320000
2022-01-26 15:05:49.994000,1.1438,1.14376,3010000,1880000
2022-01-26 15:05:50.096000,1.14379,1.14375,4370000,2040000
2022-01-26 15:05:50.199000,1.14379,1.14375,4810000,1440000
2022-01-26 15:05:50.455000,1.14378,1.14375,1500000,1440000
2022-01-26 15:05:51.362000,1.14376,1.14374,2030000,1200000
2022-01-26 15:05:51.465000,1.14374,1.14371,1200000,1320000
2022-01-26 15:05:51.567000,1.14374,1.1437,1200000,6120000
2022-01-26 15:05:52.433000,1.14375,1.14371,1340000,1920000
2022-01-26 15:05:53.321000,1.14376,1.14371,3910000,3720000
2022-01-26 15:05:53.471000,1.14375,1.14372,1200000,1880000
2022-01-26 15:05:59.651000,1.14374,1.1437,1200000,6120000
2022-01-26 15:06:00.109000,1.14374,1.14371,1200000,2940000
2022-01-26 15:06:00.870000,1.14373,1.1437,1200000,4140000
2022-01-26 15:06:00.972000,1.14373,1.1437,1200000,4280000
2022-01-26 15:06:01.125000,1.14374,1.1437,1200000,3840000
2022-01-26 15:06:01.380000,1.14374,1.14371,1200000,2940000
2022-01-26 15:06:03.496000,1.14374,1.14371,2930000,1800000
2022-01-26 15:06:03.548000,1.14373,1.14369,1570000,1340000
2022-01-26 15:06:03.599000,1.14372,1.14368,2470000,2340000
2022-01-26 15:06:03.701000,1.14371,1.14367,2030000,4280000
2022-01-26 15:06:03.905000,1.14371,1.14368,1200000,2400000
2022-01-26 15:06:03.957000,1.14373,1.14369,2700000,3380000
2022-01-26 15:06:04.110000,1.14372,1.1437,1200000,1200000
2022-01-26 15:06:04.452000,1.14371,1.14368,1200000,2480000
2022-01-26 15:06:04.554000,1.1437,1.14367,1200000,4280000
2022-01-26 15:06:06.147000,1.1437,1.14367,1200000,2700000
2022-01-26 15:06:06.198000,1.14368,1.14365,1200000,2400000
2022-01-26 15:06:06.301000,1.14367,1.14364,1200000,2780000
2022-01-26 15:06:06.410000,1.14369,1.14364,1200000,1320000
2022-01-26 15:06:06.868000,1.14368,1.14366,1200000,1200000
2022-01-26 15:06:09.277000,1.1437,1.14367,2700000,1800000
2022-01-26 15:06:09.328000,1.1437,1.14369,1200000,1200000
2022-01-26 15:06:09.431000,1.14371,1.14369,1200000,1200000
2022-01-26 15:06:09.533000,1.14372,1.14367,1200000,2700000
2022-01-26 15:06:10.244000,1.1437,1.14368,1200000,1800000
2022-01-26 15:06:10.397000,1.1437,1.14365,1440000,1200000
2022-01-26 15:06:10.499000,1.14367,1.14364,1200000,1340000
2022-01-26 15:06:10.610000,1.14366,1.14362,1200000,4970000
2022-01-26 15:06:10.712000,1.14366,1.14362,1200000,4810000
2022-01-26 15:06:10.866000,1.14365,1.14362,2570000,1340000
2022-01-26 15:06:10.918000,1.14362,1.14359,1200000,2840000
2022-01-26 15:06:10.970000,1.14361,1.14358,1200000,1440000
2022-01-26 15:06:11.609000,1.14361,1.14357,1200000,3680000
2022-01-26 15:06:11.956000,1.14361,1.14357,1200000,3840000
2022-01-26 15:06:12.058000,1.14361,1.14359,1200000,1200000
2022-01-26 15:06:13.353000,1.14361,1.14358,1200000,3240000
2022-01-26 15:06:14.170000,1.14361,1.14359,1200000,1800000
2022-01-26 15:06:14.272000,1.14362,1.14359,1200000,3260000
2022-01-26 15:06:14.425000,1.14363,1.1436,1200000,1670000
2022-01-26 15:06:15.018000,1.14363,1.14359,1200000,2780000
2022-01-26 15:06:15.302000,1.14363,1.14361,1200000,1200000
2022-01-26 15:06:15.404000,1.14364,1.14361,1200000,1920000
2022-01-26 15:06:16.328000,1.14364,1.14361,1200000,1440000
2022-01-26 15:06:17.762000,1.14364,1.14362,1200000,1200000
2022-01-26 15:06:18.143000,1.14362,1.1436,1200000,1340000
2022-01-26 15:06:18.449000,1.14362,1.14359,1200000,1200000
2022-01-26 15:06:18.602000,1.14361,1.14358,1200000,1200000
2022-01-26 15:06:19.516000,1.14361,1.14357,1440000,2700000
2022-01-26 15:06:19.619000,1.14358,1.14354,1800000,2340000
2022-01-26 15:06:20.279000,1.14358,1.14355,1200000,1200000
2022-01-26 15:06:20.565000,1.14359,1.14356,2700000,1340000
2022-01-26 15:06:20.972000,1.14358,1.14356,1200000,1200000
2022-01-26 15:06:21.655000,1.14359,1.14356,1200000,2780000
2022-01-26 15:06:21.757000,1.14361,1.14357,1200000,3840000
2022-01-26 15:06:22.407000,1.14361,1.14358,1200000,2040000
2022-01-26 15:06:23.047000,1.14361,1.14358,1200000,1340000
2022-01-26 15:06:23.372000,1.14361,1.14357,2640000,1340000
2022-01-26 15:06:23.474000,1.14359,1.14355,3190000,1340000
2022-01-26 15:06:23.577000,1.14357,1.14354,1800000,2700000
2022-01-26 15:06:23.679000,1.14356,1.14354,1200000,1340000
2022-01-26 15:06:25.405000,1.14356,1.14353,1440000,1340000
2022-01-26 15:06:25.850000,1.14356,1.14352,1440000,5120000
2022-01-26 15:06:25.977000,1.14355,1.14352,2340000,3320000
2022-01-26 15:06:26.080000,1.14356,1.14351,3860000,2420000
2022-01-26 15:06:26.506000,1.14353,1.14351,1440000,2420000
2022-01-26 15:06:26.710000,1.14354,1.14352,2240000,2420000
2022-01-26 15:06:26.863000,1.14355,1.14352,3140000,2420000
2022-01-26 15:06:28.046000,1.14355,1.14352,1200000,4820000
2022-01-26 15:06:29.010000,1.14355,1.14352,1200000,3780000
2022-01-26 15:06:30.059000,1.14356,1.14351,1200000,4380000
2022-01-26 15:06:30.855000,1.14354,1.14352,2340000,2880000
2022-01-26 15:06:31.583000,1.14356,1.14352,2780000,2880000
2022-01-26 15:06:31.990000,1.14356,1.14353,1440000,1800000
2022-01-26 15:06:32.812000,1.14359,1.14355,2840000,3010000
2022-01-26 15:06:32.915000,1.1436,1.14357,1200000,1940000
2022-01-26 15:06:33.271000,1.14358,1.14355,2700000,1800000
2022-01-26 15:06:33.374000,1.14357,1.14354,1800000,1320000
2022-01-26 15:06:35.402000,1.14358,1.14354,1200000,3260000
2022-01-26 15:06:35.838000,1.14358,1.14354,1440000,2340000
2022-01-26 15:06:36.682000,1.14359,1.14353,1200000,4160000
2022-01-26 15:06:37.276000,1.1436,1.14356,1200000,5450000
2022-01-26 15:06:37.378000,1.1436,1.14357,1200000,2060000
2022-01-26 15:06:38.504000,1.14361,1.14358,1200000,1880000
2022-01-26 15:06:38.919000,1.1436,1.14357,1200000,2360000
2022-01-26 15:06:39.021000,1.1436,1.14357,1200000,1880000
2022-01-26 15:06:39.123000,1.14359,1.14355,1800000,2590000
2022-01-26 15:06:39.225000,1.14359,1.14355,2340000,1880000
2022-01-26 15:06:39.328000,1.14359,1.14354,1200000,1320000
2022-01-26 15:06:41.787000,1.14357,1.14354,1800000,1440000
2022-01-26 15:06:43.490000,1.14358,1.14356,1200000,2840000
2022-01-26 15:06:43.541000,1.14363,1.14362,1200000,1200000
2022-01-26 15:06:43.593000,1.14365,1.14362,1200000,2710000
2022-01-26 15:06:43.696000,1.14365,1.14363,1200000,1320000
2022-01-26 15:06:43.798000,1.14366,1.14363,1200000,1320000
2022-01-26 15:06:44.020000,1.14367,1.14364,1800000,1440000
2022-01-26 15:06:44.123000,1.14367,1.14364,1800000,3420000
2022-01-26 15:06:45.430000,1.14366,1.14363,1200000,4140000
2022-01-26 15:06:46.647000,1.14365,1.14363,1200000,1200000
2022-01-26 15:06:47.203000,1.14364,1.14361,1800000,1320000
2022-01-26 15:06:47.305000,1.14362,1.1436,1200000,1320000
2022-01-26 15:06:49.264000,1.14361,1.14359,1200000,1200000
2022-01-26 15:06:52.761000,1.14363,1.14358,1800000,2340000
2022-01-26 15:06:56.168000,1.14361,1.14359,1200000,1340000
2022-01-26 15:06:56.598000,1.14361,1.14358,1200000,1880000
2022-01-26 15:06:57.165000,1.14361,1.14359,1200000,1440000
2022-01-26 15:06:57.318000,1.14362,1.14359,1200000,1440000
2022-01-26 15:06:57.649000,1.14363,1.1436,1200000,1670000
2022-01-26 15:06:58.961000,1.14364,1.14361,1200000,1880000
2022-01-26 15:06:59.063000,1.14364,1.14362,1200000,1800000
2022-01-26 15:07:00.153000,1.14366,1.14363,1200000,3720000
2022-01-26 15:07:00.204000,1.14368,1.14364,1200000,3860000
2022-01-26 15:07:00.307000,1.14368,1.14365,1200000,1320000
2022-01-26 15:07:00.511000,1.14368,1.14364,1200000,3860000
2022-01-26 15:07:00.613000,1.14367,1.14364,1200000,3860000
2022-01-26 15:07:00.868000,1.14367,1.14364,1800000,1880000
2022-01-26 15:07:00.919000,1.14365,1.14363,2110000,2240000
2022-01-26 15:07:01.021000,1.14363,1.1436,1200000,2340000
2022-01-26 15:07:02.013000,1.14364,1.14361,1200000,3680000
2022-01-26 15:07:02.115000,1.14364,1.14361,1200000,3840000
2022-01-26 15:07:03.604000,1.14367,1.14364,1340000,3050000
2022-01-26 15:07:03.757000,1.14368,1.14365,1200000,1440000
2022-01-26 15:07:04.063000,1.14369,1.14365,1440000,3380000
2022-01-26 15:07:04.826000,1.14369,1.14365,1440000,1880000
2022-01-26 15:07:07.766000,1.14367,1.14364,1200000,1320000
2022-01-26 15:07:08.122000,1.14366,1.14362,1440000,2940000
2022-01-26 15:07:08.225000,1.14365,1.14362,1200000,2340000
2022-01-26 15:07:08.327000,1.14365,1.14362,1200000,2940000
2022-01-26 15:07:08.748000,1.14363,1.14361,1200000,1200000
2022-01-26 15:07:08.800000,1.14363,1.1436,1200000,1440000
2022-01-26 15:07:08.902000,1.14363,1.14359,2110000,1880000
2022-01-26 15:07:09.943000,1.14362,1.14359,1200000,2340000
2022-01-26 15:07:10.616000,1.14362,1.14359,1200000,3980000
2022-01-26 15:07:10.719000,1.14363,1.14361,1200000,1320000
2022-01-26 15:07:13.262000,1.14364,1.14358,1200000,3170000
2022-01-26 15:07:13.364000,1.14363,1.14359,1440000,2930000
2022-01-26 15:07:14.266000,1.14363,1.14359,1440000,3070000
2022-01-26 15:07:15.349000,1.14364,1.1436,1200000,2570000
2022-01-26 15:07:17.602000,1.14364,1.1436,3650000,1340000
2022-01-26 15:07:20.600000,1.14363,1.14359,1880000,2030000
2022-01-26 15:07:23.511000,1.14363,1.14359,1320000,2710000
2022-01-26 15:07:24.057000,1.14363,1.1436,1200000,1920000
2022-01-26 15:07:26.201000,1.14363,1.1436,1200000,1880000
2022-01-26 15:07:27.258000,1.14364,1.1436,1800000,2340000
2022-01-26 15:07:29.684000,1.14365,1.14359,1800000,2940000
2022-01-26 15:07:30.534000,1.14361,1.14359,1670000,1940000
2022-01-26 15:07:30.636000,1.14362,1.14358,2700000,1200000
2022-01-26 15:07:30.738000,1.1436,1.14357,1200000,1920000
2022-01-26 15:07:32.423000,1.14358,1.14356,1200000,2240000
2022-01-26 15:07:32.525000,1.14359,1.14355,1340000,4280000
2022-01-26 15:07:32.830000,1.14358,1.14355,1200000,2480000
2022-01-26 15:07:32.933000,1.14358,1.14355,1200000,2340000
2022-01-26 15:07:33.733000,1.14356,1.14354,1200000,1340000
2022-01-26 15:07:35.597000,1.14356,1.14352,2700000,3380000
2022-01-26 15:07:36.597000,1.14355,1.14352,1200000,3840000
2022-01-26 15:07:36.765000,1.14354,1.14351,1200000,2040000
2022-01-26 15:07:37.024000,1.14354,1.14351,1200000,1880000
2022-01-26 15:07:37.644000,1.14355,1.14351,1200000,1880000
2022-01-26 15:07:39.604000,1.14355,1.14352,1200000,2480000
2022-01-26 15:07:39.815000,1.14356,1.14353,1200000,1200000
2022-01-26 15:07:40.063000,1.14355,1.14353,1200000,1200000
2022-01-26 15:07:41.877000,1.14356,1.14353,1200000,3380000
2022-01-26 15:07:43.632000,1.14357,1.14353,1880000,1940000
2022-01-26 15:07:45.736000,1.14357,1.14354,1200000,2040000
2022-01-26 15:07:45.838000,1.14358,1.14354,1200000,2480000
2022-01-26 15:07:45.941000,1.14358,1.14355,1200000,2480000
2022-01-26 15:07:46.470000,1.14359,1.14355,1200000,2480000
2022-01-26 15:07:47.480000,1.14357,1.14354,1200000,1880000
2022-01-26 15:07:47.582000,1.14356,1.14354,1200000,2780000
2022-01-26 15:07:48.427000,1.14358,1.14355,1800000,2040000
2022-01-26 15:07:48.580000,1.14358,1.14355,1200000,1440000
2022-01-26 15:07:48.682000,1.14358,1.14354,1200000,3860000
2022-01-26 15:07:49.265000,1.14359,1.14354,1200000,1440000
2022-01-26 15:07:51.247000,1.14358,1.14355,1200000,3190000
2022-01-26 15:07:51.349000,1.14361,1.14358,1200000,2780000
2022-01-26 15:07:51.452000,1.14362,1.14359,1200000,1670000
2022-01-26 15:07:53.226000,1.14367,1.14362,1340000,1440000
2022-01-26 15:07:53.328000,1.14368,1.14363,1800000,1880000
2022-01-26 15:08:00.360000,1.14365,1.14362,1800000,3770000
2022-01-26 15:08:00.463000,1.14366,1.14363,3600000,1880000
2022-01-26 15:08:00.666000,1.14366,1.14363,2700000,2520000
2022-01-26 15:08:00.768000,1.14367,1.14364,1200000,2780000
2022-01-26 15:08:01.199000,1.14366,1.14363,1800000,2340000
2022-01-26 15:08:01.859000,1.14364,1.14362,1200000,1940000
2022-01-26 15:08:01.961000,1.14364,1.14362,1200000,1200000
2022-01-26 15:08:02.013000,1.14363,1.1436,1880000,1200000
2022-01-26 15:08:02.064000,1.14361,1.14359,1200000,1340000
2022-01-26 15:08:02.166000,1.1436,1.14359,1200000,1200000
2022-01-26 15:08:02.269000,1.14361,1.14359,1200000,1200000
2022-01-26 15:08:02.850000,1.14361,1.14357,1200000,1340000
2022-01-26 15:08:03.053000,1.14362,1.14357,2240000,2240000
2022-01-26 15:08:03.156000,1.14361,1.14358,1800000,2400000
2022-01-26 15:08:03.933000,1.14359,1.14357,1200000,1340000
2022-01-26 15:08:03.985000,1.14358,1.14355,1200000,2340000
2022-01-26 15:08:04.779000,1.14359,1.14357,1200000,1200000
2022-01-26 15:08:04.881000,1.1436,1.14357,1200000,2240000
2022-01-26 15:08:05.877000,1.14362,1.14359,3680000,1200000
2022-01-26 15:08:05.979000,1.14363,1.14359,1200000,1200000
2022-01-26 15:08:07.838000,1.14362,1.14361,1200000,1200000
2022-01-26 15:08:07.890000,1.14364,1.14361,2240000,2030000
2022-01-26 15:08:08.344000,1.14363,1.14361,1200000,1500000
2022-01-26 15:08:08.446000,1.14362,1.14361,1200000,1200000
2022-01-26 15:08:08.716000,1.14365,1.14362,1800000,1200000
2022-01-26 15:08:09.506000,1.14366,1.14363,1800000,1570000
2022-01-26 15:08:10.174000,1.14367,1.14364,1200000,3530000
2022-01-26 15:08:10.320000,1.14367,1.14364,1200000,3470000
2022-01-26 15:08:11.954000,1.14368,1.14364,1800000,2780000
2022-01-26 15:08:12.520000,1.14368,1.14366,1200000,1200000
2022-01-26 15:08:13.270000,1.14367,1.14364,1200000,3140000
2022-01-26 15:08:13.424000,1.14365,1.14362,1800000,1800000
2022-01-26 15:08:13.526000,1.14364,1.14362,1200000,1200000
2022-01-26 15:08:15.293000,1.14365,1.14362,1800000,4210000
2022-01-26 15:08:15.396000,1.14366,1.14363,1200000,2240000
2022-01-26 15:08:15.718000,1.14367,1.14364,1800000,1200000
2022-01-26 15:08:20.760000,1.14367,1.14362,2340000,1800000
2022-01-26 15:08:21.095000,1.14365,1.14363,1200000,1200000
2022-01-26 15:08:21.389000,1.14364,1.14361,1800000,2240000
2022-01-26 15:08:21.491000,1.14362,1.14361,1200000,1200000
2022-01-26 15:08:21.809000,1.14361,1.1436,1200000,1200000
2022-01-26 15:08:22.159000,1.14361,1.14358,1200000,2700000
2022-01-26 15:08:23.034000,1.14362,1.14358,1800000,3980000
2022-01-26 15:08:26.866000,1.14361,1.14359,1200000,1200000
2022-01-26 15:08:27.507000,1.14359,1.14357,1200000,1940000
2022-01-26 15:08:27.610000,1.14358,1.14357,1200000,1200000
2022-01-26 15:08:28.255000,1.14361,1.14356,1800000,1200000
2022-01-26 15:08:28.989000,1.1436,1.14358,1200000,1200000
2022-01-26 15:08:31.947000,1.14361,1.14358,1200000,1670000
2022-01-26 15:08:32.061000,1.14361,1.14359,1200000,1210000
2022-01-26 15:08:33.271000,1.14363,1.14361,1800000,1500000
2022-01-26 15:08:34.599000,1.14362,1.14361,1200000,1200000
2022-01-26 15:08:34.651000,1.14362,1.14359,1200000,2570000
2022-01-26 15:08:35.546000,1.14363,1.14358,1200000,3050000
2022-01-26 15:08:36.185000,1.14362,1.14359,1200000,2570000
2022-01-26 15:08:40.621000,1.14362,1.14359,1200000,3050000
2022-01-26 15:08:40.855000,1.14363,1.14361,1200000,1320000
2022-01-26 15:08:43.181000,1.14362,1.1436,1200000,1320000
2022-01-26 15:08:49.682000,1.14362,1.1436,1200000,2330000
2022-01-26 15:08:49.733000,1.14365,1.14362,1200000,3240000
2022-01-26 15:08:54.045000,1.14367,1.14364,1340000,1440000
2022-01-26 15:08:54.148000,1.14369,1.14364,1800000,1440000
2022-01-26 15:08:54.928000,1.14369,1.14366,1800000,3650000
2022-01-26 15:08:55.745000,1.14369,1.14366,1800000,2780000
2022-01-26 15:08:56.718000,1.14368,1.14365,1800000,2780000
2022-01-26 15:08:57.461000,1.14368,1.14365,1800000,2520000
2022-01-26 15:08:57.768000,1.14368,1.14365,1800000,2340000
2022-01-26 15:09:09.654000,1.14367,1.14365,1200000,1670000
2022-01-26 15:09:11.891000,1.14369,1.14366,1800000,1570000
2022-01-26 15:09:11.993000,1.14369,1.14367,1200000,1800000
2022-01-26 15:09:14.387000,1.14368,1.14366,1800000,1200000
2022-01-26 15:09:14.438000,1.14368,1.14365,1800000,1440000
2022-01-26 15:09:15.764000,1.14368,1.14366,1200000,1880000
2022-01-26 15:09:15.987000,1.14368,1.14365,1800000,2340000
2022-01-26 15:09:16.299000,1.14368,1.14366,1200000,1440000
2022-01-26 15:09:19.240000,1.14367,1.14365,1200000,2340000
2022-01-26 15:09:19.648000,1.14368,1.14365,1200000,3650000
2022-01-26 15:09:19.751000,1.14369,1.14367,1340000,1440000
2022-01-26 15:09:20.029000,1.14371,1.14368,1800000,3420000
2022-01-26 15:09:20.182000,1.1437,1.14369,1200000,1200000
2022-01-26 15:09:20.600000,1.14368,1.14365,1340000,1920000
2022-01-26 15:09:20.702000,1.14368,1.14365,1200000,1880000
2022-01-26 15:09:21.007000,1.14367,1.14365,1200000,1320000
2022-01-26 15:09:21.724000,1.14367,1.14365,1200000,1740000
2022-01-26 15:09:21.827000,1.14368,1.14367,1200000,1340000
2022-01-26 15:09:21.878000,1.14371,1.14368,2040000,1340000
2022-01-26 15:09:24.510000,1.14369,1.14368,1200000,1200000
2022-01-26 15:09:24.939000,1.14371,1.14368,1800000,3420000
2022-01-26 15:09:25.244000,1.1437,1.14368,1340000,1800000
2022-01-26 15:09:25.346000,1.1437,1.14368,1340000,1340000
2022-01-26 15:09:25.448000,1.14367,1.14366,1200000,1200000
2022-01-26 15:09:27.238000,1.14369,1.14365,1200000,1200000
2022-01-26 15:09:30.785000,1.14367,1.14365,1200000,1200000
2022-01-26 15:09:31.391000,1.14368,1.14365,2240000,1440000
2022-01-26 15:09:31.930000,1.14365,1.14363,1340000,3140000
2022-01-26 15:09:32.032000,1.14364,1.14362,1200000,1320000
2022-01-26 15:09:32.135000,1.14361,1.1436,1340000,1200000
2022-01-26 15:09:34.769000,1.14359,1.14357,1200000,1440000
2022-01-26 15:09:34.871000,1.14358,1.14356,1340000,7320000
2022-01-26 15:09:35.968000,1.14358,1.14354,1200000,2640000
2022-01-26 15:09:36.070000,1.14358,1.14354,1200000,1670000
2022-01-26 15:09:36.390000,1.14357,1.14355,1200000,2270000
2022-01-26 15:09:36.442000,1.1436,1.14355,1200000,3610000
2022-01-26 15:09:36.544000,1.1436,1.14357,2240000,1880000
2022-01-26 15:09:36.646000,1.1436,1.14358,1340000,1340000
2022-01-26 15:09:38.269000,1.1436,1.14359,1200000,1200000
2022-01-26 15:09:39.677000,1.1436,1.14358,1340000,1200000
2022-01-26 15:09:39.829000,1.14359,1.14356,1340000,3240000
2022-01-26 15:09:39.932000,1.14357,1.14355,1200000,1880000
2022-01-26 15:09:41.341000,1.14358,1.14355,2240000,2780000
2022-01-26 15:09:42.635000,1.14358,1.14355,2400000,2780000
2022-01-26 15:09:45.118000,1.14358,1.14355,2340000,1340000
2022-01-26 15:09:45.220000,1.1436,1.14357,1200000,2340000
2022-01-26 15:09:45.322000,1.1436,1.14359,1200000,1200000
2022-01-26 15:09:45.764000,1.14362,1.14358,1440000,1200000
2022-01-26 15:09:45.866000,1.14363,1.1436,2240000,1440000
2022-01-26 15:09:45.968000,1.14363,1.1436,2240000,2590000
2022-01-26 15:09:47.260000,1.14362,1.1436,1200000,1520000
2022-01-26 15:09:47.362000,1.14362,1.14359,2240000,1880000
2022-01-26 15:09:48.390000,1.14362,1.1436,1200000,1200000
2022-01-26 15:09:49.770000,1.14361,1.14358,1200000,1200000
2022-01-26 15:09:51.042000,1.14359,1.14357,1200000,2270000
2022-01-26 15:09:51.144000,1.14358,1.14356,1200000,1670000
2022-01-26 15:09:51.348000,1.14357,1.14355,1200000,1440000
2022-01-26 15:09:52.602000,1.14357,1.14352,2240000,2040000
2022-01-26 15:09:52.704000,1.14356,1.14353,2400000,1440000
2022-01-26 15:09:52.806000,1.14357,1.14352,1340000,1440000
2022-01-26 15:09:56.541000,1.14356,1.14353,2240000,2360000
2022-01-26 15:09:56.643000,1.14357,1.14354,1800000,3720000
2022-01-26 15:09:58.699000,1.14356,1.14354,1340000,1440000
2022-01-26 15:09:58.801000,1.14356,1.14354,1340000,2480000
2022-01-26 15:09:59.340000,1.14356,1.14354,1200000,1880000
2022-01-26 15:10:01.605000,1.14357,1.14354,1800000,2520000
2022-01-26 15:10:01.707000,1.14359,1.14356,2700000,2110000
2022-01-26 15:10:01.962000,1.14358,1.14356,1200000,1200000
2022-01-26 15:10:02.064000,1.14358,1.14355,1200000,2570000
2022-01-26 15:10:03.146000,1.14358,1.14355,1340000,2640000
2022-01-26 15:10:03.552000,1.14358,1.14353,2340000,1340000
2022-01-26 15:10:03.604000,1.14356,1.14353,1200000,1340000
2022-01-26 15:10:03.706000,1.14355,1.14353,1340000,1880000
2022-01-26 15:10:03.808000,1.14354,1.14352,1200000,1880000
2022-01-26 15:10:04.968000,1.14353,1.1435,1800000,5340000
2022-01-26 15:10:06.770000,1.14353,1.14352,1200000,1800000
2022-01-26 15:10:06.872000,1.14354,1.14352,1200000,2470000
2022-01-26 15:10:06.975000,1.14354,1.14352,1200000,2630000
2022-01-26 15:10:07.077000,1.14356,1.14353,1200000,2170000
2022-01-26 15:10:07.179000,1.14356,1.14353,1200000,2030000
2022-01-26 15:10:07.360000,1.14358,1.14352,2780000,2030000
2022-01-26 15:10:07.641000,1.14354,1.14353,1200000,2030000
2022-01-26 15:10:08.479000,1.14357,1.14353,2780000,2170000
2022-01-26 15:10:09.030000,1.14355,1.14353,1200000,2170000
2022-01-26 15:10:10.083000,1.14355,1.14353,1200000,3470000
2022-01-26 15:10:11.333000,1.14355,1.14352,1200000,1340000
2022-01-26 15:10:11.492000,1.14354,1.14352,1200000,1200000
2022-01-26 15:10:11.920000,1.14353,1.14352,1200000,1500000
2022-01-26 15:10:12.448000,1.14355,1.14352,2240000,1200000
2022-01-26 15:10:13.955000,1.14354,1.14352,1200000,1340000
2022-01-26 15:10:15.697000,1.14353,1.14352,1200000,1340000
2022-01-26 15:10:17.204000,1.14355,1.14352,1800000,1800000
2022-01-26 15:10:18.151000,1.14352,1.14351,1200000,1800000
2022-01-26 15:10:18.253000,1.14352,1.1435,1200000,2930000
2022-01-26 15:10:18.356000,1.14353,1.1435,1800000,3370000
2022-01-26 15:10:18.887000,1.14353,1.14352,1200000,1200000
2022-01-26 15:10:20.012000,1.14355,1.14352,1800000,2700000
2022-01-26 15:10:20.114000,1.14355,1.14353,1200000,2030000
2022-01-26 15:10:24.421000,1.14356,1.14354,1200000,2030000
2022-01-26 15:10:24.472000,1.14357,1.14355,1200000,4670000
2022-01-26 15:10:24.524000,1.1436,1.14358,1800000,1800000
2022-01-26 15:10:24.677000,1.14361,1.14358,1200000,1800000
2022-01-26 15:10:25.061000,1.1436,1.14357,1800000,2290000
2022-01-26 15:10:25.112000,1.14358,1.14356,1320000,1200000
2022-01-26 15:10:25.214000,1.14356,1.14355,1200000,1200000
2022-01-26 15:10:25.485000,1.14357,1.14355,1200000,1200000
2022-01-26 15:10:26.600000,1.14356,1.14355,1200000,1500000
2022-01-26 15:10:27.972000,1.14358,1.14355,2820000,1200000
2022-01-26 15:10:28.125000,1.14355,1.14353,1200000,1920000
2022-01-26 15:10:28.454000,1.14355,1.14353,1200000,1440000
2022-01-26 15:10:32.402000,1.14355,1.14352,1200000,3910000
2022-01-26 15:10:35.458000,1.14356,1.14352,1880000,4070000
2022-01-26 15:10:35.661000,1.14357,1.14352,1200000,4070000
2022-01-26 15:10:36.645000,1.14357,1.14352,1200000,2570000
2022-01-26 15:10:39.470000,1.14355,1.14352,1200000,3240000
2022-01-26 15:10:40.708000,1.14356,1.14353,1880000,1340000
2022-01-26 15:10:41.835000,1.14358,1.14355,1320000,1340000
2022-01-26 15:10:42.039000,1.1436,1.14357,2340000,1200000
2022-01-26 15:10:42.242000,1.1436,1.14357,2360000,1200000
2022-01-26 15:10:43.456000,1.14361,1.14359,1340000,1200000
2022-01-26 15:10:44.080000,1.14363,1.14359,2340000,3240000
2022-01-26 15:10:45.550000,1.14363,1.14359,3380000,2340000
2022-01-26 15:10:45.873000,1.14363,1.1436,2340000,1500000
2022-01-26 15:10:45.976000,1.14364,1.14361,1800000,4440000
2022-01-26 15:10:46.144000,1.14364,1.14361,1800000,3470000
2022-01-26 15:10:47.674000,1.14364,1.14361,1200000,3170000
2022-01-26 15:10:48.098000,1.14365,1.1436,1440000,2470000
2022-01-26 15:10:48.200000,1.14363,1.1436,2340000,2240000
2022-01-26 15:10:48.303000,1.14362,1.1436,1200000,1340000
2022-01-26 15:10:49.141000,1.14362,1.14359,1800000,2570000
2022-01-26 15:10:49.243000,1.14363,1.14361,1200000,1200000
2022-01-26 15:10:49.349000,1.14364,1.14361,3680000,1200000
2022-01-26 15:10:50.914000,1.14365,1.14362,3910000,1200000
2022-01-26 15:10:55.740000,1.14364,1.14362,1200000,1200000
2022-01-26 15:10:55.842000,1.14364,1.14361,4140000,2030000
2022-01-26 15:10:57.445000,1.14365,1.14361,4140000,2340000
2022-01-26 15:10:57.660000,1.14366,1.1436,3140000,2820000
2022-01-26 15:10:57.824000,1.14365,1.14361,3680000,2340000
2022-01-26 15:10:58.265000,1.14365,1.14362,3240000,1800000
2022-01-26 15:11:02.540000,1.14363,1.14361,2340000,1200000
2022-01-26 15:11:02.642000,1.14364,1.14359,2780000,1200000
2022-01-26 15:11:03.438000,1.14363,1.14361,1200000,1320000
2022-01-26 15:11:03.719000,1.14364,1.14361,1200000,2340000
2022-01-26 15:11:04.809000,1.14365,1.14361,1800000,2780000
2022-01-26 15:11:06.216000,1.14365,1.14363,1200000,1200000
2022-01-26 15:11:06.319000,1.14366,1.14364,1200000,1200000
2022-01-26 15:11:06.523000,1.14366,1.14363,1800000,2780000
2022-01-26 15:11:09.708000,1.14367,1.14364,2240000,2060000
2022-01-26 15:11:09.811000,1.14368,1.14366,1200000,1440000
2022-01-26 15:11:10.508000,1.14373,1.14368,1340000,3010000
2022-01-26 15:11:10.560000,1.14373,1.14371,1200000,1440000
2022-01-26 15:11:10.662000,1.14374,1.14371,1200000,2960000
2022-01-26 15:11:10.764000,1.14375,1.14372,1800000,1440000
2022-01-26 15:11:14.747000,1.14374,1.14371,1200000,2340000
2022-01-26 15:11:14.849000,1.14372,1.14369,1800000,1440000
2022-01-26 15:11:15.053000,1.14371,1.14368,1880000,1800000
2022-01-26 15:11:15.307000,1.14371,1.14367,2780000,2340000
2022-01-26 15:11:15.748000,1.14371,1.14367,1200000,3420000
2022-01-26 15:11:17.977000,1.1437,1.14367,1200000,3010000
2022-01-26 15:11:18.772000,1.14371,1.14368,1200000,1320000
2022-01-26 15:11:18.874000,1.1437,1.14367,1200000,2780000
2022-01-26 15:11:20.508000,1.14372,1.14368,2060000,2240000
2022-01-26 15:11:20.610000,1.14369,1.14365,1800000,4400000
2022-01-26 15:11:22.861000,1.14369,1.14365,1880000,1440000
2022-01-26 15:11:24.613000,1.14368,1.14365,1320000,1200000
2022-01-26 15:11:27.048000,1.14367,1.14364,1440000,1800000
2022-01-26 15:11:27.152000,1.14369,1.14363,2340000,1880000
2022-01-26 15:11:28.399000,1.14368,1.14365,1880000,1200000
2022-01-26 15:11:36.880000,1.14367,1.14364,1200000,1880000
2022-01-26 15:11:37.420000,1.14367,1.14365,1200000,1320000
2022-01-26 15:11:38.398000,1.14367,1.14364,1200000,2780000
2022-01-26 15:11:38.542000,1.14368,1.14364,2780000,2780000
2022-01-26 15:11:38.644000,1.14367,1.14364,1200000,2960000
2022-01-26 15:11:38.747000,1.14368,1.14364,2240000,2960000
2022-01-26 15:11:41.468000,1.14367,1.14365,1200000,1320000
2022-01-26 15:11:42.464000,1.14367,1.14364,1200000,2780000
2022-01-26 15:11:43.802000,1.14367,1.14364,1200000,2960000
2022-01-26 15:11:49.973000,1.14369,1.14365,2340000,2780000
2022-01-26 15:11:51.041000,1.14368,1.14365,1200000,3240000
2022-01-26 15:11:51.143000,1.14369,1.14365,2340000,3240000
2022-01-26 15:11:51.897000,1.1437,1.14366,1800000,3420000
2022-01-26 15:11:53.006000,1.14368,1.14366,1200000,1440000
2022-01-26 15:11:53.641000,1.14369,1.14366,1800000,2340000
2022-01-26 15:11:53.993000,1.14369,1.14366,1200000,3420000
2022-01-26 15:11:54.489000,1.14371,1.14369,1200000,1200000
2022-01-26 15:11:54.591000,1.1437,1.14367,1800000,3840000
2022-01-26 15:11:54.937000,1.14369,1.14365,1200000,1880000
2022-01-26 15:11:55.756000,1.14368,1.14365,1800000,3240000
2022-01-26 15:12:04.727000,1.14372,1.14368,3380000,1200000
2022-01-26 15:12:04.829000,1.14372,1.1437,1200000,1200000
2022-01-26 15:12:04.932000,1.14373,1.14371,1200000,1340000
2022-01-26 15:12:05.033000,1.14373,1.14372,1200000,1200000
2022-01-26 15:12:05.268000,1.14374,1.14372,1200000,1200000
2022-01-26 15:12:05.860000,1.14375,1.14372,1200000,2840000
