time,ask,bid,ask_volume,bid_volume
2019-04-12 13:55:00.708000,1.11958,1.11955,5550000,1690000
2019-04-12 13:55:01.402000,1.11959,1.11958,2920000,1250000
2019-04-12 13:55:01.505000,1.11959,1.11957,1500000,2500000
2019-04-12 13:55:02.193000,1.1196,1.11957,2440000,3250000
2019-04-12 13:55:04.573000,1.11958,1.11957,2250000,1000000
2019-04-12 13:55:04.736000,1.11959,1.11957,2060000,1000000
2019-04-12 13:55:10.402000,1.11957,1.11955,1250000,2620000
2019-04-12 13:55:10.504000,1.11958,1.11955,5870000,1870000
2019-04-12 13:55:13.803000,1.11958,1.11955,5500000,2810000
2019-04-12 13:55:13.949000,1.11958,1.11956,3490000,1250000
2019-04-12 13:55:14.051000,1.11958,1.11955,3550000,2810000
2019-04-12 13:55:15.953000,1.11958,1.11956,3560000,1250000
2019-04-12 13:55:16.055000,1.11959,1.11958,1310000,1000000
2019-04-12 13:55:17.223000,1.11959,1.11957,1690000,3560000
2019-04-12 13:55:17.886000,1.11959,1.11958,1250000,1000000
2019-04-12 13:55:19.549000,1.1196,1.11957,1750000,5440000
2019-04-12 13:55:19.853000,1.1196,1.11958,1250000,1000000
2019-04-12 13:55:19.954000,1.1196,1.11957,1750000,5440000
2019-04-12 13:55:20.440000,1.1196,1.11958,1250000,1000000
2019-04-12 13:55:21.113000,1.1196,1.11957,1750000,5060000
2019-04-12 13:55:21.215000,1.1196,1.11958,1250000,1000000
2019-04-12 13:55:23.563000,1.1196,1.11957,1750000,4310000
2019-04-12 13:55:23.768000,1.11958,1.11956,1250000,1570000
2019-04-12 13:55:23.871000,1.11958,1.11954,2940000,5200000
2019-04-12 13:55:25.161000,1.11957,1.11954,2620000,1310000
2019-04-12 13:55:25.264000,1.11955,1.11954,1000000,1310000
2019-04-12 13:55:25.366000,1.11954,1.11953,1000000,1250000
2019-04-12 13:55:25.496000,1.11954,1.11952,1250000,3370000
2019-04-12 13:55:25.603000,1.11956,1.11953,2120000,3820000
2019-04-12 13:55:25.654000,1.11956,1.11954,1310000,1000000
2019-04-12 13:55:26.076000,1.11957,1.11955,3690000,1000000
2019-04-12 13:55:26.331000,1.11957,1.11953,2940000,5950000
2019-04-12 13:55:26.467000,1.11957,1.11955,2440000,1000000
2019-04-12 13:55:26.518000,1.11959,1.11958,5700000,1250000
2019-04-12 13:55:26.569000,1.1196,1.11958,2810000,1250000
2019-04-12 13:55:26.904000,1.1196,1.11957,2120000,3690000
2019-04-12 13:55:27.263000,1.1196,1.11957,2120000,3190000
2019-04-12 13:55:27.427000,1.11958,1.11956,1690000,3070000
2019-04-12 13:55:27.530000,1.11957,1.11956,1500000,1100000
2019-04-12 13:55:27.634000,1.11957,1.11955,1500000,1250000
2019-04-12 13:55:28.986000,1.11957,1.11956,1500000,1250000
2019-04-12 13:55:29.125000,1.11957,1.11955,1690000,2440000
2019-04-12 13:55:29.280000,1.11958,1.11955,4000000,2620000
2019-04-12 13:55:29.495000,1.11958,1.11955,3190000,3620000
2019-04-12 13:55:29.698000,1.11958,1.11955,1300000,2620000
2019-04-12 13:55:30.105000,1.11958,1.11956,3190000,1690000
2019-04-12 13:55:30.207000,1.11959,1.11957,1370000,1000000
2019-04-12 13:55:31.855000,1.11956,1.11955,2060000,3450000
2019-04-12 13:55:31.976000,1.11955,1.11954,3000000,1000000
2019-04-12 13:55:32.081000,1.11955,1.11952,2250000,4450000
2019-04-12 13:55:32.383000,1.11955,1.11952,2120000,2890000
2019-04-12 13:55:38.396000,1.11952,1.11951,1500000,1250000
2019-04-12 13:55:38.499000,1.11951,1.11949,2060000,1000000
2019-04-12 13:55:38.936000,1.1195,1.11948,1250000,2140000
2019-04-12 13:55:39.941000,1.11952,1.1195,6010000,1250000
2019-04-12 13:55:40.043000,1.11953,1.11951,1000000,1370000
2019-04-12 13:55:40.094000,1.11954,1.11951,2060000,1370000
2019-04-12 13:55:46,1.11952,1.11951,1690000,1120000
2019-04-12 13:55:46.105000,1.11951,1.11949,2060000,1870000
2019-04-12 13:55:46.923000,1.11953,1.11951,3750000,1750000
2019-04-12 13:55:47.085000,1.11954,1.11951,2060000,1750000
2019-04-12 13:55:47.238000,1.11954,1.11951,1370000,2440000
2019-04-12 13:55:47.370000,1.11954,1.11951,1120000,2440000
2019-04-12 13:55:48.658000,1.11954,1.11952,1500000,1500000
2019-04-12 13:55:50.143000,1.11952,1.11951,1250000,1500000
2019-04-12 13:55:50.195000,1.11951,1.1195,1120000,2890000
2019-04-12 13:55:50.363000,1.11951,1.11948,2810000,4690000
2019-04-12 13:55:51.309000,1.1195,1.11947,1500000,5200000
2019-04-12 13:55:53.656000,1.11949,1.11947,1000000,2500000
2019-04-12 13:55:53.757000,1.11949,1.11947,1690000,1690000
2019-04-12 13:55:56.236000,1.1195,1.11947,1250000,1690000
2019-04-12 13:55:59.558000,1.1195,1.11947,3620000,2810000
2019-04-12 13:55:59.840000,1.1195,1.11947,4390000,1310000
2019-04-12 13:55:59.953000,1.11948,1.11946,1000000,4000000
2019-04-12 13:56:00.055000,1.11949,1.11946,3260000,4000000
2019-04-12 13:56:06.642000,1.11945,1.11944,1500000,2440000
2019-04-12 13:56:06.745000,1.11944,1.11941,3690000,1450000
2019-04-12 13:56:07.620000,1.11944,1.11943,1310000,1000000
2019-04-12 13:56:07.722000,1.11945,1.11943,3940000,1120000
2019-04-12 13:56:07.825000,1.11947,1.11945,7950000,1750000
2019-04-12 13:56:07.927000,1.11947,1.11945,1500000,1750000
2019-04-12 13:56:08.070000,1.11948,1.11946,3640000,1000000
2019-04-12 13:56:08.326000,1.11949,1.11946,8290000,1250000
2019-04-12 13:56:08.428000,1.11949,1.11946,7070000,1000000
2019-04-12 13:56:08.813000,1.11949,1.11946,6260000,1250000
2019-04-12 13:56:08.915000,1.11949,1.11946,7010000,1250000
2019-04-12 13:56:09.974000,1.11946,1.11944,1500000,8320000
2019-04-12 13:56:10.077000,1.11945,1.11943,1500000,1120000
2019-04-12 13:56:10.880000,1.11944,1.11943,1250000,1000000
2019-04-12 13:56:11.033000,1.11944,1.11942,1690000,1310000
2019-04-12 13:56:16.230000,1.11944,1.11942,1750000,1120000
2019-04-12 13:56:18.740000,1.11943,1.11941,1250000,4010000
2019-04-12 13:56:20.470000,1.11943,1.11942,1250000,1000000
2019-04-12 13:56:26.390000,1.11943,1.11941,1250000,1690000
2019-04-12 13:56:29.742000,1.11943,1.11942,1250000,1000000
2019-04-12 13:56:30.697000,1.11945,1.11943,3190000,2440000
2019-04-12 13:56:31.141000,1.11944,1.11943,1250000,1870000
2019-04-12 13:56:31.293000,1.11945,1.11944,1690000,1000000
2019-04-12 13:56:31.396000,1.11946,1.11945,1000000,1500000
2019-04-12 13:56:31.447000,1.11948,1.11946,2060000,1000000
2019-04-12 13:56:31.770000,1.11949,1.11947,1690000,1000000
2019-04-12 13:56:33.515000,1.11948,1.11947,1250000,1500000
2019-04-12 13:56:35.185000,1.11949,1.11947,1250000,1120000
2019-04-12 13:56:35.408000,1.11951,1.1195,4760000,1000000
2019-04-12 13:56:35.511000,1.11951,1.11948,3640000,2120000
2019-04-12 13:56:35.637000,1.1195,1.11948,1690000,1250000
2019-04-12 13:56:35.743000,1.11949,1.11947,1310000,3560000
2019-04-12 13:56:38.082000,1.11949,1.11946,4310000,2250000
2019-04-12 13:56:38.453000,1.11948,1.11946,1000000,1500000
2019-04-12 13:56:41.034000,1.11949,1.11945,4310000,3260000
2019-04-12 13:56:41.136000,1.11949,1.11945,2940000,2890000
2019-04-12 13:56:42.142000,1.11949,1.11945,4690000,2890000
2019-04-12 13:56:42.728000,1.11948,1.11945,1250000,2810000
2019-04-12 13:56:42.955000,1.11946,1.11943,1250000,2510000
2019-04-12 13:56:47.226000,1.11946,1.11943,2560000,2060000
2019-04-12 13:56:47.380000,1.11946,1.11944,2260000,1000000
2019-04-12 13:56:47.492000,1.11946,1.11944,1250000,1000000
2019-04-12 13:56:51.318000,1.11945,1.11943,2810000,3750000
2019-04-12 13:56:51.369000,1.11941,1.11939,1500000,1010000
2019-04-12 13:56:51.472000,1.1194,1.11938,3190000,1250000
2019-04-12 13:56:51.574000,1.1194,1.11936,8320000,4690000
2019-04-12 13:56:51.750000,1.11939,1.11936,1370000,2060000
2019-04-12 13:56:51.852000,1.11939,1.11937,1310000,1000000
2019-04-12 13:56:51.954000,1.11939,1.11936,2120000,5810000
2019-04-12 13:56:57.583000,1.1194,1.11937,3640000,2620000
2019-04-12 13:56:57.843000,1.11941,1.11938,4970000,1000000
2019-04-12 13:56:57.946000,1.11941,1.11939,1250000,1000000
2019-04-12 13:57:05.132000,1.1194,1.11938,1750000,1120000
2019-04-12 13:57:05.236000,1.11939,1.11937,4000000,1000000
2019-04-12 13:57:05.390000,1.11938,1.11936,1250000,1500000
2019-04-12 13:57:05.533000,1.11937,1.11936,1250000,1000000
2019-04-12 13:57:13.490000,1.11937,1.11935,1250000,2440000
2019-04-12 13:57:15.256000,1.11937,1.11935,1250000,2250000
2019-04-12 13:57:15.410000,1.11937,1.11934,2950000,2060000
2019-04-12 13:57:21.925000,1.11936,1.11934,1750000,1120000
2019-04-12 13:57:22.027000,1.11936,1.11933,3370000,2060000
2019-04-12 13:57:27.068000,1.11936,1.11933,1250000,3620000
2019-04-12 13:57:29.502000,1.11936,1.11934,2560000,1250000
2019-04-12 13:57:29.623000,1.11936,1.11934,2060000,1250000
2019-04-12 13:57:30.102000,1.11937,1.11935,2620000,1250000
2019-04-12 13:57:33.453000,1.11937,1.11935,2120000,1000000
2019-04-12 13:57:34.280000,1.11937,1.11934,1370000,1250000
2019-04-12 13:57:35.432000,1.11937,1.11935,1870000,1250000
2019-04-12 13:57:36.825000,1.11937,1.11935,2120000,1000000
2019-04-12 13:57:38.836000,1.11938,1.11935,5940000,1750000
2019-04-12 13:57:38.939000,1.11938,1.11935,3560000,2500000
2019-04-12 13:57:40.247000,1.11937,1.11935,1750000,1000000
2019-04-12 13:57:42.262000,1.11938,1.11935,4010000,1370000
2019-04-12 13:57:42.617000,1.11937,1.11935,1250000,1000000
2019-04-12 13:57:44.242000,1.11938,1.11934,4310000,5200000
2019-04-12 13:57:45.598000,1.11938,1.11935,2870000,1000000
2019-04-12 13:57:54.765000,1.11936,1.11935,1000000,1000000
2019-04-12 13:57:54.867000,1.11936,1.11934,1000000,2440000
2019-04-12 13:57:55.085000,1.11932,1.1193,2060000,4060000
2019-04-12 13:57:55.187000,1.11932,1.1193,2560000,1690000
2019-04-12 13:57:55.290000,1.11929,1.11928,1690000,1500000
2019-04-12 13:57:55.341000,1.11929,1.11927,1690000,1250000
2019-04-12 13:57:57.922000,1.11928,1.11927,1000000,1250000
2019-04-12 13:57:59.597000,1.11929,1.11927,1690000,1250000
2019-04-12 13:58:00.434000,1.11929,1.11927,3620000,1000000
2019-04-12 13:58:00.536000,1.11928,1.11926,1250000,1310000
2019-04-12 13:58:03.438000,1.11927,1.11925,1370000,3600000
2019-04-12 13:58:03.541000,1.11923,1.11922,1120000,1310000
2019-04-12 13:58:03.643000,1.11922,1.11921,1120000,5250000
2019-04-12 13:58:04.263000,1.11923,1.11921,1690000,1000000
2019-04-12 13:58:07.948000,1.11923,1.11921,2560000,1000000
2019-04-12 13:58:08.101000,1.11923,1.11921,2810000,1000000
2019-04-12 13:58:09.275000,1.11923,1.11921,2750000,1250000
2019-04-12 13:58:09.327000,1.11921,1.11919,2440000,1570000
2019-04-12 13:58:09.430000,1.1192,1.11918,1120000,1690000
2019-04-12 13:58:09.532000,1.11921,1.11918,1000000,1750000
2019-04-12 13:58:09.719000,1.11922,1.11919,2700000,1250000
2019-04-12 13:58:10.210000,1.11922,1.11919,2440000,1250000
2019-04-12 13:58:10.800000,1.11922,1.1192,1120000,1250000
2019-04-12 13:58:10.851000,1.11923,1.11919,5700000,3190000
2019-04-12 13:58:11.007000,1.11923,1.11919,3190000,2950000
2019-04-12 13:58:11.863000,1.11923,1.11919,3760000,2120000
2019-04-12 13:58:12.891000,1.11923,1.11919,5250000,2140000
2019-04-12 13:58:13.425000,1.11923,1.11919,4440000,2200000
2019-04-12 13:58:13.985000,1.11923,1.1192,3560000,1250000
2019-04-12 13:58:14.104000,1.11923,1.11919,3190000,5200000
2019-04-12 13:58:14.912000,1.11922,1.11919,1000000,3620000
2019-04-12 13:58:17.291000,1.11923,1.11921,3000000,1250000
2019-04-12 13:58:19.557000,1.11924,1.1192,6450000,2500000
2019-04-12 13:58:24.227000,1.11924,1.11921,2810000,2870000
2019-04-12 13:58:26.040000,1.11923,1.11921,1620000,1250000
2019-04-12 13:58:26.142000,1.11924,1.11921,3760000,1750000
2019-04-12 13:58:26.244000,1.11924,1.11921,4010000,1750000
2019-04-12 13:58:27.363000,1.11924,1.1192,5140000,3620000
2019-04-12 13:58:27.466000,1.11924,1.1192,4510000,2870000
2019-04-12 13:58:29.289000,1.11924,1.1192,5190000,3700000
2019-04-12 13:58:29.392000,1.11924,1.11921,3190000,1250000
2019-04-12 13:58:35.995000,1.11923,1.11921,1250000,2250000
2019-04-12 13:58:36.098000,1.11923,1.1192,1500000,2870000
2019-04-12 13:58:37.473000,1.11924,1.11921,4390000,1690000
2019-04-12 13:58:37.905000,1.11924,1.11921,4010000,1750000
2019-04-12 13:58:44.938000,1.11924,1.11921,3200000,1250000
2019-04-12 13:58:45.453000,1.11924,1.11921,3200000,1000000
2019-04-12 13:58:46.281000,1.11924,1.11921,4140000,1250000
2019-04-12 13:58:46.780000,1.11924,1.11921,3390000,3190000
2019-04-12 13:58:48.002000,1.11924,1.11921,3310000,1250000
2019-04-12 13:58:48.953000,1.11924,1.1192,3940000,4070000
2019-04-12 13:58:49.452000,1.11924,1.1192,4060000,2950000
2019-04-12 13:58:51.415000,1.11923,1.1192,1000000,2570000
2019-04-12 13:58:52.060000,1.11924,1.1192,4060000,2200000
2019-04-12 13:58:52.162000,1.11922,1.1192,1000000,3190000
2019-04-12 13:58:52.265000,1.11923,1.1192,1000000,3750000
2019-04-12 13:58:53.152000,1.11923,1.1192,1000000,3370000
2019-04-12 13:58:54.435000,1.11924,1.1192,4120000,4120000
2019-04-12 13:58:54.638000,1.11923,1.1192,1000000,4120000
2019-04-12 13:58:56.453000,1.11924,1.1192,7570000,4120000
2019-04-12 13:58:57.244000,1.11923,1.1192,1000000,4120000
2019-04-12 13:58:57.729000,1.11923,1.1192,1000000,4120000
2019-04-12 13:58:58.565000,1.11923,1.1192,1100000,3370000
2019-04-12 13:58:59.693000,1.11923,1.1192,1700000,3370000
2019-04-12 13:58:59.795000,1.11923,1.1192,1200000,4120000
2019-04-12 13:59:01.057000,1.11923,1.1192,1620000,3370000
2019-04-12 13:59:01.730000,1.11921,1.1192,1250000,1120000
2019-04-12 13:59:01.884000,1.11922,1.11919,1390000,4500000
2019-04-12 13:59:01.987000,1.11923,1.1192,4760000,1370000
2019-04-12 13:59:02.693000,1.11921,1.1192,1000000,1310000
2019-04-12 13:59:02.745000,1.11921,1.11919,1500000,1500000
2019-04-12 13:59:03.904000,1.1192,1.11918,1000000,3690000
2019-04-12 13:59:04.213000,1.11921,1.11918,1000000,4440000
2019-04-12 13:59:04.315000,1.11922,1.11919,3760000,1870000
2019-04-12 13:59:04.421000,1.11923,1.1192,1970000,1310000
2019-04-12 13:59:04.524000,1.11922,1.11919,3370000,2560000
2019-04-12 13:59:04.626000,1.11922,1.1192,1100000,2120000
2019-04-12 13:59:04.729000,1.11923,1.1192,2450000,1370000
2019-04-12 13:59:04.831000,1.11923,1.1192,1950000,1370000
2019-04-12 13:59:06.515000,1.11923,1.1192,1120000,2120000
2019-04-12 13:59:07.795000,1.11924,1.1192,4910000,3620000
2019-04-12 13:59:07.897000,1.11924,1.1192,5660000,2870000
2019-04-12 13:59:09.917000,1.11924,1.1192,7010000,4000000
2019-04-12 13:59:10.106000,1.11924,1.1192,8290000,2870000
2019-04-12 13:59:10.157000,1.11921,1.1192,1250000,1870000
2019-04-12 13:59:10.260000,1.11922,1.11919,2870000,5060000
2019-04-12 13:59:11.952000,1.11921,1.11918,1120000,6750000
2019-04-12 13:59:12.057000,1.11923,1.1192,2720000,1250000
2019-04-12 13:59:12.160000,1.11923,1.1192,1500000,1810000
2019-04-12 13:59:14.824000,1.11924,1.1192,7410000,3750000
2019-04-12 13:59:15.145000,1.11924,1.1192,7390000,3750000
2019-04-12 13:59:15.247000,1.11924,1.1192,6660000,3750000
2019-04-12 13:59:15.593000,1.11924,1.1192,4760000,3750000
2019-04-12 13:59:17.991000,1.11924,1.11921,3660000,2120000
2019-04-12 13:59:18.093000,1.11924,1.11921,4390000,2120000
2019-04-12 13:59:19.944000,1.11923,1.11921,1000000,2060000
2019-04-12 13:59:19.996000,1.11924,1.1192,10220000,2440000
2019-04-12 13:59:20.047000,1.11922,1.1192,2260000,1500000
2019-04-12 13:59:20.149000,1.11922,1.11919,4140000,3370000
2019-04-12 13:59:20.696000,1.1192,1.11918,1350000,1000000
2019-04-12 13:59:21.118000,1.11921,1.11919,2720000,1120000
2019-04-12 13:59:21.220000,1.11923,1.11919,5660000,4750000
2019-04-12 13:59:21.322000,1.11921,1.11919,1250000,1870000
2019-04-12 13:59:21.538000,1.11922,1.11919,1200000,3250000
2019-04-12 13:59:21.590000,1.11922,1.11919,1000000,4690000
2019-04-12 13:59:21.642000,1.11923,1.1192,1950000,2690000
2019-04-12 13:59:24.671000,1.11923,1.1192,1390000,2060000
2019-04-12 13:59:26.796000,1.11923,1.1192,2540000,2870000
2019-04-12 13:59:27.838000,1.11923,1.1192,1390000,2870000
2019-04-12 13:59:28.033000,1.11924,1.1192,7070000,1690000
2019-04-12 13:59:28.187000,1.11922,1.11919,1750000,6370000
2019-04-12 13:59:28.291000,1.11921,1.11918,1250000,3190000
2019-04-12 13:59:28.409000,1.1192,1.11918,1250000,1870000
2019-04-12 13:59:28.460000,1.11921,1.11918,2320000,3620000
2019-04-12 13:59:28.586000,1.11922,1.11918,5160000,1870000
2019-04-12 13:59:28.690000,1.11922,1.11919,4540000,1810000
2019-04-12 13:59:28.794000,1.11922,1.11919,2890000,1810000
2019-04-12 13:59:29.258000,1.11922,1.11919,4200000,1000000
2019-04-12 13:59:29.411000,1.11921,1.11919,2120000,1000000
2019-04-12 13:59:30.110000,1.11921,1.11918,3700000,1310000
2019-04-12 13:59:30.212000,1.11921,1.11917,4070000,4810000
2019-04-12 13:59:31.751000,1.11918,1.11917,1000000,1500000
2019-04-12 13:59:31.803000,1.11918,1.11915,1000000,2950000
2019-04-12 13:59:33.501000,1.11918,1.11916,1000000,1250000
2019-04-12 13:59:34.812000,1.11918,1.11915,1000000,1370000
2019-04-12 13:59:36.780000,1.11918,1.11916,1000000,1250000
2019-04-12 13:59:37.389000,1.11919,1.11916,2140000,1250000
2019-04-12 13:59:37.598000,1.11915,1.11913,1250000,1570000
2019-04-12 13:59:37.701000,1.11917,1.11914,1310000,1250000
2019-04-12 13:59:39.020000,1.11918,1.11916,1010000,1250000
2019-04-12 13:59:41.531000,1.11919,1.11915,1950000,1690000
2019-04-12 13:59:41.634000,1.11918,1.11915,1000000,1250000
2019-04-12 13:59:41.798000,1.11919,1.11915,2320000,1690000
2019-04-12 13:59:42.947000,1.11918,1.11915,1100000,1250000
2019-04-12 13:59:43.534000,1.11919,1.11916,4390000,1250000
2019-04-12 13:59:46.173000,1.1192,1.11917,1200000,1250000
2019-04-12 13:59:46.339000,1.1192,1.11916,1250000,2320000
2019-04-12 13:59:46.441000,1.11921,1.11917,3640000,1310000
2019-04-12 13:59:46.598000,1.11921,1.11919,3070000,3190000
2019-04-12 13:59:46.757000,1.11922,1.1192,1000000,1250000
2019-04-12 13:59:46.861000,1.11924,1.11921,1250000,3000000
2019-04-12 13:59:47.007000,1.11924,1.11921,1000000,2120000
2019-04-12 13:59:47.429000,1.11925,1.11922,1870000,1250000
2019-04-12 13:59:47.582000,1.11926,1.11922,1310000,1310000
2019-04-12 13:59:47.837000,1.11926,1.11922,1310000,2540000
2019-04-12 13:59:47.980000,1.11926,1.11922,1310000,1760000
2019-04-12 13:59:48.184000,1.11926,1.11922,1120000,2870000
2019-04-12 13:59:48.876000,1.11924,1.11922,1000000,1000000
2019-04-12 13:59:48.978000,1.11926,1.11922,1870000,1000000
2019-04-12 13:59:49.029000,1.11923,1.11921,1750000,1000000
2019-04-12 13:59:49.193000,1.11922,1.11919,1250000,1370000
2019-04-12 13:59:49.346000,1.11921,1.11919,1000000,1370000
2019-04-12 13:59:50.065000,1.11922,1.11919,1250000,2120000
2019-04-12 13:59:51.104000,1.1192,1.11917,1000000,3940000
2019-04-12 13:59:51.194000,1.1192,1.11918,1000000,1000000
2019-04-12 13:59:51.296000,1.11924,1.11921,1690000,1370000
2019-04-12 13:59:51.694000,1.11925,1.1192,1370000,1810000
2019-04-12 13:59:51.847000,1.11926,1.1192,2250000,3450000
2019-04-12 13:59:51.949000,1.11927,1.11921,1870000,1870000
2019-04-12 13:59:52.634000,1.11926,1.11921,1550000,2620000
2019-04-12 13:59:52.685000,1.11919,1.11915,1000000,1760000
2019-04-12 13:59:52.838000,1.11921,1.11914,5290000,3000000
2019-04-12 13:59:53.647000,1.1192,1.11916,1200000,1250000
2019-04-12 13:59:53.852000,1.11921,1.11916,2890000,3000000
2019-04-12 13:59:53.956000,1.11922,1.1192,1000000,1250000
2019-04-12 13:59:54.008000,1.11924,1.11921,1500000,1370000
2019-04-12 13:59:54.112000,1.11922,1.1192,1000000,1690000
2019-04-12 13:59:54.442000,1.11926,1.1192,1760000,3370000
2019-04-12 13:59:54.544000,1.11926,1.11922,1120000,1250000
2019-04-12 13:59:54.709000,1.11924,1.11921,1000000,2120000
2019-04-12 13:59:54.988000,1.11924,1.11921,1000000,1310000
2019-04-12 13:59:55.150000,1.11924,1.1192,1000000,1250000
2019-04-12 13:59:55.202000,1.11926,1.1192,1600000,1870000
2019-04-12 13:59:55.607000,1.11926,1.11921,1620000,1370000
2019-04-12 13:59:55.848000,1.11922,1.1192,6190000,1000000
2019-04-12 13:59:55.976000,1.11922,1.11919,1120000,1000000
2019-04-12 13:59:56.027000,1.11914,1.11912,5250000,1250000
2019-04-12 13:59:56.130000,1.11913,1.11911,1250000,1690000
2019-04-12 13:59:56.232000,1.11911,1.11908,1250000,1250000
2019-04-12 13:59:56.284000,1.11914,1.11909,4820000,1250000
2019-04-12 13:59:56.335000,1.11915,1.1191,1920000,1120000
2019-04-12 13:59:56.405000,1.11916,1.1191,1500000,2620000
2019-04-12 13:59:56.508000,1.11918,1.11912,1870000,1000000
2019-04-12 13:59:56.559000,1.11917,1.11912,1870000,1000000
2019-04-12 13:59:57.097000,1.11919,1.11914,1000000,1250000
2019-04-12 13:59:57.487000,1.11921,1.11915,1620000,1250000
2019-04-12 13:59:58.352000,1.11921,1.11915,2560000,1250000
2019-04-12 13:59:58.404000,1.11919,1.11913,1250000,2370000
2019-04-12 13:59:59.664000,1.11918,1.11913,2870000,1000000
2019-04-12 13:59:59.891000,1.11918,1.11913,1120000,1000000
2019-04-12 14:00:00.095000,1.11917,1.11911,1370000,1000000
2019-04-12 14:00:00.310000,1.11917,1.11911,1310000,1000000
2019-04-12 14:00:00.465000,1.11917,1.11913,1310000,1000000
2019-04-12 14:00:00.567000,1.11918,1.11912,1870000,1500000
2019-04-12 14:00:00.670000,1.11918,1.11915,1250000,1120000
2019-04-12 14:00:00.872000,1.11918,1.11915,1000000,1120000
2019-04-12 14:00:01.026000,1.11918,1.11913,1120000,2070000
2019-04-12 14:00:01.143000,1.11918,1.11912,1870000,4350000
2019-04-12 14:00:01.296000,1.11918,1.11912,2000000,1850000
2019-04-12 14:00:01.398000,1.11918,1.11912,2940000,1250000
2019-04-12 14:00:01.603000,1.11917,1.11912,1750000,1000000
2019-04-12 14:00:01.655000,1.11916,1.11911,1750000,1120000
2019-04-12 14:00:01.808000,1.11915,1.1191,2250000,1250000
2019-04-12 14:00:01.860000,1.11916,1.11914,1870000,1250000
2019-04-12 14:00:01.974000,1.11918,1.11914,1000000,1250000
2019-04-12 14:00:02.388000,1.1192,1.11914,1620000,1100000
2019-04-12 14:00:02.440000,1.11918,1.11913,1000000,2720000
2019-04-12 14:00:03.183000,1.11917,1.11912,2000000,4570000
2019-04-12 14:00:03.285000,1.11917,1.11912,2190000,2700000
2019-04-12 14:00:03.387000,1.11917,1.11912,2000000,1870000
2019-04-12 14:00:03.490000,1.11917,1.11912,1000000,2620000
2019-04-12 14:00:03.850000,1.11916,1.11912,1000000,2620000
2019-04-12 14:00:04.166000,1.11917,1.11912,2440000,2620000
2019-04-12 14:00:04.361000,1.11917,1.11912,1500000,2620000
2019-04-12 14:00:04.628000,1.11915,1.11912,10000000,1000000
2019-04-12 14:00:04.679000,1.11904,1.11899,2250000,1120000
2019-04-12 14:00:04.731000,1.11905,1.11901,6000000,1250000
2019-04-12 14:00:04.833000,1.11906,1.11904,1000000,1000000
2019-04-12 14:00:04.940000,1.11911,1.11905,2620000,1250000
2019-04-12 14:00:05.043000,1.11911,1.11905,3750000,1250000
2019-04-12 14:00:05.196000,1.1191,1.11905,2250000,1000000
2019-04-12 14:00:05.248000,1.11908,1.11903,1750000,2820000
2019-04-12 14:00:05.387000,1.11908,1.11906,1500000,1250000
2019-04-12 14:00:05.438000,1.1191,1.11906,1250000,1250000
2019-04-12 14:00:05.881000,1.11911,1.11906,1500000,1250000
2019-04-12 14:00:06.357000,1.11911,1.11907,1120000,1250000
2019-04-12 14:00:08.350000,1.1191,1.11906,1000000,1870000
2019-04-12 14:00:08.452000,1.11911,1.11906,2440000,1750000
2019-04-12 14:00:08.657000,1.11911,1.11906,1820000,1000000
2019-04-12 14:00:08.773000,1.1191,1.11904,1250000,1870000
2019-04-12 14:00:08.926000,1.11909,1.11904,2620000,1000000
2019-04-12 14:00:09.079000,1.11907,1.11903,1000000,1250000
2019-04-12 14:00:09.208000,1.11907,1.11902,1310000,2620000
2019-04-12 14:00:09.883000,1.11907,1.11902,1120000,1750000
2019-04-12 14:00:09.985000,1.11906,1.11902,1000000,1250000
2019-04-12 14:00:12.061000,1.11904,1.11902,1000000,1250000
2019-04-12 14:00:12.113000,1.11901,1.11899,2620000,1000000
2019-04-12 14:00:12.164000,1.11901,1.11897,5060000,4310000
2019-04-12 14:00:12.267000,1.119,1.11897,1000000,1310000
2019-04-12 14:00:12.587000,1.11901,1.11897,2810000,2810000
2019-04-12 14:00:13.704000,1.119,1.11897,1000000,2810000
2019-04-12 14:00:14.209000,1.11899,1.11897,1690000,1310000
2019-04-12 14:00:14.668000,1.11898,1.11896,1000000,1250000
2019-04-12 14:00:14.719000,1.11895,1.11891,2060000,3000000
2019-04-12 14:00:14.770000,1.11894,1.11891,1750000,1120000
2019-04-12 14:00:14.873000,1.11893,1.11889,2560000,2120000
2019-04-12 14:00:14.975000,1.11892,1.11889,1690000,2060000
2019-04-12 14:00:15.702000,1.11889,1.11887,3250000,1000000
2019-04-12 14:00:15.794000,1.11888,1.11885,1620000,5450000
2019-04-12 14:00:16.215000,1.11887,1.11884,1120000,2870000
2019-04-12 14:00:16.419000,1.11888,1.11885,2890000,1250000
2019-04-12 14:00:16.524000,1.11887,1.11885,1000000,1250000
2019-04-12 14:00:16.786000,1.11887,1.11885,2440000,1000000
2019-04-12 14:00:16.939000,1.11886,1.11883,1500000,2120000
2019-04-12 14:00:17.042000,1.11886,1.11883,2440000,1310000
2019-04-12 14:00:17.475000,1.11885,1.11883,1000000,1310000
2019-04-12 14:00:17.682000,1.11881,1.1188,1250000,1000000
2019-04-12 14:00:17.892000,1.1188,1.11877,1000000,4000000
2019-04-12 14:00:17.995000,1.1188,1.11877,2250000,2620000
2019-04-12 14:00:18.097000,1.11879,1.11877,1500000,1250000
2019-04-12 14:00:18.516000,1.11879,1.11876,2440000,1000000
2019-04-12 14:00:18.728000,1.11879,1.11875,2510000,2060000
2019-04-12 14:00:19.095000,1.11879,1.11875,2560000,2060000
2019-04-12 14:00:19.457000,1.11879,1.11877,2440000,1000000
2019-04-12 14:00:19.560000,1.11878,1.11876,1000000,1870000
2019-04-12 14:00:19.764000,1.11878,1.11876,1690000,1310000
2019-04-12 14:00:19.948000,1.1188,1.11876,4500000,2810000
2019-04-12 14:00:20.102000,1.11878,1.11875,1690000,3750000
2019-04-12 14:00:20.305000,1.11877,1.11875,1000000,4690000
2019-04-12 14:00:20.357000,1.11875,1.11872,3310000,1870000
2019-04-12 14:00:20.408000,1.11869,1.11867,1000000,1000000
2019-04-12 14:00:20.511000,1.11867,1.11865,1000000,1000000
2019-04-12 14:00:20.627000,1.11866,1.11865,1000000,1000000
2019-04-12 14:00:20.730000,1.11867,1.11865,1950000,1250000
2019-04-12 14:00:20.782000,1.11869,1.11868,4870000,1000000
2019-04-12 14:00:20.885000,1.11869,1.11868,1000000,2440000
2019-04-12 14:00:20.989000,1.11866,1.11864,1500000,1310000
2019-04-12 14:00:22.043000,1.11868,1.11865,3640000,1250000
2019-04-12 14:00:22.247000,1.11867,1.11865,1250000,1000000
2019-04-12 14:00:22.384000,1.11864,1.11863,9000000,1250000
2019-04-12 14:00:22.436000,1.11861,1.1186,1000000,1310000
2019-04-12 14:00:22.539000,1.11862,1.1186,1250000,1310000
2019-04-12 14:00:22.940000,1.11863,1.11862,1500000,1000000
2019-04-12 14:00:23.042000,1.11865,1.11863,1500000,1310000
2019-04-12 14:00:23.144000,1.11865,1.11862,1250000,1310000
2019-04-12 14:00:23.353000,1.11862,1.11861,1250000,3000000
2019-04-12 14:00:23.455000,1.11863,1.11861,2060000,1250000
2019-04-12 14:00:23.811000,1.11862,1.11861,1250000,1000000
2019-04-12 14:00:24.533000,1.11863,1.11861,2700000,1250000
2019-04-12 14:00:24.664000,1.11863,1.11861,3190000,1250000
2019-04-12 14:00:25.212000,1.11863,1.11861,1000000,1250000
2019-04-12 14:00:26.218000,1.11864,1.11861,2510000,3620000
2019-04-12 14:00:26.445000,1.11863,1.11861,1690000,1250000
2019-04-12 14:00:27.970000,1.11862,1.1186,1000000,1370000
2019-04-12 14:00:28.535000,1.11864,1.11862,2890000,1250000
2019-04-12 14:00:29.712000,1.11864,1.11862,1750000,1500000
2019-04-12 14:00:29.815000,1.11864,1.11861,1310000,1750000
2019-04-12 14:00:30.163000,1.11864,1.11863,1000000,1250000
2019-04-12 14:00:30.265000,1.11863,1.11861,1000000,1690000
2019-04-12 14:00:30.582000,1.11863,1.11861,1250000,1000000
2019-04-12 14:00:30.837000,1.11865,1.11862,3250000,1000000
2019-04-12 14:00:31.073000,1.11864,1.11861,1250000,2810000
2019-04-12 14:00:31.175000,1.11865,1.11861,1250000,4120000
2019-04-12 14:00:31.226000,1.11864,1.11861,1250000,2940000
2019-04-12 14:00:31.383000,1.11863,1.11861,1750000,1000000
2019-04-12 14:00:34.519000,1.11863,1.1186,1750000,2060000
2019-04-12 14:00:34.818000,1.11864,1.11861,1310000,1750000
2019-04-12 14:00:34.921000,1.11865,1.11864,1870000,1250000
2019-04-12 14:00:34.973000,1.11867,1.11864,1100000,3790000
2019-04-12 14:00:35.025000,1.11868,1.11865,1500000,1750000
2019-04-12 14:00:35.182000,1.11869,1.11866,1870000,1250000
2019-04-12 14:00:35.234000,1.1187,1.11868,1310000,2620000
2019-04-12 14:00:35.337000,1.11874,1.11871,3250000,1250000
2019-04-12 14:00:35.495000,1.11874,1.11871,2060000,1870000
2019-04-12 14:00:35.699000,1.11873,1.11871,1870000,1000000
2019-04-12 14:00:35.801000,1.11867,1.11866,1000000,1500000
2019-04-12 14:00:35.933000,1.11865,1.11863,2000000,1690000
2019-04-12 14:00:35.985000,1.11864,1.11862,1000000,2810000
2019-04-12 14:00:36.036000,1.11866,1.11864,2250000,1250000
2019-04-12 14:00:36.141000,1.11865,1.11864,1250000,1000000
2019-04-12 14:00:36.285000,1.11864,1.11861,3370000,1350000
2019-04-12 14:00:36.338000,1.11862,1.1186,1000000,2440000
2019-04-12 14:00:36.914000,1.11863,1.1186,1120000,2440000
2019-04-12 14:00:37.064000,1.11863,1.1186,1310000,3250000
2019-04-12 14:00:37.268000,1.11865,1.11862,2200000,1250000
2019-04-12 14:00:37.404000,1.11868,1.11864,2140000,4750000
2019-04-12 14:00:37.507000,1.11867,1.11864,1000000,3620000
2019-04-12 14:00:37.610000,1.11868,1.11866,1950000,1250000
2019-04-12 14:00:37.759000,1.1187,1.11867,3450000,1310000
2019-04-12 14:00:37.877000,1.11871,1.11868,2140000,1310000
2019-04-12 14:00:37.928000,1.11871,1.11868,1100000,3250000
2019-04-12 14:00:38.133000,1.11871,1.11868,1000000,2250000
2019-04-12 14:00:38.716000,1.11869,1.11867,1000000,2440000
2019-04-12 14:00:38.904000,1.11869,1.11866,1250000,1310000
2019-04-12 14:00:40.064000,1.11869,1.11865,2560000,3620000
2019-04-12 14:00:40.527000,1.11868,1.11866,1000000,1250000
2019-04-12 14:00:40.681000,1.11868,1.11866,1000000,1250000
2019-04-12 14:00:41.529000,1.11868,1.11865,1310000,1250000
2019-04-12 14:00:41.822000,1.11869,1.11865,3190000,2120000
2019-04-12 14:00:42.026000,1.11869,1.11865,3690000,1750000
2019-04-12 14:00:43.136000,1.11865,1.11864,1870000,1000000
2019-04-12 14:00:43.238000,1.11863,1.1186,1810000,2870000
2019-04-12 14:00:43.341000,1.11863,1.1186,2440000,1120000
2019-04-12 14:00:43.443000,1.11863,1.11861,1690000,1250000
2019-04-12 14:00:44.488000,1.11863,1.1186,1500000,1690000
2019-04-12 14:00:46.096000,1.1186,1.11858,4000000,1000000
2019-04-12 14:00:46.147000,1.11858,1.11855,2810000,3000000
2019-04-12 14:00:46.199000,1.11859,1.11856,5870000,3750000
2019-04-12 14:00:46.312000,1.1186,1.11858,1120000,2060000
2019-04-12 14:00:46.465000,1.1186,1.11858,1250000,1120000
2019-04-12 14:00:46.567000,1.1186,1.11857,1250000,5190000
2019-04-12 14:00:46.670000,1.11862,1.11859,2060000,1310000
2019-04-12 14:00:47.069000,1.11863,1.1186,4690000,1750000
2019-04-12 14:00:47.590000,1.11863,1.1186,1370000,1120000
2019-04-12 14:00:47.760000,1.11862,1.1186,1370000,1000000
2019-04-12 14:00:47.913000,1.11863,1.1186,1690000,2500000
2019-04-12 14:00:48.015000,1.11863,1.1186,1750000,3250000
2019-04-12 14:00:48.117000,1.11863,1.1186,1250000,3250000
2019-04-12 14:00:48.285000,1.11863,1.1186,1250000,1610000
2019-04-12 14:00:48.591000,1.11863,1.1186,1310000,2870000
2019-04-12 14:00:48.761000,1.11863,1.1186,1750000,1500000
2019-04-12 14:00:49.016000,1.11863,1.1186,1500000,1690000
2019-04-12 14:00:49.118000,1.11863,1.1186,2120000,1500000
2019-04-12 14:00:49.320000,1.11863,1.1186,1310000,2120000
2019-04-12 14:00:49.423000,1.11863,1.1186,1310000,1000000
2019-04-12 14:00:49.528000,1.11863,1.1186,2870000,1000000
2019-04-12 14:00:49.962000,1.11863,1.1186,1250000,2870000
2019-04-12 14:00:50.167000,1.11863,1.11861,1250000,1000000
2019-04-12 14:00:50.219000,1.11863,1.1186,1000000,2810000
2019-04-12 14:00:50.409000,1.11863,1.1186,1000000,4040000
2019-04-12 14:00:50.511000,1.11863,1.1186,1000000,3260000
2019-04-12 14:00:51.720000,1.11863,1.1186,2440000,2500000
2019-04-12 14:00:52.056000,1.11863,1.1186,1690000,2440000
2019-04-12 14:00:52.261000,1.11863,1.1186,2620000,1250000
2019-04-12 14:00:52.405000,1.11864,1.1186,3810000,2440000
2019-04-12 14:00:52.558000,1.11864,1.1186,3810000,3320000
2019-04-12 14:00:53.526000,1.11863,1.1186,1250000,3700000
2019-04-12 14:00:53.660000,1.11864,1.11861,3620000,1250000
2019-04-12 14:00:53.815000,1.11864,1.1186,3620000,4450000
2019-04-12 14:00:55.431000,1.11863,1.1186,1310000,2060000
2019-04-12 14:00:55.584000,1.11863,1.11861,1250000,1250000
2019-04-12 14:00:56.968000,1.11863,1.1186,2060000,2440000
2019-04-12 14:00:57.070000,1.11863,1.11861,1390000,1250000
2019-04-12 14:00:57.558000,1.11864,1.11863,1250000,1000000
2019-04-12 14:00:57.712000,1.11864,1.11862,1000000,1690000
2019-04-12 14:00:57.834000,1.11864,1.11861,1250000,3120000
2019-04-12 14:00:58.195000,1.11865,1.11863,2800000,1000000
2019-04-12 14:00:58.347000,1.11866,1.11865,1250000,3000000
2019-04-12 14:00:58.449000,1.11869,1.11865,3350000,7000000
2019-04-12 14:00:58.500000,1.11869,1.11867,2890000,1250000
2019-04-12 14:00:58.649000,1.11869,1.11866,2440000,1370000
2019-04-12 14:00:58.751000,1.1187,1.11868,1010000,1500000
2019-04-12 14:00:58.803000,1.11869,1.11867,1250000,1690000
2019-04-12 14:00:58.905000,1.1187,1.11868,1250000,2370000
2019-04-12 14:00:59.035000,1.1187,1.11868,1690000,1000000
2019-04-12 14:00:59.138000,1.1187,1.11867,2440000,3010000
2019-04-12 14:00:59.242000,1.1187,1.11869,1010000,2620000
2019-04-12 14:00:59.293000,1.11873,1.1187,4820000,1870000
2019-04-12 14:00:59.562000,1.11873,1.1187,2140000,1750000
2019-04-12 14:00:59.664000,1.11873,1.1187,1000000,5250000
2019-04-12 14:00:59.716000,1.11873,1.1187,1690000,1690000
2019-04-12 14:00:59.833000,1.11872,1.11869,1000000,2200000
2019-04-12 14:00:59.935000,1.11872,1.11869,1250000,2060000
2019-04-12 14:01:00.240000,1.11873,1.11871,1820000,1000000
2019-04-12 14:01:00.291000,1.11874,1.11871,2060000,1350000
2019-04-12 14:01:01.218000,1.11875,1.11872,2620000,2160000
2019-04-12 14:01:01.321000,1.11875,1.11872,3620000,1390000
2019-04-12 14:01:01.480000,1.11875,1.11872,3620000,2160000
2019-04-12 14:01:01.633000,1.11875,1.11872,3620000,2140000
2019-04-12 14:01:01.737000,1.11875,1.11872,3560000,2200000
2019-04-12 14:01:01.923000,1.11875,1.11872,4370000,2140000
2019-04-12 14:01:02.146000,1.11875,1.11872,4310000,2570000
2019-04-12 14:01:02.995000,1.11875,1.11872,1310000,1200000
2019-04-12 14:01:04.526000,1.11874,1.11871,1120000,2720000
2019-04-12 14:01:04.578000,1.11868,1.11866,1000000,18639999
2019-04-12 14:01:04.701000,1.11869,1.11866,2560000,12590000
2019-04-12 14:01:04.804000,1.1187,1.11867,1310000,4100000
2019-04-12 14:01:04.906000,1.11869,1.11867,1000000,1820000
2019-04-12 14:01:05.117000,1.1187,1.11867,1310000,2570000
2019-04-12 14:01:05.220000,1.1187,1.11868,2120000,1200000
2019-04-12 14:01:05.522000,1.1187,1.11867,1310000,2220000
2019-04-12 14:01:05.625000,1.1187,1.11867,2870000,1390000
2019-04-12 14:01:05.977000,1.1187,1.11868,1750000,1000000
2019-04-12 14:01:06.275000,1.1187,1.11867,1250000,3260000
2019-04-12 14:01:06.460000,1.1187,1.11868,1250000,1000000
2019-04-12 14:01:06.665000,1.1187,1.11868,2060000,1000000
2019-04-12 14:01:06.769000,1.1187,1.11867,1750000,2290000
2019-04-12 14:01:06.932000,1.1187,1.11867,1750000,1760000
2019-04-12 14:01:07.581000,1.11868,1.11866,1000000,3720000
2019-04-12 14:01:07.683000,1.11869,1.11866,1690000,2970000
2019-04-12 14:01:08.378000,1.11868,1.11866,1000000,1820000
2019-04-12 14:01:09.023000,1.11869,1.11865,1690000,4850000
2019-04-12 14:01:11.621000,1.11869,1.11867,1250000,3290000
2019-04-12 14:01:11.785000,1.11871,1.11869,2250000,2620000
2019-04-12 14:01:11.888000,1.11872,1.1187,2440000,1760000
2019-04-12 14:01:11.990000,1.11872,1.11869,3000000,4600000
2019-04-12 14:01:12.258000,1.11874,1.11871,3620000,2140000
2019-04-12 14:01:12.681000,1.11874,1.1187,3750000,4010000
2019-04-12 14:01:13.018000,1.11874,1.1187,4500000,4040000
2019-04-12 14:01:13.179000,1.11874,1.1187,4500000,3260000
2019-04-12 14:01:13.925000,1.11871,1.1187,2060000,2320000
2019-04-12 14:01:13.976000,1.11869,1.11867,1310000,7760000
2019-04-12 14:01:14.201000,1.1187,1.11867,2060000,4790000
2019-04-12 14:01:14.303000,1.11869,1.11867,1250000,4010000
2019-04-12 14:01:15.330000,1.1187,1.11867,2120000,4040000
2019-04-12 14:01:15.482000,1.1187,1.11867,1310000,5910000
2019-04-12 14:01:15.626000,1.11871,1.11868,1310000,5540000
2019-04-12 14:01:15.729000,1.11869,1.11868,1250000,2250000
2019-04-12 14:01:15.831000,1.11869,1.11867,1250000,1200000
2019-04-12 14:01:16.052000,1.1187,1.11868,2870000,1000000
2019-04-12 14:01:16.154000,1.1187,1.11867,2870000,2320000
2019-04-12 14:01:16.256000,1.11869,1.11867,1250000,1950000
2019-04-12 14:01:16.359000,1.11868,1.11866,1250000,2890000
2019-04-12 14:01:16.636000,1.1187,1.11866,3940000,3200000
2019-04-12 14:01:16.739000,1.1187,1.11867,2870000,2620000
2019-04-12 14:01:17.440000,1.11869,1.11867,1250000,3070000
2019-04-12 14:01:17.542000,1.1187,1.11866,4000000,5160000
2019-04-12 14:01:17.645000,1.11868,1.11866,1250000,3640000
2019-04-12 14:01:17.747000,1.1187,1.11866,3190000,3450000
2019-04-12 14:01:17.798000,1.11868,1.11866,1250000,5160000
2019-04-12 14:01:18.020000,1.11869,1.11866,1250000,4220000
2019-04-12 14:01:18.123000,1.11869,1.11866,1250000,5290000
2019-04-12 14:01:18.227000,1.1187,1.11866,2870000,5660000
2019-04-12 14:01:18.551000,1.1187,1.11867,2120000,2350000
2019-04-12 14:01:18.705000,1.1187,1.11869,1250000,5620000
2019-04-12 14:01:18.816000,1.11872,1.11869,1500000,6800000
2019-04-12 14:01:18.918000,1.1187,1.11869,1000000,1200000
2019-04-12 14:01:19.020000,1.1187,1.11867,1250000,5320000
2019-04-12 14:01:19.154000,1.11869,1.11868,1250000,1500000
2019-04-12 14:01:19.206000,1.11872,1.11868,6620000,2700000
2019-04-12 14:01:19.360000,1.11872,1.11868,6620000,4600000
2019-04-12 14:01:19.677000,1.11872,1.11868,5870000,3070000
2019-04-12 14:01:19.780000,1.11872,1.11868,5120000,4790000
2019-04-12 14:01:19.831000,1.11872,1.11871,1120000,1250000
2019-04-12 14:01:19.981000,1.11873,1.1187,1310000,5970000
2019-04-12 14:01:20.186000,1.11873,1.11871,1150000,5160000
2019-04-12 14:01:20.383000,1.11874,1.11871,2500000,3190000
2019-04-12 14:01:22.323000,1.11874,1.11871,1500000,3640000
2019-04-12 14:01:22.687000,1.11874,1.11871,2440000,3320000
2019-04-12 14:01:22.944000,1.11874,1.11871,1500000,3260000
2019-04-12 14:01:25.564000,1.11875,1.11872,5190000,1250000
2019-04-12 14:01:25.767000,1.11875,1.11872,5060000,1350000
2019-04-12 14:01:25.869000,1.11875,1.11872,5120000,1010000
2019-04-12 14:01:28.118000,1.11875,1.11872,2620000,1250000
2019-04-12 14:01:28.637000,1.11875,1.11872,3620000,1010000
2019-04-12 14:01:28.740000,1.11875,1.11872,2810000,3320000
2019-04-12 14:01:29.609000,1.11875,1.11872,1370000,1760000
2019-04-12 14:01:29.813000,1.11875,1.11872,1310000,3320000
2019-04-12 14:01:30.595000,1.11875,1.11871,2870000,8200000
2019-04-12 14:01:30.697000,1.11875,1.11872,2060000,2570000
2019-04-12 14:01:31.271000,1.11875,1.11872,2870000,1760000
2019-04-12 14:01:31.429000,1.11874,1.11871,2560000,1250000
2019-04-12 14:01:31.582000,1.11874,1.11871,2810000,1250000
2019-04-12 14:01:32.196000,1.11873,1.11871,1000000,1250000
2019-04-12 14:01:32.536000,1.11874,1.11871,3560000,1250000
2019-04-12 14:01:34.070000,1.11874,1.11871,3190000,1250000
2019-04-12 14:01:34.172000,1.11874,1.11871,2440000,2500000
2019-04-12 14:01:34.274000,1.11874,1.11871,2250000,1690000
2019-04-12 14:01:34.397000,1.11873,1.1187,2060000,4690000
2019-04-12 14:01:34.755000,1.11873,1.1187,1000000,3620000
2019-04-12 14:01:34.858000,1.11874,1.11871,4390000,1250000
2019-04-12 14:01:35.716000,1.11874,1.11871,2120000,1690000
2019-04-12 14:01:36.340000,1.11873,1.1187,1690000,1690000
2019-04-12 14:01:36.596000,1.11874,1.1187,3000000,1750000
2019-04-12 14:01:36.858000,1.11874,1.1187,4390000,2810000
2019-04-12 14:01:38.105000,1.11873,1.11871,1000000,2250000
2019-04-12 14:01:38.642000,1.11875,1.11871,4450000,2620000
2019-04-12 14:01:39.331000,1.11873,1.11871,1000000,1000000
2019-04-12 14:01:39.476000,1.11873,1.1187,1000000,6190000
2019-04-12 14:01:40.568000,1.11874,1.1187,4390000,5440000
2019-04-12 14:01:40.727000,1.1187,1.11869,1120000,2140000
2019-04-12 14:01:40.829000,1.1187,1.11868,1250000,1000000
2019-04-12 14:01:40.983000,1.11869,1.11868,1250000,1000000
2019-04-12 14:01:41.144000,1.11869,1.11867,1250000,1690000
2019-04-12 14:01:42.005000,1.1187,1.11867,4390000,1000000
2019-04-12 14:01:42.417000,1.11869,1.11867,1000000,1000000
2019-04-12 14:01:43.179000,1.11869,1.11866,1000000,2440000
2019-04-12 14:01:44.648000,1.11868,1.11865,1100000,3120000
2019-04-12 14:01:44.860000,1.11868,1.11865,1000000,3370000
2019-04-12 14:01:45.267000,1.11869,1.11866,1690000,3250000
2019-04-12 14:01:46.313000,1.11869,1.11866,1310000,2810000
2019-04-12 14:01:46.416000,1.11869,1.11866,2060000,2870000
2019-04-12 14:01:46.773000,1.11869,1.11866,2440000,1690000
2019-04-12 14:01:46.907000,1.11869,1.11866,3260000,1370000
2019-04-12 14:01:49.694000,1.11869,1.11865,2810000,5320000
2019-04-12 14:01:49.957000,1.11869,1.11865,2810000,6820000
2019-04-12 14:01:50.059000,1.11869,1.11866,1870000,1310000
2019-04-12 14:01:51.591000,1.11868,1.11865,1000000,3250000
2019-04-12 14:01:51.693000,1.11869,1.11865,7040000,4000000
2019-04-12 14:01:51.795000,1.11869,1.11865,6260000,4000000
2019-04-12 14:01:51.917000,1.11868,1.11865,1000000,4000000
2019-04-12 14:01:52.772000,1.11869,1.11865,6640000,5120000
2019-04-12 14:01:52.925000,1.11868,1.11865,1250000,3940000
2019-04-12 14:01:53.081000,1.11868,1.11865,1820000,1120000
2019-04-12 14:01:53.778000,1.11869,1.11865,4820000,2810000
2019-04-12 14:01:53.931000,1.11868,1.11865,4000000,1870000
2019-04-12 14:01:54.286000,1.11869,1.11865,4010000,4000000
2019-04-12 14:01:54.418000,1.11868,1.11865,1000000,4750000
2019-04-12 14:01:54.878000,1.11869,1.11866,3940000,1250000
2019-04-12 14:01:58.482000,1.11872,1.11871,1500000,1250000
2019-04-12 14:01:58.534000,1.11873,1.11871,1250000,2060000
2019-04-12 14:02:00.117000,1.11874,1.11871,2890000,2870000
2019-04-12 14:02:00.422000,1.11876,1.11875,2250000,1120000
2019-04-12 14:02:00.552000,1.11874,1.11873,1250000,1870000
2019-04-12 14:02:00.654000,1.11874,1.11872,1690000,1310000
2019-04-12 14:02:01.440000,1.11872,1.1187,1250000,3370000
2019-04-12 14:02:01.543000,1.1187,1.11867,3190000,1250000
2019-04-12 14:02:01.695000,1.1187,1.11866,4070000,6250000
2019-04-12 14:02:05.838000,1.11868,1.11866,1000000,2500000
2019-04-12 14:02:05.992000,1.11869,1.11866,2440000,2500000
2019-04-12 14:02:06.414000,1.11868,1.11866,1690000,1250000
2019-04-12 14:02:06.516000,1.11867,1.11865,1000000,3000000
2019-04-12 14:02:07.154000,1.11868,1.11865,1500000,2940000
2019-04-12 14:02:08.500000,1.11868,1.11866,1500000,1370000
2019-04-12 14:02:09.815000,1.11868,1.11865,1000000,4870000
2019-04-12 14:02:11.521000,1.11867,1.11865,1000000,3370000
2019-04-12 14:02:11.738000,1.11868,1.11865,2620000,3370000
2019-04-12 14:02:11.943000,1.11868,1.11866,1500000,1370000
2019-04-12 14:02:12.312000,1.11869,1.11866,2810000,1370000
2019-04-12 14:02:13.146000,1.11868,1.11865,1120000,4870000
2019-04-12 14:02:13.715000,1.11869,1.11866,2890000,2120000
2019-04-12 14:02:14.037000,1.11868,1.11865,1000000,5250000
2019-04-12 14:02:14.191000,1.11869,1.11865,3260000,5250000
2019-04-12 14:02:15.246000,1.11869,1.11866,1000000,3690000
2019-04-12 14:02:15.830000,1.1187,1.11866,4010000,6310000
2019-04-12 14:02:17.795000,1.1187,1.11867,2870000,2060000
2019-04-12 14:02:19.882000,1.1187,1.11867,2870000,3310000
2019-04-12 14:02:22.106000,1.1187,1.11868,1310000,1310000
2019-04-12 14:02:22.208000,1.1187,1.11867,2500000,4140000
2019-04-12 14:02:24.797000,1.1187,1.11867,1310000,4870000
2019-04-12 14:02:24.899000,1.1187,1.11867,2120000,4060000
2019-04-12 14:02:25.205000,1.1187,1.11867,2810000,4120000
2019-04-12 14:02:25.308000,1.1187,1.11867,2500000,4440000
2019-04-12 14:02:25.752000,1.1187,1.11867,1250000,5250000
2019-04-12 14:02:25.971000,1.1187,1.11867,1750000,4440000
2019-04-12 14:02:26.073000,1.1187,1.11867,1250000,5250000
2019-04-12 14:02:26.175000,1.1187,1.11867,1750000,4440000
2019-04-12 14:02:26.277000,1.1187,1.11867,1250000,5250000
2019-04-12 14:02:26.391000,1.1187,1.11867,1750000,4440000
2019-04-12 14:02:31.089000,1.1187,1.11867,1250000,4120000
2019-04-12 14:02:31.323000,1.1187,1.11867,1750000,3690000
2019-04-12 14:02:39.819000,1.11871,1.11869,4450000,1000000
2019-04-12 14:02:39.951000,1.11872,1.1187,2060000,1810000
2019-04-12 14:02:40.654000,1.11874,1.11871,3640000,1370000
2019-04-12 14:02:43.622000,1.11875,1.11873,2060000,1000000
2019-04-12 14:02:44.520000,1.11874,1.11872,1690000,1310000
2019-04-12 14:02:49.699000,1.11875,1.11873,2440000,1000000
2019-04-12 14:02:50.934000,1.11874,1.11871,3560000,1750000
2019-04-12 14:02:50.985000,1.11874,1.11873,2440000,1000000
2019-04-12 14:02:52.761000,1.11874,1.11871,2810000,11120000
2019-04-12 14:02:52.812000,1.11874,1.11873,1690000,1000000
2019-04-12 14:02:56.776000,1.11876,1.11873,4750000,1250000
2019-04-12 14:02:58.351000,1.11876,1.11874,4310000,1000000
2019-04-12 14:02:59.578000,1.11879,1.11877,13120000,1000000
2019-04-12 14:02:59.681000,1.1188,1.11878,1250000,1000000
2019-04-12 14:02:59.784000,1.1188,1.11878,1250000,1250000
2019-04-12 14:03:00.552000,1.11881,1.1188,1690000,1000000
2019-04-12 14:03:00.794000,1.11881,1.11879,2500000,1100000
2019-04-12 14:03:00.896000,1.11881,1.11878,1120000,3450000
2019-04-12 14:03:00.999000,1.11881,1.11879,3750000,1250000
2019-04-12 14:03:01.101000,1.1188,1.11878,1120000,1370000
2019-04-12 14:03:01.225000,1.11878,1.11877,1000000,1310000
2019-04-12 14:03:01.327000,1.11879,1.11877,3560000,1250000
2019-04-12 14:03:01.635000,1.11879,1.11876,2060000,2440000
2019-04-12 14:03:01.745000,1.11879,1.11876,1250000,4870000
2019-04-12 14:03:03.584000,1.11877,1.11875,1750000,3750000
2019-04-12 14:03:03.687000,1.11877,1.11874,3620000,1810000
2019-04-12 14:03:03.870000,1.11877,1.11874,3560000,3370000
2019-04-12 14:03:03.973000,1.11878,1.11876,1250000,2560000
2019-04-12 14:03:06.056000,1.1188,1.11877,2870000,3120000
2019-04-12 14:03:06.109000,1.1188,1.11877,1690000,3120000
2019-04-12 14:03:06.211000,1.1188,1.11877,1750000,3310000
2019-04-12 14:03:06.675000,1.1188,1.11878,1250000,1250000
2019-04-12 14:03:07.855000,1.11882,1.1188,1000000,2500000
2019-04-12 14:03:07.907000,1.11884,1.11881,9620000,1000000
2019-04-12 14:03:08.060000,1.11883,1.11881,1250000,1000000
2019-04-12 14:03:08.223000,1.11883,1.1188,1370000,2560000
2019-04-12 14:03:09.559000,1.11882,1.11879,1690000,3750000
2019-04-12 14:03:11.432000,1.11883,1.11882,1000000,1250000
2019-04-12 14:03:11.535000,1.11884,1.11882,6560000,2560000
2019-04-12 14:03:11.724000,1.11883,1.11881,2810000,1310000
2019-04-12 14:03:12.181000,1.11884,1.1188,4000000,1810000
2019-04-12 14:03:12.283000,1.11884,1.1188,7500000,4120000
2019-04-12 14:03:12.436000,1.11884,1.1188,8500000,3370000
2019-04-12 14:03:12.538000,1.11884,1.1188,8500000,2560000
2019-04-12 14:03:12.738000,1.11882,1.11879,1750000,4690000
2019-04-12 14:03:13.683000,1.11883,1.1188,4750000,1000000
2019-04-12 14:03:14.359000,1.11883,1.11879,4950000,2810000
2019-04-12 14:03:15.180000,1.1188,1.11878,1370000,1500000
2019-04-12 14:03:15.282000,1.11879,1.11877,4440000,1690000
2019-04-12 14:03:15.444000,1.1188,1.11878,3560000,1250000
2019-04-12 14:03:15.547000,1.11881,1.11878,1810000,3370000
2019-04-12 14:03:15.649000,1.11881,1.11878,1250000,3750000
2019-04-12 14:03:15.803000,1.1188,1.11878,2120000,1000000
2019-04-12 14:03:15.970000,1.11881,1.11878,2870000,1250000
2019-04-12 14:03:16.227000,1.11881,1.11878,3560000,1810000
2019-04-12 14:03:16.331000,1.1188,1.11878,1250000,1000000
2019-04-12 14:03:16.464000,1.1188,1.11878,1370000,1000000
2019-04-12 14:03:16.667000,1.1188,1.11878,2620000,1000000
2019-04-12 14:03:16.820000,1.1188,1.11878,4120000,1000000
2019-04-12 14:03:17.768000,1.1188,1.11877,3750000,2750000
2019-04-12 14:03:18.313000,1.1188,1.11877,3250000,2190000
2019-04-12 14:03:18.415000,1.1188,1.11877,2620000,2620000
2019-04-12 14:03:18.741000,1.1188,1.11877,2870000,1810000
2019-04-12 14:03:18.844000,1.1188,1.11877,3370000,2560000
2019-04-12 14:03:18.947000,1.1188,1.11877,2870000,1810000
2019-04-12 14:03:19.189000,1.1188,1.11877,2250000,3370000
2019-04-12 14:03:19.954000,1.1188,1.11877,3250000,2190000
2019-04-12 14:03:20.056000,1.1188,1.11877,2810000,1810000
2019-04-12 14:03:20.173000,1.1188,1.11877,3310000,1810000
2019-04-12 14:03:20.275000,1.1188,1.11877,2250000,3000000
2019-04-12 14:03:20.712000,1.11879,1.11877,1250000,2190000
2019-04-12 14:03:20.867000,1.1188,1.11877,3190000,2000000
2019-04-12 14:03:22.244000,1.11877,1.11876,1000000,1500000
2019-04-12 14:03:22.967000,1.11877,1.11874,5810000,1810000
2019-04-12 14:03:23.094000,1.11876,1.11874,1120000,1810000
2019-04-12 14:03:24.581000,1.11877,1.11875,2440000,1310000
2019-04-12 14:03:25.118000,1.11878,1.11877,2060000,1120000
2019-04-12 14:03:25.221000,1.11879,1.11877,1690000,1000000
2019-04-12 14:03:29.845000,1.1188,1.11877,1500000,3500000
2019-04-12 14:03:29.897000,1.11881,1.11879,3370000,1000000
2019-04-12 14:03:30.167000,1.1188,1.11877,2440000,4200000
2019-04-12 14:03:31.809000,1.11881,1.11878,3940000,1390000
2019-04-12 14:03:32.743000,1.1188,1.11878,1000000,3260000
2019-04-12 14:03:33.555000,1.11887,1.11885,1000000,2120000
2019-04-12 14:03:33.716000,1.1189,1.11889,1690000,1000000
2019-04-12 14:03:33.971000,1.11891,1.11889,2250000,1250000
2019-04-12 14:03:34.123000,1.1189,1.11889,3000000,1310000
2019-04-12 14:03:34.276000,1.11889,1.11888,1250000,1570000
2019-04-12 14:03:34.429000,1.11891,1.11889,5620000,2370000
2019-04-12 14:03:34.561000,1.1189,1.11889,1870000,2440000
2019-04-12 14:03:34.666000,1.11892,1.1189,1000000,2870000
2019-04-12 14:03:34.769000,1.11892,1.11891,1000000,1310000
2019-04-12 14:03:34.953000,1.11893,1.11891,1500000,1370000
2019-04-12 14:03:35.208000,1.11893,1.11891,1000000,1690000
2019-04-12 14:03:35.310000,1.11893,1.11891,1000000,2700000
2019-04-12 14:03:35.780000,1.11893,1.11891,1000000,1690000
2019-04-12 14:03:35.883000,1.11894,1.11892,1000000,1310000
2019-04-12 14:03:36.158000,1.11894,1.11892,1250000,4310000
2019-04-12 14:03:36.260000,1.11894,1.11893,1250000,1500000
2019-04-12 14:03:36.364000,1.11894,1.11892,1250000,5510000
2019-04-12 14:03:36.506000,1.11897,1.11895,3000000,2560000
2019-04-12 14:03:36.610000,1.11896,1.11894,5000000,1570000
2019-04-12 14:03:36.765000,1.11895,1.11893,1690000,2070000
2019-04-12 14:03:39.552000,1.11894,1.11892,1250000,1310000
2019-04-12 14:03:39.728000,1.11893,1.11892,1000000,1310000
2019-04-12 14:03:39.780000,1.11891,1.1189,4120000,1250000
2019-04-12 14:03:39.882000,1.11892,1.1189,1690000,1310000
2019-04-12 14:03:40.674000,1.1189,1.11889,1250000,1500000
2019-04-12 14:03:40.725000,1.11889,1.11887,1250000,3040000
2019-04-12 14:03:40.929000,1.11889,1.11887,1250000,3000000
2019-04-12 14:03:43.340000,1.11889,1.11888,1500000,1310000
2019-04-12 14:03:43.442000,1.11889,1.11887,1250000,2810000
2019-04-12 14:03:43.494000,1.1189,1.11889,3750000,1250000
2019-04-12 14:03:43.661000,1.11891,1.11889,4120000,1690000
2019-04-12 14:03:43.764000,1.11893,1.11891,6750000,1250000
2019-04-12 14:03:43.866000,1.11893,1.11891,2250000,1250000
2019-04-12 14:03:45.827000,1.11891,1.1189,1500000,1500000
2019-04-12 14:03:45.930000,1.11889,1.11887,1000000,2620000
2019-04-12 14:03:46.033000,1.11889,1.11887,1250000,1500000
2019-04-12 14:03:46.660000,1.11891,1.1189,4120000,1000000
2019-04-12 14:03:46.712000,1.11893,1.11891,1850000,1310000
2019-04-12 14:03:46.814000,1.11894,1.11892,1690000,1250000
2019-04-12 14:03:53.228000,1.11892,1.11891,1000000,2060000
2019-04-12 14:03:53.331000,1.1189,1.11888,4690000,1620000
2019-04-12 14:03:53.434000,1.11889,1.11888,1310000,1000000
2019-04-12 14:03:53.560000,1.11889,1.11886,2810000,1000000
2019-04-12 14:03:53.895000,1.11888,1.11886,1000000,1000000
2019-04-12 14:03:55.283000,1.11885,1.11883,1250000,3310000
2019-04-12 14:03:55.431000,1.11883,1.11882,1000000,1000000
2019-04-12 14:03:55.484000,1.11883,1.11881,1120000,1500000
2019-04-12 14:03:55.536000,1.11883,1.1188,2620000,3000000
2019-04-12 14:03:55.754000,1.11882,1.11879,3120000,1120000
2019-04-12 14:03:56.674000,1.11882,1.11879,4120000,1120000
2019-04-12 14:03:56.725000,1.11877,1.11876,1000000,1100000
2019-04-12 14:03:56.828000,1.11877,1.11874,4310000,2620000
2019-04-12 14:03:56.930000,1.11876,1.11875,1000000,1250000
2019-04-12 14:03:57.089000,1.11876,1.11874,1250000,1250000
2019-04-12 14:03:57.454000,1.11876,1.11874,1750000,1000000
2019-04-12 14:03:57.883000,1.11881,1.11878,5200000,3750000
2019-04-12 14:03:57.986000,1.11882,1.1188,1500000,1750000
2019-04-12 14:03:58.037000,1.11882,1.11879,1250000,1690000
2019-04-12 14:03:58.202000,1.11883,1.1188,1750000,2750000
2019-04-12 14:03:58.304000,1.11883,1.11881,1250000,1250000
2019-04-12 14:03:58.407000,1.11884,1.11881,5500000,2190000
2019-04-12 14:03:58.545000,1.11884,1.11881,3370000,3370000
2019-04-12 14:03:58.648000,1.11883,1.1188,1370000,1810000
2019-04-12 14:03:58.751000,1.11883,1.1188,1310000,1810000
2019-04-12 14:04:00.242000,1.11884,1.11882,3700000,1120000
2019-04-12 14:04:00.345000,1.11885,1.11882,1690000,1690000
2019-04-12 14:04:00.447000,1.11886,1.11883,1250000,1250000
2019-04-12 14:04:00.553000,1.11887,1.11883,7310000,3370000
2019-04-12 14:04:00.758000,1.11888,1.11886,2060000,1250000
2019-04-12 14:04:01.241000,1.11886,1.11885,1000000,1000000
2019-04-12 14:04:01.292000,1.11886,1.11883,1120000,1750000
2019-04-12 14:04:01.343000,1.11885,1.11882,1250000,3940000
2019-04-12 14:04:01.480000,1.11886,1.11882,1690000,4120000
2019-04-12 14:04:01.684000,1.11886,1.11882,1810000,2620000
2019-04-12 14:04:01.867000,1.11885,1.11882,1250000,2560000
2019-04-12 14:04:01.969000,1.11885,1.11882,1000000,2560000
2019-04-12 14:04:02.293000,1.11885,1.11882,1750000,5190000
2019-04-12 14:04:02.395000,1.11885,1.11882,1000000,4500000
2019-04-12 14:04:02.549000,1.11884,1.11883,4690000,1000000
2019-04-12 14:04:02.656000,1.11884,1.11881,4750000,2560000
2019-04-12 14:04:03.182000,1.11884,1.11881,4480000,4120000
2019-04-12 14:04:03.285000,1.11886,1.11885,1360000,1690000
2019-04-12 14:04:03.388000,1.11888,1.11885,2810000,4560000
2019-04-12 14:04:04.442000,1.1189,1.11886,6750000,4810000
2019-04-12 14:04:05.040000,1.1189,1.11886,7120000,6640000
2019-04-12 14:04:13.948000,1.11886,1.11885,1000000,2440000
2019-04-12 14:04:14.051000,1.11887,1.11884,2520000,10870000
2019-04-12 14:04:14.102000,1.11887,1.11885,1120000,1250000
2019-04-12 14:04:14.236000,1.11887,1.11885,1310000,1250000
2019-04-12 14:04:14.339000,1.11884,1.11882,2500000,1100000
2019-04-12 14:04:14.441000,1.11884,1.11882,3190000,1310000
2019-04-12 14:04:14.860000,1.11886,1.11883,3190000,1310000
2019-04-12 14:04:14.963000,1.11886,1.11884,1000000,1690000
2019-04-12 14:04:16.524000,1.11887,1.11885,2810000,1000000
2019-04-12 14:04:16.627000,1.11888,1.11885,2060000,2560000
2019-04-12 14:04:17.331000,1.11888,1.11885,2560000,1250000
2019-04-12 14:04:17.773000,1.11889,1.11885,2870000,2250000
2019-04-12 14:04:18.474000,1.11888,1.11885,1810000,1310000
2019-04-12 14:04:19.171000,1.11886,1.11883,1250000,4010000
2019-04-12 14:04:19.610000,1.11885,1.11883,1250000,1870000
2019-04-12 14:04:19.764000,1.11884,1.11881,2500000,5060000
2019-04-12 14:04:22.214000,1.11885,1.11884,1120000,1690000
2019-04-12 14:04:22.317000,1.11885,1.11883,3000000,5500000
2019-04-12 14:04:22.369000,1.11884,1.11881,5120000,2060000
2019-04-12 14:04:22.471000,1.11884,1.11881,5500000,1000000
2019-04-12 14:04:23.327000,1.11883,1.1188,1750000,3940000
2019-04-12 14:04:24.276000,1.11882,1.11879,1250000,3310000
2019-04-12 14:04:24.936000,1.11883,1.11879,2500000,1810000
2019-04-12 14:04:26.540000,1.11882,1.11878,2060000,4500000
2019-04-12 14:04:26.882000,1.11881,1.11878,1500000,3000000
2019-04-12 14:04:27.036000,1.1188,1.11878,1000000,1250000
2019-04-12 14:04:27.138000,1.1188,1.11877,1000000,3250000
2019-04-12 14:04:27.277000,1.1188,1.11877,1690000,2440000
2019-04-12 14:04:27.379000,1.1188,1.11877,1370000,2060000
2019-04-12 14:04:27.483000,1.1188,1.11877,1120000,3620000
2019-04-12 14:04:27.743000,1.1188,1.11877,2870000,1120000
2019-04-12 14:04:27.846000,1.11877,1.11875,1250000,2320000
2019-04-12 14:04:27.948000,1.11877,1.11875,1690000,2190000
2019-04-12 14:04:28.170000,1.11877,1.11875,2440000,1250000
2019-04-12 14:04:29.051000,1.11875,1.11874,1500000,1310000
2019-04-12 14:04:29.102000,1.11874,1.11871,6560000,3720000
2019-04-12 14:04:29.153000,1.11873,1.11871,1000000,3250000
2019-04-12 14:04:29.205000,1.11874,1.11871,1690000,4000000
2019-04-12 14:04:31.095000,1.11875,1.11873,1250000,1000000
2019-04-12 14:04:31.147000,1.11876,1.11875,1000000,1500000
2019-04-12 14:04:31.199000,1.11879,1.11876,5450000,1870000
2019-04-12 14:04:31.303000,1.11877,1.11876,1500000,1690000
2019-04-12 14:04:31.473000,1.11877,1.11875,2250000,1500000
2019-04-12 14:04:31.731000,1.11877,1.11874,2500000,1500000
2019-04-12 14:04:36.575000,1.11876,1.11874,1250000,1870000
2019-04-12 14:04:39.700000,1.11876,1.11874,1250000,2060000
2019-04-12 14:04:39.802000,1.11877,1.11875,3190000,1250000
2019-04-12 14:04:39.853000,1.11877,1.11874,4750000,1500000
2019-04-12 14:04:42.204000,1.11876,1.11875,1000000,1250000
2019-04-12 14:04:42.517000,1.11876,1.11874,1690000,1250000
2019-04-12 14:04:42.672000,1.11876,1.11874,2500000,1000000
2019-04-12 14:04:43.306000,1.11875,1.11873,1750000,1000000
2019-04-12 14:04:43.460000,1.11875,1.11872,1690000,2500000
2019-04-12 14:04:45.116000,1.11875,1.11872,1750000,2890000
2019-04-12 14:04:50.865000,1.11875,1.11873,1250000,1000000
2019-04-12 14:04:52.219000,1.11876,1.11874,2810000,1000000
2019-04-12 14:04:52.322000,1.11876,1.11874,2060000,1250000
2019-04-12 14:04:52.833000,1.11875,1.11873,1250000,1120000
2019-04-12 14:04:53.525000,1.11876,1.11874,2440000,2370000
2019-04-12 14:04:53.628000,1.11876,1.11874,2060000,1250000
2019-04-12 14:04:54.036000,1.11876,1.11873,2870000,1950000
2019-04-12 14:04:54.306000,1.11876,1.11873,3620000,1950000
2019-04-12 14:04:56.670000,1.11875,1.11872,2500000,4010000
2019-04-12 14:04:57.011000,1.11872,1.1187,2500000,1570000
2019-04-12 14:04:57.113000,1.11872,1.11869,4940000,4570000
2019-04-12 14:04:58.340000,1.11871,1.11868,3440000,8260000
2019-04-12 14:05:00.138000,1.11872,1.11871,1500000,1690000
2019-04-12 14:05:00.189000,1.11873,1.11871,1250000,2810000
2019-04-12 14:05:00.241000,1.11874,1.11872,1690000,2370000
2019-04-12 14:05:00.655000,1.11875,1.11872,2870000,1100000
2019-04-12 14:05:01.051000,1.11875,1.11873,1250000,1000000
2019-04-12 14:05:01.338000,1.11876,1.11874,2870000,1000000
2019-04-12 14:05:01.440000,1.11876,1.11873,3620000,2810000
2019-04-12 14:05:01.568000,1.11875,1.11873,1250000,1870000
2019-04-12 14:05:01.953000,1.11876,1.11873,3370000,3640000
2019-04-12 14:05:02.057000,1.11876,1.11874,1870000,1120000
2019-04-12 14:05:02.388000,1.11875,1.11873,1370000,3000000
2019-04-12 14:05:05.272000,1.11876,1.11874,1750000,1000000
2019-04-12 14:05:05.382000,1.11876,1.11874,1000000,2450000
2019-04-12 14:05:05.638000,1.11876,1.11873,2250000,2890000
2019-04-12 14:05:05.689000,1.11876,1.11873,3250000,1950000
2019-04-12 14:05:06.349000,1.11876,1.11874,2500000,1000000
2019-04-12 14:05:06.654000,1.11876,1.11873,4120000,4570000
2019-04-12 14:05:11.812000,1.11875,1.11872,1750000,2890000
2019-04-12 14:05:12.201000,1.11872,1.11871,3750000,4390000
2019-04-12 14:05:12.304000,1.11871,1.11869,2250000,2140000
2019-04-12 14:05:12.404000,1.11871,1.1187,3000000,1250000
2019-04-12 14:05:12.455000,1.11871,1.11868,3250000,10160000
2019-04-12 14:05:15.198000,1.11871,1.1187,1690000,1000000
2019-04-12 14:05:15.511000,1.11873,1.11872,1250000,1120000
2019-04-12 14:05:15.766000,1.11874,1.11873,1000000,1250000
2019-04-12 14:05:15.817000,1.11877,1.11875,3310000,1690000
2019-04-12 14:05:15.927000,1.11877,1.11876,2440000,1000000
2019-04-12 14:05:16.030000,1.11879,1.11877,1250000,10120000
2019-04-12 14:05:16.081000,1.11881,1.11878,7310000,1100000
2019-04-12 14:05:17.100000,1.11881,1.11877,4370000,3760000
2019-04-12 14:05:17.152000,1.11881,1.11877,1870000,3010000
2019-04-12 14:05:17.459000,1.11881,1.11879,1000000,1000000
2019-04-12 14:05:17.564000,1.11882,1.11879,2440000,2060000
2019-04-12 14:05:17.819000,1.11882,1.1188,1000000,1250000
2019-04-12 14:05:17.921000,1.11883,1.1188,1310000,1390000
2019-04-12 14:05:18.028000,1.11883,1.1188,1310000,2200000
2019-04-12 14:05:18.233000,1.11885,1.11883,4870000,2870000
2019-04-12 14:05:18.285000,1.11887,1.11884,4310000,1250000
2019-04-12 14:05:19.101000,1.11885,1.11883,1000000,3070000
2019-04-12 14:05:19.204000,1.11886,1.11883,2250000,1750000
2019-04-12 14:05:19.335000,1.11884,1.11881,1610000,3100000
2019-04-12 14:05:19.541000,1.11885,1.11882,1000000,3320000
2019-04-12 14:05:19.644000,1.11884,1.11881,1250000,4220000
2019-04-12 14:05:19.755000,1.11884,1.11881,5620000,4270000
2019-04-12 14:05:19.857000,1.11884,1.11882,1810000,1310000
2019-04-12 14:05:19.960000,1.11885,1.11882,2870000,1310000
2019-04-12 14:05:21.139000,1.11883,1.1188,1250000,11540000
2019-04-12 14:05:21.883000,1.11884,1.11882,3750000,3250000
2019-04-12 14:05:22.107000,1.11886,1.11883,1690000,2440000
2019-04-12 14:05:22.209000,1.11888,1.11885,6190000,1250000
2019-04-12 14:05:23.705000,1.11886,1.11885,1000000,1250000
2019-04-12 14:05:24.800000,1.11886,1.11883,1000000,12100000
2019-04-12 14:05:24.902000,1.11885,1.11883,1000000,5160000
2019-04-12 14:05:25.005000,1.11883,1.11882,2250000,2250000
2019-04-12 14:05:25.108000,1.11883,1.11881,2500000,1000000
2019-04-12 14:05:25.363000,1.11882,1.1188,1000000,2810000
2019-04-12 14:05:28.525000,1.11882,1.1188,1000000,3000000
2019-04-12 14:05:28.627000,1.11883,1.1188,1250000,4570000
2019-04-12 14:05:29.498000,1.11882,1.1188,1500000,1250000
2019-04-12 14:05:29.599000,1.11881,1.11879,1500000,1250000
2019-04-12 14:05:29.753000,1.11878,1.11877,1000000,7760000
2019-04-12 14:05:29.856000,1.11879,1.11877,1250000,1810000
2019-04-12 14:05:29.970000,1.11879,1.11877,1250000,1310000
2019-04-12 14:05:30.073000,1.11879,1.11877,1000000,3010000
2019-04-12 14:05:30.328000,1.1188,1.11879,1000000,1000000
2019-04-12 14:05:31.648000,1.11885,1.11884,1250000,1000000
2019-04-12 14:05:31.700000,1.11887,1.11885,1010000,1690000
2019-04-12 14:05:31.804000,1.11888,1.11886,2500000,1000000
2019-04-12 14:05:31.906000,1.11888,1.11886,2440000,1690000
2019-04-12 14:05:33.086000,1.11887,1.11886,1000000,1690000
2019-04-12 14:05:33.378000,1.11887,1.11885,1000000,4010000
2019-04-12 14:05:33.480000,1.11888,1.11886,2810000,1310000
2019-04-12 14:05:45.938000,1.11889,1.11887,2120000,1000000
2019-04-12 14:05:46.090000,1.11889,1.11886,2870000,3560000
2019-04-12 14:05:47.203000,1.11889,1.11887,2120000,1000000
2019-04-12 14:05:47.356000,1.11889,1.11886,2870000,3190000
2019-04-12 14:05:48.030000,1.1189,1.11888,3310000,2440000
2019-04-12 14:05:48.184000,1.1189,1.11887,5500000,3560000
2019-04-12 14:05:48.286000,1.11889,1.11887,1250000,2940000
2019-04-12 14:05:48.489000,1.11889,1.11887,1250000,1870000
2019-04-12 14:05:48.671000,1.11889,1.11887,1250000,1870000
2019-04-12 14:05:49.037000,1.11893,1.1189,3640000,2250000
2019-04-12 14:05:49.140000,1.11892,1.1189,1000000,2000000
2019-04-12 14:05:49.292000,1.11893,1.1189,1270000,2190000
2019-04-12 14:05:49.440000,1.11895,1.11893,3200000,1000000
2019-04-12 14:05:49.596000,1.11896,1.11895,2620000,2620000
2019-04-12 14:05:49.698000,1.11899,1.11897,1870000,1000000
2019-04-12 14:05:49.903000,1.119,1.11898,1120000,1000000
2019-04-12 14:05:50.006000,1.119,1.11899,1120000,1000000
2019-04-12 14:05:50.783000,1.11901,1.11899,1250000,1000000
2019-04-12 14:05:52.201000,1.119,1.11898,1000000,2190000
2019-04-12 14:05:52.305000,1.119,1.11898,1000000,2060000
2019-04-12 14:05:53.293000,1.11899,1.11897,1250000,1310000
2019-04-12 14:05:53.575000,1.11899,1.11897,1000000,2870000
2019-04-12 14:05:53.690000,1.119,1.11897,1870000,3620000
2019-04-12 14:05:54.627000,1.11901,1.11898,1690000,2120000
2019-04-12 14:05:54.729000,1.11901,1.11898,1690000,1310000
2019-04-12 14:05:55.566000,1.11902,1.119,4310000,1250000
2019-04-12 14:05:55.822000,1.119,1.11898,1690000,3640000
2019-04-12 14:05:55.928000,1.119,1.11897,3250000,2060000
2019-04-12 14:05:58.266000,1.11898,1.11896,1250000,4120000
2019-04-12 14:05:58.369000,1.11895,1.11892,2370000,4750000
2019-04-12 14:05:58.420000,1.11894,1.11892,1690000,1250000
2019-04-12 14:06:00.217000,1.11893,1.1189,1000000,5250000
2019-04-12 14:06:00.633000,1.1189,1.11889,1000000,4120000
2019-04-12 14:06:00.736000,1.1189,1.11887,1250000,4370000
2019-04-12 14:06:00.839000,1.1189,1.11887,3400000,2250000
2019-04-12 14:06:00.995000,1.1189,1.11887,2500000,2440000
2019-04-12 14:06:01.466000,1.1189,1.11888,1000000,1310000
2019-04-12 14:06:01.670000,1.1189,1.11886,3250000,3820000
2019-04-12 14:06:01.899000,1.1189,1.11887,3190000,1690000
2019-04-12 14:06:02.002000,1.11891,1.11887,2440000,4000000
2019-04-12 14:06:02.380000,1.11889,1.11887,1750000,1000000
2019-04-12 14:06:02.482000,1.11889,1.11886,1750000,3940000
2019-04-12 14:06:02.848000,1.1189,1.11887,5210000,1690000
2019-04-12 14:06:02.988000,1.1189,1.11887,3520000,1750000
2019-04-12 14:06:03.092000,1.1189,1.11887,2810000,1870000
2019-04-12 14:06:03.565000,1.11889,1.11887,1750000,1500000
2019-04-12 14:06:03.732000,1.11889,1.11887,1250000,1250000
2019-04-12 14:06:04.628000,1.11889,1.11887,1750000,1000000
2019-04-12 14:06:04.908000,1.11888,1.11886,1250000,1310000
2019-04-12 14:06:11.069000,1.11888,1.11884,1690000,4870000
2019-04-12 14:06:11.171000,1.11887,1.11884,1000000,4870000
2019-04-12 14:06:11.937000,1.11888,1.11884,2440000,3370000
2019-04-12 14:06:12.352000,1.11887,1.11884,1000000,3370000
2019-04-12 14:06:14.576000,1.11888,1.11885,3940000,1250000
2019-04-12 14:06:14.883000,1.11888,1.11885,2060000,2870000
2019-04-12 14:06:15.302000,1.11888,1.11885,2060000,2060000
2019-04-12 14:06:15.460000,1.11888,1.11885,2060000,2870000
2019-04-12 14:06:18.046000,1.11887,1.11885,1000000,1690000
2019-04-12 14:06:21.509000,1.11885,1.11883,2500000,7570000
2019-04-12 14:06:21.614000,1.11883,1.11881,1000000,1250000
2019-04-12 14:06:21.717000,1.11886,1.11883,3250000,2250000
2019-04-12 14:06:21.861000,1.11884,1.11881,4870000,1100000
2019-04-12 14:06:21.966000,1.11884,1.11881,2440000,3320000
2019-04-12 14:06:22.422000,1.11885,1.11882,1310000,2950000
2019-04-12 14:06:22.629000,1.11884,1.11881,1000000,5850000
2019-04-12 14:06:22.680000,1.11884,1.11881,3620000,2320000
2019-04-12 14:06:23.251000,1.11883,1.11881,1870000,1250000
2019-04-12 14:06:25.102000,1.11883,1.1188,2120000,1310000
2019-04-12 14:06:25.670000,1.11882,1.11879,2060000,1310000
2019-04-12 14:06:25.823000,1.11882,1.11879,3620000,1120000
2019-04-12 14:06:26.119000,1.11881,1.11878,2870000,4200000
2019-04-12 14:06:26.222000,1.11879,1.11878,1250000,1000000
2019-04-12 14:06:26.433000,1.1188,1.11878,1690000,1000000
2019-04-12 14:06:27.819000,1.1188,1.11877,1750000,2440000
2019-04-12 14:06:27.922000,1.1188,1.11877,1250000,2060000
2019-04-12 14:06:30.820000,1.11879,1.11876,1250000,7570000
2019-04-12 14:06:31.024000,1.1188,1.11877,2810000,2810000
2019-04-12 14:06:32.941000,1.11879,1.11877,1250000,1250000
2019-04-12 14:06:33.147000,1.1188,1.11877,1250000,3190000
2019-04-12 14:06:33.644000,1.1188,1.11877,1750000,1690000
2019-04-12 14:06:33.746000,1.1188,1.11877,1690000,2440000
2019-04-12 14:06:34.419000,1.11879,1.11877,1250000,1690000
2019-04-12 14:06:34.572000,1.11875,1.11874,1690000,4120000
2019-04-12 14:06:34.623000,1.11875,1.11873,1690000,2440000
2019-04-12 14:06:34.785000,1.11875,1.11872,2870000,1010000
2019-04-12 14:06:34.887000,1.11875,1.11872,2810000,1250000
2019-04-12 14:06:34.989000,1.11875,1.11872,2870000,1000000
2019-04-12 14:06:37.184000,1.11875,1.11872,1250000,2510000
2019-04-12 14:06:40.522000,1.11877,1.11876,6000000,1000000
2019-04-12 14:06:40.574000,1.11878,1.11876,1100000,2810000
2019-04-12 14:06:40.705000,1.11878,1.11876,1000000,2310000
2019-04-12 14:06:41.080000,1.11879,1.11876,1690000,2310000
2019-04-12 14:06:41.215000,1.1188,1.11878,5500000,1690000
2019-04-12 14:06:42.345000,1.1188,1.11877,2870000,1870000
2019-04-12 14:06:43.332000,1.11881,1.11878,3620000,1000000
2019-04-12 14:06:43.455000,1.11881,1.11879,1250000,1120000
2019-04-12 14:06:43.506000,1.11883,1.11881,2060000,1000000
2019-04-12 14:06:43.659000,1.11883,1.11881,2120000,1000000
2019-04-12 14:06:43.811000,1.11883,1.11881,1310000,1250000
2019-04-12 14:06:44.832000,1.11883,1.11881,2500000,1000000
2019-04-12 14:06:45.122000,1.11883,1.11881,1690000,1250000
2019-04-12 14:06:45.664000,1.11881,1.11879,2250000,1690000
2019-04-12 14:06:45.766000,1.1188,1.11877,3690000,1010000
2019-04-12 14:06:45.871000,1.1188,1.11878,2000000,1250000
2019-04-12 14:06:46.076000,1.11879,1.11877,1310000,1250000
2019-04-12 14:06:46.933000,1.1188,1.11878,1250000,1690000
2019-04-12 14:06:49.007000,1.11883,1.11881,5810000,1690000
2019-04-12 14:06:49.109000,1.11883,1.1188,2250000,9320000
2019-04-12 14:06:49.252000,1.11884,1.1188,4000000,2500000
2019-04-12 14:06:49.406000,1.11884,1.1188,5740000,4370000
2019-04-12 14:06:50.297000,1.11885,1.11882,2920000,3620000
2019-04-12 14:06:50.399000,1.11885,1.11883,1870000,1750000
2019-04-12 14:06:52.710000,1.11885,1.11882,2870000,2890000
2019-04-12 14:06:52.815000,1.11884,1.11881,6250000,1250000
2019-04-12 14:06:52.917000,1.11883,1.1188,2120000,2810000
2019-04-12 14:06:53.379000,1.11882,1.1188,1750000,1120000
2019-04-12 14:06:53.502000,1.11883,1.1188,2060000,2120000
2019-04-12 14:06:53.554000,1.11883,1.1188,2870000,1870000
2019-04-12 14:06:54.116000,1.11882,1.11879,1250000,3260000
2019-04-12 14:06:55.283000,1.11882,1.11879,3620000,1000000
2019-04-12 14:06:56.087000,1.11881,1.11879,1310000,1000000
2019-04-12 14:06:57.653000,1.1188,1.11878,1000000,1000000
2019-04-12 14:07:00.116000,1.1188,1.11877,1120000,2320000
2019-04-12 14:07:01.135000,1.11881,1.11877,2060000,4570000
2019-04-12 14:07:01.237000,1.11881,1.11877,2060000,5600000
2019-04-12 14:07:01.569000,1.11882,1.11879,2940000,1690000
2019-04-12 14:07:01.671000,1.11884,1.11883,2250000,1310000
2019-04-12 14:07:01.773000,1.11885,1.11883,1500000,2810000
2019-04-12 14:07:02.549000,1.11885,1.11883,1000000,2120000
2019-04-12 14:07:03.131000,1.11885,1.11883,1250000,2060000
2019-04-12 14:07:03.770000,1.11885,1.11883,1750000,1870000
2019-04-12 14:07:03.924000,1.11883,1.11881,1250000,1000000
2019-04-12 14:07:04.556000,1.11883,1.1188,1750000,3390000
2019-04-12 14:07:07.823000,1.11881,1.11879,1250000,3000000
2019-04-12 14:07:07.925000,1.11881,1.11879,1250000,1120000
2019-04-12 14:07:09.264000,1.11882,1.11879,1000000,4370000
2019-04-12 14:07:09.366000,1.11884,1.11882,2060000,2060000
2019-04-12 14:07:09.471000,1.11883,1.11881,1750000,1000000
2019-04-12 14:07:09.575000,1.11883,1.1188,2810000,1310000
2019-04-12 14:07:09.678000,1.11883,1.1188,2500000,2810000
2019-04-12 14:07:10.639000,1.11882,1.1188,2500000,1000000
2019-04-12 14:07:10.788000,1.11882,1.11879,3620000,1120000
2019-04-12 14:07:10.891000,1.11886,1.11883,6640000,2500000
2019-04-12 14:07:11.541000,1.11885,1.11884,1000000,1250000
2019-04-12 14:07:11.593000,1.11883,1.11881,1500000,1250000
2019-04-12 14:07:11.755000,1.11882,1.11881,1000000,1000000
2019-04-12 14:07:11.858000,1.11882,1.1188,2250000,1000000
2019-04-12 14:07:12.698000,1.1188,1.11879,1250000,1500000
2019-04-12 14:07:12.801000,1.11879,1.11877,1250000,1750000
2019-04-12 14:07:14.714000,1.11879,1.11876,3190000,4500000
2019-04-12 14:07:16.111000,1.11878,1.11876,4000000,2620000
2019-04-12 14:07:16.215000,1.11876,1.11873,1370000,2560000
2019-04-12 14:07:19.804000,1.11876,1.11873,2500000,1870000
2019-04-12 14:07:19.929000,1.11876,1.11873,2500000,1500000
2019-04-12 14:07:21.496000,1.11876,1.11873,3190000,2440000
2019-04-12 14:07:22.396000,1.11874,1.11873,2620000,1250000
2019-04-12 14:07:22.499000,1.11872,1.1187,4500000,1250000
2019-04-12 14:07:22.627000,1.11873,1.1187,6390000,1750000
2019-04-12 14:07:22.730000,1.11873,1.1187,3940000,1750000
2019-04-12 14:07:23.282000,1.11871,1.11869,1690000,1690000
2019-04-12 14:07:23.436000,1.11871,1.1187,1690000,1000000
2019-04-12 14:07:23.542000,1.11872,1.1187,1000000,1370000
2019-04-12 14:07:23.593000,1.11873,1.1187,1870000,2120000
2019-04-12 14:07:24.647000,1.11871,1.11869,1000000,1000000
2019-04-12 14:07:24.749000,1.11871,1.11868,1250000,4500000
2019-04-12 14:07:25.003000,1.1187,1.11868,1750000,1870000
2019-04-12 14:07:25.125000,1.1187,1.11867,3250000,3190000
2019-04-12 14:07:25.580000,1.1187,1.11867,3000000,3250000
2019-04-12 14:07:26.286000,1.1187,1.11868,2500000,1120000
2019-04-12 14:07:26.388000,1.1187,1.11867,4000000,2440000
2019-04-12 14:07:37.650000,1.11872,1.1187,2620000,2370000
2019-04-12 14:07:37.755000,1.11873,1.1187,1690000,6750000
2019-04-12 14:07:37.857000,1.11875,1.11872,4070000,1500000
2019-04-12 14:07:38.536000,1.11877,1.11876,1000000,3750000
2019-04-12 14:07:38.589000,1.11879,1.11876,3070000,4870000
2019-04-12 14:07:38.743000,1.11879,1.11876,1250000,5810000
2019-04-12 14:07:38.852000,1.11879,1.11876,1250000,6620000
2019-04-12 14:07:42.355000,1.11877,1.11875,4040000,3000000
2019-04-12 14:07:42.458000,1.11876,1.11874,1000000,1690000
2019-04-12 14:07:45.460000,1.11875,1.11873,1750000,1000000
2019-04-12 14:07:45.511000,1.11875,1.11872,2120000,1310000
2019-04-12 14:07:45.767000,1.11875,1.11872,1500000,1750000
2019-04-12 14:07:45.922000,1.11875,1.11872,1250000,1250000
2019-04-12 14:07:46.229000,1.11875,1.11872,1120000,1310000
2019-04-12 14:07:46.332000,1.11876,1.11872,3070000,1690000
2019-04-12 14:07:46.487000,1.11875,1.11872,1000000,1690000
2019-04-12 14:07:46.691000,1.11874,1.11872,1250000,2440000
2019-04-12 14:07:49.155000,1.11873,1.11871,1000000,3620000
2019-04-12 14:07:49.207000,1.11871,1.11869,1000000,4760000
2019-04-12 14:07:49.310000,1.1187,1.11867,3620000,1250000
2019-04-12 14:07:49.966000,1.11871,1.1187,2620000,2440000
2019-04-12 14:07:50.018000,1.11873,1.1187,2200000,2440000
2019-04-12 14:07:50.409000,1.11872,1.11869,3250000,1690000
2019-04-12 14:07:50.771000,1.11872,1.11869,3190000,1250000
2019-04-12 14:07:51.089000,1.11871,1.11868,3250000,3750000
2019-04-12 14:08:00.100000,1.11871,1.11869,3000000,1250000
2019-04-12 14:08:00.254000,1.11872,1.11869,2440000,1690000
2019-04-12 14:08:00.366000,1.11874,1.11871,2120000,1250000
2019-04-12 14:08:00.522000,1.11875,1.11872,2500000,1870000
2019-04-12 14:08:01.147000,1.11875,1.11872,1750000,2440000
2019-04-12 14:08:03.357000,1.11873,1.11871,1000000,1370000
2019-04-12 14:08:03.713000,1.11874,1.11871,1690000,3370000
2019-04-12 14:08:04.747000,1.11875,1.11873,1250000,1000000
2019-04-12 14:08:05.617000,1.11875,1.11872,1750000,2890000
2019-04-12 14:08:11.033000,1.11874,1.11871,3000000,1310000
2019-04-12 14:08:11.446000,1.1187,1.11869,1120000,2620000
2019-04-12 14:08:11.548000,1.11869,1.11867,1250000,1250000
2019-04-12 14:08:11.651000,1.11872,1.11869,4130000,1750000
2019-04-12 14:08:11.754000,1.11873,1.1187,1250000,3190000
2019-04-12 14:08:11.856000,1.11873,1.11871,1000000,1500000
2019-04-12 14:08:12.086000,1.11873,1.11871,1000000,1250000
2019-04-12 14:08:12.188000,1.11874,1.11871,3190000,2500000
2019-04-12 14:08:17.172000,1.11876,1.11875,1500000,1250000
2019-04-12 14:08:17.286000,1.11877,1.11875,2440000,1250000
2019-04-12 14:08:17.490000,1.11877,1.11874,3250000,2620000
2019-04-12 14:08:17.593000,1.11877,1.11874,2440000,4000000
2019-04-12 14:08:17.750000,1.11877,1.11874,2060000,1870000
2019-04-12 14:08:18.157000,1.11877,1.11875,1760000,1250000
2019-04-12 14:08:18.301000,1.11881,1.11878,3790000,1000000
2019-04-12 14:08:18.403000,1.11881,1.11878,2440000,1250000
2019-04-12 14:08:19.495000,1.11881,1.11879,1120000,1000000
2019-04-12 14:08:21.010000,1.11882,1.11878,5370000,2810000
2019-04-12 14:08:22.620000,1.11881,1.11879,1000000,1000000
2019-04-12 14:08:23.600000,1.11882,1.11878,2750000,2060000
2019-04-12 14:08:24.729000,1.11882,1.11878,3000000,3190000
2019-04-12 14:08:25.703000,1.11882,1.11879,3190000,1250000
2019-04-12 14:08:27.429000,1.11883,1.1188,6250000,1500000
2019-04-12 14:08:27.793000,1.11882,1.11879,2440000,1250000
2019-04-12 14:08:32.185000,1.11883,1.1188,2560000,1250000
2019-04-12 14:08:32.294000,1.11884,1.11882,5250000,2500000
2019-04-12 14:08:32.397000,1.11886,1.11883,3250000,2440000
2019-04-12 14:08:34.579000,1.11886,1.11884,2500000,1000000
2019-04-12 14:08:36.999000,1.11886,1.11884,2060000,1250000
2019-04-12 14:08:37.102000,1.11888,1.11885,2570000,2440000
2019-04-12 14:08:38.873000,1.11885,1.11883,5250000,5940000
2019-04-12 14:08:38.927000,1.11883,1.11881,1310000,1250000
2019-04-12 14:08:39.029000,1.11883,1.11881,1810000,1000000
2019-04-12 14:08:39.974000,1.11883,1.11881,1310000,1000000
2019-04-12 14:08:40.461000,1.11883,1.11879,1310000,4750000
2019-04-12 14:08:40.867000,1.11883,1.11881,1310000,1000000
2019-04-12 14:08:40.989000,1.11885,1.11883,1310000,1690000
2019-04-12 14:08:41.432000,1.11883,1.11881,1250000,1120000
2019-04-12 14:08:41.534000,1.11883,1.1188,1250000,3940000
2019-04-12 14:08:41.738000,1.11883,1.1188,1000000,4000000
2019-04-12 14:08:41.840000,1.11883,1.1188,1250000,3940000
2019-04-12 14:08:42.635000,1.11883,1.11879,4500000,2060000
2019-04-12 14:08:42.829000,1.11881,1.11878,4370000,1870000
2019-04-12 14:08:43.084000,1.11881,1.11878,3940000,1310000
2019-04-12 14:08:43.135000,1.1188,1.11878,1250000,1120000
2019-04-12 14:08:44.154000,1.11881,1.11878,6370000,1310000
2019-04-12 14:08:44.263000,1.1188,1.11877,2120000,4060000
2019-04-12 14:08:45.071000,1.1188,1.11877,1750000,2440000
2019-04-12 14:08:47.675000,1.11878,1.11875,1120000,3620000
2019-04-12 14:08:47.737000,1.11878,1.11875,2190000,1690000
2019-04-12 14:08:48.699000,1.11877,1.11874,2700000,1120000
2019-04-12 14:08:49.173000,1.11877,1.11873,4950000,2440000
2019-04-12 14:08:49.277000,1.11877,1.11873,6700000,3190000
2019-04-12 14:08:51.378000,1.11875,1.11873,1250000,1120000
2019-04-12 14:08:51.480000,1.11875,1.11872,2810000,2250000
2019-04-12 14:08:51.582000,1.11875,1.11872,4070000,1690000
2019-04-12 14:08:51.939000,1.11875,1.11872,2890000,2440000
2019-04-12 14:08:52.759000,1.11876,1.11873,3450000,1000000
2019-04-12 14:08:55.882000,1.11875,1.11872,1350000,2810000
2019-04-12 14:08:55.983000,1.11876,1.11872,4100000,2060000
2019-04-12 14:08:57.806000,1.11875,1.11872,4070000,1690000
2019-04-12 14:09:06.645000,1.11871,1.1187,1500000,2440000
2019-04-12 14:09:06.759000,1.11871,1.11868,4000000,1690000
2019-04-12 14:09:06.862000,1.1187,1.11867,2060000,2810000
2019-04-12 14:09:06.965000,1.11869,1.11867,1250000,1690000
2019-04-12 14:09:07.999000,1.11869,1.11868,1250000,1000000
2019-04-12 14:09:08.051000,1.11871,1.1187,1870000,2810000
2019-04-12 14:09:08.153000,1.11873,1.1187,2140000,1310000
2019-04-12 14:09:08.726000,1.11874,1.11871,4390000,1250000
2019-04-12 14:09:09.169000,1.11873,1.1187,2440000,1690000
2019-04-12 14:09:09.322000,1.11873,1.11869,4070000,1690000
2019-04-12 14:09:09.528000,1.11871,1.11868,2440000,2940000
2019-04-12 14:09:09.632000,1.11871,1.11868,1690000,3190000
2019-04-12 14:09:09.767000,1.11871,1.11869,1000000,1250000
2019-04-12 14:09:10.290000,1.11871,1.11868,4750000,2250000
2019-04-12 14:09:10.495000,1.11871,1.11868,3940000,2440000
2019-04-12 14:09:11.040000,1.11871,1.11869,1000000,1310000
2019-04-12 14:09:11.895000,1.11872,1.11869,1390000,2060000
2019-04-12 14:09:13.018000,1.11872,1.11868,3550000,2250000
2019-04-12 14:09:13.121000,1.1187,1.11867,3250000,2060000
2019-04-12 14:09:17.327000,1.11869,1.11866,5160000,1750000
2019-04-12 14:09:17.787000,1.11869,1.11866,4690000,2500000
2019-04-12 14:09:32.285000,1.11871,1.1187,3000000,1250000
2019-04-12 14:09:32.336000,1.11873,1.11871,1250000,1250000
2019-04-12 14:09:32.439000,1.11874,1.11871,40389999,3250000
2019-04-12 14:09:32.569000,1.11873,1.11871,1000000,2500000
2019-04-12 14:09:32.962000,1.11874,1.11871,1690000,3250000
2019-04-12 14:09:42.787000,1.1187,1.11869,1000000,1870000
2019-04-12 14:09:42.890000,1.1187,1.11868,1250000,1120000
2019-04-12 14:09:43.094000,1.11869,1.11866,1250000,4000000
2019-04-12 14:09:44.072000,1.11869,1.11866,1870000,3370000
2019-04-12 14:09:44.201000,1.11869,1.11867,1120000,2060000
2019-04-12 14:09:44.306000,1.1187,1.11867,2060000,3560000
2019-04-12 14:09:44.895000,1.11871,1.1187,2250000,1250000
2019-04-12 14:09:44.997000,1.11872,1.1187,1120000,1250000
2019-04-12 14:09:45.900000,1.11873,1.1187,2620000,4000000
2019-04-12 14:09:47.611000,1.11874,1.11871,2810000,1750000
2019-04-12 14:09:51.886000,1.11878,1.11876,3370000,1690000
2019-04-12 14:09:52.040000,1.1188,1.11876,4540000,3190000
2019-04-12 14:09:52.142000,1.1188,1.11876,4390000,5060000
2019-04-12 14:09:52.288000,1.11879,1.11876,5250000,1250000
2019-04-12 14:09:52.390000,1.11878,1.11875,1310000,2810000
2019-04-12 14:09:52.977000,1.11878,1.11875,1200000,2120000
2019-04-12 14:09:53.440000,1.11878,1.11875,2510000,1690000
2019-04-12 14:09:54.093000,1.11878,1.11876,1500000,1250000
2019-04-12 14:09:54.247000,1.11878,1.11875,3390000,1690000
2019-04-12 14:09:54.362000,1.11876,1.11873,1250000,4310000
2019-04-12 14:09:54.465000,1.11876,1.11873,1370000,1500000
2019-04-12 14:09:54.569000,1.11875,1.11872,4070000,1690000
2019-04-12 14:09:54.813000,1.11875,1.11872,2810000,1690000
2019-04-12 14:09:55.118000,1.11875,1.11872,3700000,1690000
2019-04-12 14:09:55.321000,1.11875,1.11872,3560000,1690000
2019-04-12 14:09:55.423000,1.11875,1.11873,1390000,1000000
2019-04-12 14:09:57.851000,1.11876,1.11873,3260000,1250000
2019-04-12 14:09:58.085000,1.11877,1.11875,2320000,3620000
2019-04-12 14:09:58.187000,1.11878,1.11875,3010000,2440000
2019-04-12 14:09:58.291000,1.11878,1.11875,1570000,3620000
2019-04-12 14:09:58.648000,1.11879,1.11876,3690000,2500000
2019-04-12 14:10:00.387000,1.11879,1.11877,1120000,1250000
2019-04-12 14:10:00.490000,1.11879,1.11877,1310000,1250000
2019-04-12 14:10:00.644000,1.11879,1.11877,1120000,1250000
2019-04-12 14:10:00.850000,1.11879,1.11877,1310000,1250000
2019-04-12 14:10:00.952000,1.11879,1.11877,1120000,1250000
2019-04-12 14:10:01.105000,1.11879,1.11877,1250000,1250000
2019-04-12 14:10:01.281000,1.11879,1.11877,1000000,1250000
2019-04-12 14:10:01.814000,1.11879,1.11877,1250000,1250000
2019-04-12 14:10:02.007000,1.11879,1.11877,1000000,1250000
2019-04-12 14:10:03.241000,1.11879,1.11877,1250000,1690000
2019-04-12 14:10:03.456000,1.11879,1.11877,1000000,1250000
2019-04-12 14:10:05.036000,1.11879,1.11877,1250000,2440000
2019-04-12 14:10:05.189000,1.11879,1.11877,1000000,2500000
2019-04-12 14:10:05.342000,1.11879,1.11877,1250000,2440000
2019-04-12 14:10:05.492000,1.1188,1.11877,2100000,3250000
2019-04-12 14:10:05.594000,1.1188,1.11877,2910000,3190000
2019-04-12 14:10:05.696000,1.1188,1.11877,2100000,3250000
2019-04-12 14:10:07.690000,1.1188,1.11877,2910000,3190000
2019-04-12 14:10:07.832000,1.1188,1.11877,1910000,3190000
2019-04-12 14:10:09.507000,1.1188,1.11877,2910000,2440000
2019-04-12 14:10:09.716000,1.1188,1.11877,2100000,2500000
2019-04-12 14:10:10.181000,1.1188,1.11877,1910000,2440000
2019-04-12 14:10:10.642000,1.1188,1.11877,2100000,2500000
2019-04-12 14:10:11.845000,1.1188,1.11877,3290000,1690000
2019-04-12 14:10:11.947000,1.1188,1.11877,2470000,1750000
2019-04-12 14:10:15.026000,1.1188,1.11877,1050000,1690000
2019-04-12 14:10:16.184000,1.1188,1.11877,1300000,2500000
2019-04-12 14:10:16.342000,1.11881,1.11879,3670000,1000000
2019-04-12 14:10:16.393000,1.11881,1.11878,3870000,1310000
2019-04-12 14:10:18.065000,1.1188,1.11877,1300000,3560000
2019-04-12 14:10:19.180000,1.11881,1.11877,3370000,2870000
2019-04-12 14:10:21.306000,1.1188,1.11877,2540000,2810000
2019-04-12 14:10:22.391000,1.1188,1.11877,1720000,2870000
2019-04-12 14:10:22.648000,1.1188,1.11879,1300000,1000000
2019-04-12 14:10:22.700000,1.11882,1.1188,1120000,2500000
2019-04-12 14:10:22.826000,1.11883,1.11881,1250000,1250000
2019-04-12 14:10:24.122000,1.11882,1.1188,1250000,1250000
2019-04-12 14:10:24.782000,1.11881,1.11879,1250000,1690000
2019-04-12 14:10:29.764000,1.11878,1.11877,2250000,1690000
2019-04-12 14:10:29.902000,1.11875,1.11873,1870000,1750000
2019-04-12 14:10:30.005000,1.11874,1.11873,1000000,1250000
2019-04-12 14:10:30.056000,1.11875,1.11872,2560000,2250000
2019-04-12 14:10:30.898000,1.11871,1.11868,3310000,1220000
2019-04-12 14:10:31.002000,1.11869,1.11866,1250000,2500000
2019-04-12 14:10:31.341000,1.1187,1.11866,3760000,4310000
2019-04-12 14:10:31.443000,1.11869,1.11866,1310000,4370000
2019-04-12 14:10:37.707000,1.1187,1.11866,4950000,2810000
2019-04-12 14:10:37.912000,1.1187,1.11867,5700000,1000000
2019-04-12 14:10:38.014000,1.1187,1.11866,5700000,2810000
2019-04-12 14:10:38.117000,1.1187,1.11866,4570000,3310000
2019-04-12 14:10:39.066000,1.1187,1.11866,4950000,3190000
2019-04-12 14:10:40,1.1187,1.11867,4510000,1250000
2019-04-12 14:10:41.932000,1.1187,1.11869,1010000,1000000
2019-04-12 14:10:42.037000,1.11872,1.11869,3260000,2060000
2019-04-12 14:10:42.139000,1.11873,1.1187,3720000,1500000
2019-04-12 14:10:42.241000,1.11871,1.11869,2250000,1690000
2019-04-12 14:10:42.348000,1.11871,1.11869,1750000,1000000
2019-04-12 14:10:42.450000,1.11871,1.11869,1310000,1000000
2019-04-12 14:10:42.602000,1.11871,1.11869,1750000,1000000
2019-04-12 14:10:43.547000,1.11871,1.11869,1500000,1370000
2019-04-12 14:10:43.650000,1.11872,1.11869,3250000,3750000
2019-04-12 14:10:43.762000,1.11871,1.1187,1000000,1000000
2019-04-12 14:10:43.866000,1.11871,1.11868,2250000,3370000
2019-04-12 14:10:45.534000,1.11872,1.1187,1120000,2500000
2019-04-12 14:10:45.586000,1.11871,1.11869,1250000,2810000
2019-04-12 14:10:45.688000,1.11872,1.1187,1000000,2500000
2019-04-12 14:10:45.782000,1.11873,1.1187,2890000,1750000
2019-04-12 14:10:49.049000,1.11874,1.11872,1370000,1000000
2019-04-12 14:10:49.536000,1.11875,1.11872,3250000,3190000
2019-04-12 14:10:49.893000,1.11875,1.11872,2440000,3000000
2019-04-12 14:10:50.269000,1.11875,1.11872,2500000,3190000
2019-04-12 14:10:50.424000,1.11875,1.11872,2440000,3000000
2019-04-12 14:10:50.526000,1.11875,1.11872,2500000,3190000
2019-04-12 14:10:54.562000,1.11875,1.11872,1310000,1500000
2019-04-12 14:10:54.653000,1.11875,1.11874,1120000,1120000
2019-04-12 14:10:54.704000,1.11879,1.11876,2810000,3250000
2019-04-12 14:10:56.406000,1.1188,1.11877,2440000,1250000
2019-04-12 14:10:56.514000,1.1188,1.11877,2500000,1250000
2019-04-12 14:10:56.768000,1.1188,1.11877,1500000,1250000
2019-04-12 14:10:56.894000,1.1188,1.11877,1690000,1250000
2019-04-12 14:10:57.565000,1.11879,1.11877,1000000,1250000
2019-04-12 14:10:57.718000,1.11881,1.11879,3640000,1000000
2019-04-12 14:10:57.911000,1.11882,1.1188,1000000,1250000
2019-04-12 14:10:58.181000,1.11881,1.11879,1000000,1310000
2019-04-12 14:11:00.580000,1.11882,1.11879,1950000,2120000
2019-04-12 14:11:00.631000,1.11882,1.11879,2500000,1250000
2019-04-12 14:11:01.889000,1.11881,1.11878,1820000,2440000
2019-04-12 14:11:02.360000,1.1188,1.11878,2160000,1250000
2019-04-12 14:11:02.513000,1.1188,1.11878,2140000,1250000
2019-04-12 14:11:05.603000,1.11881,1.11878,2890000,1690000
2019-04-12 14:11:05.910000,1.11883,1.11882,3750000,1000000
2019-04-12 14:11:06.045000,1.11884,1.11882,1350000,2440000
2019-04-12 14:11:06.148000,1.11884,1.11882,1010000,3190000
2019-04-12 14:11:06.251000,1.11885,1.11883,2700000,2690000
2019-04-12 14:11:07.097000,1.11886,1.11885,2320000,1690000
2019-04-12 14:11:07.268000,1.11888,1.11885,2540000,6620000
2019-04-12 14:11:07.370000,1.11888,1.11885,3260000,5870000
2019-04-12 14:11:07.963000,1.11888,1.11885,3320000,1310000
2019-04-12 14:11:08.178000,1.11887,1.11885,1790000,1250000
2019-04-12 14:11:08.655000,1.11887,1.11885,1760000,1250000
2019-04-12 14:11:09.203000,1.11888,1.11885,4040000,2500000
2019-04-12 14:11:09.305000,1.11888,1.11885,4010000,1250000
2019-04-12 14:11:09.407000,1.11888,1.11885,4040000,1250000
2019-04-12 14:11:09.772000,1.11888,1.11885,3260000,2120000
2019-04-12 14:11:10.583000,1.11889,1.11887,2870000,1000000
2019-04-12 14:11:10.723000,1.11889,1.11886,1450000,3190000
2019-04-12 14:11:11.554000,1.11889,1.11887,1450000,1000000
2019-04-12 14:11:11.757000,1.11889,1.11886,1450000,3190000
2019-04-12 14:11:16.649000,1.11888,1.11886,1100000,1500000
2019-04-12 14:11:16.700000,1.11889,1.11886,4390000,1500000
2019-04-12 14:11:17.796000,1.11888,1.11886,1570000,1250000
2019-04-12 14:11:17.898000,1.11888,1.11885,5660000,1690000
2019-04-12 14:11:18.155000,1.11887,1.11884,1970000,1750000
2019-04-12 14:11:18.324000,1.11887,1.11884,1950000,2500000
2019-04-12 14:11:21.216000,1.11883,1.11882,1250000,4870000
2019-04-12 14:11:21.322000,1.11883,1.11881,1760000,1310000
2019-04-12 14:11:21.874000,1.11883,1.11881,2570000,1000000
2019-04-12 14:11:21.976000,1.11883,1.1188,3320000,3940000
2019-04-12 14:11:24.396000,1.11883,1.1188,2250000,2250000
2019-04-12 14:11:28.202000,1.11884,1.11881,7120000,1120000
2019-04-12 14:11:28.254000,1.11884,1.11882,4750000,3370000
2019-04-12 14:11:28.387000,1.11886,1.11883,1250000,2750000
2019-04-12 14:11:28.438000,1.11887,1.11884,1870000,1370000
2019-04-12 14:11:31.084000,1.11887,1.11886,1000000,1250000
2019-04-12 14:11:31.186000,1.11887,1.11885,1000000,3260000
2019-04-12 14:11:31.288000,1.11888,1.11885,1310000,4760000
2019-04-12 14:11:38.453000,1.11886,1.11884,1500000,6320000
2019-04-12 14:11:38.555000,1.11883,1.11881,13500000,1750000
2019-04-12 14:11:38.657000,1.11883,1.1188,13750000,3640000
2019-04-12 14:11:40.225000,1.11883,1.1188,3250000,4040000
2019-04-12 14:11:40.883000,1.11883,1.1188,2500000,2060000
2019-04-12 14:11:41.060000,1.11883,1.1188,2500000,5540000
2019-04-12 14:11:42.831000,1.11881,1.1188,2440000,1950000
2019-04-12 14:11:42.883000,1.1188,1.11877,4690000,3320000
2019-04-12 14:11:43.037000,1.1188,1.11877,4750000,2140000
2019-04-12 14:11:44.313000,1.1188,1.11877,1310000,5320000
2019-04-12 14:11:44.415000,1.1188,1.11878,1370000,1000000
2019-04-12 14:11:44.580000,1.1188,1.11877,1310000,4820000
2019-04-12 14:11:46.070000,1.1188,1.11877,1370000,3260000
2019-04-12 14:11:46.224000,1.11881,1.11878,2810000,1010000
2019-04-12 14:11:46.327000,1.11882,1.11879,2560000,3260000
2019-04-12 14:11:46.479000,1.11882,1.11879,2560000,4790000
2019-04-12 14:11:46.598000,1.11882,1.1188,1500000,1450000
2019-04-12 14:11:46.702000,1.11882,1.1188,1000000,2140000
2019-04-12 14:11:46.804000,1.11882,1.1188,1000000,2160000
2019-04-12 14:11:46.906000,1.11882,1.1188,1000000,1390000
2019-04-12 14:11:47.087000,1.11882,1.1188,1000000,2970000
2019-04-12 14:11:47.240000,1.11882,1.11879,1000000,7600000
2019-04-12 14:11:47.849000,1.11883,1.1188,1690000,1390000
2019-04-12 14:11:48.206000,1.11883,1.1188,1690000,2200000
2019-04-12 14:11:48.330000,1.11883,1.1188,2440000,2890000
2019-04-12 14:11:48.848000,1.11883,1.1188,1690000,2200000
2019-04-12 14:11:49.002000,1.11883,1.1188,1690000,4390000
2019-04-12 14:11:52.456000,1.11883,1.1188,2810000,5120000
2019-04-12 14:12:01.943000,1.11885,1.11883,1120000,2500000
2019-04-12 14:12:02.045000,1.11886,1.11883,3750000,1500000
2019-04-12 14:12:02.198000,1.11884,1.11882,2500000,3070000
2019-04-12 14:12:02.305000,1.11884,1.11881,4750000,1760000
2019-04-12 14:12:03.292000,1.11883,1.1188,3000000,3640000
2019-04-12 14:12:03.884000,1.11882,1.11879,2120000,1010000
2019-04-12 14:12:05.475000,1.11881,1.11878,4000000,1010000
2019-04-12 14:12:05.579000,1.11881,1.11878,4000000,1000000
2019-04-12 14:12:06.118000,1.11881,1.11877,2870000,5510000
2019-04-12 14:12:06.533000,1.11879,1.11878,1000000,1250000
2019-04-12 14:12:06.635000,1.11881,1.11878,3190000,1250000
2019-04-12 14:12:07.156000,1.11881,1.11878,3310000,1250000
2019-04-12 14:12:07.258000,1.11881,1.11878,2440000,1250000
2019-04-12 14:12:08.330000,1.11882,1.11879,4620000,1000000
2019-04-12 14:12:08.383000,1.11887,1.11884,11940000,4120000
2019-04-12 14:12:08.439000,1.11887,1.11884,7870000,5620000
2019-04-12 14:12:08.490000,1.11888,1.11886,1250000,4600000
2019-04-12 14:12:08.592000,1.11892,1.11891,1570000,1500000
2019-04-12 14:12:08.697000,1.11898,1.11895,19799999,1000000
2019-04-12 14:12:08.748000,1.11898,1.11897,1000000,1000000
2019-04-12 14:12:08.799000,1.11901,1.11898,6940000,1200000
2019-04-12 14:12:08.902000,1.11902,1.119,1000000,1220000
2019-04-12 14:12:09.031000,1.11901,1.11899,16309999,1100000
2019-04-12 14:12:09.133000,1.119,1.11898,1750000,3070000
2019-04-12 14:12:09.185000,1.11895,1.11893,1500000,1000000
2019-04-12 14:12:09.352000,1.11895,1.11892,2370000,6640000
2019-04-12 14:12:09.455000,1.11895,1.11893,2250000,1250000
2019-04-12 14:12:09.659000,1.11895,1.11892,2940000,2570000
2019-04-12 14:12:09.803000,1.11896,1.11893,3000000,2140000
2019-04-12 14:12:09.908000,1.11897,1.11896,1200000,1000000
2019-04-12 14:12:10.012000,1.119,1.11897,1690000,3500000
2019-04-12 14:12:10.705000,1.11901,1.11898,1310000,2810000
2019-04-12 14:12:11.086000,1.119,1.11897,1500000,6000000
2019-04-12 14:12:11.650000,1.11897,1.11896,3370000,4390000
2019-04-12 14:12:11.752000,1.11895,1.11892,4000000,2720000
2019-04-12 14:12:11.884000,1.11895,1.11892,4870000,1250000
2019-04-12 14:12:13.457000,1.11895,1.11892,2440000,2510000
2019-04-12 14:12:16.901000,1.11894,1.11891,1250000,7010000
2019-04-12 14:12:17.219000,1.11894,1.11892,1000000,1250000
2019-04-12 14:12:17.484000,1.11895,1.11892,2440000,1690000
2019-04-12 14:12:18.092000,1.11895,1.11893,1310000,1000000
2019-04-12 14:12:22.739000,1.11895,1.11892,1250000,2140000
2019-04-12 14:12:24.623000,1.11896,1.11892,5130000,1950000
2019-04-12 14:12:28.898000,1.11891,1.11888,1750000,5140000
2019-04-12 14:12:29,1.11892,1.1189,1450000,1500000
2019-04-12 14:12:29.102000,1.11892,1.11889,2620000,2440000
2019-04-12 14:12:29.205000,1.11893,1.1189,3750000,1100000
2019-04-12 14:12:29.348000,1.11894,1.11891,1310000,1820000
2019-04-12 14:12:29.602000,1.11894,1.11893,1250000,1000000
2019-04-12 14:12:30.246000,1.11894,1.11892,1250000,1390000
2019-04-12 14:12:37.951000,1.11893,1.11892,1120000,1250000
2019-04-12 14:12:38.054000,1.11894,1.11891,2060000,1350000
2019-04-12 14:12:45.643000,1.11893,1.11892,1000000,1690000
2019-04-12 14:12:45.862000,1.11894,1.11891,2060000,1750000
2019-04-12 14:12:48.815000,1.11895,1.11893,2120000,3000000
2019-04-12 14:12:49.078000,1.11895,1.11894,1690000,1000000
2019-04-12 14:12:49.131000,1.11899,1.11897,1690000,1120000
2019-04-12 14:12:49.233000,1.11899,1.11897,2500000,1000000
2019-04-12 14:12:49.335000,1.11899,1.11898,1690000,1000000
2019-04-12 14:12:49.797000,1.11901,1.11898,6000000,2440000
2019-04-12 14:12:49.899000,1.11901,1.11899,4500000,1000000
2019-04-12 14:12:50.314000,1.11901,1.11899,1120000,1500000
2019-04-12 14:12:54.413000,1.11901,1.11898,1250000,8160000
2019-04-12 14:12:55.371000,1.11901,1.11898,1750000,4760000
2019-04-12 14:12:55.475000,1.11896,1.11894,2250000,7220000
2019-04-12 14:12:55.622000,1.11896,1.11893,4370000,5540000
2019-04-12 14:12:55.724000,1.11895,1.11893,1250000,3450000
2019-04-12 14:13:00.320000,1.11896,1.11893,5870000,2620000
2019-04-12 14:13:02.184000,1.11896,1.11894,5120000,1500000
2019-04-12 14:13:02.346000,1.11898,1.11896,1350000,2250000
2019-04-12 14:13:02.499000,1.11899,1.11897,1750000,1000000
2019-04-12 14:13:02.708000,1.11899,1.11898,1250000,1000000
2019-04-12 14:13:02.810000,1.11899,1.11897,1250000,2620000
2019-04-12 14:13:02.912000,1.11899,1.11896,1750000,4690000
2019-04-12 14:13:03.050000,1.11899,1.11897,1250000,2620000
2019-04-12 14:13:03.152000,1.11899,1.11897,1250000,2060000
2019-04-12 14:13:04.103000,1.11899,1.11898,1250000,1000000
2019-04-12 14:13:04.385000,1.119,1.11898,1310000,1250000
2019-04-12 14:13:04.819000,1.11899,1.11897,1250000,2060000
2019-04-12 14:13:08.160000,1.11899,1.11898,1250000,2100000
2019-04-12 14:13:08.213000,1.11902,1.119,1690000,1250000
2019-04-12 14:13:08.814000,1.11901,1.119,1000000,1000000
2019-04-12 14:13:08.916000,1.11901,1.11898,4140000,3660000
2019-04-12 14:13:09.018000,1.11901,1.11898,3260000,2510000
2019-04-12 14:13:12.713000,1.119,1.11898,2120000,1000000
2019-04-12 14:13:12.815000,1.119,1.11897,2320000,4450000
2019-04-12 14:13:12.918000,1.119,1.11898,1000000,3310000
2019-04-12 14:13:13.322000,1.11902,1.11899,5620000,1120000
2019-04-12 14:13:13.572000,1.11902,1.119,4870000,1000000
2019-04-12 14:13:13.674000,1.11902,1.11899,2060000,2140000
2019-04-12 14:13:26.050000,1.11902,1.11901,2250000,1250000
2019-04-12 14:13:26.202000,1.11902,1.119,1500000,3070000
2019-04-12 14:13:26.545000,1.11903,1.11901,1690000,1250000
2019-04-12 14:13:29.590000,1.11905,1.11902,4060000,1750000
2019-04-12 14:13:29.693000,1.11908,1.11905,6560000,2120000
2019-04-12 14:13:32.112000,1.11908,1.11905,6000000,1500000
2019-04-12 14:13:32.406000,1.11908,1.11905,6940000,1250000
2019-04-12 14:13:34.787000,1.11908,1.11904,4370000,4690000
2019-04-12 14:13:36.582000,1.11905,1.11902,2750000,2500000
2019-04-12 14:13:36.685000,1.11905,1.11902,3000000,1750000
2019-04-12 14:13:36.736000,1.11905,1.11902,4000000,1250000
2019-04-12 14:13:37.033000,1.11903,1.119,3750000,2500000
2019-04-12 14:13:37.084000,1.11902,1.119,1250000,1690000
2019-04-12 14:13:37.238000,1.11903,1.11902,1000000,1250000
2019-04-12 14:13:37.393000,1.11905,1.11902,1690000,2120000
2019-04-12 14:13:37.496000,1.11905,1.11902,1000000,2620000
2019-04-12 14:13:38.087000,1.11906,1.11903,3190000,1000000
2019-04-12 14:13:38.435000,1.11906,1.11903,5120000,1000000
2019-04-12 14:13:38.543000,1.11905,1.11902,1310000,3190000
2019-04-12 14:13:38.697000,1.11907,1.11903,7200000,1000000
2019-04-12 14:13:38.850000,1.11905,1.11902,1750000,1690000
2019-04-12 14:13:39.008000,1.11905,1.11902,1690000,3620000
2019-04-12 14:13:39.111000,1.11905,1.11902,1250000,3940000
2019-04-12 14:13:39.214000,1.11906,1.11903,1750000,1000000
2019-04-12 14:13:39.370000,1.11903,1.11902,1500000,1250000
2019-04-12 14:13:39.425000,1.11902,1.119,2500000,1200000
2019-04-12 14:13:39.859000,1.11902,1.11899,2500000,6190000
2019-04-12 14:13:40.313000,1.11903,1.119,1500000,1750000
2019-04-12 14:13:40.416000,1.11904,1.11902,1000000,2440000
2019-04-12 14:13:40.467000,1.11905,1.11902,1250000,2440000
2019-04-12 14:13:40.673000,1.11905,1.11902,1250000,3690000
2019-04-12 14:13:41.113000,1.11904,1.11902,5120000,2620000
2019-04-12 14:13:41.166000,1.11902,1.119,1250000,3370000
2019-04-12 14:13:43.019000,1.11902,1.119,1690000,1250000
2019-04-12 14:13:44.063000,1.11902,1.11899,1690000,3750000
2019-04-12 14:13:44.537000,1.11901,1.11899,1250000,2250000
2019-04-12 14:13:44.743000,1.11901,1.11899,1750000,1120000
2019-04-12 14:13:46.685000,1.119,1.11898,1750000,1000000
2019-04-12 14:13:46.787000,1.11901,1.11898,3260000,1250000
2019-04-12 14:13:47.241000,1.11899,1.11897,1250000,2060000
2019-04-12 14:13:47.343000,1.119,1.11897,1690000,3190000
2019-04-12 14:13:47.622000,1.11899,1.11897,1250000,2060000
2019-04-12 14:13:47.724000,1.11896,1.11892,5870000,3620000
2019-04-12 14:13:47.859000,1.11895,1.11892,1000000,2620000
2019-04-12 14:13:47.961000,1.11895,1.11892,1750000,2250000
2019-04-12 14:14:01.205000,1.11894,1.11891,3940000,1250000
2019-04-12 14:14:01.357000,1.11894,1.11891,4010000,1250000
2019-04-12 14:14:01.506000,1.11894,1.11891,4510000,1250000
2019-04-12 14:14:04.089000,1.1189,1.11889,4500000,1120000
2019-04-12 14:14:04.140000,1.1189,1.11887,3250000,3260000
2019-04-12 14:14:04.194000,1.1189,1.11889,3190000,1000000
2019-04-12 14:14:04.297000,1.11891,1.11889,1000000,1250000
2019-04-12 14:14:04.498000,1.11892,1.11889,3310000,1750000
2019-04-12 14:14:05.176000,1.11892,1.1189,1690000,1000000
2019-04-12 14:14:05.477000,1.11892,1.11889,3190000,1690000
2019-04-12 14:14:05.935000,1.11892,1.1189,1250000,1000000
2019-04-12 14:14:06.119000,1.11893,1.1189,4310000,1250000
2019-04-12 14:14:06.643000,1.11893,1.1189,4950000,1500000
2019-04-12 14:14:07.660000,1.11893,1.1189,4690000,1250000
2019-04-12 14:14:07.909000,1.11893,1.1189,3620000,1690000
2019-04-12 14:14:08.012000,1.11893,1.1189,2510000,2120000
2019-04-12 14:14:08.115000,1.11893,1.1189,2620000,1690000
2019-04-12 14:14:08.271000,1.11893,1.1189,1690000,1750000
2019-04-12 14:14:08.453000,1.11893,1.1189,1690000,1690000
2019-04-12 14:14:08.876000,1.11893,1.11891,1000000,1000000
2019-04-12 14:14:09.884000,1.11894,1.11891,7200000,1000000
2019-04-12 14:14:09.986000,1.11892,1.1189,1250000,1690000
2019-04-12 14:14:10.297000,1.11892,1.11889,3690000,2440000
2019-04-12 14:14:10.400000,1.11892,1.11889,3940000,1690000
2019-04-12 14:14:12.167000,1.11892,1.1189,1690000,1000000
2019-04-12 14:14:12.364000,1.11893,1.1189,4010000,2060000
2019-04-12 14:14:12.758000,1.11893,1.1189,1390000,2500000
2019-04-12 14:14:12.860000,1.11893,1.1189,2510000,2060000
2019-04-12 14:14:13.829000,1.11893,1.1189,1310000,2500000
2019-04-12 14:14:13.931000,1.11893,1.1189,2510000,2060000
2019-04-12 14:14:16.121000,1.11893,1.1189,1760000,2870000
2019-04-12 14:14:16.224000,1.11893,1.1189,2510000,2810000
2019-04-12 14:14:16.469000,1.11892,1.1189,1250000,1120000
2019-04-12 14:14:16.724000,1.11893,1.1189,2890000,1750000
2019-04-12 14:14:16.827000,1.11893,1.1189,3560000,1690000
2019-04-12 14:14:17.003000,1.11893,1.1189,4540000,1690000
2019-04-12 14:14:17.105000,1.11893,1.1189,3760000,1750000
2019-04-12 14:14:17.207000,1.11893,1.1189,4160000,1250000
2019-04-12 14:14:17.905000,1.11893,1.1189,4010000,1250000
2019-04-12 14:14:18.575000,1.11889,1.11887,1250000,1500000
2019-04-12 14:14:18.677000,1.1189,1.11889,2700000,1120000
2019-04-12 14:14:18.780000,1.11891,1.11889,1390000,1870000
2019-04-12 14:14:19.177000,1.1189,1.11887,2440000,1620000
2019-04-12 14:14:19.279000,1.11889,1.11887,1250000,1500000
2019-04-12 14:14:20.995000,1.11889,1.11887,1250000,1500000
2019-04-12 14:14:21.140000,1.11889,1.11887,1250000,1500000
2019-04-12 14:14:22.601000,1.11889,1.11886,3620000,1120000
2019-04-12 14:14:22.704000,1.11889,1.11887,2870000,1500000
2019-04-12 14:14:22.805000,1.11889,1.11888,2060000,1000000
2019-04-12 14:14:22.907000,1.11889,1.11887,2120000,1120000
2019-04-12 14:14:23.074000,1.11889,1.11887,1310000,1310000
2019-04-12 14:14:23.706000,1.1189,1.11889,6190000,11100000
2019-04-12 14:14:23.809000,1.11893,1.1189,2500000,11060000
2019-04-12 14:14:23.911000,1.11893,1.1189,2700000,10370000
