time,ask,bid,ask_volume,bid_volume
2018-11-02 13:55:00.195000,1.12913,1.1291,1870000,3190000
2018-11-02 13:55:00.455000,1.12913,1.12909,2810000,10310000
2018-11-02 13:55:00.960000,1.12913,1.1291,2060000,4500000
2018-11-02 13:55:01.492000,1.12913,1.12909,2440000,5810000
2018-11-02 13:55:02.491000,1.12912,1.12909,1190000,5620000
2018-11-02 13:55:03.036000,1.1291,1.12907,2060000,4500000
2018-11-02 13:55:03.579000,1.1291,1.12907,2060000,1000000
2018-11-02 13:55:04.348000,1.1291,1.12907,2060000,1500000
2018-11-02 13:55:04.825000,1.12911,1.12908,3260000,1000000
2018-11-02 13:55:05.445000,1.12911,1.12908,1120000,8440000
2018-11-02 13:55:05.710000,1.12914,1.12911,4010000,4690000
2018-11-02 13:55:06.059000,1.1291,1.12908,1120000,4690000
2018-11-02 13:55:06.570000,1.12912,1.12908,5510000,5440000
2018-11-02 13:55:07.093000,1.12912,1.12909,3560000,1000000
2018-11-02 13:55:07.613000,1.1291,1.12908,1250000,1000000
2018-11-02 13:55:07.929000,1.12907,1.12906,2250000,1500000
2018-11-02 13:55:08.314000,1.12906,1.12904,1690000,3750000
2018-11-02 13:55:08.367000,1.12906,1.12903,2440000,4200000
2018-11-02 13:55:09.025000,1.12907,1.12904,5810000,1000000
2018-11-02 13:55:09.842000,1.12907,1.12904,5060000,4500000
2018-11-02 13:55:10.012000,1.12908,1.12907,1000000,1000000
2018-11-02 13:55:10.066000,1.1291,1.12907,3190000,1500000
2018-11-02 13:55:10.662000,1.1291,1.12906,2810000,2620000
2018-11-02 13:55:10.714000,1.12908,1.12905,1690000,6450000
2018-11-02 13:55:10.818000,1.12906,1.12904,1250000,1500000
2018-11-02 13:55:11.355000,1.12908,1.12906,2510000,1000000
2018-11-02 13:55:11.728000,1.12906,1.12904,1250000,1500000
2018-11-02 13:55:12.095000,1.12909,1.12906,4690000,1250000
2018-11-02 13:55:12.609000,1.12909,1.12906,1310000,1690000
2018-11-02 13:55:12.968000,1.12907,1.12903,3560000,5810000
2018-11-02 13:55:13.487000,1.12907,1.12905,2250000,1250000
2018-11-02 13:55:14.169000,1.1291,1.12907,3560000,1000000
2018-11-02 13:55:14.715000,1.12911,1.12908,4690000,1500000
2018-11-02 13:55:15.244000,1.1291,1.12907,1190000,5620000
2018-11-02 13:55:15.768000,1.1291,1.12907,2060000,1120000
2018-11-02 13:55:16.097000,1.12906,1.12903,1250000,11890000
2018-11-02 13:55:16.702000,1.12906,1.12903,1250000,5810000
2018-11-02 13:55:17.236000,1.12906,1.12904,1250000,3750000
2018-11-02 13:55:17.940000,1.12907,1.12906,1120000,1000000
2018-11-02 13:55:18.087000,1.12909,1.12907,1390000,1500000
2018-11-02 13:55:18.896000,1.12907,1.12906,1000000,1000000
2018-11-02 13:55:19.208000,1.12909,1.12907,3560000,1500000
2018-11-02 13:55:19.566000,1.12911,1.12908,2440000,1000000
2018-11-02 13:55:19.823000,1.12908,1.12906,1000000,6450000
2018-11-02 13:55:20.132000,1.12911,1.12908,2810000,1000000
2018-11-02 13:55:20.672000,1.12911,1.12908,3560000,1000000
2018-11-02 13:55:21.244000,1.12909,1.12907,1310000,3750000
2018-11-02 13:55:21.738000,1.12907,1.12905,4350000,1200000
2018-11-02 13:55:22.058000,1.12906,1.12903,1310000,4500000
2018-11-02 13:55:22.612000,1.12905,1.12903,1190000,1000000
2018-11-02 13:55:23.125000,1.12904,1.12902,1250000,1500000
2018-11-02 13:55:24.864000,1.12904,1.12902,1190000,1000000
2018-11-02 13:55:25.004000,1.129,1.12897,2060000,8250000
2018-11-02 13:55:25.214000,1.12901,1.12898,3000000,2440000
2018-11-02 13:55:25.266000,1.12903,1.12899,2890000,6560000
2018-11-02 13:55:25.769000,1.12903,1.129,2440000,1000000
2018-11-02 13:55:26.485000,1.12903,1.12901,1120000,1250000
2018-11-02 13:55:27.007000,1.12903,1.129,1190000,1000000
2018-11-02 13:55:27.231000,1.12904,1.12902,2060000,3750000
2018-11-02 13:55:28.699000,1.12903,1.12901,1000000,1120000
2018-11-02 13:55:29.678000,1.12904,1.12901,2060000,4690000
2018-11-02 13:55:30.811000,1.12905,1.12901,2060000,3260000
2018-11-02 13:55:31.204000,1.12906,1.12904,1310000,1000000
2018-11-02 13:55:31.725000,1.12906,1.12903,2810000,1000000
2018-11-02 13:55:32.261000,1.12906,1.12904,1250000,1000000
2018-11-02 13:55:33.188000,1.12906,1.12903,1250000,1310000
2018-11-02 13:55:35.489000,1.12906,1.12903,1310000,1500000
2018-11-02 13:55:35.868000,1.12907,1.12904,3940000,4690000
2018-11-02 13:55:36.082000,1.12909,1.12907,5620000,1250000
2018-11-02 13:55:36.608000,1.12911,1.12907,2060000,2510000
2018-11-02 13:55:36.956000,1.12911,1.12909,1310000,1000000
2018-11-02 13:55:37.480000,1.12911,1.12909,1310000,1000000
2018-11-02 13:55:38.004000,1.1291,1.12908,1250000,4500000
2018-11-02 13:55:39.294000,1.1291,1.12907,2440000,5510000
2018-11-02 13:55:39.750000,1.12908,1.12905,2440000,13650000
2018-11-02 13:55:39.856000,1.12907,1.12904,2060000,9640000
2018-11-02 13:55:40.378000,1.12906,1.12904,1250000,4500000
2018-11-02 13:55:41.021000,1.12907,1.12906,2630000,1000000
2018-11-02 13:55:41.127000,1.12911,1.12907,6940000,1250000
2018-11-02 13:55:41.675000,1.12911,1.12908,2440000,1950000
2018-11-02 13:55:42.191000,1.1291,1.12909,1250000,1000000
2018-11-02 13:55:42.724000,1.1291,1.12908,1250000,1200000
2018-11-02 13:55:44.762000,1.12909,1.12908,1250000,1000000
2018-11-02 13:55:45.447000,1.12911,1.12908,2810000,1000000
2018-11-02 13:55:47.590000,1.12911,1.12907,2810000,5440000
2018-11-02 13:55:49.303000,1.12911,1.12908,2810000,3750000
2018-11-02 13:55:49.824000,1.1291,1.12907,2440000,1120000
2018-11-02 13:55:53.412000,1.1291,1.12907,3560000,2700000
2018-11-02 13:55:53.675000,1.12911,1.12909,2060000,1000000
2018-11-02 13:55:53.984000,1.12913,1.12911,1000000,1250000
2018-11-02 13:55:54.505000,1.12912,1.1291,1690000,1000000
2018-11-02 13:55:55.032000,1.12912,1.12908,1690000,8140000
2018-11-02 13:55:55.190000,1.12913,1.1291,5440000,5440000
2018-11-02 13:55:55.711000,1.12913,1.12911,1190000,1000000
2018-11-02 13:55:56.220000,1.12913,1.1291,2440000,1870000
2018-11-02 13:55:56.753000,1.12912,1.12909,2440000,6750000
2018-11-02 13:55:56.976000,1.1291,1.12908,1250000,5320000
2018-11-02 13:55:57.490000,1.1291,1.12907,1250000,11890000
2018-11-02 13:55:58.030000,1.12909,1.12908,1250000,1000000
2018-11-02 13:55:58.671000,1.1291,1.12908,1690000,1000000
2018-11-02 13:55:59.191000,1.12909,1.12907,1250000,4500000
2018-11-02 13:55:59.380000,1.12907,1.12906,2440000,1950000
2018-11-02 13:55:59.485000,1.12909,1.12906,6370000,4690000
2018-11-02 13:56:00.402000,1.1291,1.12907,2440000,5810000
2018-11-02 13:56:01.325000,1.12911,1.12908,2060000,3750000
2018-11-02 13:56:01.859000,1.12912,1.12909,2060000,3750000
2018-11-02 13:56:02.717000,1.12912,1.12908,2060000,4760000
2018-11-02 13:56:03.249000,1.12912,1.12909,2810000,3750000
2018-11-02 13:56:03.559000,1.1291,1.12908,1690000,1120000
2018-11-02 13:56:03.869000,1.12911,1.12908,2810000,1120000
2018-11-02 13:56:04.080000,1.12907,1.12906,1250000,3070000
2018-11-02 13:56:04.238000,1.12909,1.12906,3560000,1690000
2018-11-02 13:56:04.748000,1.12909,1.12907,1000000,1250000
2018-11-02 13:56:05.269000,1.1291,1.12908,1310000,1000000
2018-11-02 13:56:05.323000,1.12911,1.12908,3190000,1000000
2018-11-02 13:56:05.852000,1.1291,1.12908,1000000,1000000
2018-11-02 13:56:06.357000,1.12911,1.12908,1690000,1000000
2018-11-02 13:56:06.877000,1.12912,1.12908,2810000,2250000
2018-11-02 13:56:07.829000,1.12912,1.12908,1310000,6640000
2018-11-02 13:56:09.331000,1.1291,1.12908,1000000,1500000
2018-11-02 13:56:09.389000,1.12907,1.12906,1500000,4500000
2018-11-02 13:56:09.496000,1.12907,1.12905,2620000,1000000
2018-11-02 13:56:09.858000,1.12903,1.12902,1120000,1200000
2018-11-02 13:56:10.374000,1.12904,1.12902,1250000,1000000
2018-11-02 13:56:10.888000,1.12903,1.12902,1250000,1000000
2018-11-02 13:56:11.109000,1.12905,1.12902,3190000,1250000
2018-11-02 13:56:11.638000,1.12905,1.12903,1310000,1000000
2018-11-02 13:56:12.169000,1.12906,1.12902,3190000,7010000
2018-11-02 13:56:12.927000,1.12905,1.12902,1690000,4010000
2018-11-02 13:56:14.755000,1.12904,1.12902,1000000,1250000
2018-11-02 13:56:14.808000,1.12901,1.129,1000000,1200000
2018-11-02 13:56:15.018000,1.12901,1.12898,5440000,4500000
2018-11-02 13:56:15.633000,1.12901,1.12898,3190000,2440000
2018-11-02 13:56:16,1.12901,1.12899,1500000,2440000
2018-11-02 13:56:16.506000,1.12901,1.12899,2250000,1690000
2018-11-02 13:56:17.022000,1.12901,1.12899,2810000,1000000
2018-11-02 13:56:17.327000,1.12898,1.12896,1120000,1000000
2018-11-02 13:56:17.878000,1.12899,1.12896,1120000,3190000
2018-11-02 13:56:18.398000,1.129,1.12896,2060000,7120000
2018-11-02 13:56:18.910000,1.12901,1.12897,2440000,1250000
2018-11-02 13:56:19.066000,1.12901,1.12898,2250000,3560000
2018-11-02 13:56:19.225000,1.129,1.12897,1310000,2440000
2018-11-02 13:56:20.617000,1.12898,1.12896,1000000,1250000
2018-11-02 13:56:20.878000,1.12895,1.12892,1250000,10390000
2018-11-02 13:56:20.982000,1.12895,1.12893,1500000,8440000
2018-11-02 13:56:21.293000,1.12897,1.12894,1500000,2440000
2018-11-02 13:56:21.816000,1.12897,1.12894,1690000,1690000
2018-11-02 13:56:22.716000,1.12896,1.12894,1000000,1250000
2018-11-02 13:56:22.873000,1.12894,1.12892,2060000,1200000
2018-11-02 13:56:23.380000,1.12895,1.12892,3370000,5440000
2018-11-02 13:56:23.847000,1.12897,1.12895,1500000,1250000
2018-11-02 13:56:24.163000,1.12895,1.12893,2440000,1000000
2018-11-02 13:56:24.269000,1.12896,1.12893,2060000,1690000
2018-11-02 13:56:24.479000,1.12894,1.12893,1000000,1000000
2018-11-02 13:56:25.264000,1.12894,1.12892,1190000,1500000
2018-11-02 13:56:25.673000,1.12895,1.12893,3560000,3750000
2018-11-02 13:56:26.214000,1.12895,1.12892,3560000,1500000
2018-11-02 13:56:26.266000,1.12898,1.12896,1000000,3410000
2018-11-02 13:56:26.516000,1.12901,1.12899,1000000,6560000
2018-11-02 13:56:26.569000,1.12902,1.12901,1500000,1000000
2018-11-02 13:56:27.186000,1.12901,1.129,1250000,1000000
2018-11-02 13:56:27.398000,1.12901,1.12898,3190000,4690000
2018-11-02 13:56:28.016000,1.129,1.12898,1690000,3750000
2018-11-02 13:56:28.548000,1.129,1.12898,1310000,1000000
2018-11-02 13:56:30.467000,1.12899,1.12898,1000000,1000000
2018-11-02 13:56:30.681000,1.12898,1.12896,1000000,1690000
2018-11-02 13:56:31.185000,1.12897,1.12896,1250000,1000000
2018-11-02 13:56:31.828000,1.12898,1.12896,1690000,1000000
2018-11-02 13:56:32.371000,1.12899,1.12897,1250000,1120000
2018-11-02 13:56:33.493000,1.12895,1.12894,1250000,6750000
2018-11-02 13:56:33.837000,1.12893,1.12891,1000000,1690000
2018-11-02 13:56:34.361000,1.12894,1.12891,2060000,1690000
2018-11-02 13:56:34.901000,1.12894,1.12892,1000000,5440000
2018-11-02 13:56:35.475000,1.12894,1.12891,1250000,1310000
2018-11-02 13:56:35.988000,1.12893,1.12891,1000000,1250000
2018-11-02 13:56:36.526000,1.12894,1.12891,2060000,4690000
2018-11-02 13:56:36.890000,1.12893,1.12891,1190000,4500000
2018-11-02 13:56:37.442000,1.12893,1.12891,1000000,1000000
2018-11-02 13:56:37.975000,1.12892,1.1289,1000000,5140000
2018-11-02 13:56:38.793000,1.12893,1.1289,1250000,6260000
2018-11-02 13:56:39.607000,1.12894,1.12891,2810000,3940000
2018-11-02 13:56:40.118000,1.12894,1.12892,1690000,1000000
2018-11-02 13:56:40.490000,1.12894,1.12891,3190000,5250000
2018-11-02 13:56:41.042000,1.12893,1.12891,1310000,1000000
2018-11-02 13:56:41.545000,1.12893,1.12891,1690000,1000000
2018-11-02 13:56:42.184000,1.12893,1.1289,1500000,4760000
2018-11-02 13:56:42.701000,1.12893,1.1289,1310000,4570000
2018-11-02 13:56:43.479000,1.12893,1.1289,2440000,1760000
2018-11-02 13:56:43.984000,1.12893,1.1289,2060000,1100000
2018-11-02 13:56:44.245000,1.12894,1.12891,1250000,2810000
2018-11-02 13:56:44.560000,1.12895,1.12892,1000000,5810000
2018-11-02 13:56:44.886000,1.12898,1.12895,2810000,2250000
2018-11-02 13:56:45.438000,1.12897,1.12895,1250000,1120000
2018-11-02 13:56:45.806000,1.12896,1.12894,1690000,1500000
2018-11-02 13:56:45.858000,1.12895,1.12893,2440000,4870000
2018-11-02 13:56:46.378000,1.12896,1.12894,1000000,1310000
2018-11-02 13:56:47.226000,1.12898,1.12895,1690000,1310000
2018-11-02 13:56:47.734000,1.12896,1.12894,1250000,6070000
2018-11-02 13:56:48.087000,1.12898,1.12895,1500000,2060000
2018-11-02 13:56:48.657000,1.12899,1.12897,1500000,1250000
2018-11-02 13:56:49.183000,1.129,1.12897,3560000,1250000
2018-11-02 13:56:49.501000,1.129,1.12898,1000000,5250000
2018-11-02 13:56:50.387000,1.129,1.12897,1690000,5140000
2018-11-02 13:56:51.104000,1.12901,1.12899,2440000,1000000
2018-11-02 13:56:51.622000,1.129,1.12897,1690000,8140000
2018-11-02 13:56:52.333000,1.129,1.12898,1000000,1690000
2018-11-02 13:56:52.752000,1.12903,1.129,1950000,3190000
2018-11-02 13:56:52.804000,1.12904,1.12901,2440000,1250000
2018-11-02 13:56:53.346000,1.12904,1.12902,1250000,1000000
2018-11-02 13:56:53.932000,1.12905,1.12902,2440000,1690000
2018-11-02 13:56:54.511000,1.12906,1.12903,1500000,5250000
2018-11-02 13:56:54.999000,1.12907,1.12905,1500000,2810000
2018-11-02 13:56:55.833000,1.12907,1.12904,1500000,5440000
2018-11-02 13:56:57.800000,1.12908,1.12906,2250000,1690000
2018-11-02 13:56:57.907000,1.1291,1.12907,1000000,3190000
2018-11-02 13:56:58.543000,1.1291,1.12908,1190000,1500000
2018-11-02 13:56:58.654000,1.12911,1.12908,2810000,1500000
2018-11-02 13:56:59.380000,1.12911,1.12908,1000000,3190000
2018-11-02 13:56:59.487000,1.12913,1.1291,2060000,3190000
2018-11-02 13:56:59.881000,1.12914,1.12911,3560000,1750000
2018-11-02 13:57:00.659000,1.12914,1.12911,2250000,7670000
2018-11-02 13:57:00.973000,1.12916,1.12913,1000000,3640000
2018-11-02 13:57:01.289000,1.12918,1.12916,1000000,2440000
2018-11-02 13:57:01.533000,1.12919,1.12916,1250000,2440000
2018-11-02 13:57:02.841000,1.12919,1.12915,1870000,3450000
2018-11-02 13:57:03.353000,1.12917,1.12915,1000000,1500000
2018-11-02 13:57:03.911000,1.12916,1.12915,1000000,1000000
2018-11-02 13:57:04.126000,1.12914,1.12912,1190000,1200000
2018-11-02 13:57:04.180000,1.12914,1.12913,1000000,1250000
2018-11-02 13:57:04.233000,1.12917,1.12915,1000000,5060000
2018-11-02 13:57:04.286000,1.12919,1.12917,1000000,4690000
2018-11-02 13:57:04.446000,1.12921,1.12918,4310000,4870000
2018-11-02 13:57:04.781000,1.1292,1.12918,1190000,1120000
2018-11-02 13:57:05.766000,1.1292,1.12918,2440000,4120000
2018-11-02 13:57:06.736000,1.1292,1.12918,1690000,1120000
2018-11-02 13:57:07.495000,1.1292,1.12918,1690000,4120000
2018-11-02 13:57:07.810000,1.12923,1.12921,1500000,1500000
2018-11-02 13:57:08.194000,1.12921,1.12919,1250000,9450000
2018-11-02 13:57:08.247000,1.12922,1.1292,1310000,1120000
2018-11-02 13:57:08.829000,1.12922,1.1292,1250000,1500000
2018-11-02 13:57:09.451000,1.12923,1.12921,1000000,1310000
2018-11-02 13:57:10.293000,1.12922,1.12921,1000000,1250000
2018-11-02 13:57:10.847000,1.12923,1.12921,1500000,1310000
2018-11-02 13:57:10.952000,1.12925,1.12922,3560000,1500000
2018-11-02 13:57:11.473000,1.12925,1.12923,1190000,1000000
2018-11-02 13:57:11.831000,1.12924,1.12922,1500000,1120000
2018-11-02 13:57:12.042000,1.12922,1.12921,1000000,1120000
2018-11-02 13:57:12.363000,1.12921,1.12919,1250000,1120000
2018-11-02 13:57:12.835000,1.1292,1.12919,1310000,1120000
2018-11-02 13:57:13.104000,1.12924,1.12922,1690000,1500000
2018-11-02 13:57:13.424000,1.12922,1.12921,1000000,1500000
2018-11-02 13:57:13.740000,1.1292,1.12918,2060000,1870000
2018-11-02 13:57:14.184000,1.12921,1.12919,1120000,3170000
2018-11-02 13:57:14.501000,1.12924,1.12923,1250000,1500000
2018-11-02 13:57:14.872000,1.12922,1.1292,1000000,3260000
2018-11-02 13:57:15.397000,1.12923,1.12921,1870000,1310000
2018-11-02 13:57:16.103000,1.12925,1.12923,4120000,1500000
2018-11-02 13:57:16.625000,1.12925,1.12923,1310000,1500000
2018-11-02 13:57:16.679000,1.12923,1.12922,1000000,1000000
2018-11-02 13:57:17.199000,1.1292,1.12918,1250000,6150000
2018-11-02 13:57:17.735000,1.12919,1.12918,1000000,1500000
2018-11-02 13:57:18.702000,1.1292,1.12918,2250000,1690000
2018-11-02 13:57:19.222000,1.12919,1.12917,1250000,5250000
2018-11-02 13:57:23.041000,1.12918,1.12917,1000000,1120000
2018-11-02 13:57:23.560000,1.12919,1.12916,1690000,1690000
2018-11-02 13:57:23.966000,1.12919,1.12916,2440000,1500000
2018-11-02 13:57:24.018000,1.12919,1.12916,1690000,1690000
2018-11-02 13:57:24.681000,1.12918,1.12916,1000000,1690000
2018-11-02 13:57:25.233000,1.12919,1.12916,1690000,1690000
2018-11-02 13:57:25.853000,1.12923,1.1292,4500000,2000000
2018-11-02 13:57:25.906000,1.12924,1.12922,1000000,1120000
2018-11-02 13:57:26.481000,1.12925,1.12922,2440000,1310000
2018-11-02 13:57:26.989000,1.12923,1.1292,2440000,1310000
2018-11-02 13:57:27.542000,1.12923,1.1292,4310000,1120000
2018-11-02 13:57:28.061000,1.12923,1.12921,1250000,1120000
2018-11-02 13:57:28.604000,1.12924,1.12921,1690000,2440000
2018-11-02 13:57:30.173000,1.12923,1.12921,1190000,1500000
2018-11-02 13:57:30.804000,1.12921,1.12919,1500000,1310000
2018-11-02 13:57:30.858000,1.1292,1.12918,1500000,1310000
2018-11-02 13:57:31.378000,1.12922,1.1292,2140000,1500000
2018-11-02 13:57:31.574000,1.1292,1.12918,1250000,7950000
2018-11-02 13:57:32.102000,1.1292,1.12918,1690000,5250000
2018-11-02 13:57:36.533000,1.12919,1.12917,1190000,1120000
2018-11-02 13:57:37.328000,1.12919,1.12916,1250000,1690000
2018-11-02 13:57:37.909000,1.12919,1.12916,1190000,1500000
2018-11-02 13:57:38.121000,1.12916,1.12915,1250000,1000000
2018-11-02 13:57:38.477000,1.12918,1.12916,3000000,1690000
2018-11-02 13:57:38.998000,1.12919,1.12916,1690000,1690000
2018-11-02 13:57:39.694000,1.12918,1.12916,1190000,1500000
2018-11-02 13:57:39.801000,1.12916,1.12914,1690000,1000000
2018-11-02 13:57:39.854000,1.12915,1.12913,1690000,1870000
2018-11-02 13:57:40.596000,1.12915,1.12914,1000000,1000000
2018-11-02 13:57:40.757000,1.12916,1.12914,1250000,1500000
2018-11-02 13:57:41.285000,1.12916,1.12915,1000000,1000000
2018-11-02 13:57:43.425000,1.12917,1.12914,1500000,3190000
2018-11-02 13:57:43.585000,1.12919,1.12916,1690000,2440000
2018-11-02 13:57:43.743000,1.12915,1.12913,1000000,3260000
2018-11-02 13:57:43.998000,1.12914,1.12912,1500000,5440000
2018-11-02 13:57:44.052000,1.12915,1.12913,1000000,2060000
2018-11-02 13:57:44.260000,1.12913,1.12912,1000000,1120000
2018-11-02 13:57:44.786000,1.12913,1.1291,1690000,1500000
2018-11-02 13:57:45.310000,1.12913,1.12911,1250000,1500000
2018-11-02 13:57:45.848000,1.12914,1.12911,3560000,5440000
2018-11-02 13:57:46.452000,1.12915,1.12914,1000000,1250000
2018-11-02 13:57:46.507000,1.12917,1.12915,3450000,1250000
2018-11-02 13:57:46.561000,1.12917,1.12916,2250000,1500000
2018-11-02 13:57:47.092000,1.12918,1.12916,1250000,1500000
2018-11-02 13:57:48.106000,1.12918,1.12916,1190000,1500000
2018-11-02 13:57:48.623000,1.12918,1.12916,1000000,1690000
2018-11-02 13:57:49.143000,1.12917,1.12916,1000000,1000000
2018-11-02 13:57:49.678000,1.12915,1.12914,1250000,1000000
2018-11-02 13:57:49.891000,1.12918,1.12915,1950000,1690000
2018-11-02 13:57:50.387000,1.12919,1.12916,2440000,2440000
2018-11-02 13:57:51.413000,1.1292,1.12917,3640000,2440000
2018-11-02 13:57:51.960000,1.12919,1.12917,1250000,1500000
2018-11-02 13:57:54.495000,1.1292,1.12918,2700000,3410000
2018-11-02 13:57:54.802000,1.12922,1.12919,1500000,1500000
2018-11-02 13:57:55.164000,1.12923,1.12921,1500000,1690000
2018-11-02 13:57:55.726000,1.12924,1.12921,1690000,2440000
2018-11-02 13:57:56.338000,1.12923,1.12921,1690000,1500000
2018-11-02 13:57:56.892000,1.12923,1.12919,2440000,7690000
2018-11-02 13:57:56.994000,1.12922,1.12919,1000000,6190000
2018-11-02 13:57:57.583000,1.12921,1.12919,1000000,2440000
2018-11-02 13:57:57.687000,1.12924,1.12921,5440000,2060000
2018-11-02 13:57:58.224000,1.12924,1.12921,1250000,2440000
2018-11-02 13:58:00.121000,1.12925,1.12922,2440000,2060000
2018-11-02 13:58:01.499000,1.12924,1.12922,1000000,1290000
2018-11-02 13:58:02.606000,1.12923,1.12921,1250000,1870000
2018-11-02 13:58:03.217000,1.12924,1.12921,2700000,1120000
2018-11-02 13:58:03.932000,1.12923,1.12921,1000000,1120000
2018-11-02 13:58:04.446000,1.12924,1.12921,1500000,1870000
2018-11-02 13:58:06.954000,1.12923,1.12921,1000000,1870000
2018-11-02 13:58:07.477000,1.12924,1.12921,2700000,1120000
2018-11-02 13:58:07.988000,1.12923,1.1292,2060000,1120000
2018-11-02 13:58:08.545000,1.12923,1.1292,2250000,2060000
2018-11-02 13:58:09.713000,1.12924,1.12921,2440000,1310000
2018-11-02 13:58:11.062000,1.12922,1.1292,1500000,1120000
2018-11-02 13:58:11.378000,1.12919,1.12917,1250000,2620000
2018-11-02 13:58:11.535000,1.12921,1.12918,1690000,1870000
2018-11-02 13:58:11.587000,1.1292,1.12917,3190000,3000000
2018-11-02 13:58:12.108000,1.1292,1.12917,2440000,1500000
2018-11-02 13:58:12.629000,1.1292,1.12917,5890000,1500000
2018-11-02 13:58:13.148000,1.1292,1.12916,5140000,6190000
2018-11-02 13:58:14.544000,1.12919,1.12916,1690000,3000000
2018-11-02 13:58:19.171000,1.12916,1.12913,3940000,1200000
2018-11-02 13:58:19.280000,1.12913,1.12911,1500000,1690000
2018-11-02 13:58:19.813000,1.12912,1.1291,1250000,1500000
2018-11-02 13:58:22.796000,1.12908,1.12905,5060000,1000000
2018-11-02 13:58:22.902000,1.12906,1.12903,1250000,2060000
2018-11-02 13:58:24.451000,1.12905,1.12902,1000000,3560000
2018-11-02 13:58:25.310000,1.12904,1.12902,1000000,1690000
2018-11-02 13:58:25.362000,1.12902,1.12899,2250000,2140000
2018-11-02 13:58:25.676000,1.12899,1.12897,1250000,1500000
2018-11-02 13:58:26.794000,1.12899,1.12896,1690000,3360000
2018-11-02 13:58:27.322000,1.12899,1.12896,1500000,2810000
2018-11-02 13:58:27.826000,1.12899,1.12896,1690000,1870000
2018-11-02 13:58:32.139000,1.12901,1.12898,1950000,1000000
2018-11-02 13:58:32.592000,1.12899,1.12896,1000000,2440000
2018-11-02 13:58:33.096000,1.129,1.12897,1000000,1250000
2018-11-02 13:58:34.426000,1.129,1.12898,1000000,1000000
2018-11-02 13:58:35.157000,1.12899,1.12897,1000000,1310000
2018-11-02 13:58:35.669000,1.12898,1.12896,1000000,2440000
2018-11-02 13:58:36.192000,1.12898,1.12895,1250000,2810000
2018-11-02 13:58:36.741000,1.12897,1.12894,1000000,2440000
2018-11-02 13:58:37.250000,1.12896,1.12894,1000000,1690000
2018-11-02 13:58:37.777000,1.12897,1.12893,2250000,5810000
2018-11-02 13:58:40.626000,1.12896,1.12893,1000000,3560000
2018-11-02 13:58:41.190000,1.12897,1.12894,1500000,2440000
2018-11-02 13:58:42.734000,1.12899,1.12897,2620000,1000000
2018-11-02 13:58:43.275000,1.12899,1.12897,1000000,1120000
2018-11-02 13:58:44.513000,1.12899,1.12896,1000000,2620000
2018-11-02 13:58:46.108000,1.12901,1.12899,1200000,4120000
2018-11-02 13:58:46.420000,1.12903,1.129,1500000,2060000
2018-11-02 13:58:46.971000,1.12904,1.12901,2060000,1690000
2018-11-02 13:58:47.750000,1.12904,1.12901,1000000,3560000
2018-11-02 13:58:48.271000,1.12906,1.12903,1870000,1690000
2018-11-02 13:58:48.324000,1.12907,1.12904,1570000,3190000
2018-11-02 13:58:48.858000,1.12908,1.12905,2620000,1190000
2018-11-02 13:58:49.955000,1.12908,1.12904,3560000,2890000
2018-11-02 13:58:50.631000,1.12908,1.12905,3070000,1760000
2018-11-02 13:58:51.966000,1.12907,1.12905,1310000,1000000
2018-11-02 13:58:52.487000,1.12907,1.12905,3190000,1000000
2018-11-02 13:58:53.040000,1.12907,1.12905,3000000,1190000
2018-11-02 13:58:54.628000,1.12907,1.12904,6750000,2060000
2018-11-02 13:58:55.202000,1.12906,1.12903,1500000,1250000
2018-11-02 13:58:56.492000,1.12907,1.12904,3750000,2060000
2018-11-02 13:58:56.759000,1.12908,1.12905,1870000,1690000
2018-11-02 13:58:57.618000,1.12909,1.12906,4500000,3190000
2018-11-02 13:58:57.726000,1.12911,1.12908,6370000,1250000
2018-11-02 13:58:57.780000,1.12912,1.1291,5320000,1250000
2018-11-02 13:58:58.296000,1.12913,1.12909,1500000,5140000
2018-11-02 13:58:58.822000,1.12914,1.12912,5060000,1000000
2018-11-02 13:58:59.370000,1.12914,1.12911,2440000,1120000
2018-11-02 13:58:59.898000,1.12914,1.1291,1690000,2440000
2018-11-02 13:59:00.450000,1.12913,1.1291,4500000,1310000
2018-11-02 13:59:01.309000,1.12913,1.1291,5250000,2060000
2018-11-02 13:59:04.708000,1.12914,1.12911,5250000,3190000
2018-11-02 13:59:06.314000,1.12915,1.12911,1500000,2810000
2018-11-02 13:59:06.853000,1.12916,1.12913,5620000,1250000
2018-11-02 13:59:07.394000,1.12916,1.12912,7010000,2440000
2018-11-02 13:59:07.743000,1.12917,1.12913,6000000,1690000
2018-11-02 13:59:08.083000,1.12918,1.12915,1870000,1690000
2018-11-02 13:59:08.631000,1.12919,1.12916,2060000,1250000
2018-11-02 13:59:09.144000,1.12918,1.12915,2700000,1870000
2018-11-02 13:59:09.460000,1.12916,1.12914,1000000,1000000
2018-11-02 13:59:10.016000,1.12916,1.12913,5250000,2440000
2018-11-02 13:59:10.391000,1.12917,1.12915,1000000,1000000
2018-11-02 13:59:10.655000,1.12919,1.12915,10760000,3560000
2018-11-02 13:59:13.287000,1.12918,1.12916,1000000,1000000
2018-11-02 13:59:13.836000,1.12919,1.12915,2810000,2060000
2018-11-02 13:59:14.669000,1.12919,1.12915,2810000,1870000
2018-11-02 13:59:15.286000,1.12919,1.12916,4010000,1000000
2018-11-02 13:59:15.892000,1.12919,1.12916,4310000,1250000
2018-11-02 13:59:17.172000,1.12919,1.12917,1310000,1000000
2018-11-02 13:59:17.224000,1.12921,1.12917,7310000,2810000
2018-11-02 13:59:17.506000,1.12921,1.12919,1120000,1000000
2018-11-02 13:59:18.038000,1.12921,1.12918,2810000,1000000
2018-11-02 13:59:21.398000,1.12921,1.12919,2060000,1000000
2018-11-02 13:59:21.915000,1.12921,1.12918,1870000,2440000
2018-11-02 13:59:26.002000,1.12923,1.1292,2810000,1250000
2018-11-02 13:59:26.533000,1.12924,1.12921,2060000,1250000
2018-11-02 13:59:27.454000,1.12924,1.1292,2510000,1310000
2018-11-02 13:59:28.028000,1.12923,1.12919,1000000,3560000
2018-11-02 13:59:29.046000,1.12924,1.1292,2510000,1310000
2018-11-02 13:59:29.575000,1.12924,1.12921,1310000,1250000
2018-11-02 13:59:30.104000,1.12924,1.12921,1500000,2060000
2018-11-02 13:59:30.721000,1.12924,1.12923,1000000,1250000
2018-11-02 13:59:30.773000,1.12926,1.12923,1500000,1250000
2018-11-02 13:59:30.826000,1.12927,1.12925,2250000,1190000
2018-11-02 13:59:31.036000,1.12928,1.12924,2620000,4120000
2018-11-02 13:59:31.609000,1.12928,1.12925,1000000,3370000
2018-11-02 13:59:32.233000,1.12929,1.12926,2620000,1500000
2018-11-02 13:59:36.096000,1.1293,1.12926,3070000,1870000
2018-11-02 13:59:37.267000,1.12926,1.12925,1000000,1000000
2018-11-02 13:59:37.321000,1.12926,1.12923,1500000,1120000
2018-11-02 13:59:37.379000,1.12928,1.12925,4570000,1500000
2018-11-02 13:59:37.966000,1.12929,1.12926,1000000,1120000
2018-11-02 13:59:40.286000,1.1293,1.12926,2320000,2620000
2018-11-02 13:59:44.844000,1.1293,1.12927,1120000,1000000
2018-11-02 13:59:45.369000,1.1293,1.12926,1870000,1870000
2018-11-02 13:59:46.337000,1.1293,1.12926,1500000,2250000
2018-11-02 13:59:46.444000,1.12933,1.12929,2620000,1120000
2018-11-02 13:59:46.498000,1.12934,1.12933,1000000,1000000
2018-11-02 13:59:46.627000,1.12935,1.12931,1120000,1870000
2018-11-02 13:59:46.946000,1.12934,1.12928,2700000,1950000
2018-11-02 13:59:47.285000,1.12933,1.12928,1750000,1000000
2018-11-02 13:59:47.442000,1.12934,1.12928,1200000,1500000
2018-11-02 13:59:50.061000,1.12935,1.12928,1950000,1500000
2018-11-02 13:59:50.779000,1.12935,1.1293,1950000,1500000
2018-11-02 13:59:50.884000,1.12938,1.12931,3000000,1000000
2018-11-02 13:59:51.243000,1.12939,1.12934,1000000,1500000
2018-11-02 13:59:51.791000,1.1294,1.12934,2250000,1690000
2018-11-02 13:59:52.354000,1.1294,1.12935,1500000,1500000
2018-11-02 13:59:52.675000,1.12944,1.12939,2250000,1500000
2018-11-02 13:59:53.206000,1.12943,1.1294,1000000,1500000
2018-11-02 13:59:53.518000,1.12945,1.1294,2250000,1500000
2018-11-02 13:59:54.468000,1.12946,1.1294,2250000,1000000
2018-11-02 13:59:54.974000,1.12947,1.12941,1000000,1000000
2018-11-02 13:59:55.431000,1.12949,1.12944,1200000,1500000
2018-11-02 13:59:55.793000,1.12948,1.12942,1000000,1200000
2018-11-02 13:59:57.054000,1.12948,1.12941,3070000,1000000
2018-11-02 13:59:57.579000,1.12947,1.1294,1200000,1000000
2018-11-02 13:59:57.740000,1.12943,1.12936,1950000,1870000
2018-11-02 13:59:58.257000,1.12943,1.12935,2700000,1000000
2018-11-02 13:59:58.769000,1.12943,1.12934,3070000,1200000
2018-11-02 13:59:59.173000,1.12941,1.12933,1000000,3190000
2018-11-02 13:59:59.705000,1.12941,1.12933,1000000,1200000
2018-11-02 14:00:00.097000,1.12938,1.12932,1000000,1100000
2018-11-02 14:00:00.435000,1.12936,1.1293,1500000,1250000
2018-11-02 14:00:00.538000,1.12938,1.12931,3450000,1000000
2018-11-02 14:00:01.052000,1.12939,1.12932,1950000,1000000
2018-11-02 14:00:02.245000,1.12939,1.12932,3750000,1000000
2018-11-02 14:00:03.102000,1.12938,1.12933,1950000,1000000
2018-11-02 14:00:04.334000,1.12938,1.12932,1200000,1500000
2018-11-02 14:00:04.889000,1.12938,1.12932,1390000,1690000
2018-11-02 14:00:07.110000,1.12934,1.1293,2890000,4570000
2018-11-02 14:00:07.215000,1.12933,1.12927,2140000,5810000
2018-11-02 14:00:07.499000,1.12931,1.12926,1190000,3940000
2018-11-02 14:00:08.177000,1.12931,1.12926,1000000,2440000
2018-11-02 14:00:08.745000,1.12931,1.12926,1250000,3190000
2018-11-02 14:00:10.545000,1.12932,1.12926,3190000,3190000
2018-11-02 14:00:11.153000,1.12932,1.12926,3640000,2810000
2018-11-02 14:00:11.731000,1.1293,1.12926,1690000,2810000
2018-11-02 14:00:13.317000,1.12928,1.12925,1690000,2700000
2018-11-02 14:00:13.857000,1.12927,1.12924,1250000,1200000
2018-11-02 14:00:14.197000,1.12929,1.12925,2510000,1010000
2018-11-02 14:00:14.718000,1.12928,1.12924,1250000,2140000
2018-11-02 14:00:16.621000,1.12929,1.12926,2510000,1310000
2018-11-02 14:00:17.200000,1.1293,1.12926,1760000,2620000
2018-11-02 14:00:17.434000,1.12932,1.12929,3640000,1000000
2018-11-02 14:00:17.487000,1.12933,1.12929,4390000,1250000
2018-11-02 14:00:18.022000,1.12933,1.1293,1760000,1100000
2018-11-02 14:00:18.126000,1.12932,1.12928,3260000,1950000
2018-11-02 14:00:18.179000,1.12931,1.12928,1250000,1120000
2018-11-02 14:00:19.036000,1.12931,1.12927,1690000,2620000
2018-11-02 14:00:20.344000,1.12931,1.12927,1390000,2060000
2018-11-02 14:00:20.849000,1.12931,1.12927,3340000,1690000
2018-11-02 14:00:21.110000,1.12932,1.1293,1200000,1690000
2018-11-02 14:00:21.175000,1.12934,1.12931,2250000,1310000
2018-11-02 14:00:21.414000,1.12937,1.12933,4390000,1310000
2018-11-02 14:00:22.525000,1.12938,1.12934,3640000,1250000
2018-11-02 14:00:24.246000,1.12938,1.12933,5510000,1120000
2018-11-02 14:00:26.116000,1.12938,1.12933,3640000,2810000
2018-11-02 14:00:26.641000,1.12938,1.12933,5140000,1120000
2018-11-02 14:00:30.993000,1.12937,1.12933,2440000,3370000
2018-11-02 14:00:31.542000,1.12937,1.12933,1390000,2060000
2018-11-02 14:00:32.076000,1.12937,1.12933,5510000,1250000
2018-11-02 14:00:32.594000,1.12937,1.12934,3640000,1000000
2018-11-02 14:00:33.167000,1.12937,1.12934,3710000,1000000
2018-11-02 14:00:33.685000,1.12936,1.12933,4090000,1000000
2018-11-02 14:00:34.494000,1.12936,1.12933,2510000,1690000
2018-11-02 14:00:35.040000,1.12936,1.12934,1310000,1000000
2018-11-02 14:00:35.292000,1.12935,1.12933,1690000,1000000
2018-11-02 14:00:35.397000,1.12934,1.12932,1690000,1000000
2018-11-02 14:00:35.887000,1.12936,1.12933,1190000,1000000
2018-11-02 14:00:36.408000,1.12937,1.12934,2810000,1000000
2018-11-02 14:00:36.721000,1.12938,1.12936,2810000,1000000
2018-11-02 14:00:37.273000,1.12938,1.12936,1190000,1000000
2018-11-02 14:00:37.328000,1.12938,1.12934,2810000,1870000
2018-11-02 14:00:37.444000,1.12938,1.12936,3560000,1000000
2018-11-02 14:00:38.004000,1.12937,1.12935,1190000,1000000
2018-11-02 14:00:38.794000,1.12937,1.12934,2440000,1120000
2018-11-02 14:00:43.670000,1.12937,1.12934,4310000,1000000
2018-11-02 14:00:44.216000,1.12938,1.12936,3940000,1000000
2018-11-02 14:00:44.655000,1.12937,1.12935,2510000,1000000
2018-11-02 14:00:45.073000,1.12938,1.12935,5510000,1000000
2018-11-02 14:00:45.215000,1.12938,1.12937,1000000,3000000
2018-11-02 14:00:45.322000,1.12941,1.12939,1310000,1000000
2018-11-02 14:00:45.823000,1.12942,1.1294,3940000,1000000
2018-11-02 14:00:46.285000,1.12943,1.12941,1870000,1250000
2018-11-02 14:00:47.419000,1.12944,1.12942,1120000,1000000
2018-11-02 14:00:47.949000,1.12943,1.12941,1250000,1000000
2018-11-02 14:00:49.370000,1.12945,1.12943,4010000,1000000
2018-11-02 14:00:49.859000,1.12943,1.12941,2810000,2250000
2018-11-02 14:00:50.183000,1.12931,1.12929,1120000,1000000
2018-11-02 14:00:50.499000,1.1293,1.12927,1000000,1870000
2018-11-02 14:00:51.028000,1.12929,1.12927,1000000,1120000
2018-11-02 14:00:51.082000,1.12932,1.12928,3640000,1000000
2018-11-02 14:00:51.135000,1.12933,1.12932,1950000,1000000
2018-11-02 14:00:51.644000,1.12934,1.12932,1250000,1120000
2018-11-02 14:00:52.427000,1.12933,1.12931,1250000,4120000
2018-11-02 14:00:52.685000,1.12932,1.12928,3640000,1500000
2018-11-02 14:00:53.274000,1.12933,1.12931,3450000,1000000
2018-11-02 14:00:53.797000,1.12934,1.12932,1000000,1120000
2018-11-02 14:00:55.150000,1.12935,1.12931,1500000,5060000
2018-11-02 14:00:56.384000,1.12934,1.12931,2890000,2440000
2018-11-02 14:00:56.490000,1.12933,1.1293,1760000,1000000
2018-11-02 14:00:56.819000,1.12934,1.12931,2320000,1190000
2018-11-02 14:00:57.333000,1.12934,1.12931,1690000,3000000
2018-11-02 14:00:57.632000,1.12935,1.12932,3260000,1250000
2018-11-02 14:00:58.994000,1.12934,1.12931,1390000,1120000
2018-11-02 14:00:59.517000,1.12933,1.1293,2440000,1120000
2018-11-02 14:01:00.148000,1.12933,1.1293,1390000,1310000
2018-11-02 14:01:00.467000,1.12935,1.12932,3260000,1250000
2018-11-02 14:01:01.504000,1.12935,1.12933,1690000,1000000
2018-11-02 14:01:02.276000,1.12936,1.12934,1000000,1000000
2018-11-02 14:01:02.599000,1.1294,1.12937,2140000,1000000
2018-11-02 14:01:03.140000,1.12939,1.12936,1190000,1870000
2018-11-02 14:01:03.610000,1.1294,1.12938,1250000,1000000
2018-11-02 14:01:03.995000,1.12939,1.12936,1690000,2810000
2018-11-02 14:01:04.544000,1.1294,1.12936,1760000,2810000
2018-11-02 14:01:04.971000,1.12942,1.1294,1010000,1000000
2018-11-02 14:01:05.031000,1.12944,1.1294,4010000,1310000
2018-11-02 14:01:05.342000,1.12941,1.12939,1250000,3750000
2018-11-02 14:01:05.491000,1.12944,1.1294,4760000,1310000
2018-11-02 14:01:06.021000,1.1294,1.12939,1000000,1500000
2018-11-02 14:01:06.075000,1.1294,1.12938,4310000,1500000
2018-11-02 14:01:06.128000,1.12938,1.12936,1250000,1000000
2018-11-02 14:01:06.410000,1.12938,1.12934,1690000,4690000
2018-11-02 14:01:07.225000,1.12938,1.12934,1250000,3190000
2018-11-02 14:01:07.645000,1.12938,1.12935,1190000,10570000
2018-11-02 14:01:07.699000,1.12939,1.12935,4310000,8320000
2018-11-02 14:01:08.227000,1.12939,1.12935,1310000,2620000
2018-11-02 14:01:08.593000,1.12941,1.12938,3810000,2060000
2018-11-02 14:01:08.851000,1.12943,1.12939,2060000,2810000
2018-11-02 14:01:09.216000,1.12944,1.1294,2700000,2440000
2018-11-02 14:01:09.449000,1.12945,1.12941,2060000,3370000
2018-11-02 14:01:09.762000,1.12944,1.12941,1690000,1870000
2018-11-02 14:01:10.264000,1.12943,1.12939,1190000,2250000
2018-11-02 14:01:10.473000,1.12943,1.12938,1390000,2810000
2018-11-02 14:01:10.526000,1.1294,1.12937,2290000,3750000
2018-11-02 14:01:11.040000,1.12939,1.12935,1760000,2810000
2018-11-02 14:01:11.196000,1.12938,1.12934,2140000,3000000
2018-11-02 14:01:11.617000,1.12935,1.12932,1190000,2250000
2018-11-02 14:01:11.670000,1.12937,1.12932,1390000,4690000
2018-11-02 14:01:11.931000,1.12938,1.12934,2510000,1250000
2018-11-02 14:01:12.722000,1.12937,1.12933,1690000,1870000
2018-11-02 14:01:14.577000,1.12935,1.12932,1690000,1120000
2018-11-02 14:01:14.890000,1.12933,1.1293,2440000,1120000
2018-11-02 14:01:14.996000,1.12935,1.12932,2810000,1250000
2018-11-02 14:01:15.208000,1.12937,1.12933,2140000,1690000
2018-11-02 14:01:15.758000,1.12938,1.12934,3260000,1000000
2018-11-02 14:01:16.305000,1.12938,1.12934,2510000,2440000
2018-11-02 14:01:16.880000,1.12939,1.12935,5510000,1690000
2018-11-02 14:01:17.072000,1.1294,1.12937,1760000,1500000
2018-11-02 14:01:18.444000,1.12942,1.12938,5140000,1000000
2018-11-02 14:01:18.776000,1.12939,1.12937,1690000,1000000
2018-11-02 14:01:19.090000,1.12938,1.12935,1190000,1870000
2018-11-02 14:01:19.143000,1.12939,1.12935,5510000,2060000
2018-11-02 14:01:19.805000,1.1294,1.12937,1250000,1310000
2018-11-02 14:01:20.020000,1.12944,1.12941,1690000,5250000
2018-11-02 14:01:20.568000,1.12944,1.12941,1690000,1500000
2018-11-02 14:01:20.777000,1.12943,1.12939,1690000,2700000
2018-11-02 14:01:21.507000,1.12943,1.12939,3560000,2060000
2018-11-02 14:01:22.058000,1.12943,1.12939,2810000,1870000
2018-11-02 14:01:22.215000,1.12939,1.12936,2060000,1200000
2018-11-02 14:01:23.919000,1.12941,1.12936,4760000,3190000
2018-11-02 14:01:23.972000,1.12941,1.12937,1310000,4310000
2018-11-02 14:01:24.477000,1.12942,1.12938,3260000,1120000
2018-11-02 14:01:25.103000,1.12943,1.12939,3260000,2250000
2018-11-02 14:01:25.929000,1.12943,1.1294,3640000,1000000
2018-11-02 14:01:26.450000,1.12943,1.12939,3640000,2250000
2018-11-02 14:01:26.889000,1.12939,1.12937,1000000,2700000
2018-11-02 14:01:27.153000,1.12938,1.12935,1120000,1690000
2018-11-02 14:01:27.694000,1.12937,1.12935,1250000,1000000
2018-11-02 14:01:28.215000,1.12938,1.12934,2060000,3370000
2018-11-02 14:01:29.995000,1.12938,1.12935,2510000,1000000
2018-11-02 14:01:30.931000,1.12937,1.12935,1190000,1000000
2018-11-02 14:01:31.435000,1.12937,1.12934,2440000,1120000
2018-11-02 14:01:32.009000,1.12936,1.12933,2290000,3000000
2018-11-02 14:01:32.172000,1.12934,1.12932,1690000,1000000
2018-11-02 14:01:32.766000,1.12934,1.1293,1690000,4690000
2018-11-02 14:01:33.429000,1.12935,1.12933,1000000,2060000
2018-11-02 14:01:33.598000,1.12937,1.12933,2060000,3560000
2018-11-02 14:01:33.804000,1.12935,1.12933,1190000,1870000
2018-11-02 14:01:33.908000,1.12936,1.12933,1250000,1870000
2018-11-02 14:01:34.013000,1.12935,1.12932,2810000,2250000
2018-11-02 14:01:34.326000,1.12933,1.12929,3190000,3520000
2018-11-02 14:01:35.806000,1.12933,1.12929,3640000,3640000
2018-11-02 14:01:36.117000,1.12932,1.12929,1190000,2700000
2018-11-02 14:01:36.432000,1.12929,1.12926,2810000,1120000
2018-11-02 14:01:36.598000,1.12924,1.12923,1000000,1500000
2018-11-02 14:01:36.653000,1.12924,1.12919,7760000,2060000
2018-11-02 14:01:36.706000,1.12924,1.12921,3260000,1250000
2018-11-02 14:01:37.251000,1.12924,1.1292,4390000,1120000
2018-11-02 14:01:37.769000,1.12924,1.1292,3260000,2060000
2018-11-02 14:01:38.524000,1.12925,1.12921,1310000,1310000
2018-11-02 14:01:38.903000,1.12927,1.12923,4570000,1000000
2018-11-02 14:01:39.216000,1.12928,1.12925,2510000,1000000
2018-11-02 14:01:39.398000,1.12926,1.12922,3560000,6280000
2018-11-02 14:01:39.553000,1.12924,1.1292,1000000,3000000
2018-11-02 14:01:40.122000,1.12923,1.12919,1000000,2510000
2018-11-02 14:01:40.661000,1.12924,1.1292,2140000,1310000
2018-11-02 14:01:41.251000,1.12924,1.12919,2890000,2060000
2018-11-02 14:01:42.908000,1.12923,1.12919,3260000,1120000
2018-11-02 14:01:43.440000,1.12922,1.12918,3260000,1120000
2018-11-02 14:01:44.296000,1.12921,1.12917,2890000,1870000
2018-11-02 14:01:44.657000,1.12918,1.12914,1250000,4390000
2018-11-02 14:01:45.235000,1.12917,1.12914,1250000,1310000
2018-11-02 14:01:45.718000,1.12916,1.12913,1190000,4120000
2018-11-02 14:01:46.238000,1.12916,1.12913,1000000,1690000
2018-11-02 14:01:46.759000,1.12917,1.12913,1690000,1690000
2018-11-02 14:01:48.636000,1.12918,1.12914,3640000,1250000
2018-11-02 14:01:51.361000,1.12918,1.12914,2510000,1500000
2018-11-02 14:01:51.912000,1.12918,1.12913,2510000,2060000
2018-11-02 14:01:54.174000,1.12915,1.12913,1690000,1000000
2018-11-02 14:01:54.686000,1.12916,1.12913,1310000,1000000
2018-11-02 14:01:54.742000,1.12915,1.12911,2060000,4310000
2018-11-02 14:01:55.221000,1.12916,1.12913,1690000,1000000
2018-11-02 14:01:55.533000,1.12916,1.12912,2440000,1120000
2018-11-02 14:01:55.865000,1.12911,1.12908,1250000,2510000
2018-11-02 14:01:56.187000,1.12911,1.12907,3190000,1870000
2018-11-02 14:01:57.418000,1.12909,1.12905,2810000,3260000
2018-11-02 14:01:58.010000,1.12909,1.12906,1310000,1250000
2018-11-02 14:01:58.511000,1.12908,1.12905,1250000,5810000
2018-11-02 14:01:58.668000,1.12907,1.12903,2060000,6640000
2018-11-02 14:01:58.991000,1.12906,1.12902,5140000,1870000
2018-11-02 14:01:59.509000,1.12906,1.12902,1310000,1310000
2018-11-02 14:01:59.562000,1.12907,1.12906,2920000,1250000
2018-11-02 14:01:59.926000,1.12909,1.12907,2060000,1000000
2018-11-02 14:01:59.979000,1.12907,1.12904,2440000,1620000
2018-11-02 14:02:00.328000,1.12917,1.12914,1310000,2250000
2018-11-02 14:02:00.718000,1.12919,1.12916,1310000,1000000
2018-11-02 14:02:00.771000,1.1292,1.12917,3750000,1250000
2018-11-02 14:02:00.877000,1.12923,1.12921,4870000,1000000
2018-11-02 14:02:01.412000,1.12924,1.1292,2060000,1120000
2018-11-02 14:02:01.914000,1.12924,1.1292,1190000,3450000
2018-11-02 14:02:02.069000,1.12922,1.12919,1250000,4120000
2018-11-02 14:02:02.583000,1.12922,1.12918,1690000,5250000
2018-11-02 14:02:03.327000,1.1292,1.12917,4310000,1500000
2018-11-02 14:02:03.534000,1.12924,1.1292,4010000,1250000
2018-11-02 14:02:03.897000,1.12922,1.12919,3560000,1200000
2018-11-02 14:02:03.950000,1.12922,1.12918,3560000,1870000
2018-11-02 14:02:04.489000,1.12922,1.12918,1310000,3370000
2018-11-02 14:02:05.043000,1.12923,1.12919,4310000,1500000
2018-11-02 14:02:05.561000,1.1292,1.12917,3190000,2620000
2018-11-02 14:02:06.049000,1.12921,1.12918,1120000,1000000
2018-11-02 14:02:06.361000,1.12918,1.12916,1310000,1950000
2018-11-02 14:02:06.517000,1.12918,1.12914,1310000,2700000
2018-11-02 14:02:06.731000,1.12919,1.12916,1310000,1500000
2018-11-02 14:02:07.519000,1.12919,1.12918,1120000,1000000
2018-11-02 14:02:07.572000,1.12923,1.12919,4760000,2060000
2018-11-02 14:02:08.094000,1.12924,1.1292,1690000,1000000
2018-11-02 14:02:08.451000,1.12922,1.12918,1310000,10010000
2018-11-02 14:02:08.823000,1.12923,1.1292,3940000,1000000
2018-11-02 14:02:09.540000,1.12923,1.12919,2060000,3260000
2018-11-02 14:02:10.280000,1.12924,1.1292,3560000,1000000
2018-11-02 14:02:10.803000,1.12924,1.12921,1310000,1000000
2018-11-02 14:02:11.318000,1.12925,1.12922,1500000,1000000
2018-11-02 14:02:11.631000,1.12924,1.1292,1310000,1870000
2018-11-02 14:02:12.140000,1.12924,1.12921,1310000,1950000
2018-11-02 14:02:12.641000,1.12926,1.12922,2810000,1500000
2018-11-02 14:02:12.990000,1.12919,1.12916,1690000,1870000
2018-11-02 14:02:13.513000,1.1292,1.12916,6260000,1690000
2018-11-02 14:02:14.022000,1.12917,1.12914,1120000,3260000
2018-11-02 14:02:15.166000,1.12916,1.12913,1000000,3260000
2018-11-02 14:02:15.273000,1.12913,1.12911,1690000,3370000
2018-11-02 14:02:15.501000,1.12913,1.12909,1690000,1950000
2018-11-02 14:02:18.467000,1.12914,1.12912,1000000,1500000
2018-11-02 14:02:18.573000,1.12916,1.12913,2510000,1000000
2018-11-02 14:02:19.099000,1.12913,1.12911,1690000,3370000
2018-11-02 14:02:19.166000,1.12911,1.12909,2060000,3000000
2018-11-02 14:02:19.222000,1.12911,1.12907,2510000,2060000
2018-11-02 14:02:19.748000,1.12912,1.12908,5510000,1000000
2018-11-02 14:02:20.278000,1.1291,1.12906,1250000,8060000
2018-11-02 14:02:20.845000,1.12908,1.12906,1690000,4500000
2018-11-02 14:02:20.898000,1.1291,1.12907,1250000,4500000
2018-11-02 14:02:21.370000,1.12907,1.12905,1690000,1200000
2018-11-02 14:02:21.515000,1.12907,1.12903,2810000,2620000
2018-11-02 14:02:22.494000,1.12906,1.12903,1250000,1870000
2018-11-02 14:02:22.938000,1.12906,1.12901,3940000,1390000
2018-11-02 14:02:23.044000,1.129,1.12899,1250000,6000000
2018-11-02 14:02:23.097000,1.12901,1.12898,1120000,1250000
2018-11-02 14:02:23.154000,1.12902,1.12899,5250000,1190000
2018-11-02 14:02:23.206000,1.12903,1.129,1100000,1690000
2018-11-02 14:02:23.646000,1.12901,1.12899,1310000,4870000
2018-11-02 14:02:23.752000,1.12902,1.129,1250000,1000000
2018-11-02 14:02:23.910000,1.129,1.12899,1500000,6820000
2018-11-02 14:02:24.150000,1.129,1.12896,3560000,6000000
2018-11-02 14:02:24.738000,1.12897,1.12894,1000000,7390000
2018-11-02 14:02:25.009000,1.12895,1.12892,1000000,1200000
2018-11-02 14:02:25.510000,1.12895,1.12891,1310000,2060000
2018-11-02 14:02:25.817000,1.12898,1.12895,3450000,1190000
2018-11-02 14:02:26.260000,1.12899,1.12895,2060000,5060000
2018-11-02 14:02:26.416000,1.12901,1.12899,1120000,5060000
2018-11-02 14:02:26.784000,1.12901,1.12898,1000000,8510000
2018-11-02 14:02:26.889000,1.12901,1.12898,3190000,3750000
2018-11-02 14:02:27.437000,1.129,1.12897,1310000,4500000
2018-11-02 14:02:27.748000,1.12903,1.12901,2320000,2100000
2018-11-02 14:02:28.205000,1.12904,1.129,1310000,6560000
2018-11-02 14:02:28.309000,1.12902,1.129,1000000,1000000
2018-11-02 14:02:28.573000,1.12904,1.12901,1310000,1500000
2018-11-02 14:02:28.888000,1.12902,1.129,1250000,4120000
2018-11-02 14:02:29.399000,1.12902,1.12899,1000000,5060000
2018-11-02 14:02:29.936000,1.12895,1.12892,1000000,5810000
2018-11-02 14:02:30.318000,1.12897,1.12895,1350000,4690000
2018-11-02 14:02:30.622000,1.129,1.12898,1310000,1500000
2018-11-02 14:02:31.469000,1.129,1.12898,1120000,1500000
2018-11-02 14:02:31.814000,1.129,1.12897,2060000,4500000
2018-11-02 14:02:32.201000,1.12895,1.12892,2810000,7950000
2018-11-02 14:02:32.674000,1.12898,1.12895,2510000,1000000
2018-11-02 14:02:32.793000,1.12898,1.12895,1570000,4690000
2018-11-02 14:02:33.416000,1.12899,1.12896,1500000,1000000
2018-11-02 14:02:33.940000,1.129,1.12896,6190000,5250000
2018-11-02 14:02:35.238000,1.12898,1.12896,1190000,3750000
2018-11-02 14:02:35.553000,1.12896,1.12893,1310000,7950000
2018-11-02 14:02:35.971000,1.12896,1.12893,3940000,4870000
2018-11-02 14:02:36.495000,1.12896,1.12894,1000000,4690000
2018-11-02 14:02:36.806000,1.12895,1.12893,3560000,3750000
2018-11-02 14:02:36.982000,1.12892,1.12889,1000000,9820000
2018-11-02 14:02:38.161000,1.12893,1.1289,3000000,5440000
2018-11-02 14:02:38.384000,1.12895,1.12892,3190000,1500000
2018-11-02 14:02:39.115000,1.12893,1.12892,1250000,1000000
2018-11-02 14:02:39.698000,1.12895,1.12892,2440000,1000000
2018-11-02 14:02:40.250000,1.12894,1.12891,1310000,9000000
2018-11-02 14:02:40.737000,1.12895,1.12893,2140000,1000000
2018-11-02 14:02:40.790000,1.12896,1.12893,5060000,2250000
2018-11-02 14:02:41.260000,1.12894,1.12892,1190000,1500000
2018-11-02 14:02:41.611000,1.12896,1.12894,1690000,1000000
2018-11-02 14:02:41.932000,1.12893,1.12891,1190000,4500000
2018-11-02 14:02:44.518000,1.12895,1.12892,2810000,1500000
2018-11-02 14:02:45.120000,1.12893,1.12891,1250000,1500000
2018-11-02 14:02:45.276000,1.12892,1.12889,1250000,5620000
2018-11-02 14:02:45.433000,1.1289,1.12888,2440000,4500000
2018-11-02 14:02:45.539000,1.12888,1.12884,7690000,1870000
2018-11-02 14:02:45.730000,1.1289,1.12886,4010000,2440000
2018-11-02 14:02:45.888000,1.1289,1.12889,1500000,5060000
2018-11-02 14:02:45.941000,1.12892,1.12889,1250000,5060000
2018-11-02 14:02:46.238000,1.12887,1.12886,1250000,1120000
2018-11-02 14:02:46.552000,1.12886,1.12883,1250000,5060000
2018-11-02 14:02:47.086000,1.12885,1.12883,1310000,1000000
2018-11-02 14:02:47.570000,1.12884,1.12881,2060000,4390000
2018-11-02 14:02:47.831000,1.12882,1.1288,1870000,4500000
2018-11-02 14:02:48.337000,1.12883,1.12881,1000000,1250000
2018-11-02 14:02:48.871000,1.12884,1.12881,1310000,1690000
2018-11-02 14:02:49.396000,1.12883,1.12881,1250000,3750000
2018-11-02 14:02:49.764000,1.12882,1.1288,2440000,1500000
2018-11-02 14:02:50.386000,1.12882,1.1288,2440000,1500000
2018-11-02 14:02:50.887000,1.12881,1.1288,1250000,1500000
2018-11-02 14:02:51.388000,1.12881,1.12879,1250000,4500000
2018-11-02 14:02:51.934000,1.12881,1.1288,1000000,1000000
2018-11-02 14:02:53.139000,1.12882,1.12881,1000000,4500000
2018-11-02 14:02:53.244000,1.12884,1.12881,1690000,4690000
2018-11-02 14:02:53.676000,1.12885,1.12883,1310000,1000000
2018-11-02 14:02:54.190000,1.12883,1.12881,2060000,1500000
2018-11-02 14:02:54.708000,1.12882,1.12881,1000000,1000000
2018-11-02 14:02:55.319000,1.12885,1.12881,4390000,5440000
2018-11-02 14:02:55.974000,1.12886,1.12882,5510000,1000000
2018-11-02 14:02:57.002000,1.12886,1.12884,1190000,4500000
2018-11-02 14:02:57.054000,1.12887,1.12885,1760000,1000000
2018-11-02 14:02:57.565000,1.12888,1.12886,1310000,1000000
2018-11-02 14:02:57.972000,1.12889,1.12888,1120000,1500000
2018-11-02 14:02:58.075000,1.12892,1.12888,5440000,5250000
2018-11-02 14:02:58.600000,1.12892,1.12888,1690000,5440000
2018-11-02 14:02:59.111000,1.12893,1.12889,3260000,3940000
2018-11-02 14:02:59.669000,1.12893,1.12889,4760000,3750000
2018-11-02 14:03:00.210000,1.12893,1.12889,3640000,4690000
2018-11-02 14:03:00.798000,1.12892,1.12889,1310000,3750000
2018-11-02 14:03:00.904000,1.12888,1.12886,1190000,3000000
2018-11-02 14:03:01.439000,1.12888,1.12886,2060000,1000000
2018-11-02 14:03:01.954000,1.12888,1.12885,1310000,9260000
2018-11-02 14:03:02.487000,1.12888,1.12886,1000000,1500000
2018-11-02 14:03:02.998000,1.12886,1.12884,1250000,1100000
2018-11-02 14:03:04.212000,1.12887,1.12884,1310000,4690000
2018-11-02 14:03:04.739000,1.12887,1.12884,1310000,4500000
2018-11-02 14:03:06.157000,1.12886,1.12883,1190000,8620000
2018-11-02 14:03:06.707000,1.12885,1.12882,2440000,1000000
2018-11-02 14:03:08.379000,1.12885,1.12882,1250000,1250000
2018-11-02 14:03:08.744000,1.12889,1.12888,1000000,1500000
2018-11-02 14:03:08.902000,1.12892,1.12888,3940000,5440000
2018-11-02 14:03:09.220000,1.12889,1.12887,1690000,2850000
2018-11-02 14:03:09.395000,1.12888,1.12885,2440000,1120000
2018-11-02 14:03:10.053000,1.12888,1.12885,4310000,1000000
2018-11-02 14:03:10.263000,1.12888,1.12886,1000000,1250000
2018-11-02 14:03:10.523000,1.12887,1.12884,1250000,6190000
2018-11-02 14:03:10.873000,1.1289,1.12888,1010000,1870000
2018-11-02 14:03:11.693000,1.12891,1.12888,1250000,2060000
2018-11-02 14:03:12.240000,1.12891,1.12888,1190000,4870000
2018-11-02 14:03:12.755000,1.12889,1.12886,1250000,1690000
2018-11-02 14:03:13.679000,1.12888,1.12885,1000000,9940000
2018-11-02 14:03:13.731000,1.12887,1.12885,1250000,4120000
2018-11-02 14:03:15.873000,1.12888,1.12886,1000000,5060000
2018-11-02 14:03:16.086000,1.12891,1.12888,1310000,4690000
2018-11-02 14:03:17.605000,1.12891,1.12888,1190000,5620000
2018-11-02 14:03:18.262000,1.1289,1.12886,2440000,3450000
2018-11-02 14:03:18.788000,1.12888,1.12885,2440000,1870000
2018-11-02 14:03:19.308000,1.12888,1.12884,3560000,4310000
2018-11-02 14:03:19.755000,1.12888,1.12886,2060000,1000000
2018-11-02 14:03:19.859000,1.12891,1.12888,2810000,1540000
2018-11-02 14:03:20.414000,1.1289,1.12887,1250000,1310000
2018-11-02 14:03:20.779000,1.12892,1.12889,2440000,1000000
2018-11-02 14:03:21.793000,1.12893,1.12889,3640000,1690000
2018-11-02 14:03:22.105000,1.12894,1.12892,1250000,1000000
2018-11-02 14:03:22.625000,1.12894,1.12891,1250000,1310000
2018-11-02 14:03:23.062000,1.12892,1.12889,1250000,6190000
2018-11-02 14:03:23.219000,1.12892,1.12888,2810000,6190000
2018-11-02 14:03:23.900000,1.12892,1.12889,2810000,6190000
2018-11-02 14:03:24.473000,1.12893,1.12891,1690000,1000000
2018-11-02 14:03:24.781000,1.12895,1.12891,7160000,1690000
2018-11-02 14:03:25.647000,1.12895,1.12892,2440000,4500000
2018-11-02 14:03:25.928000,1.12898,1.12894,3940000,3750000
2018-11-02 14:03:26.770000,1.12896,1.12894,1500000,1690000
2018-11-02 14:03:27.101000,1.12895,1.12891,3560000,2250000
2018-11-02 14:03:27.650000,1.12895,1.12893,1190000,1000000
2018-11-02 14:03:28.020000,1.12897,1.12894,1310000,4090000
2018-11-02 14:03:28.205000,1.12897,1.12894,2810000,1650000
2018-11-02 14:03:28.774000,1.12895,1.12893,2440000,1000000
2018-11-02 14:03:29.084000,1.12895,1.12891,8360000,4870000
2018-11-02 14:03:29.631000,1.12894,1.12892,1250000,1000000
2018-11-02 14:03:29.943000,1.12897,1.12894,4120000,6940000
2018-11-02 14:03:30.088000,1.129,1.12896,4310000,1310000
2018-11-02 14:03:30.606000,1.129,1.12897,1310000,1250000
2018-11-02 14:03:31.364000,1.12898,1.12896,1250000,4120000
2018-11-02 14:03:31.695000,1.12898,1.12894,3560000,4690000
2018-11-02 14:03:32.202000,1.12897,1.12894,1190000,4870000
2018-11-02 14:03:32.779000,1.12898,1.12894,5810000,5810000
2018-11-02 14:03:33.245000,1.12895,1.12892,1690000,2700000
2018-11-02 14:03:33.404000,1.12894,1.12891,2810000,1000000
2018-11-02 14:03:33.625000,1.12892,1.1289,1190000,1000000
2018-11-02 14:03:33.833000,1.12893,1.12889,2060000,6560000
2018-11-02 14:03:34.353000,1.12893,1.12889,1310000,5890000
2018-11-02 14:03:35.559000,1.12894,1.12891,2060000,1000000
2018-11-02 14:03:36.097000,1.12894,1.12891,2810000,1500000
2018-11-02 14:03:36.306000,1.12894,1.12889,2440000,14810000
2018-11-02 14:03:36.808000,1.12894,1.12891,1310000,2250000
2018-11-02 14:03:37.353000,1.12893,1.12889,2060000,6640000
2018-11-02 14:03:38.957000,1.12894,1.12891,1690000,1500000
2018-11-02 14:03:39.613000,1.12894,1.12891,1310000,1690000
2018-11-02 14:03:39.983000,1.12895,1.12893,1870000,1190000
2018-11-02 14:03:40.530000,1.12897,1.12893,1310000,7690000
2018-11-02 14:03:40.908000,1.12895,1.12893,1000000,6940000
2018-11-02 14:03:41.448000,1.12893,1.12891,1250000,4120000
2018-11-02 14:03:41.971000,1.12893,1.1289,1250000,2810000
2018-11-02 14:03:42.283000,1.12891,1.12889,1000000,4390000
2018-11-02 14:03:43.814000,1.12891,1.12889,1000000,5140000
2018-11-02 14:03:43.973000,1.12892,1.12889,1250000,5140000
2018-11-02 14:03:47.231000,1.12892,1.12889,1000000,6640000
2018-11-02 14:03:48.267000,1.12893,1.12891,1000000,1250000
2018-11-02 14:03:48.774000,1.12892,1.1289,1000000,2140000
2018-11-02 14:03:49.972000,1.12892,1.12889,1000000,2510000
2018-11-02 14:03:50.501000,1.12891,1.12889,1250000,1120000
2018-11-02 14:03:50.940000,1.12889,1.12888,1250000,1500000
2018-11-02 14:03:50.993000,1.12886,1.12884,1120000,6190000
2018-11-02 14:03:51.929000,1.12886,1.12883,1000000,9560000
2018-11-02 14:03:52.469000,1.12886,1.12884,1000000,1250000
2018-11-02 14:03:53.390000,1.12888,1.12885,4570000,1000000
2018-11-02 14:03:53.902000,1.12888,1.12885,2140000,1000000
2018-11-02 14:03:54.112000,1.12886,1.12884,1000000,10120000
2018-11-02 14:03:54.664000,1.12887,1.12885,1000000,4500000
2018-11-02 14:03:55.397000,1.12886,1.12884,1000000,4120000
2018-11-02 14:03:56.626000,1.12886,1.12883,1000000,11060000
2018-11-02 14:03:57.274000,1.12884,1.12881,1000000,14810000
2018-11-02 14:03:57.776000,1.12884,1.12883,1000000,3750000
2018-11-02 14:03:58.091000,1.12883,1.12881,1250000,6750000
2018-11-02 14:03:58.145000,1.12881,1.1288,2060000,1000000
2018-11-02 14:03:58.554000,1.12883,1.1288,3640000,1500000
2018-11-02 14:03:58.766000,1.12881,1.12879,1000000,7500000
2018-11-02 14:03:58.873000,1.12878,1.12876,1000000,1010000
2018-11-02 14:03:58.981000,1.12876,1.12874,2440000,1000000
2018-11-02 14:03:59.035000,1.12876,1.12873,1760000,4500000
2018-11-02 14:03:59.551000,1.12876,1.12872,4010000,1120000
2018-11-02 14:04:00.052000,1.12875,1.12871,1250000,7310000
2018-11-02 14:04:00.156000,1.12876,1.12874,1870000,1250000
2018-11-02 14:04:00.471000,1.12875,1.12871,1250000,7690000
2018-11-02 14:04:01.424000,1.12873,1.1287,1500000,2440000
2018-11-02 14:04:01.583000,1.12868,1.12865,1250000,3640000
2018-11-02 14:04:01.743000,1.12869,1.12868,1120000,1000000
2018-11-02 14:04:01.797000,1.12871,1.12868,1760000,1690000
2018-11-02 14:04:01.891000,1.12869,1.12868,1000000,1000000
2018-11-02 14:04:01.999000,1.12868,1.12865,1000000,3040000
2018-11-02 14:04:02.523000,1.12868,1.12865,1000000,3260000
2018-11-02 14:04:02.921000,1.12869,1.12865,2440000,3560000
2018-11-02 14:04:03.436000,1.12871,1.12867,1390000,1310000
2018-11-02 14:04:03.489000,1.12872,1.12869,5510000,1250000
2018-11-02 14:04:03.596000,1.12874,1.1287,2060000,1690000
2018-11-02 14:04:03.966000,1.12874,1.1287,3560000,1500000
2018-11-02 14:04:04.321000,1.12869,1.12867,1190000,1000000
2018-11-02 14:04:04.426000,1.12869,1.12866,1690000,3750000
2018-11-02 14:04:04.533000,1.1287,1.12868,1000000,1250000
2018-11-02 14:04:04.744000,1.12869,1.12866,1690000,4870000
2018-11-02 14:04:04.797000,1.12871,1.12868,3190000,1000000
2018-11-02 14:04:05.389000,1.12871,1.12868,1310000,2440000
2018-11-02 14:04:05.908000,1.12871,1.12868,1310000,1500000
2018-11-02 14:04:06.276000,1.12869,1.12866,1690000,3940000
2018-11-02 14:04:06.777000,1.12868,1.12865,1000000,10310000
2018-11-02 14:04:07.327000,1.12869,1.12866,1690000,4690000
2018-11-02 14:04:08.290000,1.12869,1.12867,1000000,1190000
2018-11-02 14:04:08.344000,1.12871,1.12868,1310000,1250000
2018-11-02 14:04:10.509000,1.12871,1.12868,1120000,1690000
2018-11-02 14:04:10.614000,1.12864,1.12862,1000000,1950000
2018-11-02 14:04:10.949000,1.12867,1.12864,1000000,4310000
2018-11-02 14:04:12.465000,1.12867,1.12864,1000000,4310000
2018-11-02 14:04:13.243000,1.12867,1.12864,1000000,2060000
2018-11-02 14:04:13.659000,1.12866,1.12864,1370000,1000000
2018-11-02 14:04:13.714000,1.12862,1.12859,1500000,5810000
2018-11-02 14:04:15.271000,1.12861,1.12859,1000000,5810000
2018-11-02 14:04:15.400000,1.12863,1.12862,1250000,1000000
2018-11-02 14:04:15.454000,1.12862,1.12859,1250000,4950000
2018-11-02 14:04:15.558000,1.12863,1.12861,1500000,1250000
2018-11-02 14:04:16.518000,1.12863,1.1286,1000000,2060000
2018-11-02 14:04:16.922000,1.1286,1.12859,1250000,4500000
2018-11-02 14:04:16.975000,1.1286,1.12857,1690000,7010000
2018-11-02 14:04:17.509000,1.12859,1.12857,1500000,4310000
2018-11-02 14:04:18.110000,1.12859,1.12856,1690000,1120000
2018-11-02 14:04:18.215000,1.12857,1.12855,1000000,1000000
2018-11-02 14:04:18.545000,1.12853,1.1285,1000000,3260000
2018-11-02 14:04:19.087000,1.12855,1.12853,1000000,1690000
2018-11-02 14:04:19.628000,1.12856,1.12853,1500000,5810000
2018-11-02 14:04:20.332000,1.12855,1.12853,1000000,1000000
2018-11-02 14:04:20.649000,1.12854,1.1285,1250000,3940000
2018-11-02 14:04:21.555000,1.12851,1.1285,1120000,1990000
2018-11-02 14:04:21.608000,1.12849,1.12847,1000000,1000000
2018-11-02 14:04:21.872000,1.12852,1.12848,2440000,6560000
2018-11-02 14:04:22.658000,1.12849,1.12847,1250000,5700000
2018-11-02 14:04:24.376000,1.1285,1.12847,2810000,4690000
2018-11-02 14:04:24.692000,1.12852,1.12849,1250000,6190000
2018-11-02 14:04:25.219000,1.12853,1.1285,1310000,1250000
2018-11-02 14:04:25.712000,1.12856,1.12853,2440000,1000000
2018-11-02 14:04:25.817000,1.12857,1.12854,1250000,3940000
2018-11-02 14:04:26.184000,1.12856,1.12853,1190000,9070000
2018-11-02 14:04:26.631000,1.12857,1.12855,1000000,1000000
2018-11-02 14:04:26.947000,1.12856,1.12853,1310000,1500000
2018-11-02 14:04:28.178000,1.12856,1.12854,1310000,3750000
2018-11-02 14:04:29.258000,1.12856,1.12853,1120000,1500000
2018-11-02 14:04:29.570000,1.12855,1.12852,1190000,5620000
2018-11-02 14:04:29.846000,1.12856,1.12853,1690000,1000000
2018-11-02 14:04:30.107000,1.12855,1.12852,1190000,5620000
2018-11-02 14:04:30.569000,1.12856,1.12853,1120000,4950000
2018-11-02 14:04:31.073000,1.12857,1.12856,1000000,2440000
2018-11-02 14:04:31.125000,1.12859,1.12856,1760000,1690000
2018-11-02 14:04:31.754000,1.12856,1.12855,1250000,7200000
2018-11-02 14:04:32.258000,1.12856,1.12854,1250000,3750000
2018-11-02 14:04:32.468000,1.12858,1.12855,1120000,2250000
2018-11-02 14:04:33.244000,1.1286,1.12856,4760000,6560000
2018-11-02 14:04:33.822000,1.1286,1.12857,2810000,1000000
2018-11-02 14:04:34.935000,1.12861,1.12859,2060000,1120000
2018-11-02 14:04:35.474000,1.12861,1.12858,1000000,2810000
2018-11-02 14:04:36.209000,1.12862,1.12858,2440000,8060000
2018-11-02 14:04:36.929000,1.12862,1.12858,1310000,8140000
2018-11-02 14:04:37.420000,1.12866,1.12863,1000000,7310000
2018-11-02 14:04:37.744000,1.12868,1.12866,1000000,2620000
2018-11-02 14:04:38.256000,1.12868,1.12865,1120000,1000000
2018-11-02 14:04:38.734000,1.12869,1.12867,1250000,1000000
2018-11-02 14:04:38.841000,1.12872,1.12869,1000000,2810000
2018-11-02 14:04:39.409000,1.12874,1.12872,1870000,1000000
2018-11-02 14:04:39.758000,1.12871,1.12869,1000000,1700000
2018-11-02 14:04:39.811000,1.12873,1.1287,1120000,6940000
2018-11-02 14:04:39.863000,1.12872,1.12869,1000000,6640000
2018-11-02 14:04:40.368000,1.12873,1.1287,1500000,1000000
2018-11-02 14:04:41.048000,1.12874,1.12871,1500000,1690000
2018-11-02 14:04:41.532000,1.12876,1.12873,2060000,1000000
2018-11-02 14:04:41.637000,1.12877,1.12874,1500000,1250000
2018-11-02 14:04:42.154000,1.12876,1.12874,1500000,3750000
2018-11-02 14:04:42.573000,1.12876,1.12872,3190000,4870000
2018-11-02 14:04:43.065000,1.12877,1.12873,3940000,1120000
2018-11-02 14:04:43.596000,1.12875,1.12873,1000000,1120000
2018-11-02 14:04:44.114000,1.12876,1.12873,1690000,1120000
2018-11-02 14:04:44.640000,1.12876,1.12874,1000000,1000000
2018-11-02 14:04:44.880000,1.12875,1.12872,1190000,1870000
2018-11-02 14:04:45.297000,1.12872,1.1287,1000000,1200000
2018-11-02 14:04:45.849000,1.12875,1.12871,5440000,1000000
2018-11-02 14:04:46.459000,1.12875,1.12871,4690000,1250000
2018-11-02 14:04:46.774000,1.1287,1.12868,3190000,2250000
2018-11-02 14:04:46.826000,1.12869,1.12866,1310000,3190000
2018-11-02 14:04:47.357000,1.12869,1.12866,2810000,1000000
2018-11-02 14:04:47.881000,1.12868,1.12865,1190000,1120000
2018-11-02 14:04:48.200000,1.12869,1.12865,3190000,4310000
2018-11-02 14:04:48.462000,1.12867,1.12865,1250000,1120000
2018-11-02 14:04:48.969000,1.12867,1.12864,1250000,2810000
2018-11-02 14:04:49.525000,1.12863,1.12862,1690000,1000000
2018-11-02 14:04:49.632000,1.12863,1.1286,1250000,3190000
2018-11-02 14:04:50.415000,1.12863,1.1286,1690000,4500000
2018-11-02 14:04:50.752000,1.12862,1.12859,1000000,6260000
2018-11-02 14:04:52.549000,1.12861,1.12858,1000000,8440000
2018-11-02 14:04:52.903000,1.12862,1.12858,1690000,7010000
2018-11-02 14:04:54.125000,1.12861,1.12858,1000000,7010000
2018-11-02 14:04:54.636000,1.12863,1.12858,3190000,6260000
2018-11-02 14:04:55.373000,1.12861,1.12858,1000000,7010000
2018-11-02 14:04:55.887000,1.12862,1.12858,1310000,6260000
2018-11-02 14:04:57.984000,1.12862,1.12858,1310000,10570000
2018-11-02 14:04:58.189000,1.12863,1.12861,3190000,1000000
2018-11-02 14:04:58.659000,1.12862,1.12859,1000000,6560000
2018-11-02 14:04:59.098000,1.12856,1.12855,1000000,1500000
2018-11-02 14:04:59.715000,1.12856,1.12854,1250000,1000000
2018-11-02 14:05:00.142000,1.12857,1.12856,1500000,1000000
2018-11-02 14:05:00.195000,1.1286,1.12859,1000000,1000000
2018-11-02 14:05:00.637000,1.12863,1.12859,4010000,1500000
2018-11-02 14:05:00.998000,1.12861,1.12858,1190000,1120000
2018-11-02 14:05:01.349000,1.12863,1.12861,1870000,2440000
2018-11-02 14:05:01.887000,1.12863,1.1286,1120000,2060000
2018-11-02 14:05:02.204000,1.12865,1.12862,1190000,4120000
2018-11-02 14:05:02.323000,1.12867,1.12864,5060000,1000000
2018-11-02 14:05:02.860000,1.12867,1.12865,1500000,1000000
2018-11-02 14:05:03.392000,1.12868,1.12865,1000000,1500000
2018-11-02 14:05:03.918000,1.12869,1.12866,1310000,1310000
2018-11-02 14:05:05.467000,1.12869,1.12867,1250000,1000000
2018-11-02 14:05:05.521000,1.12872,1.12868,3260000,3370000
2018-11-02 14:05:05.957000,1.12872,1.12871,1000000,1000000
2018-11-02 14:05:06.168000,1.12872,1.12869,1500000,6940000
2018-11-02 14:05:06.220000,1.12873,1.12871,6540000,1000000
2018-11-02 14:05:06.692000,1.12875,1.12872,2060000,1250000
2018-11-02 14:05:06.746000,1.12876,1.12874,3560000,1000000
2018-11-02 14:05:07.009000,1.12881,1.12878,1690000,1500000
2018-11-02 14:05:07.115000,1.12878,1.12877,1250000,1120000
2018-11-02 14:05:07.296000,1.1288,1.12878,2060000,1000000
2018-11-02 14:05:08.062000,1.1288,1.12879,1000000,1000000
2018-11-02 14:05:08.168000,1.12882,1.12881,1690000,1000000
2018-11-02 14:05:08.379000,1.12884,1.12882,2440000,1000000
2018-11-02 14:05:08.433000,1.12882,1.1288,1250000,6450000
2018-11-02 14:05:09.078000,1.12883,1.1288,1000000,6190000
2018-11-02 14:05:09.588000,1.12882,1.1288,1250000,6450000
2018-11-02 14:05:10.165000,1.12882,1.12881,1500000,1000000
2018-11-02 14:05:10.685000,1.12882,1.1288,1500000,5250000
2018-11-02 14:05:11.557000,1.12883,1.12881,1000000,1250000
2018-11-02 14:05:12.081000,1.12882,1.1288,1000000,2700000
2018-11-02 14:05:12.908000,1.12882,1.12881,1500000,1000000
2018-11-02 14:05:14.624000,1.12885,1.12882,2060000,1250000
2018-11-02 14:05:15.541000,1.12884,1.12882,1250000,1000000
2018-11-02 14:05:16.064000,1.12885,1.12883,1500000,1250000
2018-11-02 14:05:16.573000,1.12885,1.12884,1000000,1000000
2018-11-02 14:05:17.095000,1.12886,1.12884,2060000,1000000
2018-11-02 14:05:17.604000,1.12885,1.12884,1250000,1000000
2018-11-02 14:05:18.551000,1.12886,1.12884,2060000,1000000
2018-11-02 14:05:19.753000,1.12887,1.12885,1690000,1000000
2018-11-02 14:05:20.283000,1.12887,1.12885,1190000,1000000
2018-11-02 14:05:20.802000,1.12888,1.12886,2620000,1690000
2018-11-02 14:05:21.314000,1.12888,1.12886,1690000,1000000
2018-11-02 14:05:21.824000,1.12883,1.12882,1000000,1500000
2018-11-02 14:05:21.878000,1.12882,1.1288,1500000,1700000
2018-11-02 14:05:21.984000,1.12881,1.12879,1690000,1000000
2018-11-02 14:05:22.037000,1.12879,1.12878,1250000,4120000
2018-11-02 14:05:22.236000,1.12881,1.12879,1390000,1000000
2018-11-02 14:05:23.840000,1.12882,1.12879,3940000,1250000
2018-11-02 14:05:25.085000,1.12881,1.1288,1250000,1500000
2018-11-02 14:05:25.292000,1.12883,1.1288,1120000,4690000
2018-11-02 14:05:25.755000,1.12882,1.12879,1500000,3450000
2018-11-02 14:05:26.270000,1.12881,1.12879,1250000,1000000
2018-11-02 14:05:27.798000,1.12879,1.12878,1250000,1000000
2018-11-02 14:05:27.903000,1.12879,1.12876,1690000,1690000
2018-11-02 14:05:27.964000,1.12877,1.12875,1690000,2700000
2018-11-02 14:05:28.793000,1.12876,1.12874,1000000,3370000
2018-11-02 14:05:29.162000,1.12878,1.12876,1310000,1000000
2018-11-02 14:05:29.698000,1.12879,1.12876,1250000,1690000
2018-11-02 14:05:30.214000,1.12881,1.12878,2060000,2440000
2018-11-02 14:05:30.798000,1.12881,1.12879,1250000,1000000
2018-11-02 14:05:31.271000,1.12881,1.12877,1190000,5060000
2018-11-02 14:05:31.825000,1.12881,1.12877,1250000,7010000
2018-11-02 14:05:32.335000,1.12881,1.12878,1310000,1000000
2018-11-02 14:05:34.310000,1.12882,1.12878,4690000,1690000
2018-11-02 14:05:34.912000,1.12881,1.12878,1190000,1870000
2018-11-02 14:05:35.527000,1.1288,1.12877,3190000,1310000
2018-11-02 14:05:36.040000,1.12881,1.12878,3940000,1690000
2018-11-02 14:05:36.649000,1.12881,1.12879,1690000,1000000
2018-11-02 14:05:39.331000,1.1288,1.12879,1000000,1000000
2018-11-02 14:05:39.861000,1.12881,1.12879,1250000,1000000
2018-11-02 14:05:40.191000,1.12879,1.12877,1000000,2810000
2018-11-02 14:05:40.706000,1.1288,1.12877,1690000,3560000
2018-11-02 14:05:41.124000,1.12877,1.12875,4160000,2250000
2018-11-02 14:05:41.470000,1.12875,1.12872,1190000,4120000
2018-11-02 14:05:41.688000,1.12876,1.12873,2060000,1250000
2018-11-02 14:05:42.208000,1.12875,1.12872,1250000,2060000
2018-11-02 14:05:42.834000,1.12875,1.12873,1250000,1000000
2018-11-02 14:05:43.299000,1.12875,1.12871,3190000,1250000
2018-11-02 14:05:43.959000,1.12875,1.12872,1690000,1250000
2018-11-02 14:05:44.489000,1.12875,1.12873,1000000,1000000
2018-11-02 14:05:44.963000,1.12874,1.12871,1250000,2060000
2018-11-02 14:05:45.119000,1.12872,1.1287,2230000,1390000
2018-11-02 14:05:45.630000,1.12873,1.12869,1310000,3560000
2018-11-02 14:05:46.350000,1.12873,1.1287,1190000,3370000
2018-11-02 14:05:46.870000,1.12873,1.1287,1250000,1310000
2018-11-02 14:05:47.633000,1.12873,1.12869,1310000,2810000
2018-11-02 14:05:48.577000,1.12872,1.12868,2440000,5250000
2018-11-02 14:05:49.402000,1.12873,1.1287,2440000,2810000
2018-11-02 14:05:49.941000,1.12873,1.1287,1190000,3370000
2018-11-02 14:05:50.461000,1.12875,1.12871,4760000,1000000
2018-11-02 14:05:51.537000,1.12873,1.1287,1190000,1870000
2018-11-02 14:05:52.213000,1.12874,1.1287,3940000,1310000
2018-11-02 14:05:52.739000,1.12873,1.1287,1190000,1870000
2018-11-02 14:05:53.248000,1.12873,1.1287,1250000,1310000
2018-11-02 14:05:53.704000,1.12869,1.12868,1250000,1500000
2018-11-02 14:05:54.224000,1.1287,1.12868,1250000,1120000
2018-11-02 14:05:54.393000,1.12872,1.12868,1310000,4870000
2018-11-02 14:05:54.551000,1.12873,1.1287,1500000,1000000
2018-11-02 14:05:55.082000,1.12873,1.12869,2810000,2060000
2018-11-02 14:05:55.398000,1.12874,1.1287,1310000,2810000
2018-11-02 14:05:55.806000,1.1287,1.12869,1000000,3940000
2018-11-02 14:05:55.859000,1.12869,1.12868,1250000,1200000
2018-11-02 14:05:56.517000,1.12869,1.12867,2440000,1120000
2018-11-02 14:05:57.290000,1.12869,1.12866,2890000,1000000
2018-11-02 14:05:57.343000,1.12868,1.12865,1690000,1310000
2018-11-02 14:05:57.829000,1.12869,1.12866,1000000,3940000
2018-11-02 14:05:58.359000,1.12869,1.12865,1690000,5440000
2018-11-02 14:05:58.514000,1.12867,1.12865,1250000,2620000
2018-11-02 14:05:59.217000,1.12864,1.12862,1250000,1200000
2018-11-02 14:05:59.531000,1.12863,1.1286,3190000,1870000
2018-11-02 14:06:00.609000,1.12863,1.1286,2440000,2060000
2018-11-02 14:06:01.125000,1.12862,1.1286,1000000,1870000
2018-11-02 14:06:01.484000,1.1286,1.12859,1250000,1500000
2018-11-02 14:06:01.613000,1.12859,1.12857,1250000,1950000
2018-11-02 14:06:02.132000,1.12861,1.12857,2440000,2060000
2018-11-02 14:06:03.689000,1.12861,1.12858,1310000,1000000
2018-11-02 14:06:04.007000,1.12863,1.1286,3640000,1250000
2018-11-02 14:06:04.217000,1.12863,1.12862,1000000,1250000
2018-11-02 14:06:04.321000,1.12866,1.12862,1760000,2060000
2018-11-02 14:06:04.374000,1.12867,1.12863,1310000,2440000
2018-11-02 14:06:04.923000,1.12867,1.12863,2810000,2250000
2018-11-02 14:06:05.700000,1.12868,1.12863,5060000,2890000
2018-11-02 14:06:06.950000,1.12868,1.12864,3190000,1120000
2018-11-02 14:06:07.057000,1.12869,1.12865,11510000,1310000
2018-11-02 14:06:07.395000,1.12868,1.12864,1690000,3940000
2018-11-02 14:06:10.104000,1.12867,1.12864,2440000,1310000
2018-11-02 14:06:12.146000,1.12869,1.12865,3190000,1310000
2018-11-02 14:06:12.655000,1.12869,1.12867,1250000,1000000
2018-11-02 14:06:12.973000,1.12872,1.12868,1690000,5140000
2018-11-02 14:06:13.507000,1.12873,1.12869,1310000,4010000
2018-11-02 14:06:14.093000,1.1287,1.12868,2440000,2620000
2018-11-02 14:06:14.243000,1.12869,1.12866,1690000,2060000
2018-11-02 14:06:14.854000,1.12869,1.12866,1190000,1870000
2018-11-02 14:06:15.355000,1.12869,1.12866,1250000,2060000
2018-11-02 14:06:15.839000,1.1287,1.12869,1000000,1000000
2018-11-02 14:06:15.892000,1.12873,1.12869,1250000,3560000
2018-11-02 14:06:16.204000,1.12875,1.12872,1310000,1000000
2018-11-02 14:06:17.343000,1.12876,1.12873,1000000,1690000
2018-11-02 14:06:17.396000,1.12877,1.12874,1000000,1690000
2018-11-02 14:06:17.502000,1.12879,1.12875,4010000,3560000
2018-11-02 14:06:17.711000,1.12877,1.12875,1000000,1000000
2018-11-02 14:06:18.045000,1.12875,1.12872,1250000,3070000
2018-11-02 14:06:18.359000,1.12875,1.12871,3190000,3000000
2018-11-02 14:06:18.906000,1.12873,1.1287,1190000,1500000
2018-11-02 14:06:19.445000,1.12872,1.12869,1250000,3190000
2018-11-02 14:06:19.757000,1.12871,1.12869,1190000,1120000
2018-11-02 14:06:20.697000,1.12871,1.12868,1250000,1690000
2018-11-02 14:06:21.582000,1.12872,1.12869,1370000,1120000
2018-11-02 14:06:21.899000,1.12875,1.12871,3190000,1310000
2018-11-02 14:06:23,1.12875,1.12871,4310000,1120000
2018-11-02 14:06:23.316000,1.12875,1.12871,2440000,1870000
2018-11-02 14:06:23.953000,1.12875,1.12871,1690000,2810000
2018-11-02 14:06:24.479000,1.12873,1.1287,1250000,1310000
2018-11-02 14:06:25.575000,1.12874,1.1287,3370000,1310000
2018-11-02 14:06:26.211000,1.12875,1.12872,1310000,1250000
2018-11-02 14:06:26.734000,1.12875,1.12872,2060000,1000000
2018-11-02 14:06:27.267000,1.12874,1.12871,1250000,1310000
2018-11-02 14:06:27.794000,1.12873,1.1287,1250000,1310000
2018-11-02 14:06:28.347000,1.12874,1.1287,2060000,1310000
2018-11-02 14:06:28.871000,1.12874,1.1287,1690000,3260000
2018-11-02 14:06:29.291000,1.12875,1.12871,1250000,2250000
2018-11-02 14:06:29.813000,1.12876,1.12872,2060000,1760000
2018-11-02 14:06:33.019000,1.12877,1.12875,1000000,1310000
2018-11-02 14:06:33.075000,1.12879,1.12875,3640000,1310000
2018-11-02 14:06:33.442000,1.12876,1.12874,2440000,1100000
2018-11-02 14:06:33.948000,1.12875,1.12873,1870000,1000000
2018-11-02 14:06:35.181000,1.12874,1.12871,1250000,3260000
2018-11-02 14:06:36.936000,1.12875,1.12871,3190000,2510000
2018-11-02 14:06:37.457000,1.12875,1.12873,1310000,1000000
2018-11-02 14:06:38.061000,1.12876,1.12873,3940000,1310000
2018-11-02 14:06:38.614000,1.12876,1.12873,1190000,2320000
2018-11-02 14:06:39.610000,1.12876,1.12872,3000000,3640000
2018-11-02 14:06:39.875000,1.12878,1.12876,1000000,1250000
2018-11-02 14:06:40.209000,1.12881,1.12878,1190000,1120000
2018-11-02 14:06:41.543000,1.12882,1.12878,2810000,2060000
2018-11-02 14:06:42.039000,1.12884,1.12881,6260000,2810000
2018-11-02 14:06:42.354000,1.12886,1.12883,3940000,1000000
2018-11-02 14:06:42.897000,1.12886,1.12883,1250000,1250000
2018-11-02 14:06:43.425000,1.12886,1.12882,1690000,2250000
2018-11-02 14:06:44.030000,1.12886,1.12883,1690000,1000000
2018-11-02 14:06:44.629000,1.12886,1.12883,2250000,1190000
2018-11-02 14:06:45.147000,1.12886,1.12883,1690000,1250000
2018-11-02 14:06:45.671000,1.12886,1.12884,1690000,1000000
2018-11-02 14:06:47.645000,1.12887,1.12884,2250000,1000000
2018-11-02 14:06:48.139000,1.12888,1.12886,4760000,1000000
2018-11-02 14:06:48.348000,1.12887,1.12884,1000000,1000000
2018-11-02 14:06:48.863000,1.12887,1.12885,1120000,1000000
2018-11-02 14:06:49.135000,1.12887,1.12885,1190000,1000000
2018-11-02 14:06:49.188000,1.12888,1.12887,1000000,1000000
2018-11-02 14:06:49.704000,1.12889,1.12887,1250000,1000000
2018-11-02 14:06:52.046000,1.12887,1.12885,1000000,1250000
2018-11-02 14:06:53.164000,1.12887,1.12884,1690000,1310000
2018-11-02 14:06:53.765000,1.12887,1.12884,2890000,1000000
2018-11-02 14:06:54.289000,1.12887,1.12885,1690000,1000000
2018-11-02 14:06:54.971000,1.12888,1.12885,3260000,1000000
2018-11-02 14:06:55.495000,1.12888,1.12885,2810000,1000000
2018-11-02 14:06:56.020000,1.12888,1.12886,2440000,1000000
2018-11-02 14:06:56.584000,1.12889,1.12886,2060000,1250000
2018-11-02 14:06:57.103000,1.12888,1.12886,1690000,1000000
2018-11-02 14:06:57.654000,1.12888,1.12885,2440000,2060000
2018-11-02 14:06:58.332000,1.12887,1.12885,1250000,1000000
2018-11-02 14:06:58.857000,1.12887,1.12885,1190000,1000000
2018-11-02 14:06:59.566000,1.12888,1.12886,3940000,1000000
2018-11-02 14:07:00.756000,1.12889,1.12887,2700000,1000000
2018-11-02 14:07:00.809000,1.12891,1.12888,4690000,1250000
2018-11-02 14:07:01.090000,1.12888,1.12887,1250000,1500000
2018-11-02 14:07:01.194000,1.12887,1.12884,1250000,1310000
2018-11-02 14:07:01.585000,1.12884,1.12883,1000000,1000000
2018-11-02 14:07:01.849000,1.12886,1.12884,1690000,1000000
2018-11-02 14:07:02.291000,1.12887,1.12886,1000000,1000000
2018-11-02 14:07:02.828000,1.12887,1.12885,1690000,1000000
2018-11-02 14:07:03.339000,1.12887,1.12885,1250000,1000000
2018-11-02 14:07:03.884000,1.12887,1.12886,1250000,1000000
2018-11-02 14:07:04.431000,1.12888,1.12886,2810000,1000000
2018-11-02 14:07:04.937000,1.12888,1.12884,2890000,6940000
2018-11-02 14:07:05.457000,1.12887,1.12885,1250000,1870000
2018-11-02 14:07:06.365000,1.12887,1.12884,2440000,1120000
2018-11-02 14:07:06.709000,1.1288,1.12879,1250000,1000000
2018-11-02 14:07:07.112000,1.12879,1.12878,1000000,1000000
2018-11-02 14:07:07.617000,1.12879,1.12877,1000000,1310000
2018-11-02 14:07:08.192000,1.12879,1.12878,1000000,1000000
2018-11-02 14:07:08.506000,1.12879,1.12876,1690000,2060000
2018-11-02 14:07:08.665000,1.12877,1.12875,1390000,1000000
2018-11-02 14:07:08.882000,1.12874,1.12872,2060000,1000000
2018-11-02 14:07:09.448000,1.12873,1.12871,1000000,1250000
2018-11-02 14:07:09.951000,1.12872,1.1287,1250000,1000000
2018-11-02 14:07:10.004000,1.12871,1.12869,1000000,1250000
2018-11-02 14:07:10.541000,1.12868,1.12867,1000000,1000000
2018-11-02 14:07:10.751000,1.1287,1.12868,1200000,1250000
2018-11-02 14:07:10.803000,1.12871,1.1287,1250000,1000000
2018-11-02 14:07:10.906000,1.1287,1.12868,1000000,2440000
2018-11-02 14:07:11.080000,1.12868,1.12866,1000000,1690000
2018-11-02 14:07:11.759000,1.12866,1.12865,1390000,1000000
2018-11-02 14:07:12.307000,1.12865,1.12864,1000000,1000000
2018-11-02 14:07:12.812000,1.12865,1.12863,1000000,1870000
2018-11-02 14:07:13.141000,1.12862,1.12861,1000000,1250000
2018-11-02 14:07:13.948000,1.12862,1.1286,1250000,2620000
2018-11-02 14:07:14.479000,1.12862,1.12861,1250000,1000000
2018-11-02 14:07:14.687000,1.12861,1.12859,1000000,1690000
2018-11-02 14:07:15.192000,1.12857,1.12856,1000000,2440000
2018-11-02 14:07:15.351000,1.12856,1.12854,2060000,1500000
2018-11-02 14:07:15.404000,1.12857,1.12856,2250000,1000000
2018-11-02 14:07:15.660000,1.12852,1.12851,1120000,1000000
2018-11-02 14:07:15.990000,1.12854,1.12853,1000000,1000000
2018-11-02 14:07:16.406000,1.12853,1.12852,1000000,1000000
2018-11-02 14:07:16.921000,1.12853,1.12851,1000000,1250000
2018-11-02 14:07:17.469000,1.12853,1.12852,1500000,1000000
2018-11-02 14:07:17.995000,1.12854,1.12851,1000000,1500000
2018-11-02 14:07:18.305000,1.12855,1.12853,2060000,1000000
2018-11-02 14:07:18.619000,1.12851,1.1285,1000000,1000000
2018-11-02 14:07:19.277000,1.1285,1.12848,2440000,1500000
2018-11-02 14:07:19.541000,1.12851,1.1285,1000000,1120000
2018-11-02 14:07:19.595000,1.12853,1.12852,1000000,1000000
2018-11-02 14:07:19.978000,1.12851,1.12849,3190000,1000000
2018-11-02 14:07:20.242000,1.12853,1.12852,2060000,1000000
2018-11-02 14:07:20.347000,1.12853,1.1285,2510000,1000000
2018-11-02 14:07:20.560000,1.12849,1.12848,1000000,1500000
2018-11-02 14:07:21.106000,1.12849,1.12846,1000000,1870000
2018-11-02 14:07:21.313000,1.1285,1.12849,1250000,1120000
2018-11-02 14:07:21.419000,1.12853,1.12851,1000000,1250000
2018-11-02 14:07:21.879000,1.12856,1.12853,1760000,1000000
2018-11-02 14:07:23.439000,1.12856,1.12854,1310000,1000000
2018-11-02 14:07:24.755000,1.12856,1.12853,2060000,1000000
2018-11-02 14:07:24.807000,1.12856,1.12853,1120000,1500000
2018-11-02 14:07:25.320000,1.12857,1.12854,4910000,1000000
2018-11-02 14:07:25.825000,1.12856,1.12853,1870000,1500000
2018-11-02 14:07:25.983000,1.12854,1.12851,7910000,1120000
2018-11-02 14:07:26.095000,1.1285,1.12848,1120000,1500000
2018-11-02 14:07:27.017000,1.12849,1.12846,1250000,1310000
2018-11-02 14:07:27.123000,1.12851,1.12848,6220000,1000000
2018-11-02 14:07:27.673000,1.1285,1.12848,1120000,1000000
2018-11-02 14:07:27.986000,1.12854,1.12851,1190000,1120000
2018-11-02 14:07:28.753000,1.12854,1.12852,1190000,1000000
2018-11-02 14:07:29.281000,1.12852,1.12849,1870000,3940000
2018-11-02 14:07:29.334000,1.12851,1.12848,3190000,1500000
2018-11-02 14:07:29.493000,1.12851,1.1285,1250000,1000000
2018-11-02 14:07:29.804000,1.12853,1.12851,2440000,1000000
2018-11-02 14:07:30.216000,1.12853,1.1285,2060000,1000000
2018-11-02 14:07:30.478000,1.12851,1.12848,2810000,2250000
2018-11-02 14:07:31.257000,1.1285,1.12849,1000000,1000000
2018-11-02 14:07:31.484000,1.12854,1.12851,5440000,1000000
2018-11-02 14:07:31.597000,1.12851,1.12849,1000000,1000000
2018-11-02 14:07:32.143000,1.12853,1.1285,5140000,1000000
2018-11-02 14:07:32.456000,1.12854,1.12852,2810000,1000000
2018-11-02 14:07:32.715000,1.12855,1.12853,1250000,1000000
2018-11-02 14:07:32.931000,1.12855,1.12851,1690000,1310000
2018-11-02 14:07:32.983000,1.12856,1.12853,4760000,1000000
2018-11-02 14:07:33.748000,1.12854,1.12851,1310000,2250000
2018-11-02 14:07:33.906000,1.12855,1.12853,1390000,1000000
2018-11-02 14:07:34.429000,1.12855,1.12852,2440000,1000000
2018-11-02 14:07:34.668000,1.12855,1.12853,2060000,1500000
2018-11-02 14:07:35.189000,1.12856,1.12854,1310000,1000000
2018-11-02 14:07:35.814000,1.12857,1.12854,5890000,1000000
2018-11-02 14:07:36.357000,1.12857,1.12854,5140000,1000000
2018-11-02 14:07:36.918000,1.12856,1.12853,1310000,2250000
2018-11-02 14:07:37.546000,1.12857,1.12854,5890000,1000000
2018-11-02 14:07:37.810000,1.12857,1.12856,1130000,1000000
2018-11-02 14:07:37.917000,1.12859,1.12856,2140000,2810000
2018-11-02 14:07:37.971000,1.12862,1.12859,3560000,1000000
2018-11-02 14:07:38.490000,1.12862,1.1286,1310000,1000000
2018-11-02 14:07:39.161000,1.12862,1.12859,1310000,1690000
2018-11-02 14:07:39.791000,1.1286,1.12859,2250000,1500000
2018-11-02 14:07:39.843000,1.12858,1.12856,2810000,1000000
2018-11-02 14:07:39.957000,1.1286,1.12858,1190000,1000000
2018-11-02 14:07:40.525000,1.12861,1.12858,3190000,1000000
2018-11-02 14:07:41.969000,1.1286,1.12858,1190000,1000000
2018-11-02 14:07:42.480000,1.12859,1.12857,2060000,1000000
2018-11-02 14:07:42.985000,1.1286,1.12858,1690000,1000000
2018-11-02 14:07:43.514000,1.1286,1.12858,1690000,1000000
2018-11-02 14:07:44.877000,1.12861,1.1286,3000000,1000000
2018-11-02 14:07:46.344000,1.12862,1.12859,1690000,1000000
2018-11-02 14:07:46.660000,1.12863,1.12861,1000000,1690000
2018-11-02 14:07:47.764000,1.12864,1.12863,1200000,1000000
2018-11-02 14:07:47.818000,1.12865,1.12863,1250000,1000000
2018-11-02 14:07:48.362000,1.12867,1.12864,5890000,1000000
2018-11-02 14:07:49.329000,1.12867,1.12865,1310000,1000000
2018-11-02 14:07:49.950000,1.12867,1.12864,2060000,1000000
2018-11-02 14:07:50.541000,1.12867,1.12865,2060000,1000000
2018-11-02 14:07:50.957000,1.12869,1.12867,4690000,1000000
2018-11-02 14:07:51.479000,1.12869,1.12867,2060000,1000000
2018-11-02 14:07:51.885000,1.12873,1.1287,4760000,1000000
2018-11-02 14:07:52.616000,1.12873,1.12872,1250000,1000000
2018-11-02 14:07:54.136000,1.12872,1.1287,1250000,1120000
2018-11-02 14:07:54.677000,1.12874,1.12871,2060000,1000000
2018-11-02 14:07:55.197000,1.12873,1.1287,3190000,1000000
2018-11-02 14:07:55.249000,1.12873,1.1287,1690000,1250000
2018-11-02 14:07:55.833000,1.12874,1.12871,1690000,1000000
2018-11-02 14:07:56.451000,1.12873,1.1287,1190000,1000000
2018-11-02 14:07:56.972000,1.12874,1.12871,2890000,1000000
2018-11-02 14:07:57.147000,1.1287,1.12867,1690000,2320000
2018-11-02 14:07:57.751000,1.12869,1.12867,1690000,1000000
2018-11-02 14:07:58.282000,1.12871,1.12868,3640000,1000000
2018-11-02 14:07:58.790000,1.12872,1.12869,8510000,1000000
2018-11-02 14:07:59.229000,1.12872,1.1287,1250000,1000000
2018-11-02 14:07:59.353000,1.12874,1.12871,1310000,1250000
2018-11-02 14:07:59.861000,1.12875,1.12872,3560000,1000000
2018-11-02 14:08:00.381000,1.12875,1.12871,1690000,1120000
2018-11-02 14:08:00.914000,1.12875,1.12872,4310000,1000000
2018-11-02 14:08:01.159000,1.12875,1.12874,1250000,1000000
2018-11-02 14:08:01.211000,1.12877,1.12874,1310000,1000000
2018-11-02 14:08:01.569000,1.12878,1.12876,1190000,1000000
2018-11-02 14:08:01.770000,1.12877,1.12874,1190000,1870000
2018-11-02 14:08:01.873000,1.12879,1.12876,5510000,1000000
2018-11-02 14:08:02.383000,1.12879,1.12876,1690000,1000000
2018-11-02 14:08:02.901000,1.12881,1.12878,3640000,1000000
2018-11-02 14:08:04.373000,1.1288,1.12877,1190000,1500000
2018-11-02 14:08:04.896000,1.12881,1.12878,2890000,1000000
2018-11-02 14:08:05.750000,1.12882,1.1288,2140000,1000000
2018-11-02 14:08:05.857000,1.12884,1.12881,3190000,1250000
2018-11-02 14:08:06.050000,1.12883,1.12881,1560000,1000000
2018-11-02 14:08:06.366000,1.12882,1.12879,2060000,1000000
2018-11-02 14:08:06.882000,1.12881,1.12878,1190000,1570000
2018-11-02 14:08:07.501000,1.12879,1.12877,2620000,1000000
2018-11-02 14:08:07.816000,1.12876,1.12873,3560000,1000000
2018-11-02 14:08:08.344000,1.12876,1.12872,4310000,3070000
2018-11-02 14:08:08.853000,1.12876,1.12873,4310000,1000000
2018-11-02 14:08:09.147000,1.12873,1.1287,1190000,4200000
2018-11-02 14:08:09.230000,1.12871,1.12869,2310000,2320000
2018-11-02 14:08:09.337000,1.12868,1.12866,1250000,1950000
2018-11-02 14:08:09.862000,1.12869,1.12867,3560000,1000000
2018-11-02 14:08:09.969000,1.1287,1.12868,1310000,1500000
2018-11-02 14:08:10.439000,1.12869,1.12866,1690000,3260000
2018-11-02 14:08:10.745000,1.12868,1.12865,1190000,3070000
2018-11-02 14:08:11.353000,1.12867,1.12864,1690000,1250000
2018-11-02 14:08:12.029000,1.12867,1.12866,1000000,1000000
2018-11-02 14:08:12.554000,1.12867,1.12865,1500000,1000000
2018-11-02 14:08:13.077000,1.12868,1.12865,3190000,1250000
2018-11-02 14:08:13.459000,1.12869,1.12867,1310000,1000000
2018-11-02 14:08:13.978000,1.12869,1.12867,1870000,1000000
2018-11-02 14:08:14.717000,1.12869,1.12867,1190000,1000000
2018-11-02 14:08:15.490000,1.12869,1.12867,1690000,1000000
2018-11-02 14:08:15.802000,1.12867,1.12865,2060000,1000000
2018-11-02 14:08:16.124000,1.12865,1.12862,1690000,3490000
2018-11-02 14:08:16.745000,1.12865,1.12864,1000000,1000000
2018-11-02 14:08:17.023000,1.12867,1.12865,1310000,1000000
2018-11-02 14:08:17.635000,1.12868,1.12866,1310000,1000000
2018-11-02 14:08:18.257000,1.12869,1.12867,3940000,1000000
2018-11-02 14:08:18.680000,1.12871,1.12869,1690000,1000000
2018-11-02 14:08:19.229000,1.12871,1.12868,1250000,3260000
2018-11-02 14:08:19.750000,1.12871,1.12868,3190000,1870000
2018-11-02 14:08:20.260000,1.12871,1.12869,2440000,1000000
2018-11-02 14:08:20.781000,1.12871,1.12869,1690000,1000000
2018-11-02 14:08:21.401000,1.12872,1.1287,2250000,1250000
2018-11-02 14:08:21.820000,1.12871,1.12869,1190000,1000000
2018-11-02 14:08:22.196000,1.12869,1.12867,2060000,1000000
2018-11-02 14:08:22.906000,1.1287,1.12869,1000000,1250000
2018-11-02 14:08:22.958000,1.12871,1.1287,1500000,1000000
2018-11-02 14:08:23.465000,1.12873,1.12871,3190000,1000000
2018-11-02 14:08:24.097000,1.12873,1.12871,1310000,1000000
2018-11-02 14:08:24.731000,1.12875,1.12872,3560000,1000000
2018-11-02 14:08:25.283000,1.12874,1.12872,2060000,1000000
2018-11-02 14:08:25.390000,1.12875,1.12874,1000000,1000000
2018-11-02 14:08:25.629000,1.12879,1.12876,5060000,1000000
2018-11-02 14:08:25.893000,1.12877,1.12874,2810000,3820000
2018-11-02 14:08:26.400000,1.12877,1.12874,3560000,1200000
2018-11-02 14:08:26.920000,1.12877,1.12875,1310000,1000000
2018-11-02 14:08:27.463000,1.12878,1.12876,3190000,1000000
2018-11-02 14:08:27.977000,1.12879,1.12876,1690000,1390000
2018-11-02 14:08:28.288000,1.1288,1.12878,2060000,1000000
2018-11-02 14:08:28.829000,1.12881,1.12879,1310000,1000000
2018-11-02 14:08:29.183000,1.12883,1.12881,1310000,1000000
2018-11-02 14:08:29.553000,1.12885,1.12883,1310000,1000000
2018-11-02 14:08:30.094000,1.12886,1.12883,2810000,1500000
2018-11-02 14:08:30.603000,1.12886,1.12884,2060000,1000000
2018-11-02 14:08:31.252000,1.12887,1.12885,2060000,1000000
2018-11-02 14:08:32.040000,1.12887,1.12885,2060000,1500000
2018-11-02 14:08:32.509000,1.12887,1.12884,2060000,1200000
2018-11-02 14:08:33.010000,1.12886,1.12885,1250000,1000000
2018-11-02 14:08:33.326000,1.12889,1.12888,1000000,1500000
2018-11-02 14:08:34.242000,1.1289,1.12888,1870000,1690000
2018-11-02 14:08:34.593000,1.12893,1.12892,1000000,1000000
2018-11-02 14:08:34.698000,1.12896,1.12893,7390000,1000000
2018-11-02 14:08:35.227000,1.12895,1.12892,2440000,1000000
2018-11-02 14:08:35.775000,1.12894,1.12891,2060000,1250000
2018-11-02 14:08:36.139000,1.12892,1.1289,1000000,1690000
2018-11-02 14:08:36.505000,1.1289,1.12888,1690000,1000000
2018-11-02 14:08:37.037000,1.1289,1.12886,1690000,5510000
2018-11-02 14:08:37.753000,1.12889,1.12885,2060000,4010000
2018-11-02 14:08:38.219000,1.1289,1.12886,1690000,1190000
2018-11-02 14:08:38.761000,1.12889,1.12886,1000000,1190000
2018-11-02 14:08:39.108000,1.12891,1.12889,1000000,1250000
2018-11-02 14:08:39.757000,1.12895,1.12891,6190000,3940000
2018-11-02 14:08:40.173000,1.12896,1.12895,1000000,1250000
2018-11-02 14:08:40.227000,1.12899,1.12896,1120000,1500000
2018-11-02 14:08:40.753000,1.129,1.12897,1310000,1000000
2018-11-02 14:08:41.412000,1.12899,1.12897,1000000,1000000
2018-11-02 14:08:41.932000,1.12901,1.12898,2060000,1000000
2018-11-02 14:08:42.538000,1.12901,1.12898,1120000,1000000
2018-11-02 14:08:42.592000,1.12902,1.129,1500000,3560000
2018-11-02 14:08:42.644000,1.12901,1.12898,1000000,6450000
2018-11-02 14:08:43.014000,1.129,1.12897,2060000,1500000
2018-11-02 14:08:43.435000,1.12902,1.12899,3750000,2810000
2018-11-02 14:08:44.044000,1.12904,1.129,2440000,3940000
2018-11-02 14:08:44.562000,1.12904,1.12901,2060000,1000000
2018-11-02 14:08:45.227000,1.12905,1.12902,3000000,1000000
2018-11-02 14:08:45.562000,1.12904,1.129,2620000,3640000
2018-11-02 14:08:46.080000,1.12905,1.12902,2440000,1000000
2018-11-02 14:08:46.602000,1.12904,1.12901,2810000,1000000
2018-11-02 14:08:46.933000,1.12904,1.12901,2440000,1750000
2018-11-02 14:08:47.088000,1.12904,1.12901,2440000,1120000
2018-11-02 14:08:48.348000,1.12904,1.12902,1120000,1000000
2018-11-02 14:08:48.522000,1.12906,1.12903,1310000,1250000
2018-11-02 14:08:48.944000,1.12907,1.12904,4310000,3940000
2018-11-02 14:08:48.998000,1.12909,1.12905,3560000,4310000
2018-11-02 14:08:49.620000,1.12909,1.12907,1000000,1250000
2018-11-02 14:08:49.673000,1.12907,1.12905,1250000,6820000
2018-11-02 14:08:49.726000,1.12908,1.12904,3560000,2890000
2018-11-02 14:08:49.832000,1.12909,1.12906,2060000,1500000
2018-11-02 14:08:50.955000,1.1291,1.12907,2060000,1690000
2018-11-02 14:08:51.462000,1.12909,1.12906,1310000,2140000
2018-11-02 14:08:51.985000,1.12909,1.12907,1000000,1310000
2018-11-02 14:08:53.139000,1.12909,1.12906,1190000,1500000
2018-11-02 14:08:53.192000,1.12907,1.12905,1250000,1950000
2018-11-02 14:08:53.707000,1.12908,1.12904,3560000,2510000
2018-11-02 14:08:54.310000,1.12907,1.12903,2060000,4010000
2018-11-02 14:08:55.985000,1.12907,1.12904,2060000,1000000
2018-11-02 14:08:56.696000,1.12907,1.12906,1000000,1000000
2018-11-02 14:08:56.750000,1.12909,1.12907,3450000,1310000
2018-11-02 14:08:57.116000,1.12911,1.12908,1310000,1250000
2018-11-02 14:08:57.341000,1.12912,1.1291,1120000,1250000
2018-11-02 14:08:58.121000,1.12913,1.12909,1690000,2060000
2018-11-02 14:08:58.437000,1.1291,1.12907,2440000,1310000
2018-11-02 14:08:59.879000,1.1291,1.12906,5140000,5810000
2018-11-02 14:09:00.400000,1.12908,1.12905,1190000,3000000
2018-11-02 14:09:00.633000,1.12906,1.12903,1000000,3190000
2018-11-02 14:09:01.155000,1.12907,1.12903,2440000,3940000
2018-11-02 14:09:01.643000,1.12908,1.12905,1000000,3790000
2018-11-02 14:09:01.803000,1.1291,1.12907,3640000,1310000
2018-11-02 14:09:02.350000,1.12909,1.12906,2140000,3190000
2018-11-02 14:09:02.660000,1.12909,1.12905,1500000,3000000
2018-11-02 14:09:03.209000,1.12908,1.12906,1000000,1250000
2018-11-02 14:09:03.860000,1.12907,1.12903,1690000,7610000
2018-11-02 14:09:04.393000,1.12907,1.12903,2810000,3560000
2018-11-02 14:09:05.945000,1.12906,1.12902,5060000,1310000
2018-11-02 14:09:06.571000,1.12904,1.12901,1250000,1250000
2018-11-02 14:09:06.767000,1.12901,1.12899,1000000,2060000
2018-11-02 14:09:06.820000,1.129,1.12897,1310000,1690000
2018-11-02 14:09:07.354000,1.12901,1.12899,2060000,1000000
2018-11-02 14:09:07.458000,1.12903,1.12901,2620000,1250000
2018-11-02 14:09:07.962000,1.12903,1.12902,1870000,1000000
2018-11-02 14:09:08.501000,1.12904,1.12901,4690000,1250000
2018-11-02 14:09:09.048000,1.12904,1.12902,3190000,1000000
2018-11-02 14:09:09.564000,1.12904,1.129,4390000,2060000
2018-11-02 14:09:10.076000,1.12903,1.129,1760000,1250000
2018-11-02 14:09:10.606000,1.12904,1.12901,4390000,1000000
2018-11-02 14:09:11.229000,1.12904,1.12902,3940000,1000000
2018-11-02 14:09:11.433000,1.12905,1.12903,2440000,1000000
2018-11-02 14:09:11.952000,1.12905,1.12903,1250000,1000000
2018-11-02 14:09:13.993000,1.12905,1.12903,2060000,1000000
2018-11-02 14:09:16.976000,1.12905,1.12903,3190000,1000000
2018-11-02 14:09:17.513000,1.12904,1.12902,1690000,1000000
2018-11-02 14:09:20.857000,1.12904,1.12901,2810000,1000000
2018-11-02 14:09:22.643000,1.12903,1.129,1000000,1120000
2018-11-02 14:09:23.630000,1.12901,1.12898,4910000,3450000
2018-11-02 14:09:23.839000,1.129,1.12896,2440000,3560000
2018-11-02 14:09:24.441000,1.12901,1.12899,7950000,1250000
2018-11-02 14:09:25.037000,1.12902,1.12899,1250000,1310000
2018-11-02 14:09:25.563000,1.12902,1.129,1000000,1250000
2018-11-02 14:09:26.092000,1.12904,1.12901,3560000,1000000
2018-11-02 14:09:26.635000,1.12904,1.129,3560000,1310000
2018-11-02 14:09:28.335000,1.12902,1.12899,1250000,5060000
2018-11-02 14:09:29.270000,1.12903,1.129,3260000,1250000
2018-11-02 14:09:30.189000,1.12903,1.12901,1250000,1000000
2018-11-02 14:09:30.713000,1.12904,1.12902,2810000,1500000
2018-11-02 14:09:33.142000,1.12905,1.12902,4120000,2440000
2018-11-02 14:09:33.663000,1.12904,1.12902,1000000,1250000
2018-11-02 14:09:34.462000,1.12906,1.12905,1000000,2440000
2018-11-02 14:09:34.516000,1.12908,1.12906,1000000,2060000
2018-11-02 14:09:35.052000,1.12909,1.12906,1870000,2060000
2018-11-02 14:09:35.651000,1.12909,1.12906,1500000,2060000
2018-11-02 14:09:36.169000,1.12908,1.12906,1000000,2060000
2018-11-02 14:09:36.672000,1.12908,1.12906,1500000,1500000
2018-11-02 14:09:37.197000,1.12908,1.12906,1000000,1690000
2018-11-02 14:09:37.700000,1.12908,1.12906,1000000,1250000
2018-11-02 14:09:38.281000,1.12909,1.12905,1500000,8440000
2018-11-02 14:09:38.817000,1.12908,1.12905,1870000,6750000
2018-11-02 14:09:39.461000,1.12908,1.12906,1870000,1250000
2018-11-02 14:09:40.260000,1.12908,1.12905,1000000,9190000
2018-11-02 14:09:40.780000,1.12909,1.12907,1000000,1690000
2018-11-02 14:09:41.331000,1.1291,1.12908,1000000,2060000
2018-11-02 14:09:41.806000,1.12912,1.12909,2620000,1500000
2018-11-02 14:09:42.359000,1.12911,1.12909,1250000,1000000
2018-11-02 14:09:42.880000,1.1291,1.12908,1250000,1870000
2018-11-02 14:09:43.479000,1.12909,1.12906,1500000,2060000
2018-11-02 14:09:44.615000,1.1291,1.12907,5440000,1250000
2018-11-02 14:09:47.048000,1.12909,1.12907,1000000,1690000
2018-11-02 14:09:47.593000,1.1291,1.12907,3940000,1250000
2018-11-02 14:09:48.263000,1.12909,1.12906,1000000,3560000
2018-11-02 14:09:48.575000,1.12906,1.12905,1000000,2700000
2018-11-02 14:09:49.117000,1.12907,1.12905,1000000,1690000
2018-11-02 14:09:49.430000,1.12909,1.12907,1000000,1250000
2018-11-02 14:09:50.032000,1.12907,1.12905,1870000,2400000
2018-11-02 14:09:50.240000,1.12905,1.12902,2060000,2440000
2018-11-02 14:09:50.778000,1.12905,1.12902,1190000,1120000
2018-11-02 14:09:51.157000,1.12905,1.12903,1000000,3190000
2018-11-02 14:09:51.210000,1.12907,1.12904,2440000,1690000
2018-11-02 14:09:51.729000,1.12906,1.12904,1000000,1190000
2018-11-02 14:09:52.259000,1.12907,1.12904,1000000,1190000
2018-11-02 14:09:52.365000,1.12908,1.12907,1950000,1000000
2018-11-02 14:09:52.873000,1.12908,1.12906,1000000,1310000
2018-11-02 14:09:53.552000,1.12906,1.12904,1000000,1690000
2018-11-02 14:09:54.059000,1.12906,1.12903,1690000,3560000
2018-11-02 14:09:54.681000,1.12906,1.12903,1500000,3560000
2018-11-02 14:09:55.219000,1.12907,1.12905,1120000,1250000
2018-11-02 14:09:56.059000,1.12908,1.12905,2140000,1690000
2018-11-02 14:09:56.941000,1.12908,1.12905,3450000,1690000
2018-11-02 14:09:57.628000,1.12908,1.12906,1000000,2440000
2018-11-02 14:09:57.945000,1.12908,1.12904,2440000,2060000
2018-11-02 14:09:58.050000,1.12906,1.12903,1000000,3940000
2018-11-02 14:09:58.589000,1.12906,1.12903,1250000,3190000
2018-11-02 14:09:59.065000,1.12908,1.12904,3940000,1690000
2018-11-02 14:09:59.483000,1.12909,1.12907,5320000,1250000
2018-11-02 14:10:00.611000,1.12908,1.12907,1250000,1000000
2018-11-02 14:10:01.217000,1.12909,1.12907,6560000,1000000
2018-11-02 14:10:01.533000,1.12904,1.12902,3190000,1000000
2018-11-02 14:10:02.325000,1.12904,1.12901,6940000,2060000
2018-11-02 14:10:02.732000,1.12902,1.129,1000000,3940000
2018-11-02 14:10:03.255000,1.12903,1.129,3000000,1690000
2018-11-02 14:10:04.021000,1.12902,1.129,1000000,1000000
2018-11-02 14:10:04.440000,1.12904,1.12902,2890000,1000000
2018-11-02 14:10:05.489000,1.12903,1.12901,1690000,1000000
2018-11-02 14:10:05.545000,1.129,1.12897,6640000,1690000
2018-11-02 14:10:06.290000,1.12899,1.12897,1250000,1000000
2018-11-02 14:10:06.913000,1.12899,1.12896,1690000,2060000
2018-11-02 14:10:07.579000,1.12899,1.12897,1250000,1000000
2018-11-02 14:10:10.893000,1.12899,1.12896,2140000,2060000
2018-11-02 14:10:11.507000,1.12898,1.12896,1000000,1870000
2018-11-02 14:10:13.277000,1.12896,1.12895,1500000,1250000
2018-11-02 14:10:13.813000,1.12897,1.12894,1500000,1690000
2018-11-02 14:10:14.193000,1.12897,1.12895,1870000,1190000
2018-11-02 14:10:14.707000,1.12897,1.12894,1120000,2440000
2018-11-02 14:10:15.020000,1.12895,1.12893,1500000,2250000
2018-11-02 14:10:15.247000,1.12897,1.12894,1200000,2810000
2018-11-02 14:10:15.354000,1.12898,1.12896,1000000,1000000
2018-11-02 14:10:15.874000,1.12899,1.12897,1000000,1000000
2018-11-02 14:10:16.467000,1.129,1.12898,1000000,2060000
2018-11-02 14:10:17.815000,1.12899,1.12897,1000000,1690000
2018-11-02 14:10:18.362000,1.12899,1.12896,2620000,1190000
2018-11-02 14:10:18.936000,1.12898,1.12895,2250000,2810000
2018-11-02 14:10:18.990000,1.12898,1.12895,2440000,2060000
2018-11-02 14:10:19.096000,1.12896,1.12895,1000000,1000000
2018-11-02 14:10:19.597000,1.12896,1.12894,1000000,1310000
2018-11-02 14:10:20.137000,1.12896,1.12894,1000000,2060000
2018-11-02 14:10:20.920000,1.12898,1.12895,4200000,1250000
2018-11-02 14:10:21.461000,1.12897,1.12895,1000000,2440000
2018-11-02 14:10:21.620000,1.12899,1.12896,1870000,1500000
2018-11-02 14:10:22.386000,1.129,1.12896,2060000,3560000
2018-11-02 14:10:22.439000,1.129,1.12898,1000000,1690000
2018-11-02 14:10:22.598000,1.12902,1.12899,2250000,3190000
2018-11-02 14:10:22.839000,1.12903,1.12901,4500000,1000000
2018-11-02 14:10:23.163000,1.12905,1.12903,1000000,2250000
2018-11-02 14:10:23.380000,1.12902,1.12899,4500000,7010000
2018-11-02 14:10:23.434000,1.129,1.12899,1000000,5440000
2018-11-02 14:10:23.488000,1.129,1.12897,1000000,2060000
2018-11-02 14:10:23.557000,1.12898,1.12895,4500000,4390000
2018-11-02 14:10:24.790000,1.12898,1.12895,4500000,3560000
2018-11-02 14:10:25.323000,1.12898,1.12895,1000000,4310000
2018-11-02 14:10:26.977000,1.12897,1.12895,1000000,4310000
2018-11-02 14:10:27.082000,1.12896,1.12894,1000000,1310000
2018-11-02 14:10:27.359000,1.12897,1.12895,1000000,2440000
2018-11-02 14:10:27.879000,1.12898,1.12895,4120000,2440000
2018-11-02 14:10:29.429000,1.12897,1.12895,1000000,2440000
2018-11-02 14:10:29.971000,1.12897,1.12895,1000000,1000000
2018-11-02 14:10:30.711000,1.12898,1.12896,5620000,1250000
2018-11-02 14:10:32.350000,1.12897,1.12895,1000000,1690000
2018-11-02 14:10:32.508000,1.12897,1.12894,1500000,1310000
2018-11-02 14:10:32.562000,1.12894,1.12893,1000000,1500000
2018-11-02 14:10:32.669000,1.12894,1.12891,2810000,1250000
2018-11-02 14:10:33.088000,1.12892,1.1289,1120000,1500000
2018-11-02 14:10:33.715000,1.12893,1.12891,1000000,1250000
2018-11-02 14:10:34.606000,1.12893,1.12891,1000000,1190000
2018-11-02 14:10:35.127000,1.12894,1.12892,4500000,1250000
2018-11-02 14:10:35.640000,1.12893,1.12891,1000000,2060000
2018-11-02 14:10:36.209000,1.12894,1.12892,1000000,1250000
2018-11-02 14:10:36.524000,1.12896,1.12894,1000000,1690000
2018-11-02 14:10:37.076000,1.12895,1.12893,1250000,1120000
2018-11-02 14:10:37.650000,1.12897,1.12895,1500000,1690000
2018-11-02 14:10:38.173000,1.12897,1.12895,1000000,1690000
2018-11-02 14:10:38.329000,1.12896,1.12894,1250000,1500000
2018-11-02 14:10:38.538000,1.12895,1.12892,1500000,1870000
2018-11-02 14:10:39.090000,1.12895,1.12893,2440000,1000000
2018-11-02 14:10:39.248000,1.12898,1.12894,5320000,4690000
2018-11-02 14:10:39.753000,1.12899,1.12896,2440000,1250000
2018-11-02 14:10:40.907000,1.12897,1.12895,1690000,1000000
2018-11-02 14:10:41.592000,1.12897,1.12894,1310000,1690000
2018-11-02 14:10:42.182000,1.12898,1.12895,7200000,1250000
2018-11-02 14:10:42.395000,1.12899,1.12896,1500000,1500000
2018-11-02 14:10:42.672000,1.12899,1.12898,1000000,1000000
2018-11-02 14:10:42.726000,1.12901,1.12898,6190000,1250000
2018-11-02 14:10:43.259000,1.12901,1.12898,1000000,2810000
2018-11-02 14:10:43.627000,1.12901,1.12897,7310000,2060000
2018-11-02 14:10:44.142000,1.12901,1.12898,2060000,1000000
2018-11-02 14:10:44.675000,1.12901,1.12898,2060000,1250000
2018-11-02 14:10:45.342000,1.12901,1.12897,2810000,1870000
2018-11-02 14:10:45.864000,1.12901,1.12898,2810000,1500000
2018-11-02 14:10:46.069000,1.12899,1.12897,1000000,1120000
2018-11-02 14:10:46.542000,1.12901,1.12899,1120000,1690000
2018-11-02 14:10:47.003000,1.129,1.12897,2440000,2060000
2018-11-02 14:10:47.533000,1.12899,1.12897,1000000,1250000
2018-11-02 14:10:49.887000,1.12901,1.12898,15260000,1000000
2018-11-02 14:10:50.397000,1.12901,1.12896,6190000,7390000
2018-11-02 14:10:50.504000,1.12902,1.129,1120000,1250000
2018-11-02 14:10:50.881000,1.12903,1.12902,1000000,1000000
2018-11-02 14:10:51.296000,1.12905,1.12902,2810000,1690000
2018-11-02 14:10:51.456000,1.12906,1.12903,3370000,1690000
2018-11-02 14:10:51.872000,1.12907,1.12906,2250000,1250000
2018-11-02 14:10:51.982000,1.12909,1.12907,3750000,1310000
2018-11-02 14:10:52.527000,1.1291,1.12907,2440000,2060000
2018-11-02 14:10:53.050000,1.12909,1.12907,1250000,1000000
2018-11-02 14:10:53.396000,1.12907,1.12905,1000000,1310000
2018-11-02 14:10:53.758000,1.12905,1.12903,1250000,3370000
2018-11-02 14:10:54.301000,1.12906,1.12903,2060000,3190000
2018-11-02 14:10:55.207000,1.12905,1.12902,1250000,3260000
2018-11-02 14:10:55.953000,1.12904,1.12902,1000000,2060000
2018-11-02 14:10:56.651000,1.12905,1.12902,1690000,2060000
2018-11-02 14:10:57.170000,1.12904,1.12901,5440000,1310000
2018-11-02 14:10:57.597000,1.12903,1.129,2440000,1000000
2018-11-02 14:10:58.117000,1.12903,1.129,1250000,2440000
2018-11-02 14:10:58.424000,1.12902,1.129,1000000,2140000
2018-11-02 14:10:58.946000,1.12901,1.12899,1000000,1690000
2018-11-02 14:10:59.291000,1.12898,1.12895,1000000,8140000
2018-11-02 14:11:00.574000,1.12901,1.129,5620000,1000000
2018-11-02 14:11:00.965000,1.129,1.12898,1000000,4760000
2018-11-02 14:11:01.123000,1.12902,1.129,1120000,1250000
2018-11-02 14:11:01.694000,1.12902,1.12899,2440000,3560000
