time,ask,bid,ask_volume,bid_volume
2019-06-07 13:55:01.018000,1.08066,1.08064,2810000,1000000
2019-06-07 13:55:01.120000,1.08066,1.08063,2810000,3000000
2019-06-07 13:55:01.223000,1.08066,1.08065,1310000,1000000
2019-06-07 13:55:01.437000,1.08067,1.08065,2060000,1690000
2019-06-07 13:55:01.545000,1.08067,1.08065,2060000,2560000
2019-06-07 13:55:01.963000,1.08069,1.08067,3850000,1000000
2019-06-07 13:55:02.065000,1.08069,1.08067,3560000,1000000
2019-06-07 13:55:02.116000,1.08069,1.08066,4750000,3190000
2019-06-07 13:55:02.218000,1.08069,1.08067,4310000,1000000
2019-06-07 13:55:02.269000,1.08069,1.08066,4370000,3560000
2019-06-07 13:55:02.372000,1.08069,1.08067,1690000,1250000
2019-06-07 13:55:02.480000,1.0807,1.08068,1250000,1120000
2019-06-07 13:55:02.532000,1.08072,1.08069,5440000,2500000
2019-06-07 13:55:02.634000,1.08072,1.0807,1000000,2440000
2019-06-07 13:55:02.736000,1.08073,1.08071,2810000,1250000
2019-06-07 13:55:02.894000,1.08072,1.0807,1870000,2140000
2019-06-07 13:55:02.996000,1.08072,1.08069,6250000,2060000
2019-06-07 13:55:03.148000,1.08072,1.08069,5440000,1870000
2019-06-07 13:55:03.374000,1.08071,1.08069,1120000,1000000
2019-06-07 13:55:05.554000,1.08071,1.08068,1120000,2440000
2019-06-07 13:55:05.664000,1.08072,1.08069,3690000,1500000
2019-06-07 13:55:08.837000,1.08071,1.08069,1750000,1000000
2019-06-07 13:55:09.015000,1.0807,1.08068,1690000,1250000
2019-06-07 13:55:09.117000,1.0807,1.08067,5440000,1500000
2019-06-07 13:55:09.322000,1.08069,1.08067,1000000,1500000
2019-06-07 13:55:09.494000,1.0807,1.08067,5060000,1500000
2019-06-07 13:55:09.850000,1.0807,1.08067,4810000,1500000
2019-06-07 13:55:10.019000,1.08068,1.08066,1250000,1690000
2019-06-07 13:55:10.121000,1.08069,1.08067,2810000,1250000
2019-06-07 13:55:12.750000,1.08069,1.08066,3940000,3190000
2019-06-07 13:55:12.860000,1.08068,1.08066,1000000,1690000
2019-06-07 13:55:13.064000,1.08067,1.08065,1000000,3940000
2019-06-07 13:55:13.348000,1.08066,1.08064,1310000,1250000
2019-06-07 13:55:16.508000,1.08067,1.08065,4060000,1000000
2019-06-07 13:55:16.661000,1.08067,1.08066,1000000,1000000
2019-06-07 13:55:16.763000,1.08068,1.08066,1310000,1000000
2019-06-07 13:55:16.883000,1.0807,1.08067,4690000,3620000
2019-06-07 13:55:16.986000,1.08071,1.08068,3190000,2060000
2019-06-07 13:55:17.155000,1.08071,1.08068,3250000,2440000
2019-06-07 13:55:17.869000,1.0807,1.08067,2810000,2250000
2019-06-07 13:55:18.819000,1.0807,1.08068,1690000,1000000
2019-06-07 13:55:18.921000,1.08071,1.08069,1310000,1500000
2019-06-07 13:55:19.024000,1.08072,1.0807,2440000,1000000
2019-06-07 13:55:20.743000,1.08071,1.08068,1500000,4120000
2019-06-07 13:55:20.848000,1.0807,1.08069,1310000,1000000
2019-06-07 13:55:20.950000,1.0807,1.08068,1120000,2810000
2019-06-07 13:55:22.622000,1.08071,1.08068,3370000,3940000
2019-06-07 13:55:23.525000,1.08071,1.08069,1120000,1000000
2019-06-07 13:55:23.627000,1.08072,1.0807,3450000,1250000
2019-06-07 13:55:24.405000,1.08072,1.08071,1500000,1000000
2019-06-07 13:55:24.608000,1.08073,1.08071,3560000,1000000
2019-06-07 13:55:24.860000,1.08073,1.08072,1310000,1000000
2019-06-07 13:55:25.136000,1.08073,1.08071,2440000,1690000
2019-06-07 13:55:25.239000,1.08071,1.08068,3620000,4690000
2019-06-07 13:55:26.753000,1.08069,1.08067,1250000,3370000
2019-06-07 13:55:26.804000,1.08068,1.08066,3190000,2890000
2019-06-07 13:55:26.906000,1.08068,1.08065,3690000,2500000
2019-06-07 13:55:31.258000,1.08068,1.08065,3560000,1750000
2019-06-07 13:55:31.701000,1.08068,1.08065,3370000,2440000
2019-06-07 13:55:31.812000,1.08068,1.08065,3560000,2500000
2019-06-07 13:55:34.265000,1.08068,1.08065,5120000,1500000
2019-06-07 13:55:34.367000,1.08066,1.08064,2120000,1500000
2019-06-07 13:55:34.469000,1.08066,1.08063,2870000,2810000
2019-06-07 13:55:34.580000,1.08064,1.08063,1500000,1250000
2019-06-07 13:55:35.633000,1.08063,1.08062,1000000,1000000
2019-06-07 13:55:35.735000,1.08063,1.08061,1000000,1690000
2019-06-07 13:55:36.623000,1.08062,1.0806,1000000,1370000
2019-06-07 13:55:36.881000,1.08063,1.0806,4390000,1750000
2019-06-07 13:55:43.326000,1.08067,1.08065,1250000,1870000
2019-06-07 13:55:43.429000,1.08066,1.08065,1250000,2250000
2019-06-07 13:55:44.323000,1.08068,1.08065,4220000,2370000
2019-06-07 13:55:44.484000,1.08068,1.08065,4520000,1870000
2019-06-07 13:55:44.535000,1.08068,1.08066,3710000,1250000
2019-06-07 13:55:45.552000,1.08069,1.08067,2510000,1690000
2019-06-07 13:55:45.604000,1.0807,1.08069,1250000,1870000
2019-06-07 13:55:45.724000,1.08072,1.0807,5540000,2440000
2019-06-07 13:55:45.775000,1.08073,1.08071,1250000,1690000
2019-06-07 13:55:46.451000,1.08072,1.0807,1000000,4690000
2019-06-07 13:55:46.555000,1.0807,1.08068,1950000,1000000
2019-06-07 13:55:46.658000,1.08071,1.08069,2810000,1000000
2019-06-07 13:55:47.095000,1.08071,1.0807,1250000,1000000
2019-06-07 13:55:47.248000,1.08072,1.08069,4450000,2810000
2019-06-07 13:55:49.203000,1.08072,1.0807,1750000,1500000
2019-06-07 13:55:49.254000,1.08073,1.08071,2510000,1310000
2019-06-07 13:55:58.263000,1.08074,1.08071,1250000,3620000
2019-06-07 13:55:58.863000,1.08076,1.08075,3150000,1250000
2019-06-07 13:55:58.914000,1.08079,1.08077,1760000,1250000
2019-06-07 13:55:59.273000,1.0808,1.08078,1760000,1620000
2019-06-07 13:55:59.375000,1.0808,1.08078,1250000,1810000
2019-06-07 13:56:00.204000,1.08081,1.08078,3620000,1250000
2019-06-07 13:56:01.018000,1.08081,1.08079,2140000,1000000
2019-06-07 13:56:03.395000,1.08081,1.08078,3190000,3560000
2019-06-07 13:56:03.499000,1.08081,1.08079,1690000,1500000
2019-06-07 13:56:03.603000,1.08081,1.0808,1000000,1500000
2019-06-07 13:56:04.008000,1.0808,1.08079,1690000,1500000
2019-06-07 13:56:04.110000,1.0808,1.08079,1500000,1000000
2019-06-07 13:56:04.265000,1.08082,1.08079,6320000,1500000
2019-06-07 13:56:05.075000,1.08081,1.08078,2440000,3560000
2019-06-07 13:56:05.177000,1.08081,1.08079,1250000,1500000
2019-06-07 13:56:06.175000,1.08082,1.08079,4200000,1370000
2019-06-07 13:56:06.531000,1.08082,1.08079,2440000,1310000
2019-06-07 13:56:07.043000,1.08082,1.08079,2250000,1370000
2019-06-07 13:56:08.282000,1.08083,1.08081,3820000,1500000
2019-06-07 13:56:08.385000,1.08083,1.08081,2060000,2060000
2019-06-07 13:56:08.841000,1.08083,1.08081,4370000,1000000
2019-06-07 13:56:09.447000,1.08083,1.0808,2870000,3190000
2019-06-07 13:56:09.600000,1.08083,1.0808,7200000,2250000
2019-06-07 13:56:09.948000,1.08082,1.08079,2120000,3190000
2019-06-07 13:56:10.703000,1.08082,1.0808,3250000,1000000
2019-06-07 13:56:10.856000,1.08082,1.08079,1750000,2810000
2019-06-07 13:56:10.958000,1.08081,1.0808,1250000,1000000
2019-06-07 13:56:11.846000,1.0808,1.08079,1250000,2250000
2019-06-07 13:56:11.949000,1.0808,1.08078,1000000,1500000
2019-06-07 13:56:12.983000,1.0808,1.08078,1750000,1500000
2019-06-07 13:56:13.244000,1.0808,1.08078,1000000,1250000
2019-06-07 13:56:13.534000,1.0808,1.08078,1000000,1750000
2019-06-07 13:56:13.687000,1.0808,1.08078,1250000,1690000
2019-06-07 13:56:13.839000,1.0808,1.08078,1000000,1750000
2019-06-07 13:56:14.100000,1.0808,1.08078,1690000,1690000
2019-06-07 13:56:15.313000,1.08081,1.08079,3040000,1250000
2019-06-07 13:56:16.737000,1.08082,1.0808,2870000,1000000
2019-06-07 13:56:17.785000,1.08083,1.08081,4010000,1000000
2019-06-07 13:56:17.903000,1.08083,1.08082,1250000,3000000
2019-06-07 13:56:19.051000,1.08085,1.08084,2250000,1310000
2019-06-07 13:56:19.103000,1.08087,1.08085,1850000,1250000
2019-06-07 13:56:19.206000,1.08087,1.08086,1250000,1000000
2019-06-07 13:56:19.334000,1.08087,1.08085,1250000,2440000
2019-06-07 13:56:19.639000,1.08087,1.08086,1250000,1000000
2019-06-07 13:56:20.522000,1.08085,1.08084,1250000,1000000
2019-06-07 13:56:20.573000,1.08085,1.08083,1690000,2440000
2019-06-07 13:56:20.675000,1.08084,1.08082,2810000,2810000
2019-06-07 13:56:20.831000,1.08084,1.08081,2950000,2440000
2019-06-07 13:56:21.344000,1.08082,1.08079,1750000,5620000
2019-06-07 13:56:21.533000,1.08081,1.08079,1250000,3000000
2019-06-07 13:56:21.958000,1.08081,1.08078,3250000,1870000
2019-06-07 13:56:22.063000,1.08081,1.08078,4000000,2000000
2019-06-07 13:56:22.580000,1.0808,1.08077,1250000,4870000
2019-06-07 13:56:23.039000,1.08081,1.08078,4450000,1000000
2019-06-07 13:56:23.143000,1.08081,1.08077,4370000,4120000
2019-06-07 13:56:23.563000,1.08081,1.08078,4370000,1000000
2019-06-07 13:56:23.800000,1.08079,1.08078,1690000,1000000
2019-06-07 13:56:23.852000,1.08077,1.08075,1250000,2910000
2019-06-07 13:56:23.954000,1.08077,1.08074,2500000,3190000
2019-06-07 13:56:24.320000,1.08076,1.08074,1250000,3000000
2019-06-07 13:56:25.933000,1.08076,1.08073,3250000,1250000
2019-06-07 13:56:26.530000,1.08076,1.08074,2500000,1500000
2019-06-07 13:56:26.828000,1.08076,1.08075,1690000,1500000
2019-06-07 13:56:27.779000,1.08077,1.08076,2140000,1120000
2019-06-07 13:56:27.881000,1.08078,1.08076,2570000,1870000
2019-06-07 13:56:27.984000,1.08079,1.08077,1690000,1620000
2019-06-07 13:56:28.086000,1.08078,1.08076,2510000,1620000
2019-06-07 13:56:29.067000,1.08077,1.08076,1250000,3000000
2019-06-07 13:56:29.630000,1.08076,1.08075,1690000,1500000
2019-06-07 13:56:30.578000,1.08076,1.08074,1250000,2060000
2019-06-07 13:56:31.110000,1.08075,1.08073,1690000,1250000
2019-06-07 13:56:31.212000,1.08074,1.08072,1690000,4310000
2019-06-07 13:56:31.739000,1.08074,1.08073,1250000,1000000
2019-06-07 13:56:31.841000,1.08075,1.08073,1250000,1810000
2019-06-07 13:56:32.040000,1.08075,1.08072,3260000,2870000
2019-06-07 13:56:32.143000,1.08075,1.08072,4410000,2870000
2019-06-07 13:56:32.561000,1.08074,1.08072,1010000,2810000
2019-06-07 13:56:32.992000,1.08074,1.08071,5160000,3620000
2019-06-07 13:56:33.468000,1.08074,1.08071,3640000,4370000
2019-06-07 13:56:33.570000,1.08074,1.08071,4410000,4370000
2019-06-07 13:56:33.789000,1.08073,1.08071,1390000,3190000
2019-06-07 13:56:34.559000,1.08071,1.0807,1000000,3750000
2019-06-07 13:56:34.668000,1.08072,1.08069,2320000,3190000
2019-06-07 13:56:34.770000,1.08072,1.0807,1410000,2440000
2019-06-07 13:56:34.905000,1.08072,1.0807,1010000,4810000
2019-06-07 13:56:36.196000,1.08073,1.0807,3260000,5620000
2019-06-07 13:56:37.501000,1.08073,1.08071,2570000,1120000
2019-06-07 13:56:38.269000,1.08073,1.0807,2500000,5440000
2019-06-07 13:56:38.372000,1.08071,1.08069,1750000,3370000
2019-06-07 13:56:38.474000,1.08071,1.08069,1820000,1120000
2019-06-07 13:56:39.966000,1.08072,1.0807,2060000,2500000
2019-06-07 13:56:40.068000,1.08072,1.08071,1250000,1120000
2019-06-07 13:56:40.886000,1.08072,1.0807,3250000,2250000
2019-06-07 13:56:40.988000,1.08072,1.0807,3250000,2250000
2019-06-07 13:56:41.141000,1.08072,1.08071,1250000,1120000
2019-06-07 13:56:42.020000,1.08072,1.0807,1250000,3750000
2019-06-07 13:56:42.122000,1.08073,1.08071,2500000,1500000
2019-06-07 13:56:43.069000,1.08072,1.0807,1250000,5250000
2019-06-07 13:56:43.316000,1.08073,1.08071,2200000,1000000
2019-06-07 13:56:45.479000,1.08071,1.0807,1000000,3940000
2019-06-07 13:56:45.531000,1.08068,1.08066,1690000,1250000
2019-06-07 13:56:45.636000,1.08067,1.08065,2200000,3000000
2019-06-07 13:56:47.720000,1.08068,1.08065,4070000,3190000
2019-06-07 13:56:47.822000,1.08067,1.08065,1350000,2620000
2019-06-07 13:56:50.865000,1.08067,1.08064,3700000,3560000
2019-06-07 13:56:51.142000,1.08063,1.08061,1690000,1100000
2019-06-07 13:56:51.270000,1.08062,1.08059,7970000,2810000
2019-06-07 13:56:51.936000,1.08062,1.0806,5720000,1000000
2019-06-07 13:56:51.988000,1.08063,1.08062,1870000,1250000
2019-06-07 13:56:52.098000,1.08064,1.08062,4540000,1000000
2019-06-07 13:56:52.200000,1.08065,1.08064,1500000,1000000
2019-06-07 13:56:52.302000,1.08065,1.08063,1000000,2250000
2019-06-07 13:56:52.404000,1.08066,1.08063,3260000,2250000
2019-06-07 13:56:53.792000,1.08066,1.08063,3660000,2250000
2019-06-07 13:56:54.898000,1.08066,1.08063,1690000,2250000
2019-06-07 13:56:55.403000,1.08066,1.08063,3660000,2250000
2019-06-07 13:56:55.585000,1.08066,1.08063,2890000,2250000
2019-06-07 13:56:55.706000,1.08066,1.08063,3660000,2250000
2019-06-07 13:56:56.073000,1.08066,1.08064,2910000,1000000
2019-06-07 13:56:56.235000,1.08066,1.08063,2970000,1690000
2019-06-07 13:56:58.071000,1.08064,1.08062,1100000,1120000
2019-06-07 13:56:58.173000,1.08063,1.08061,1760000,1250000
2019-06-07 13:57:00.350000,1.08061,1.08059,1750000,3750000
2019-06-07 13:57:00.454000,1.0806,1.08058,1750000,3000000
2019-06-07 13:57:00.622000,1.0806,1.08057,3700000,5810000
2019-06-07 13:57:00.876000,1.0806,1.08059,2140000,1000000
2019-06-07 13:57:01.736000,1.0806,1.08058,1250000,4690000
2019-06-07 13:57:01.889000,1.08059,1.08058,1000000,2440000
2019-06-07 13:57:02.228000,1.0806,1.08058,1390000,1690000
2019-06-07 13:57:03.065000,1.08061,1.08059,2200000,1500000
2019-06-07 13:57:04.008000,1.08061,1.0806,1310000,1000000
2019-06-07 13:57:04.441000,1.08062,1.0806,1570000,1000000
2019-06-07 13:57:04.594000,1.08063,1.08061,3640000,1120000
2019-06-07 13:57:04.862000,1.08063,1.08062,1010000,1000000
2019-06-07 13:57:04.966000,1.08067,1.08064,1250000,2310000
2019-06-07 13:57:05.084000,1.08068,1.08066,1470000,1500000
2019-06-07 13:57:05.188000,1.08068,1.08066,2870000,3750000
2019-06-07 13:57:06.062000,1.08068,1.08066,1250000,3750000
2019-06-07 13:57:06.165000,1.08069,1.08066,2320000,5120000
2019-06-07 13:57:06.488000,1.08068,1.08067,1000000,1250000
2019-06-07 13:57:06.590000,1.08069,1.08067,1390000,2810000
2019-06-07 13:57:06.993000,1.08071,1.08068,4950000,3190000
2019-06-07 13:57:07.095000,1.08071,1.08069,2320000,1250000
2019-06-07 13:57:07.400000,1.08071,1.08068,4410000,2060000
2019-06-07 13:57:07.609000,1.08071,1.08069,4760000,1500000
2019-06-07 13:57:09.138000,1.08071,1.08068,4010000,3190000
2019-06-07 13:57:09.518000,1.08071,1.08069,7010000,1500000
2019-06-07 13:57:09.947000,1.0807,1.08069,1000000,1000000
2019-06-07 13:57:10.155000,1.08069,1.08067,1250000,3310000
2019-06-07 13:57:10.207000,1.08071,1.08069,4870000,1750000
2019-06-07 13:57:10.625000,1.08071,1.08069,1120000,1310000
2019-06-07 13:57:10.994000,1.08073,1.08071,2140000,1250000
2019-06-07 13:57:11.372000,1.08074,1.08071,2890000,1750000
2019-06-07 13:57:13.199000,1.08074,1.08071,3320000,3560000
2019-06-07 13:57:14.035000,1.08073,1.08071,6420000,1120000
2019-06-07 13:57:14.137000,1.0807,1.08068,1250000,3560000
2019-06-07 13:57:14.312000,1.08071,1.08069,2500000,1000000
2019-06-07 13:57:14.757000,1.08071,1.0807,1250000,1500000
2019-06-07 13:57:15.670000,1.08072,1.08071,1250000,1000000
2019-06-07 13:57:15.721000,1.08074,1.08071,5200000,1250000
2019-06-07 13:57:15.824000,1.08074,1.08072,4000000,1000000
2019-06-07 13:57:15.932000,1.08074,1.08072,3190000,1250000
2019-06-07 13:57:20.284000,1.08068,1.08065,1810000,1950000
2019-06-07 13:57:20.402000,1.08068,1.08067,1000000,1690000
2019-06-07 13:57:20.507000,1.08069,1.08067,2440000,1250000
2019-06-07 13:57:21.032000,1.08068,1.08066,2440000,1690000
2019-06-07 13:57:21.421000,1.08068,1.08065,5320000,2440000
2019-06-07 13:57:25.694000,1.08068,1.08065,3640000,3250000
2019-06-07 13:57:25.796000,1.08067,1.08065,1250000,1690000
2019-06-07 13:57:26.216000,1.08067,1.08066,1250000,1000000
2019-06-07 13:57:26.334000,1.08067,1.08065,1250000,1610000
2019-06-07 13:57:26.695000,1.08068,1.08066,4070000,1000000
2019-06-07 13:57:26.798000,1.08067,1.08065,1250000,1250000
2019-06-07 13:57:27.099000,1.08065,1.08064,1690000,2170000
2019-06-07 13:57:27.201000,1.08065,1.08062,1250000,3250000
2019-06-07 13:57:27.442000,1.08063,1.08062,1000000,1000000
2019-06-07 13:57:27.544000,1.08062,1.0806,2440000,1000000
2019-06-07 13:57:28.420000,1.08062,1.08059,3260000,3560000
2019-06-07 13:57:28.885000,1.08063,1.0806,3450000,2870000
2019-06-07 13:57:28.987000,1.08063,1.0806,1870000,5500000
2019-06-07 13:57:29.191000,1.08065,1.08063,1950000,1310000
2019-06-07 13:57:29.337000,1.08066,1.08063,5510000,2810000
2019-06-07 13:57:29.490000,1.08066,1.08063,7010000,2940000
2019-06-07 13:57:30.227000,1.08067,1.08064,1120000,5250000
2019-06-07 13:57:30.330000,1.08067,1.08064,1120000,6250000
2019-06-07 13:57:31.050000,1.08068,1.08065,2060000,2500000
2019-06-07 13:57:32.275000,1.08068,1.08065,3190000,1690000
2019-06-07 13:57:32.378000,1.08068,1.08065,2870000,2440000
2019-06-07 13:57:32.606000,1.08068,1.08065,2810000,3000000
2019-06-07 13:57:33.147000,1.08068,1.08065,2060000,4750000
2019-06-07 13:57:35.029000,1.0807,1.08069,2140000,1500000
2019-06-07 13:57:35.081000,1.08071,1.0807,1000000,3000000
2019-06-07 13:57:35.185000,1.08073,1.08071,1690000,1250000
2019-06-07 13:57:38.638000,1.08071,1.0807,1250000,4500000
2019-06-07 13:57:38.760000,1.08071,1.08069,1250000,3000000
2019-06-07 13:57:39.252000,1.08071,1.0807,1250000,1000000
2019-06-07 13:57:40.003000,1.08072,1.0807,1250000,3940000
2019-06-07 13:57:40.106000,1.08073,1.08071,1250000,1310000
2019-06-07 13:57:40.208000,1.08074,1.08072,2060000,1250000
2019-06-07 13:57:40.472000,1.08075,1.08073,1690000,1000000
2019-06-07 13:57:42.792000,1.08075,1.08072,5120000,4690000
2019-06-07 13:57:42.894000,1.08075,1.08073,1120000,1000000
2019-06-07 13:57:43.041000,1.08076,1.08074,1120000,1000000
2019-06-07 13:57:43.145000,1.08076,1.08073,3370000,3000000
2019-06-07 13:57:43.350000,1.08076,1.08074,1950000,1000000
2019-06-07 13:57:43.553000,1.08076,1.08073,1000000,3750000
2019-06-07 13:57:44.534000,1.08075,1.08073,2440000,1000000
2019-06-07 13:57:44.637000,1.08075,1.08074,1690000,1000000
2019-06-07 13:57:44.791000,1.08075,1.08073,3190000,1500000
2019-06-07 13:57:45.122000,1.08075,1.08074,1000000,1000000
2019-06-07 13:57:45.224000,1.08075,1.08073,1000000,1690000
2019-06-07 13:57:45.697000,1.08076,1.08073,2700000,1500000
2019-06-07 13:57:47.830000,1.08074,1.08073,1000000,1500000
2019-06-07 13:57:48.238000,1.08074,1.08072,3250000,1000000
2019-06-07 13:57:48.289000,1.08072,1.08071,1690000,1500000
2019-06-07 13:57:48.341000,1.0807,1.08067,2060000,5070000
2019-06-07 13:57:48.888000,1.08071,1.08069,2620000,1000000
2019-06-07 13:57:49.092000,1.08072,1.08071,1870000,1000000
2019-06-07 13:57:49.243000,1.08073,1.08071,1250000,1000000
2019-06-07 13:57:49.598000,1.08073,1.0807,1750000,2320000
2019-06-07 13:57:50.666000,1.0807,1.08069,1250000,2250000
2019-06-07 13:57:50.717000,1.0807,1.08068,1250000,1870000
2019-06-07 13:57:51.130000,1.08071,1.08069,3250000,1000000
2019-06-07 13:57:51.232000,1.08071,1.08069,3190000,1000000
2019-06-07 13:57:51.334000,1.08071,1.08068,3190000,3560000
2019-06-07 13:57:51.848000,1.0807,1.08068,1000000,2810000
2019-06-07 13:57:51.951000,1.08071,1.08068,3190000,3640000
2019-06-07 13:57:52.158000,1.0807,1.08068,1500000,1310000
2019-06-07 13:57:52.835000,1.08072,1.0807,4060000,1500000
2019-06-07 13:57:52.937000,1.08072,1.0807,1250000,4870000
2019-06-07 13:57:55.498000,1.08073,1.08071,1250000,1000000
2019-06-07 13:57:55.661000,1.08073,1.08071,1250000,1000000
2019-06-07 13:57:55.764000,1.08073,1.0807,1250000,5810000
2019-06-07 13:57:56.286000,1.08074,1.08071,5120000,1500000
2019-06-07 13:57:57.167000,1.08074,1.08072,1690000,1000000
2019-06-07 13:57:57.270000,1.08075,1.08072,1690000,4760000
2019-06-07 13:57:57.902000,1.08076,1.08073,4370000,1000000
2019-06-07 13:57:58.489000,1.08076,1.08074,2440000,1000000
2019-06-07 13:58:01.021000,1.08076,1.08073,3190000,3450000
2019-06-07 13:58:01.186000,1.08076,1.08074,2440000,1500000
2019-06-07 13:58:02.035000,1.08076,1.08075,1310000,1000000
2019-06-07 13:58:02.204000,1.08076,1.08074,2440000,2250000
2019-06-07 13:58:02.306000,1.08075,1.08074,1000000,1000000
2019-06-07 13:58:02.408000,1.08076,1.08073,3560000,1500000
2019-06-07 13:58:03.127000,1.08076,1.08073,4370000,3750000
2019-06-07 13:58:03.995000,1.08078,1.08076,2890000,1500000
2019-06-07 13:58:07.420000,1.08079,1.08076,1870000,3000000
2019-06-07 13:58:08.386000,1.08078,1.08076,1000000,3370000
2019-06-07 13:58:08.998000,1.08079,1.08077,1500000,1000000
2019-06-07 13:58:09.576000,1.08077,1.08076,1690000,1120000
2019-06-07 13:58:09.678000,1.08077,1.08075,1870000,3000000
2019-06-07 13:58:09.866000,1.08075,1.08073,1250000,5320000
2019-06-07 13:58:11.742000,1.08077,1.08075,4010000,1000000
2019-06-07 13:58:11.844000,1.08077,1.08076,1250000,2250000
2019-06-07 13:58:11.997000,1.08078,1.08076,2440000,2250000
2019-06-07 13:58:13.531000,1.0808,1.08077,3620000,1000000
2019-06-07 13:58:13.882000,1.08077,1.08076,1690000,2320000
2019-06-07 13:58:13.984000,1.08077,1.08075,2440000,1000000
2019-06-07 13:58:14.086000,1.08077,1.08075,1250000,1500000
2019-06-07 13:58:14.329000,1.08076,1.08074,1000000,2250000
2019-06-07 13:58:15.180000,1.08072,1.08071,1120000,1690000
2019-06-07 13:58:15.282000,1.08071,1.08069,1000000,3640000
2019-06-07 13:58:16.471000,1.08071,1.08068,2870000,2510000
2019-06-07 13:58:16.937000,1.08072,1.0807,1690000,2500000
2019-06-07 13:58:19.372000,1.08072,1.0807,1250000,4870000
2019-06-07 13:58:19.874000,1.08073,1.0807,4310000,4310000
2019-06-07 13:58:20.032000,1.08072,1.08068,3940000,3720000
2019-06-07 13:58:20.431000,1.08071,1.08068,1000000,2500000
2019-06-07 13:58:20.533000,1.08071,1.08068,1690000,1690000
2019-06-07 13:58:20.635000,1.0807,1.08067,3250000,5320000
2019-06-07 13:58:22.478000,1.08069,1.08066,1000000,3820000
2019-06-07 13:58:22.583000,1.08068,1.08066,1000000,1000000
2019-06-07 13:58:22.685000,1.08068,1.08065,3250000,1870000
2019-06-07 13:58:22.845000,1.08067,1.08065,1810000,1500000
2019-06-07 13:58:22.956000,1.08067,1.08065,1310000,1500000
2019-06-07 13:58:26.504000,1.08065,1.08064,1250000,2250000
2019-06-07 13:58:26.607000,1.08065,1.08063,1690000,1000000
2019-06-07 13:58:26.972000,1.08065,1.08062,2440000,3560000
2019-06-07 13:58:27.424000,1.08066,1.08064,2250000,1000000
2019-06-07 13:58:29.456000,1.08067,1.08064,1690000,4690000
2019-06-07 13:58:29.630000,1.08068,1.08065,3450000,2810000
2019-06-07 13:58:29.732000,1.08069,1.08066,5250000,2060000
2019-06-07 13:58:29.888000,1.08069,1.08067,2060000,1620000
2019-06-07 13:58:29.990000,1.08069,1.08067,2120000,1870000
2019-06-07 13:58:30.092000,1.08069,1.08067,1310000,2510000
2019-06-07 13:58:30.194000,1.08071,1.08068,5320000,2440000
2019-06-07 13:58:30.319000,1.08071,1.08069,1250000,1500000
2019-06-07 13:58:30.474000,1.08072,1.08071,1310000,1000000
2019-06-07 13:58:31.018000,1.08073,1.08071,1250000,1250000
2019-06-07 13:58:31.928000,1.08075,1.08071,4510000,3000000
2019-06-07 13:58:32.030000,1.08075,1.08071,1760000,3000000
2019-06-07 13:58:32.608000,1.08075,1.08071,1390000,3120000
2019-06-07 13:58:33.438000,1.08075,1.08073,1310000,1000000
2019-06-07 13:58:34.570000,1.08076,1.08074,2120000,2250000
2019-06-07 13:58:34.774000,1.08077,1.08074,3620000,2250000
2019-06-07 13:58:34.879000,1.08079,1.08077,1870000,2560000
2019-06-07 13:58:34.981000,1.0808,1.08077,2060000,3310000
2019-06-07 13:58:36.061000,1.0808,1.08077,2500000,2060000
2019-06-07 13:58:39.895000,1.08078,1.08077,1000000,1500000
2019-06-07 13:58:39.999000,1.08077,1.08075,1750000,1000000
2019-06-07 13:58:40.695000,1.08077,1.08075,1690000,1000000
2019-06-07 13:58:41.757000,1.08077,1.08074,2810000,3750000
2019-06-07 13:58:42.762000,1.08077,1.08075,2060000,1000000
2019-06-07 13:58:43.217000,1.08077,1.08074,3560000,3750000
2019-06-07 13:58:43.320000,1.08077,1.08075,2810000,1000000
2019-06-07 13:58:43.781000,1.08075,1.08073,1000000,3940000
2019-06-07 13:58:43.884000,1.08075,1.08072,4500000,2250000
2019-06-07 13:58:44.913000,1.08075,1.08073,1810000,1000000
2019-06-07 13:58:45.015000,1.08076,1.08073,5620000,1500000
2019-06-07 13:58:45.747000,1.08076,1.08074,1810000,1000000
2019-06-07 13:58:45.897000,1.08077,1.08074,5200000,1500000
2019-06-07 13:58:46.799000,1.08076,1.08073,1250000,4500000
2019-06-07 13:58:47.512000,1.08076,1.08074,1250000,1000000
2019-06-07 13:58:47.705000,1.08076,1.08073,1250000,4120000
2019-06-07 13:58:47.807000,1.08077,1.08075,2870000,1500000
2019-06-07 13:58:47.909000,1.08078,1.08075,4370000,3750000
2019-06-07 13:58:48.164000,1.08078,1.08076,2120000,1000000
2019-06-07 13:58:48.304000,1.08078,1.08076,2810000,1000000
2019-06-07 13:58:48.487000,1.08078,1.08077,1690000,1500000
2019-06-07 13:58:48.728000,1.08079,1.08078,1250000,1000000
2019-06-07 13:58:48.779000,1.08081,1.08078,3260000,5250000
2019-06-07 13:58:48.932000,1.08081,1.08079,1870000,1000000
2019-06-07 13:58:51.502000,1.0808,1.08079,1000000,1000000
2019-06-07 13:58:51.604000,1.0808,1.08078,2810000,1500000
2019-06-07 13:58:51.831000,1.08079,1.08078,1250000,1000000
2019-06-07 13:58:52.094000,1.08079,1.08077,1250000,1000000
2019-06-07 13:58:52.582000,1.08079,1.08076,1690000,6560000
2019-06-07 13:58:53.588000,1.08077,1.08076,3190000,2250000
2019-06-07 13:58:53.717000,1.08076,1.08074,1500000,1500000
2019-06-07 13:58:54.022000,1.08076,1.08074,3470000,1500000
2019-06-07 13:58:54.320000,1.08076,1.08074,2700000,1500000
2019-06-07 13:58:54.514000,1.08076,1.08074,4540000,1500000
2019-06-07 13:58:56.383000,1.08075,1.08073,2700000,1000000
2019-06-07 13:58:56.783000,1.08075,1.08073,5570000,1000000
2019-06-07 13:58:56.885000,1.08073,1.08071,1000000,2440000
2019-06-07 13:59:00.362000,1.08071,1.0807,1690000,1500000
2019-06-07 13:59:00.413000,1.08071,1.08068,2060000,4310000
2019-06-07 13:59:01.444000,1.08071,1.08069,1690000,1000000
2019-06-07 13:59:02.271000,1.08072,1.08069,2440000,2810000
2019-06-07 13:59:03.318000,1.08071,1.08069,1000000,3560000
2019-06-07 13:59:04.032000,1.08072,1.08069,3940000,3560000
2019-06-07 13:59:04.083000,1.08072,1.08071,1250000,1000000
2019-06-07 13:59:06.563000,1.08072,1.0807,1000000,2620000
2019-06-07 13:59:07.982000,1.08073,1.0807,4390000,2250000
2019-06-07 13:59:08.085000,1.08073,1.08071,1750000,2620000
2019-06-07 13:59:08.615000,1.08073,1.08071,1690000,2250000
2019-06-07 13:59:09.041000,1.08073,1.08071,1750000,2620000
2019-06-07 13:59:10.757000,1.08071,1.0807,1000000,1120000
2019-06-07 13:59:10.808000,1.08071,1.08069,2810000,1500000
2019-06-07 13:59:11.894000,1.0807,1.08068,2060000,1000000
2019-06-07 13:59:11.996000,1.08068,1.08065,3620000,2250000
2019-06-07 13:59:15.028000,1.08068,1.08065,3190000,3940000
2019-06-07 13:59:15.130000,1.08068,1.08066,2440000,1000000
2019-06-07 13:59:15.819000,1.08068,1.08067,1690000,1000000
2019-06-07 13:59:16.918000,1.08068,1.08066,1690000,1000000
2019-06-07 13:59:30.200000,1.08071,1.0807,1050000,1500000
2019-06-07 13:59:30.302000,1.08072,1.08071,1250000,1000000
2019-06-07 13:59:30.578000,1.08073,1.08071,1690000,1000000
2019-06-07 13:59:30.782000,1.08075,1.08072,5170000,1000000
2019-06-07 13:59:31.386000,1.08074,1.08072,1250000,1000000
2019-06-07 13:59:34.225000,1.08075,1.08074,2360000,1000000
2019-06-07 13:59:34.341000,1.08079,1.08078,1690000,1500000
2019-06-07 13:59:34.443000,1.08082,1.0808,3940000,1000000
2019-06-07 13:59:34.545000,1.08085,1.08083,1000000,1250000
2019-06-07 13:59:34.669000,1.08084,1.08083,1000000,1120000
2019-06-07 13:59:34.720000,1.08087,1.08084,2500000,1500000
2019-06-07 13:59:34.823000,1.08087,1.08084,1250000,1500000
2019-06-07 13:59:35.136000,1.08088,1.08086,2120000,1000000
2019-06-07 13:59:35.238000,1.08089,1.08087,1250000,3750000
2019-06-07 13:59:35.341000,1.0809,1.08089,2440000,1120000
2019-06-07 13:59:35.443000,1.08092,1.08089,3190000,3370000
2019-06-07 13:59:35.556000,1.08093,1.0809,4310000,2250000
2019-06-07 13:59:35.658000,1.08094,1.08091,4810000,1500000
2019-06-07 13:59:35.760000,1.08094,1.08092,2000000,1500000
2019-06-07 13:59:35.811000,1.08095,1.08094,1500000,1000000
2019-06-07 13:59:35.928000,1.08096,1.08094,1500000,2620000
2019-06-07 13:59:36.030000,1.08096,1.08095,1000000,1870000
2019-06-07 13:59:36.081000,1.08098,1.08095,2250000,2060000
2019-06-07 13:59:36.301000,1.08097,1.08095,1000000,1500000
2019-06-07 13:59:36.403000,1.08097,1.08095,3250000,1000000
2019-06-07 13:59:36.875000,1.08096,1.08094,1250000,4120000
2019-06-07 13:59:37.028000,1.08095,1.08093,1690000,1950000
2019-06-07 13:59:37.138000,1.08095,1.08094,3940000,1000000
2019-06-07 13:59:37.291000,1.08095,1.08094,2440000,1000000
2019-06-07 13:59:37.394000,1.08094,1.08092,1250000,2700000
2019-06-07 13:59:37.496000,1.08095,1.08093,2060000,1000000
2019-06-07 13:59:37.809000,1.08095,1.08092,2060000,4200000
2019-06-07 13:59:38.065000,1.08095,1.08093,1310000,1000000
2019-06-07 13:59:39.611000,1.08093,1.08092,1250000,1950000
2019-06-07 13:59:39.746000,1.08093,1.08091,1250000,6070000
2019-06-07 13:59:39.848000,1.08094,1.08091,1690000,4570000
2019-06-07 13:59:40.052000,1.08094,1.08092,1250000,1200000
2019-06-07 13:59:41.106000,1.08095,1.08092,2120000,2720000
2019-06-07 13:59:41.717000,1.08095,1.08093,1870000,1200000
2019-06-07 13:59:42.029000,1.08095,1.08093,2120000,1200000
2019-06-07 13:59:42.556000,1.08095,1.08092,2120000,2700000
2019-06-07 13:59:43.417000,1.08098,1.08095,1870000,1500000
2019-06-07 13:59:43.620000,1.08098,1.08096,1000000,1000000
2019-06-07 13:59:44.050000,1.08098,1.08095,2500000,4200000
2019-06-07 13:59:44.204000,1.08098,1.08095,1690000,2620000
2019-06-07 13:59:44.381000,1.08097,1.08095,1250000,1870000
2019-06-07 13:59:44.636000,1.08097,1.08094,3250000,3450000
2019-06-07 13:59:46.369000,1.08098,1.08095,1750000,1870000
2019-06-07 13:59:46.890000,1.08098,1.08095,2500000,2620000
2019-06-07 13:59:47.203000,1.08097,1.08095,1000000,1000000
2019-06-07 13:59:47.421000,1.08097,1.08095,1250000,1000000
2019-06-07 13:59:47.782000,1.08101,1.08099,1870000,1000000
2019-06-07 13:59:47.834000,1.08103,1.081,3000000,1870000
2019-06-07 13:59:47.885000,1.08102,1.081,1750000,1870000
2019-06-07 13:59:48.036000,1.08103,1.08101,1500000,1120000
2019-06-07 13:59:48.242000,1.08105,1.08101,1870000,3450000
2019-06-07 13:59:48.414000,1.08105,1.08101,1370000,1870000
2019-06-07 13:59:48.516000,1.08105,1.08102,1370000,1000000
2019-06-07 13:59:48.687000,1.08103,1.08102,1000000,1000000
2019-06-07 13:59:48.738000,1.08101,1.081,1500000,2250000
2019-06-07 13:59:48.841000,1.081,1.08098,2500000,1280000
2019-06-07 13:59:49.048000,1.081,1.08096,2870000,2620000
2019-06-07 13:59:49.150000,1.081,1.08096,2870000,4120000
2019-06-07 13:59:49.201000,1.081,1.08098,1000000,1000000
2019-06-07 13:59:49.303000,1.08101,1.08098,1690000,1000000
2019-06-07 13:59:49.519000,1.081,1.08097,1690000,3000000
2019-06-07 13:59:49.824000,1.08101,1.08097,3190000,3000000
2019-06-07 13:59:49.969000,1.08101,1.08097,2500000,3190000
2019-06-07 13:59:50.172000,1.081,1.08097,2120000,2250000
2019-06-07 13:59:50.348000,1.08099,1.08096,2810000,1000000
2019-06-07 13:59:50.669000,1.08097,1.08094,1750000,1120000
2019-06-07 13:59:51.560000,1.08095,1.08093,3000000,3000000
2019-06-07 13:59:51.662000,1.08095,1.08092,1250000,1000000
2019-06-07 13:59:52.012000,1.08096,1.08092,1250000,1500000
2019-06-07 13:59:52.114000,1.08098,1.08093,2120000,3500000
2019-06-07 13:59:54.170000,1.08098,1.08093,1870000,3000000
2019-06-07 13:59:54.318000,1.08095,1.08092,2870000,1000000
2019-06-07 13:59:54.421000,1.08095,1.08091,2120000,1310000
2019-06-07 13:59:54.523000,1.08094,1.08091,1250000,1120000
2019-06-07 13:59:56.602000,1.08093,1.0809,1250000,1000000
2019-06-07 13:59:56.705000,1.08094,1.08089,4000000,2620000
2019-06-07 13:59:57.083000,1.0809,1.08088,1370000,1500000
2019-06-07 13:59:57.185000,1.08091,1.08088,2810000,1500000
2019-06-07 14:00:00.356000,1.08091,1.08088,3620000,1000000
2019-06-07 14:00:00.848000,1.0809,1.08088,1250000,1500000
2019-06-07 14:00:01.141000,1.08089,1.08087,1690000,1500000
2019-06-07 14:00:01.244000,1.08089,1.08087,4870000,1000000
2019-06-07 14:00:01.368000,1.08089,1.08085,4870000,1000000
2019-06-07 14:00:01.471000,1.08087,1.08085,1250000,1000000
2019-06-07 14:00:01.573000,1.08087,1.08084,1250000,1870000
2019-06-07 14:00:01.719000,1.08088,1.08083,3370000,1870000
2019-06-07 14:00:01.821000,1.08087,1.08083,2120000,1870000
2019-06-07 14:00:02.232000,1.08086,1.08083,2870000,1000000
2019-06-07 14:00:02.334000,1.08084,1.08082,1870000,1000000
2019-06-07 14:00:02.507000,1.08085,1.08082,3370000,1000000
2019-06-07 14:00:03.603000,1.08085,1.08081,1370000,2810000
2019-06-07 14:00:03.705000,1.08085,1.08082,1370000,1000000
2019-06-07 14:00:05.360000,1.08084,1.08082,2370000,1500000
2019-06-07 14:00:05.411000,1.0808,1.08077,1870000,1000000
2019-06-07 14:00:05.513000,1.0808,1.08076,1370000,6560000
2019-06-07 14:00:05.648000,1.0808,1.08077,1370000,1000000
2019-06-07 14:00:06.763000,1.08081,1.08077,3370000,2120000
2019-06-07 14:00:06.819000,1.08082,1.0808,2250000,2000000
2019-06-07 14:00:06.870000,1.08087,1.08083,3370000,1000000
2019-06-07 14:00:07.518000,1.08085,1.08084,1250000,1000000
2019-06-07 14:00:07.636000,1.08085,1.08083,1250000,1500000
2019-06-07 14:00:09.899000,1.08085,1.08083,1250000,1000000
2019-06-07 14:00:10.103000,1.08085,1.08082,1750000,3370000
2019-06-07 14:00:13.438000,1.08085,1.08082,5250000,3870000
2019-06-07 14:00:15.297000,1.08089,1.08086,2290000,3000000
2019-06-07 14:00:15.451000,1.08087,1.08085,2620000,1500000
2019-06-07 14:00:16.465000,1.08086,1.08084,1690000,3750000
2019-06-07 14:00:17.853000,1.08086,1.08084,4120000,1000000
2019-06-07 14:00:18.069000,1.0808,1.08078,1000000,2700000
2019-06-07 14:00:18.171000,1.08082,1.0808,3690000,1500000
2019-06-07 14:00:18.273000,1.08082,1.08079,2060000,2250000
2019-06-07 14:00:18.492000,1.08081,1.08079,1250000,1500000
2019-06-07 14:00:20.109000,1.0808,1.08079,1000000,1000000
2019-06-07 14:00:20.210000,1.0808,1.08078,1250000,2620000
2019-06-07 14:00:21.549000,1.0808,1.08077,1690000,3370000
2019-06-07 14:00:23.173000,1.0808,1.08077,4000000,2750000
2019-06-07 14:00:23.894000,1.0808,1.08077,2500000,3000000
2019-06-07 14:00:25.558000,1.08079,1.08077,2870000,1120000
2019-06-07 14:00:25.780000,1.08079,1.08077,2810000,1120000
2019-06-07 14:00:25.882000,1.0808,1.08078,2870000,1000000
2019-06-07 14:00:25.984000,1.0808,1.08078,1310000,1000000
2019-06-07 14:00:27.571000,1.08079,1.08078,1000000,1000000
2019-06-07 14:00:27.939000,1.0808,1.08078,1310000,1000000
2019-06-07 14:00:28.542000,1.08079,1.08078,1000000,1000000
2019-06-07 14:00:29.385000,1.0808,1.08078,1310000,1000000
2019-06-07 14:00:29.487000,1.08082,1.08079,1690000,3370000
2019-06-07 14:00:29.634000,1.08083,1.0808,3250000,2250000
2019-06-07 14:00:29.999000,1.08083,1.08081,1750000,1500000
2019-06-07 14:00:30.101000,1.08085,1.08082,2120000,3120000
2019-06-07 14:00:31.043000,1.08085,1.08083,2060000,1000000
2019-06-07 14:00:32.499000,1.08088,1.08085,2560000,1000000
2019-06-07 14:00:32.601000,1.08088,1.08086,2870000,1000000
2019-06-07 14:00:32.703000,1.08088,1.08085,2870000,2620000
2019-06-07 14:00:32.852000,1.08087,1.08085,1370000,1120000
2019-06-07 14:00:33.056000,1.08087,1.08084,3250000,1870000
2019-06-07 14:00:33.874000,1.08087,1.08085,1120000,1250000
2019-06-07 14:00:33.977000,1.0809,1.08088,1750000,1000000
2019-06-07 14:00:34.137000,1.08091,1.08088,2870000,1870000
2019-06-07 14:00:35.349000,1.08091,1.08089,1370000,1000000
2019-06-07 14:00:35.451000,1.08091,1.08089,1000000,1500000
2019-06-07 14:00:35.553000,1.08091,1.08089,1250000,1500000
2019-06-07 14:00:35.818000,1.08091,1.08088,2500000,2620000
2019-06-07 14:00:35.921000,1.0809,1.08088,3370000,1000000
2019-06-07 14:00:36.074000,1.0809,1.08087,2560000,6750000
2019-06-07 14:00:36.235000,1.0809,1.08088,1620000,1000000
2019-06-07 14:00:36.338000,1.08091,1.08088,2560000,3750000
2019-06-07 14:00:37.502000,1.08091,1.08088,2040000,3750000
2019-06-07 14:00:38.934000,1.08092,1.08089,5620000,1000000
2019-06-07 14:00:39.747000,1.08092,1.0809,4870000,1000000
2019-06-07 14:00:39.849000,1.08093,1.08092,2250000,1500000
2019-06-07 14:00:39.998000,1.08095,1.08093,2950000,1000000
2019-06-07 14:00:40.101000,1.08096,1.08094,2120000,1500000
2019-06-07 14:00:40.204000,1.08096,1.08095,1250000,1000000
2019-06-07 14:00:40.877000,1.08098,1.08095,3370000,3000000
2019-06-07 14:00:40.981000,1.081,1.08097,2060000,3750000
2019-06-07 14:00:41.032000,1.08101,1.08098,3370000,3870000
2019-06-07 14:00:41.790000,1.08101,1.081,1120000,1000000
2019-06-07 14:00:41.892000,1.08102,1.081,1690000,3000000
2019-06-07 14:00:41.994000,1.08104,1.08102,1690000,1000000
2019-06-07 14:00:42.210000,1.08105,1.08103,2060000,1000000
2019-06-07 14:00:42.464000,1.08105,1.08103,2120000,1000000
2019-06-07 14:00:43.128000,1.08105,1.08103,1310000,2250000
2019-06-07 14:00:43.283000,1.08108,1.08106,1350000,1500000
2019-06-07 14:00:43.334000,1.08111,1.08108,2500000,3970000
2019-06-07 14:00:43.597000,1.08109,1.08108,1500000,1000000
2019-06-07 14:00:43.699000,1.08109,1.08107,1250000,3000000
2019-06-07 14:00:43.815000,1.0811,1.08108,2870000,1500000
2019-06-07 14:00:44.019000,1.08109,1.08107,1250000,2250000
2019-06-07 14:00:44.123000,1.08109,1.08107,2500000,1000000
2019-06-07 14:00:44.604000,1.08107,1.08105,1250000,4500000
2019-06-07 14:00:44.730000,1.08105,1.08103,2060000,1000000
2019-06-07 14:00:44.836000,1.08106,1.08104,1250000,2250000
2019-06-07 14:00:44.938000,1.08106,1.08105,1250000,3000000
2019-06-07 14:00:45.484000,1.08107,1.08104,2870000,3000000
2019-06-07 14:00:45.586000,1.08105,1.08103,2060000,1870000
2019-06-07 14:00:45.688000,1.08104,1.08102,1810000,1500000
2019-06-07 14:00:45.790000,1.08104,1.08102,2190000,3000000
2019-06-07 14:00:46.521000,1.08103,1.08101,2870000,1500000
2019-06-07 14:00:46.675000,1.08103,1.081,2870000,1000000
2019-06-07 14:00:46.900000,1.08102,1.08099,1250000,4120000
2019-06-07 14:00:51.988000,1.081,1.08098,1310000,1870000
2019-06-07 14:00:52.090000,1.08099,1.08097,1250000,3000000
2019-06-07 14:00:52.192000,1.081,1.08097,3250000,2620000
2019-06-07 14:00:52.450000,1.08101,1.08098,4500000,1870000
2019-06-07 14:00:52.554000,1.08101,1.08099,1250000,1500000
2019-06-07 14:00:53.246000,1.08102,1.08099,3000000,4120000
2019-06-07 14:00:54.441000,1.08102,1.08099,1500000,4870000
2019-06-07 14:00:55.518000,1.08102,1.08099,1370000,3000000
2019-06-07 14:00:56.216000,1.08102,1.081,1750000,1000000
2019-06-07 14:00:57.241000,1.08102,1.081,1250000,1500000
2019-06-07 14:00:58.010000,1.08102,1.081,2120000,1000000
2019-06-07 14:00:59.273000,1.08101,1.08099,2500000,1000000
2019-06-07 14:00:59.375000,1.081,1.08097,1250000,3370000
2019-06-07 14:00:59.528000,1.08098,1.08097,1250000,2250000
2019-06-07 14:00:59.642000,1.08098,1.08096,3310000,1000000
2019-06-07 14:00:59.693000,1.08096,1.08094,1250000,1500000
2019-06-07 14:01:00.097000,1.08096,1.08094,1810000,1500000
2019-06-07 14:01:00.669000,1.08096,1.08094,1250000,2250000
2019-06-07 14:01:00.891000,1.08096,1.08095,1250000,1000000
2019-06-07 14:01:02.269000,1.08095,1.08093,1000000,4310000
2019-06-07 14:01:02.797000,1.08095,1.08094,1250000,1000000
2019-06-07 14:01:03.231000,1.08095,1.08093,1310000,5250000
2019-06-07 14:01:03.402000,1.08092,1.08091,1000000,1000000
2019-06-07 14:01:03.504000,1.08091,1.08089,1250000,1000000
2019-06-07 14:01:04.576000,1.0809,1.08088,1250000,1000000
2019-06-07 14:01:06.660000,1.08091,1.08089,3370000,1000000
2019-06-07 14:01:07.579000,1.08092,1.08091,1690000,1500000
2019-06-07 14:01:07.682000,1.08091,1.08089,1250000,3750000
2019-06-07 14:01:07.784000,1.08091,1.08089,2500000,1000000
2019-06-07 14:01:08.683000,1.08091,1.08089,1690000,1000000
2019-06-07 14:01:09.399000,1.08091,1.08087,3620000,7620000
2019-06-07 14:01:09.714000,1.08091,1.08087,4370000,7870000
2019-06-07 14:01:09.816000,1.08091,1.08088,3620000,1500000
2019-06-07 14:01:09.919000,1.08093,1.08092,2440000,2100000
2019-06-07 14:01:10.023000,1.08096,1.08094,1690000,1000000
2019-06-07 14:01:10.862000,1.08095,1.08093,1000000,3370000
2019-06-07 14:01:10.913000,1.08094,1.08092,2870000,3750000
2019-06-07 14:01:10.985000,1.08094,1.08091,4750000,3000000
2019-06-07 14:01:11.087000,1.08094,1.08091,4310000,3000000
2019-06-07 14:01:11.643000,1.08094,1.08091,6000000,3000000
2019-06-07 14:01:12.027000,1.08093,1.08091,2500000,1000000
2019-06-07 14:01:12.540000,1.08093,1.08091,1690000,1000000
2019-06-07 14:01:12.642000,1.08093,1.08091,2870000,1000000
2019-06-07 14:01:13.083000,1.08093,1.0809,2870000,4500000
2019-06-07 14:01:13.438000,1.08094,1.08092,5620000,1000000
2019-06-07 14:01:13.550000,1.08095,1.08092,2940000,2620000
2019-06-07 14:01:13.652000,1.08096,1.08093,6300000,1500000
2019-06-07 14:01:13.754000,1.08096,1.08094,5170000,1000000
2019-06-07 14:01:13.856000,1.08096,1.08094,3860000,1500000
2019-06-07 14:01:14.050000,1.08097,1.08095,1750000,1000000
2019-06-07 14:01:14.620000,1.08097,1.08094,1250000,1870000
2019-06-07 14:01:15.755000,1.08097,1.08094,2440000,3000000
2019-06-07 14:01:16.236000,1.08097,1.08095,1250000,1000000
2019-06-07 14:01:16.338000,1.08097,1.08094,1690000,3000000
2019-06-07 14:01:16.440000,1.08096,1.08094,1750000,1000000
2019-06-07 14:01:16.556000,1.08096,1.08093,3250000,1870000
2019-06-07 14:01:17.515000,1.08096,1.08094,1370000,1000000
2019-06-07 14:01:18.313000,1.08095,1.08093,1250000,2250000
2019-06-07 14:01:18.930000,1.08096,1.08094,2500000,1000000
2019-06-07 14:01:19.032000,1.08093,1.08092,1310000,3000000
2019-06-07 14:01:19.144000,1.08093,1.08091,1370000,1500000
2019-06-07 14:01:21.955000,1.08093,1.0809,3250000,2620000
2019-06-07 14:01:22.320000,1.08093,1.08091,2120000,1500000
2019-06-07 14:01:23.662000,1.08095,1.08094,1310000,1000000
2019-06-07 14:01:24.054000,1.08096,1.08094,4310000,1000000
2019-06-07 14:01:24.156000,1.08096,1.08093,3620000,2250000
2019-06-07 14:01:25.139000,1.08096,1.08093,2500000,3750000
2019-06-07 14:01:25.464000,1.08096,1.08094,1250000,1000000
2019-06-07 14:01:25.745000,1.08096,1.08094,1000000,1500000
2019-06-07 14:01:26.327000,1.08097,1.08095,2000000,1000000
2019-06-07 14:01:28.171000,1.08098,1.08096,3820000,1000000
2019-06-07 14:01:28.839000,1.08098,1.08097,1310000,1500000
2019-06-07 14:01:28.977000,1.08099,1.08098,1120000,1000000
2019-06-07 14:01:29.028000,1.081,1.08098,2060000,1000000
2019-06-07 14:01:29.811000,1.08101,1.08099,2140000,1000000
2019-06-07 14:01:29.914000,1.08102,1.081,1950000,1500000
2019-06-07 14:01:30.016000,1.081,1.08098,1870000,2440000
2019-06-07 14:01:32.097000,1.081,1.08099,1310000,1000000
2019-06-07 14:01:32.199000,1.08101,1.08098,4120000,2620000
2019-06-07 14:01:33.150000,1.08101,1.081,1000000,1000000
2019-06-07 14:01:33.277000,1.08103,1.081,6450000,1500000
2019-06-07 14:01:33.379000,1.08103,1.08101,2950000,1000000
2019-06-07 14:01:33.481000,1.08104,1.08101,3410000,1500000
2019-06-07 14:01:34.721000,1.08105,1.08102,2510000,1870000
2019-06-07 14:01:34.976000,1.08105,1.08103,1250000,1500000
2019-06-07 14:01:35.243000,1.08105,1.08102,1690000,2820000
2019-06-07 14:01:35.555000,1.08105,1.08103,1690000,1500000
2019-06-07 14:01:35.657000,1.08105,1.08102,1310000,3190000
2019-06-07 14:01:35.758000,1.08105,1.08103,1310000,1500000
2019-06-07 14:01:37.240000,1.08105,1.08102,1870000,2700000
2019-06-07 14:01:37.341000,1.08105,1.08103,1370000,1690000
2019-06-07 14:01:37.443000,1.08104,1.08101,3250000,1870000
2019-06-07 14:01:37.495000,1.08099,1.08097,1250000,2250000
2019-06-07 14:01:37.546000,1.081,1.08098,1310000,1000000
2019-06-07 14:01:37.658000,1.081,1.08097,2060000,2250000
2019-06-07 14:01:37.761000,1.081,1.08097,3620000,2250000
2019-06-07 14:01:38.288000,1.08098,1.08096,1250000,3940000
2019-06-07 14:01:40.120000,1.08097,1.08095,1370000,1500000
2019-06-07 14:01:40.263000,1.08095,1.08093,1250000,2450000
2019-06-07 14:01:40.365000,1.08093,1.08091,3750000,1500000
2019-06-07 14:01:40.467000,1.08093,1.0809,4570000,1500000
2019-06-07 14:01:40.569000,1.08092,1.0809,2940000,1000000
2019-06-07 14:01:40.686000,1.08092,1.08089,3070000,1500000
2019-06-07 14:01:40.788000,1.08092,1.08089,3820000,1500000
2019-06-07 14:01:40.940000,1.08092,1.08089,3820000,1500000
2019-06-07 14:01:41.106000,1.08092,1.0809,1370000,3000000
2019-06-07 14:01:41.516000,1.08093,1.08091,2700000,1000000
2019-06-07 14:01:41.567000,1.08092,1.08089,1310000,4500000
2019-06-07 14:01:41.823000,1.08092,1.08089,2200000,1000000
2019-06-07 14:01:42,1.08091,1.08088,1250000,3000000
2019-06-07 14:01:42.470000,1.08088,1.08087,1690000,1000000
2019-06-07 14:01:42.522000,1.08085,1.08084,1250000,1000000
2019-06-07 14:01:42.625000,1.08085,1.08083,1250000,1000000
2019-06-07 14:01:43.254000,1.08085,1.08083,1750000,1000000
2019-06-07 14:01:43.306000,1.08084,1.08081,2060000,3260000
2019-06-07 14:01:43.458000,1.08084,1.08082,1310000,1000000
2019-06-07 14:01:43.877000,1.08085,1.08084,3000000,1690000
2019-06-07 14:01:44.090000,1.08086,1.08084,1390000,1000000
2019-06-07 14:01:44.710000,1.08088,1.08085,3850000,2250000
2019-06-07 14:01:46.391000,1.08088,1.08086,2950000,1000000
2019-06-07 14:01:46.558000,1.08088,1.08085,3700000,2250000
2019-06-07 14:01:47.495000,1.08088,1.08085,2570000,3000000
2019-06-07 14:01:47.598000,1.08088,1.08086,1350000,2250000
2019-06-07 14:01:47.752000,1.0809,1.08087,5600000,3370000
2019-06-07 14:01:47.855000,1.0809,1.08088,2810000,1120000
2019-06-07 14:01:48.532000,1.08091,1.08089,5020000,1000000
2019-06-07 14:01:49.929000,1.08092,1.0809,4670000,1000000
2019-06-07 14:01:50.032000,1.08092,1.08089,6070000,3000000
2019-06-07 14:01:51.779000,1.08089,1.08087,1000000,4870000
2019-06-07 14:01:51.915000,1.08088,1.08086,4570000,2250000
2019-06-07 14:01:52.017000,1.08088,1.08085,4950000,3370000
2019-06-07 14:01:55.286000,1.08086,1.08084,2120000,1000000
2019-06-07 14:01:55.388000,1.08085,1.08083,1250000,2250000
2019-06-07 14:01:55.728000,1.08083,1.08082,1250000,1500000
2019-06-07 14:01:55.780000,1.08082,1.08079,3390000,1000000
2019-06-07 14:01:55.932000,1.08081,1.08079,2870000,1000000
2019-06-07 14:01:56.041000,1.08081,1.08078,5700000,1000000
2019-06-07 14:01:56.976000,1.08081,1.0808,1120000,1000000
2019-06-07 14:01:57.518000,1.08081,1.08079,1690000,1000000
2019-06-07 14:01:57.621000,1.08081,1.08078,6070000,1120000
2019-06-07 14:01:58.526000,1.0808,1.08077,2140000,2250000
2019-06-07 14:01:58.679000,1.08082,1.08081,2250000,1000000
2019-06-07 14:01:58.785000,1.08083,1.08081,1870000,3000000
2019-06-07 14:01:59.091000,1.08084,1.08082,4060000,1000000
2019-06-07 14:01:59.338000,1.08084,1.08081,4060000,6000000
2019-06-07 14:02:00.384000,1.08084,1.08081,4120000,3000000
2019-06-07 14:02:01.074000,1.08084,1.08081,4060000,2250000
2019-06-07 14:02:01.177000,1.08082,1.0808,3640000,1000000
2019-06-07 14:02:01.280000,1.08082,1.08079,4820000,1500000
2019-06-07 14:02:01.655000,1.08082,1.0808,1390000,3000000
2019-06-07 14:02:01.757000,1.08083,1.08081,2060000,1500000
2019-06-07 14:02:02.663000,1.08083,1.08081,1750000,1500000
2019-06-07 14:02:02.765000,1.08084,1.08081,6070000,4500000
2019-06-07 14:02:03.862000,1.08084,1.08082,4950000,1000000
2019-06-07 14:02:04.235000,1.08084,1.08083,1870000,1000000
2019-06-07 14:02:04.337000,1.08086,1.08083,3760000,3000000
2019-06-07 14:02:07.146000,1.08086,1.08084,3310000,1000000
2019-06-07 14:02:07.503000,1.08086,1.08084,1310000,1000000
2019-06-07 14:02:10.275000,1.08085,1.08083,1000000,2620000
2019-06-07 14:02:10.598000,1.08085,1.08084,1000000,1000000
2019-06-07 14:02:11.202000,1.08085,1.08083,1000000,3370000
2019-06-07 14:02:12.985000,1.08085,1.08084,1000000,1000000
2019-06-07 14:02:13.511000,1.08085,1.08083,1000000,3370000
2019-06-07 14:02:14.517000,1.08085,1.08083,3690000,1000000
2019-06-07 14:02:14.619000,1.08084,1.08082,1500000,3190000
2019-06-07 14:02:15.610000,1.08084,1.08082,1120000,3190000
2019-06-07 14:02:17.773000,1.08082,1.08081,1000000,1500000
2019-06-07 14:02:17.825000,1.08082,1.08079,2570000,3000000
2019-06-07 14:02:19.323000,1.08081,1.0808,1000000,1000000
2019-06-07 14:02:19.425000,1.08082,1.0808,1000000,1690000
2019-06-07 14:02:19.662000,1.08082,1.08081,1000000,1500000
2019-06-07 14:02:19.764000,1.08083,1.0808,1690000,3190000
2019-06-07 14:02:20.856000,1.08083,1.08081,1310000,1000000
2019-06-07 14:02:22.817000,1.08084,1.08082,1620000,2440000
2019-06-07 14:02:22.920000,1.08086,1.08083,2940000,3000000
2019-06-07 14:02:23.029000,1.08086,1.08084,2810000,1000000
2019-06-07 14:02:23.235000,1.08087,1.08084,3260000,2620000
2019-06-07 14:02:23.452000,1.08087,1.08085,2060000,1000000
2019-06-07 14:02:23.951000,1.08088,1.08086,1120000,3190000
2019-06-07 14:02:25.185000,1.08088,1.08086,2190000,1500000
2019-06-07 14:02:26.161000,1.08088,1.08086,2060000,2250000
2019-06-07 14:02:27.106000,1.08087,1.08086,1000000,1500000
2019-06-07 14:02:27.208000,1.08087,1.08085,1250000,1000000
2019-06-07 14:02:29.145000,1.08087,1.08085,2190000,1500000
2019-06-07 14:02:29.591000,1.08088,1.08085,4450000,2250000
2019-06-07 14:02:29.693000,1.08088,1.08086,2500000,1500000
2019-06-07 14:02:29.831000,1.08089,1.08086,3620000,3750000
2019-06-07 14:02:29.933000,1.08089,1.08087,2870000,1000000
2019-06-07 14:02:30.561000,1.0809,1.08087,5320000,3370000
2019-06-07 14:02:30.663000,1.0809,1.08088,3760000,1000000
2019-06-07 14:02:30.774000,1.0809,1.08088,1310000,2250000
2019-06-07 14:02:30.826000,1.08092,1.0809,2950000,2250000
2019-06-07 14:02:30.928000,1.08092,1.08091,1010000,3750000
2019-06-07 14:02:30.979000,1.08093,1.08092,1000000,1500000
2019-06-07 14:02:31.081000,1.08095,1.08092,3820000,3000000
2019-06-07 14:02:31.300000,1.08095,1.08093,1000000,1000000
2019-06-07 14:02:31.503000,1.08096,1.08093,4510000,3000000
2019-06-07 14:02:31.708000,1.08096,1.08094,4140000,1000000
2019-06-07 14:02:35.856000,1.08097,1.08095,4060000,1000000
2019-06-07 14:02:35.958000,1.08097,1.08095,1250000,2250000
2019-06-07 14:02:36.122000,1.08098,1.08096,3250000,1000000
2019-06-07 14:02:36.224000,1.08098,1.08097,1250000,1500000
2019-06-07 14:02:36.326000,1.08099,1.08098,1000000,2620000
2019-06-07 14:02:36.428000,1.08101,1.08098,4140000,3370000
2019-06-07 14:02:37.308000,1.08101,1.08099,2940000,1500000
2019-06-07 14:02:37.904000,1.08101,1.08098,2940000,4120000
2019-06-07 14:02:38.019000,1.08101,1.08099,2940000,1000000
2019-06-07 14:02:38.172000,1.08101,1.08098,2940000,4120000
2019-06-07 14:02:38.275000,1.08101,1.08099,2190000,2250000
2019-06-07 14:02:39.091000,1.081,1.08098,2440000,1500000
2019-06-07 14:02:39.350000,1.08099,1.08097,1750000,1500000
2019-06-07 14:02:39.456000,1.08098,1.08097,1250000,1000000
2019-06-07 14:02:40.377000,1.08098,1.08096,3010000,2250000
2019-06-07 14:02:40.479000,1.08096,1.08095,1250000,1000000
2019-06-07 14:02:40.580000,1.08096,1.08094,1010000,1500000
2019-06-07 14:02:41.737000,1.08095,1.08093,3250000,1000000
2019-06-07 14:02:41.791000,1.08094,1.08092,4070000,1000000
2019-06-07 14:02:41.893000,1.08093,1.08091,1390000,1500000
2019-06-07 14:02:41.995000,1.08094,1.08093,1120000,2250000
2019-06-07 14:02:42.279000,1.08094,1.08092,2870000,2250000
2019-06-07 14:02:42.381000,1.08093,1.08091,2260000,3000000
2019-06-07 14:02:42.832000,1.08092,1.08089,2510000,2250000
2019-06-07 14:02:43.349000,1.08092,1.08089,2910000,3750000
2019-06-07 14:02:43.753000,1.08094,1.08093,1690000,1000000
2019-06-07 14:02:43.856000,1.08093,1.08092,1000000,2620000
2019-06-07 14:02:43.907000,1.08096,1.08093,4200000,1000000
2019-06-07 14:02:46.136000,1.08094,1.08092,1000000,1000000
2019-06-07 14:02:46.238000,1.08094,1.08091,6040000,2250000
2019-06-07 14:02:46.993000,1.08094,1.08091,3450000,4120000
2019-06-07 14:02:47.095000,1.08094,1.08091,2720000,4120000
2019-06-07 14:02:48.002000,1.08094,1.08093,1200000,1500000
2019-06-07 14:02:48.104000,1.08095,1.08093,1120000,2250000
2019-06-07 14:02:48.207000,1.08095,1.08094,1120000,1000000
2019-06-07 14:02:48.348000,1.08096,1.08094,1950000,1000000
2019-06-07 14:02:48.882000,1.08096,1.08093,2620000,2620000
2019-06-07 14:02:49.143000,1.08096,1.08094,1120000,1000000
2019-06-07 14:02:54.201000,1.08097,1.08095,3010000,1500000
2019-06-07 14:02:54.336000,1.08098,1.08096,3390000,1000000
2019-06-07 14:02:55.115000,1.08098,1.08097,1570000,1000000
2019-06-07 14:02:55.410000,1.08098,1.08097,1100000,1500000
2019-06-07 14:02:58.653000,1.08097,1.08096,1310000,1000000
2019-06-07 14:02:58.704000,1.08096,1.08094,1250000,1000000
2019-06-07 14:02:58.806000,1.08096,1.08094,3320000,1000000
2019-06-07 14:03:00.056000,1.08096,1.08093,5600000,2250000
2019-06-07 14:03:00.108000,1.08094,1.08091,2120000,4120000
2019-06-07 14:03:00.211000,1.08091,1.0809,1120000,1500000
2019-06-07 14:03:00.263000,1.08091,1.08089,1120000,1500000
2019-06-07 14:03:00.370000,1.08091,1.08088,4760000,3000000
2019-06-07 14:03:00.730000,1.0809,1.08088,1950000,1000000
2019-06-07 14:03:01.035000,1.08089,1.08087,3250000,3750000
2019-06-07 14:03:01.142000,1.08086,1.08084,1120000,1970000
2019-06-07 14:03:01.193000,1.08085,1.08083,1000000,1500000
2019-06-07 14:03:02.571000,1.08084,1.08082,2890000,1000000
2019-06-07 14:03:02.623000,1.08082,1.0808,2500000,4500000
2019-06-07 14:03:02.726000,1.08082,1.0808,2950000,1000000
2019-06-07 14:03:03.589000,1.08081,1.08079,1250000,1000000
2019-06-07 14:03:04.665000,1.08081,1.08079,2260000,1000000
2019-06-07 14:03:05.717000,1.08079,1.08076,3310000,4890000
2019-06-07 14:03:05.823000,1.08077,1.08076,1000000,2250000
2019-06-07 14:03:06.717000,1.08079,1.08077,3070000,1000000
2019-06-07 14:03:06.870000,1.0808,1.08078,2370000,1500000
2019-06-07 14:03:07.163000,1.0808,1.08078,1000000,3000000
2019-06-07 14:03:07.686000,1.0808,1.08079,1690000,1000000
2019-06-07 14:03:07.788000,1.08079,1.08078,1000000,1000000
2019-06-07 14:03:08.105000,1.08079,1.08077,1250000,1500000
2019-06-07 14:03:08.587000,1.0808,1.08078,3390000,1000000
2019-06-07 14:03:08.745000,1.0808,1.08078,1000000,1000000
2019-06-07 14:03:09.095000,1.08082,1.0808,3820000,1000000
2019-06-07 14:03:09.224000,1.08083,1.08081,2620000,1000000
2019-06-07 14:03:09.327000,1.08082,1.08081,1250000,1000000
2019-06-07 14:03:09.430000,1.08082,1.0808,1690000,1000000
2019-06-07 14:03:09.540000,1.08082,1.08079,3190000,2620000
2019-06-07 14:03:09.644000,1.08082,1.0808,3190000,1000000
2019-06-07 14:03:10.415000,1.08081,1.08079,1870000,1500000
2019-06-07 14:03:10.723000,1.08081,1.08078,3070000,2440000
2019-06-07 14:03:10.825000,1.0808,1.08078,1390000,1000000
2019-06-07 14:03:11.102000,1.08078,1.08077,1310000,1000000
2019-06-07 14:03:11.415000,1.08079,1.08076,6100000,1500000
2019-06-07 14:03:11.518000,1.0808,1.08078,1570000,1000000
2019-06-07 14:03:12.440000,1.08081,1.08078,2510000,1000000
2019-06-07 14:03:12.644000,1.08081,1.08079,1390000,1500000
2019-06-07 14:03:12.746000,1.08082,1.08079,4760000,1500000
2019-06-07 14:03:14.013000,1.08082,1.0808,3640000,1000000
2019-06-07 14:03:16.119000,1.08081,1.08079,1250000,3000000
2019-06-07 14:03:16.375000,1.08082,1.08079,4040000,3000000
2019-06-07 14:03:16.477000,1.08083,1.0808,4540000,3750000
2019-06-07 14:03:16.712000,1.08083,1.08081,1760000,1500000
2019-06-07 14:03:16.814000,1.08083,1.08082,1120000,2250000
2019-06-07 14:03:16.917000,1.08085,1.08083,1250000,1870000
2019-06-07 14:03:17.019000,1.08086,1.08083,4390000,4120000
2019-06-07 14:03:18.447000,1.08086,1.08084,2140000,1500000
2019-06-07 14:03:19.390000,1.08087,1.08086,1120000,1500000
2019-06-07 14:03:19.495000,1.0809,1.08088,1250000,1120000
2019-06-07 14:03:19.751000,1.08091,1.08089,2510000,1000000
2019-06-07 14:03:19.865000,1.08092,1.0809,4200000,1000000
2019-06-07 14:03:19.969000,1.08092,1.08089,4570000,2620000
2019-06-07 14:03:20.440000,1.08092,1.0809,3820000,1000000
2019-06-07 14:03:21.341000,1.08092,1.0809,1310000,1500000
2019-06-07 14:03:22.019000,1.08093,1.08091,3620000,1000000
2019-06-07 14:03:22.121000,1.08093,1.0809,3620000,4500000
2019-06-07 14:03:22.270000,1.08093,1.0809,2810000,4690000
2019-06-07 14:03:22.373000,1.08093,1.08091,1310000,2250000
2019-06-07 14:03:22.475000,1.08094,1.08092,3120000,1000000
2019-06-07 14:03:22.800000,1.08093,1.08092,2250000,1500000
2019-06-07 14:03:22.851000,1.08092,1.08089,4000000,1570000
2019-06-07 14:03:22.953000,1.08091,1.08088,2060000,3750000
2019-06-07 14:03:23.077000,1.08091,1.08088,4070000,2250000
2019-06-07 14:03:27.524000,1.08089,1.08088,1000000,1000000
2019-06-07 14:03:27.576000,1.08088,1.08085,5060000,4200000
2019-06-07 14:03:27.781000,1.08087,1.08085,1250000,1500000
2019-06-07 14:03:27.935000,1.08086,1.08084,1500000,2250000
2019-06-07 14:03:28.040000,1.08086,1.08083,4690000,1500000
2019-06-07 14:03:28.434000,1.08085,1.08082,1500000,5060000
2019-06-07 14:03:28.536000,1.08085,1.08083,1100000,1000000
2019-06-07 14:03:28.638000,1.08086,1.08083,5810000,2250000
2019-06-07 14:03:31.275000,1.08086,1.08084,2440000,1000000
2019-06-07 14:03:33.330000,1.08086,1.08083,2810000,2620000
2019-06-07 14:03:33.787000,1.08086,1.08083,3010000,1120000
2019-06-07 14:03:33.901000,1.08084,1.08082,1120000,1000000
2019-06-07 14:03:34.003000,1.08084,1.08082,1870000,1000000
2019-06-07 14:03:34.713000,1.08085,1.08083,4690000,1500000
2019-06-07 14:03:36.256000,1.08085,1.08084,1250000,1000000
2019-06-07 14:03:37.266000,1.08086,1.08084,1200000,1000000
2019-06-07 14:03:38.829000,1.08086,1.08085,1000000,1000000
2019-06-07 14:03:38.931000,1.08088,1.08086,1820000,1870000
2019-06-07 14:03:39.042000,1.08089,1.08087,5620000,1500000
2019-06-07 14:03:39.144000,1.0809,1.08088,1120000,2250000
2019-06-07 14:03:40.457000,1.0809,1.08088,2190000,1000000
2019-06-07 14:03:40.559000,1.08089,1.08087,1000000,1690000
2019-06-07 14:03:42.201000,1.0809,1.08088,2000000,1500000
2019-06-07 14:03:42.254000,1.08091,1.08088,3260000,3000000
2019-06-07 14:03:42.408000,1.0809,1.08087,1870000,4750000
2019-06-07 14:03:42.563000,1.08089,1.08087,1690000,1500000
2019-06-07 14:03:43.918000,1.0809,1.08088,4000000,1000000
2019-06-07 14:03:44.346000,1.08089,1.08087,1690000,1870000
2019-06-07 14:03:44.448000,1.08088,1.08086,3620000,1100000
2019-06-07 14:03:44.573000,1.08088,1.08086,1310000,3370000
2019-06-07 14:03:44.675000,1.08089,1.08087,1690000,1000000
2019-06-07 14:03:45.144000,1.08089,1.08088,1120000,1500000
2019-06-07 14:03:45.855000,1.08091,1.08088,4000000,1500000
2019-06-07 14:03:50.787000,1.08091,1.08088,2810000,3370000
2019-06-07 14:03:50.889000,1.08091,1.0809,1000000,1000000
2019-06-07 14:03:51.031000,1.08093,1.08092,1000000,2250000
2019-06-07 14:03:51.083000,1.08095,1.08092,1690000,1870000
2019-06-07 14:03:52.508000,1.08094,1.08092,1250000,1000000
2019-06-07 14:03:52.611000,1.08094,1.08092,1750000,1000000
2019-06-07 14:03:52.713000,1.08094,1.08091,3250000,1500000
2019-06-07 14:03:53.177000,1.08094,1.08092,1690000,1000000
2019-06-07 14:03:55.086000,1.08095,1.08092,3000000,3000000
2019-06-07 14:03:55.331000,1.08095,1.08093,1500000,1000000
2019-06-07 14:03:56.412000,1.08096,1.08094,2440000,1000000
2019-06-07 14:03:56.514000,1.08096,1.08095,1000000,2250000
2019-06-07 14:03:56.960000,1.08097,1.08096,1000000,1500000
2019-06-07 14:03:57.013000,1.08099,1.08096,6070000,2250000
2019-06-07 14:03:57.115000,1.08099,1.08096,4010000,2620000
2019-06-07 14:03:57.217000,1.08099,1.08097,1000000,1500000
2019-06-07 14:03:57.395000,1.081,1.08097,2440000,1120000
2019-06-07 14:03:58.288000,1.081,1.08096,1310000,4010000
2019-06-07 14:03:58.943000,1.081,1.08097,2510000,1000000
2019-06-07 14:03:59.046000,1.081,1.08097,3390000,1000000
2019-06-07 14:03:59.188000,1.08098,1.08097,1000000,1000000
2019-06-07 14:04:00.127000,1.08096,1.08095,2810000,1000000
2019-06-07 14:04:00.230000,1.08095,1.08093,1250000,2250000
2019-06-07 14:04:01.167000,1.08096,1.08093,4310000,2250000
2019-06-07 14:04:02.135000,1.08096,1.08093,4440000,2250000
2019-06-07 14:04:07.402000,1.08095,1.08094,1000000,1000000
2019-06-07 14:04:08.167000,1.08096,1.08094,1950000,1000000
2019-06-07 14:04:08.439000,1.08096,1.08093,2700000,1500000
2019-06-07 14:04:09.152000,1.08095,1.08093,1000000,3750000
2019-06-07 14:04:09.986000,1.08094,1.08093,1500000,1000000
2019-06-07 14:04:10.037000,1.08092,1.08091,2060000,2250000
2019-06-07 14:04:10.152000,1.08091,1.0809,1690000,2250000
2019-06-07 14:04:10.203000,1.0809,1.08089,1000000,1000000
2019-06-07 14:04:10.305000,1.0809,1.08088,1000000,1000000
2019-06-07 14:04:12.579000,1.08091,1.08088,4010000,3000000
2019-06-07 14:04:14.667000,1.08091,1.08089,1760000,1000000
2019-06-07 14:04:15.766000,1.08092,1.0809,3570000,1000000
2019-06-07 14:04:16.299000,1.08092,1.0809,1570000,1000000
2019-06-07 14:04:16.350000,1.08094,1.08092,1690000,1000000
2019-06-07 14:04:16.455000,1.08095,1.08093,4000000,1000000
2019-06-07 14:04:16.557000,1.08095,1.08094,1690000,1000000
2019-06-07 14:04:17.321000,1.08095,1.08094,1250000,1000000
2019-06-07 14:04:17.423000,1.08096,1.08095,1310000,1000000
2019-06-07 14:04:17.526000,1.08097,1.08095,2440000,1000000
2019-06-07 14:04:22.655000,1.08097,1.08094,3560000,3190000
2019-06-07 14:04:24.864000,1.08097,1.08095,2810000,1000000
2019-06-07 14:04:28.699000,1.08095,1.08093,2620000,1250000
2019-06-07 14:04:28.835000,1.08093,1.08091,1690000,1500000
2019-06-07 14:04:28.937000,1.08093,1.0809,2870000,1120000
2019-06-07 14:04:29.039000,1.08092,1.0809,4750000,1000000
2019-06-07 14:04:29.197000,1.08091,1.08089,1810000,2250000
2019-06-07 14:04:30.280000,1.0809,1.08088,1000000,1500000
2019-06-07 14:04:30.585000,1.0809,1.08087,1100000,6370000
2019-06-07 14:04:30.743000,1.0809,1.08087,1820000,6370000
2019-06-07 14:04:31.048000,1.0809,1.08087,2200000,6500000
2019-06-07 14:04:32.781000,1.0809,1.08088,1500000,2620000
2019-06-07 14:04:33.548000,1.08091,1.08089,2890000,1000000
2019-06-07 14:04:33.955000,1.08092,1.0809,2140000,1500000
2019-06-07 14:04:34.057000,1.08093,1.08091,3350000,1000000
2019-06-07 14:04:34.187000,1.08093,1.08091,2700000,1000000
2019-06-07 14:04:34.539000,1.08093,1.0809,2620000,3750000
2019-06-07 14:04:34.663000,1.08092,1.0809,1760000,1000000
2019-06-07 14:04:34.954000,1.08091,1.08089,1000000,1120000
2019-06-07 14:04:35.183000,1.08092,1.08089,1760000,1870000
2019-06-07 14:04:35.285000,1.08092,1.0809,1250000,1500000
2019-06-07 14:04:35.489000,1.08093,1.08091,2570000,1000000
2019-06-07 14:04:36.649000,1.08093,1.08092,1000000,1000000
2019-06-07 14:04:36.751000,1.08094,1.08092,2140000,2250000
2019-06-07 14:04:37.733000,1.08095,1.08093,4070000,1000000
2019-06-07 14:04:37.885000,1.08095,1.08092,4750000,3000000
2019-06-07 14:04:38.265000,1.08095,1.08092,2140000,3000000
2019-06-07 14:04:38.379000,1.08096,1.08093,2720000,4370000
2019-06-07 14:04:38.486000,1.08097,1.08094,3450000,3000000
2019-06-07 14:04:39.887000,1.08096,1.08094,1000000,3000000
2019-06-07 14:04:40.138000,1.08096,1.08095,1000000,1000000
2019-06-07 14:04:43.399000,1.08097,1.08095,2060000,2250000
2019-06-07 14:04:43.603000,1.08097,1.08096,1310000,1000000
2019-06-07 14:04:43.803000,1.08097,1.08095,2060000,2250000
2019-06-07 14:04:46.185000,1.08096,1.08095,1000000,1500000
2019-06-07 14:04:47.109000,1.08095,1.08094,1000000,1000000
2019-06-07 14:04:48.103000,1.08096,1.08094,2060000,1000000
2019-06-07 14:04:49.011000,1.08096,1.08095,2140000,1000000
2019-06-07 14:04:49.113000,1.08096,1.08094,2060000,2250000
2019-06-07 14:04:49.800000,1.08096,1.08095,2060000,1000000
2019-06-07 14:04:52.911000,1.08096,1.08093,1950000,3940000
2019-06-07 14:04:52.962000,1.08096,1.08095,1120000,1000000
2019-06-07 14:04:53.064000,1.08097,1.08095,6640000,1000000
2019-06-07 14:04:53.181000,1.08097,1.08095,1310000,1500000
2019-06-07 14:04:54.167000,1.08096,1.08095,1000000,2250000
2019-06-07 14:04:54.929000,1.08096,1.08094,5320000,1500000
2019-06-07 14:04:55.031000,1.08095,1.08093,1000000,1500000
2019-06-07 14:04:56.123000,1.08093,1.08092,1500000,1000000
2019-06-07 14:04:56.274000,1.08093,1.08091,3100000,1250000
2019-06-07 14:04:56.376000,1.08093,1.08091,3070000,1250000
2019-06-07 14:04:56.580000,1.08092,1.08091,1000000,2250000
2019-06-07 14:04:56.731000,1.08092,1.0809,1000000,1690000
2019-06-07 14:04:57.895000,1.08093,1.08092,1200000,1250000
2019-06-07 14:04:57.947000,1.08096,1.08092,7820000,5410000
2019-06-07 14:04:58.168000,1.08096,1.08094,5810000,1000000
2019-06-07 14:04:58.678000,1.08096,1.08095,1250000,1000000
2019-06-07 14:04:58.780000,1.08096,1.08094,1250000,3000000
2019-06-07 14:05:01.232000,1.08098,1.08097,3750000,1500000
2019-06-07 14:05:01.340000,1.08099,1.08097,1310000,1500000
2019-06-07 14:05:01.444000,1.08099,1.08097,1250000,2370000
2019-06-07 14:05:01.546000,1.08101,1.08098,9450000,1500000
2019-06-07 14:05:02.185000,1.08099,1.08098,5620000,2250000
2019-06-07 14:05:02.287000,1.08098,1.08097,1000000,1250000
2019-06-07 14:05:02.389000,1.08098,1.08096,1250000,1500000
2019-06-07 14:05:02.730000,1.08097,1.08095,2440000,1000000
2019-06-07 14:05:02.866000,1.08096,1.08094,1000000,3750000
2019-06-07 14:05:05,1.08095,1.08094,1000000,1000000
2019-06-07 14:05:05.283000,1.08096,1.08094,1000000,3190000
2019-06-07 14:05:05.385000,1.08098,1.08095,5870000,1000000
2019-06-07 14:05:06.848000,1.08098,1.08096,3310000,1000000
2019-06-07 14:05:07.255000,1.08098,1.08096,2060000,1000000
2019-06-07 14:05:09.010000,1.08098,1.08096,2870000,1000000
2019-06-07 14:05:09.756000,1.08098,1.08095,3560000,1250000
2019-06-07 14:05:09.858000,1.08098,1.08095,3620000,1000000
2019-06-07 14:05:10.160000,1.08096,1.08094,1000000,1000000
2019-06-07 14:05:12.617000,1.08096,1.08093,1200000,3370000
2019-06-07 14:05:13.182000,1.08096,1.08094,1760000,1000000
2019-06-07 14:05:14.073000,1.08096,1.08093,1760000,4120000
2019-06-07 14:05:14.789000,1.08096,1.08094,1760000,1500000
2019-06-07 14:05:15.864000,1.08096,1.08093,1100000,2810000
2019-06-07 14:05:15.966000,1.08096,1.08094,1100000,1500000
2019-06-07 14:05:16.099000,1.08096,1.08093,1100000,2810000
2019-06-07 14:05:16.201000,1.08096,1.08094,1010000,1000000
2019-06-07 14:05:16.872000,1.08096,1.08094,7450000,1000000
2019-06-07 14:05:19.015000,1.08096,1.08095,1390000,1000000
2019-06-07 14:05:19.448000,1.08096,1.08094,1510000,3000000
2019-06-07 14:05:19.651000,1.08096,1.08095,1310000,1000000
2019-06-07 14:05:21.172000,1.08097,1.08095,3450000,1000000
2019-06-07 14:05:21.877000,1.08097,1.08094,4870000,3000000
2019-06-07 14:05:25.141000,1.08096,1.08094,2640000,1500000
2019-06-07 14:05:26.142000,1.08096,1.08094,2510000,1500000
2019-06-07 14:05:26.841000,1.08093,1.08091,1000000,3070000
2019-06-07 14:05:26.943000,1.08091,1.08089,1000000,3190000
2019-06-07 14:05:27.045000,1.0809,1.08089,1250000,3000000
2019-06-07 14:05:27.154000,1.08091,1.08089,1010000,2500000
2019-06-07 14:05:28.308000,1.08091,1.0809,1010000,1000000
2019-06-07 14:05:29.417000,1.08092,1.08089,4820000,3000000
2019-06-07 14:05:29.698000,1.0809,1.08089,1000000,1000000
2019-06-07 14:05:29.800000,1.08088,1.08087,2620000,1500000
2019-06-07 14:05:29.852000,1.08088,1.08086,1310000,3750000
2019-06-07 14:05:29.954000,1.08087,1.08086,1500000,1000000
2019-06-07 14:05:30.313000,1.08087,1.08085,2810000,1000000
2019-06-07 14:05:31.097000,1.08087,1.08084,2810000,3190000
2019-06-07 14:05:31.453000,1.08087,1.08084,3700000,3000000
2019-06-07 14:05:31.681000,1.08086,1.08085,1000000,1690000
2019-06-07 14:05:31.783000,1.08088,1.08087,3560000,1000000
2019-06-07 14:05:31.918000,1.08087,1.08086,1120000,1000000
2019-06-07 14:05:33.293000,1.08088,1.08086,1870000,1690000
2019-06-07 14:05:33.395000,1.08088,1.08087,1120000,1000000
2019-06-07 14:05:35.742000,1.0809,1.08088,2510000,3000000
2019-06-07 14:05:36.103000,1.0809,1.08089,1120000,1000000
2019-06-07 14:05:36.526000,1.0809,1.08088,1120000,2440000
2019-06-07 14:05:37.181000,1.0809,1.08089,1310000,1000000
2019-06-07 14:05:37.310000,1.08089,1.08088,2060000,1000000
2019-06-07 14:05:37.361000,1.08088,1.08086,2000000,2440000
2019-06-07 14:05:37.463000,1.08086,1.08085,1000000,4500000
2019-06-07 14:05:38.062000,1.08086,1.08084,2810000,1000000
2019-06-07 14:05:38.267000,1.08086,1.08083,2810000,4310000
2019-06-07 14:05:38.657000,1.08086,1.08083,4370000,3750000
2019-06-07 14:05:40.054000,1.08086,1.08084,4070000,1000000
2019-06-07 14:05:40.830000,1.08086,1.08084,2510000,1000000
2019-06-07 14:05:41.912000,1.08086,1.08085,1200000,1000000
2019-06-07 14:05:42.927000,1.08086,1.08084,1310000,2250000
2019-06-07 14:05:43.029000,1.08085,1.08083,1500000,1690000
2019-06-07 14:05:43.131000,1.08085,1.08084,1500000,1000000
2019-06-07 14:05:43.337000,1.08084,1.08083,2440000,1000000
2019-06-07 14:05:43.389000,1.08083,1.08081,1000000,5440000
2019-06-07 14:05:44.643000,1.08085,1.08082,4390000,1500000
2019-06-07 14:05:45.737000,1.08081,1.0808,1310000,6000000
2019-06-07 14:05:45.890000,1.08081,1.0808,1000000,1500000
2019-06-07 14:05:45.992000,1.08083,1.08081,2890000,2250000
2019-06-07 14:05:47.805000,1.08084,1.08082,5320000,1000000
2019-06-07 14:05:47.907000,1.08083,1.08081,1310000,4500000
2019-06-07 14:05:49.688000,1.08084,1.08082,4510000,1000000
2019-06-07 14:05:51.675000,1.08084,1.08082,2510000,1120000
2019-06-07 14:05:51.778000,1.08085,1.08083,2720000,1250000
2019-06-07 14:05:51.880000,1.08086,1.08084,3690000,1000000
2019-06-07 14:05:52.084000,1.08086,1.08083,3010000,1250000
2019-06-07 14:05:52.324000,1.08084,1.08083,1000000,1690000
2019-06-07 14:05:52.375000,1.08084,1.08081,4390000,5060000
2019-06-07 14:05:52.896000,1.08083,1.08081,1000000,4310000
2019-06-07 14:05:56.403000,1.08082,1.08081,1000000,3000000
2019-06-07 14:05:56.454000,1.0808,1.08079,1250000,1000000
2019-06-07 14:05:56.556000,1.08079,1.08077,1000000,1690000
2019-06-07 14:05:57.330000,1.08079,1.08076,2120000,3750000
2019-06-07 14:06:00.233000,1.08076,1.08075,1500000,3370000
2019-06-07 14:06:00.341000,1.08076,1.08074,3320000,4120000
2019-06-07 14:06:00.392000,1.08075,1.08073,1250000,1000000
2019-06-07 14:06:00.546000,1.08075,1.08072,2500000,1870000
2019-06-07 14:06:01.033000,1.08073,1.08071,1250000,1500000
2019-06-07 14:06:04.455000,1.08073,1.08071,2570000,1200000
2019-06-07 14:06:04.712000,1.0807,1.08067,1310000,6410000
2019-06-07 14:06:04.814000,1.08069,1.08067,1250000,1500000
2019-06-07 14:06:04.916000,1.08071,1.0807,1200000,1500000
2019-06-07 14:06:05.022000,1.08072,1.0807,1690000,2620000
2019-06-07 14:06:07.071000,1.08071,1.08069,2500000,1000000
2019-06-07 14:06:07.122000,1.08069,1.08067,1120000,2140000
2019-06-07 14:06:07.869000,1.08067,1.08065,1120000,1000000
2019-06-07 14:06:07.920000,1.08067,1.08064,2870000,3000000
2019-06-07 14:06:08.446000,1.08066,1.08064,2950000,2250000
2019-06-07 14:06:10.046000,1.08067,1.08065,4140000,1000000
2019-06-07 14:06:10.148000,1.08067,1.08065,1690000,2620000
2019-06-07 14:06:10.314000,1.08068,1.08065,4760000,2810000
2019-06-07 14:06:15.052000,1.08066,1.08064,1750000,2620000
2019-06-07 14:06:15.574000,1.08067,1.08065,1820000,1000000
2019-06-07 14:06:16.555000,1.08068,1.08065,4450000,1000000
2019-06-07 14:06:17.487000,1.08067,1.08064,2120000,2000000
2019-06-07 14:06:17.596000,1.08067,1.08064,2120000,3750000
2019-06-07 14:06:23.291000,1.08067,1.08065,3820000,1500000
2019-06-07 14:06:25.606000,1.08067,1.08064,3450000,4870000
2019-06-07 14:06:25.709000,1.08067,1.08065,3450000,1000000
2019-06-07 14:06:25.930000,1.08068,1.08065,3010000,3560000
2019-06-07 14:06:26.032000,1.08068,1.08067,1690000,1000000
2019-06-07 14:06:29.012000,1.08068,1.08067,1250000,1000000
2019-06-07 14:06:31.736000,1.08068,1.08066,1000000,1250000
2019-06-07 14:06:32.358000,1.08066,1.08065,1000000,1000000
2019-06-07 14:06:32.511000,1.08067,1.08065,1390000,1000000
2019-06-07 14:06:32.612000,1.08067,1.08065,1390000,1000000
2019-06-07 14:06:33.897000,1.08068,1.08065,3010000,1120000
2019-06-07 14:06:35.778000,1.08067,1.08064,1310000,6190000
2019-06-07 14:06:37.298000,1.08067,1.08065,1390000,1000000
2019-06-07 14:06:39.193000,1.08065,1.08063,2750000,4500000
2019-06-07 14:06:39.296000,1.08063,1.08061,1250000,2620000
2019-06-07 14:06:39.405000,1.08063,1.08061,1750000,1000000
2019-06-07 14:06:40.270000,1.08063,1.0806,4450000,3190000
2019-06-07 14:06:40.419000,1.08061,1.08059,1370000,1000000
2019-06-07 14:06:42.240000,1.08065,1.08063,2810000,1120000
2019-06-07 14:06:42.342000,1.08066,1.08064,1570000,2250000
2019-06-07 14:06:42.691000,1.08068,1.08065,4450000,1690000
2019-06-07 14:06:44.519000,1.08067,1.08065,1250000,3370000
2019-06-07 14:06:45.597000,1.08067,1.08065,1120000,1750000
2019-06-07 14:06:45.701000,1.08068,1.08065,3320000,3560000
2019-06-07 14:06:48.289000,1.08068,1.08066,1310000,2440000
2019-06-07 14:06:48.391000,1.08068,1.08067,1310000,1000000
2019-06-07 14:06:48.704000,1.08069,1.08067,2060000,1250000
2019-06-07 14:06:48.907000,1.08068,1.08067,1000000,1250000
2019-06-07 14:06:50.686000,1.08066,1.08064,1000000,1250000
2019-06-07 14:06:52.264000,1.08067,1.08065,1000000,2250000
2019-06-07 14:06:52.375000,1.08068,1.08065,2510000,6370000
2019-06-07 14:06:52.426000,1.08069,1.08067,1820000,1000000
2019-06-07 14:06:55.069000,1.0807,1.08069,1950000,1500000
2019-06-07 14:06:55.120000,1.08072,1.0807,1690000,4310000
2019-06-07 14:06:55.250000,1.08073,1.08071,1760000,3940000
2019-06-07 14:06:55.352000,1.08074,1.08072,2510000,1690000
2019-06-07 14:06:56.260000,1.08073,1.08072,1000000,1250000
2019-06-07 14:06:56.954000,1.0807,1.08068,1250000,3820000
2019-06-07 14:06:57.372000,1.08071,1.08069,2950000,1000000
2019-06-07 14:06:57.918000,1.08071,1.08069,1120000,3190000
2019-06-07 14:06:58.122000,1.08072,1.0807,4060000,1500000
2019-06-07 14:06:58.173000,1.08073,1.08071,3260000,1000000
2019-06-07 14:06:58.279000,1.08073,1.08072,1000000,1250000
2019-06-07 14:06:58.381000,1.08075,1.08072,2510000,3940000
2019-06-07 14:06:58.483000,1.08075,1.08073,3320000,2250000
2019-06-07 14:06:58.941000,1.08075,1.08073,3260000,1500000
2019-06-07 14:06:59.043000,1.08075,1.08073,2060000,3560000
2019-06-07 14:06:59.248000,1.08075,1.08074,1310000,1000000
2019-06-07 14:06:59.585000,1.08075,1.08073,1310000,4310000
2019-06-07 14:07:02.213000,1.08075,1.08074,1000000,1500000
2019-06-07 14:07:02.364000,1.08075,1.08073,1000000,2250000
2019-06-07 14:07:02.467000,1.08076,1.08074,2250000,2250000
2019-06-07 14:07:02.783000,1.08077,1.08075,1010000,2440000
2019-06-07 14:07:02.885000,1.08078,1.08076,1120000,2250000
2019-06-07 14:07:03.142000,1.08078,1.08077,1000000,1000000
2019-06-07 14:07:03.246000,1.08079,1.08077,2060000,1500000
2019-06-07 14:07:03.399000,1.08079,1.08078,1310000,1000000
2019-06-07 14:07:03.629000,1.08081,1.08079,4200000,1000000
2019-06-07 14:07:04.200000,1.08081,1.08078,3000000,4120000
2019-06-07 14:07:04.302000,1.08081,1.08079,3000000,1000000
2019-06-07 14:07:04.466000,1.08082,1.0808,3760000,1000000
2019-06-07 14:07:04.670000,1.08081,1.08079,1120000,3190000
2019-06-07 14:07:05.440000,1.08082,1.08079,3390000,4000000
2019-06-07 14:07:05.543000,1.08082,1.08081,1690000,1000000
2019-06-07 14:07:05.644000,1.08083,1.08081,3560000,1000000
2019-06-07 14:07:06.010000,1.08082,1.08081,1250000,1500000
2019-06-07 14:07:06.111000,1.08083,1.08081,3190000,1000000
2019-06-07 14:07:06.343000,1.0808,1.08078,1250000,1000000
2019-06-07 14:07:07.638000,1.0808,1.08078,1310000,2250000
2019-06-07 14:07:09.912000,1.08081,1.08079,1310000,1500000
2019-06-07 14:07:10.094000,1.08082,1.0808,1820000,1000000
2019-06-07 14:07:10.746000,1.08082,1.08079,1750000,6190000
2019-06-07 14:07:11.191000,1.0808,1.08078,1250000,4120000
2019-06-07 14:07:11.293000,1.0808,1.08079,1000000,1000000
2019-06-07 14:07:12.510000,1.08081,1.08079,2060000,1120000
2019-06-07 14:07:13.176000,1.08081,1.08078,2140000,4310000
2019-06-07 14:07:15.683000,1.08081,1.08079,1760000,1000000
2019-06-07 14:07:16.924000,1.08082,1.0808,5200000,1000000
2019-06-07 14:07:17.188000,1.08082,1.08079,4820000,2250000
2019-06-07 14:07:17.443000,1.08082,1.0808,3700000,1000000
2019-06-07 14:07:18.933000,1.08082,1.0808,4010000,1000000
2019-06-07 14:07:19.089000,1.08082,1.0808,4820000,1000000
2019-06-07 14:07:19.220000,1.08082,1.08079,4820000,3000000
2019-06-07 14:07:20.031000,1.08082,1.0808,4450000,1500000
2019-06-07 14:07:20.850000,1.08082,1.08079,4820000,3000000
2019-06-07 14:07:21.370000,1.08082,1.0808,5200000,1500000
2019-06-07 14:07:23.429000,1.08078,1.08075,3620000,1390000
2019-06-07 14:07:23.634000,1.08077,1.08075,3700000,1000000
2019-06-07 14:07:23.797000,1.08077,1.08074,4570000,3000000
2019-06-07 14:07:23.900000,1.08076,1.08074,1450000,1500000
2019-06-07 14:07:26.379000,1.08077,1.08075,1450000,1500000
2019-06-07 14:07:26.582000,1.08078,1.08076,1570000,3940000
2019-06-07 14:07:26.699000,1.0808,1.08077,3470000,2440000
2019-06-07 14:07:26.801000,1.0808,1.08077,3700000,2560000
2019-06-07 14:07:27.671000,1.0808,1.08078,2510000,1120000
2019-06-07 14:07:27.977000,1.08081,1.08079,2120000,1000000
2019-06-07 14:07:28.755000,1.08081,1.08078,2870000,3750000
2019-06-07 14:07:29.235000,1.08081,1.08079,2120000,1000000
2019-06-07 14:07:29.988000,1.08081,1.08078,3620000,3750000
2019-06-07 14:07:30.504000,1.08081,1.08079,4450000,1000000
2019-06-07 14:07:30.606000,1.08081,1.08079,2890000,2250000
2019-06-07 14:07:34.448000,1.08078,1.08075,2620000,1570000
2019-06-07 14:07:34.550000,1.08077,1.08075,3320000,1500000
2019-06-07 14:07:34.653000,1.08077,1.08074,4070000,2250000
2019-06-07 14:07:34.755000,1.08077,1.08074,3700000,2370000
2019-06-07 14:07:34.858000,1.08077,1.08074,5200000,1000000
2019-06-07 14:07:35.245000,1.08076,1.08073,2890000,3750000
2019-06-07 14:07:36.782000,1.08075,1.08073,1000000,1120000
2019-06-07 14:07:37.193000,1.08076,1.08073,2890000,1870000
2019-06-07 14:07:38.689000,1.08075,1.08073,1000000,1500000
2019-06-07 14:07:38.791000,1.08074,1.08071,4000000,3940000
2019-06-07 14:07:40.211000,1.08073,1.08071,1250000,3000000
2019-06-07 14:07:40.314000,1.08073,1.08071,1010000,1690000
2019-06-07 14:07:43.363000,1.08073,1.0807,3660000,2060000
2019-06-07 14:07:43.465000,1.08071,1.08069,1250000,4120000
2019-06-07 14:07:44.186000,1.0807,1.08068,1000000,3750000
2019-06-07 14:07:44.480000,1.0807,1.08067,1500000,4870000
2019-06-07 14:07:45.003000,1.08071,1.08068,3700000,2250000
2019-06-07 14:07:45.615000,1.08071,1.08068,3250000,3000000
2019-06-07 14:07:45.768000,1.08072,1.0807,6700000,1000000
2019-06-07 14:07:46.083000,1.08072,1.08069,3640000,2250000
2019-06-07 14:07:46.714000,1.08072,1.08069,3620000,1500000
2019-06-07 14:07:47.179000,1.08071,1.08068,4820000,3750000
2019-06-07 14:07:48.196000,1.0807,1.08067,1820000,4500000
2019-06-07 14:07:48.298000,1.0807,1.08068,1750000,1000000
2019-06-07 14:07:48.677000,1.08071,1.0807,1500000,1250000
2019-06-07 14:07:48.896000,1.0807,1.08069,1500000,1000000
2019-06-07 14:07:48.998000,1.08069,1.08068,1250000,1000000
2019-06-07 14:07:49.202000,1.0807,1.08067,4750000,1870000
2019-06-07 14:07:55.458000,1.0807,1.08067,2500000,2620000
2019-06-07 14:07:58.059000,1.0807,1.08067,3250000,3000000
2019-06-07 14:07:58.161000,1.08068,1.08066,1250000,1250000
2019-06-07 14:07:58.928000,1.08064,1.08062,1310000,2510000
2019-06-07 14:07:59.097000,1.08063,1.0806,3700000,3190000
2019-06-07 14:07:59.202000,1.08061,1.0806,1120000,1870000
2019-06-07 14:07:59.501000,1.08062,1.08059,8320000,1120000
2019-06-07 14:08:00.748000,1.08062,1.08059,3190000,1870000
2019-06-07 14:08:00.852000,1.08062,1.0806,1250000,2250000
2019-06-07 14:08:01.115000,1.08062,1.0806,1250000,3190000
2019-06-07 14:08:01.217000,1.08062,1.08061,1250000,1120000
2019-06-07 14:08:02.135000,1.08062,1.0806,4310000,2620000
2019-06-07 14:08:02.273000,1.08061,1.08059,1250000,1870000
2019-06-07 14:08:03.742000,1.08059,1.08057,1750000,3750000
2019-06-07 14:08:03.865000,1.08059,1.08056,9750000,1690000
2019-06-07 14:08:04.930000,1.08058,1.08055,2200000,2440000
2019-06-07 14:08:05.218000,1.08058,1.08055,1000000,4370000
2019-06-07 14:08:06.815000,1.08059,1.08055,10010000,6250000
2019-06-07 14:08:08.800000,1.08059,1.08055,8640000,4750000
2019-06-07 14:08:10.120000,1.08059,1.08057,7760000,1000000
2019-06-07 14:08:10.171000,1.08061,1.08058,6720000,4060000
2019-06-07 14:08:19.567000,1.08062,1.08059,7070000,2810000
2019-06-07 14:08:19.669000,1.08063,1.0806,5570000,3000000
2019-06-07 14:08:19.839000,1.08058,1.08056,2120000,1000000
2019-06-07 14:08:19.941000,1.08058,1.08055,2870000,3190000
2019-06-07 14:08:20.043000,1.08058,1.08056,2120000,1000000
2019-06-07 14:08:24.058000,1.08057,1.08055,1370000,3000000
2019-06-07 14:08:26.671000,1.08058,1.08055,4450000,3560000
2019-06-07 14:08:27.402000,1.08058,1.08056,1250000,3190000
2019-06-07 14:08:28.011000,1.08059,1.08058,4870000,1250000
2019-06-07 14:08:28.113000,1.08061,1.08058,6320000,3560000
2019-06-07 14:08:28.215000,1.08062,1.0806,1100000,4000000
2019-06-07 14:08:28.322000,1.08063,1.08061,1250000,1690000
2019-06-07 14:08:28.424000,1.08064,1.08061,7070000,4440000
2019-06-07 14:08:29.017000,1.08064,1.08062,5440000,1250000
2019-06-07 14:08:32.168000,1.08064,1.08063,1250000,1000000
2019-06-07 14:08:32.540000,1.08065,1.08063,7010000,1500000
2019-06-07 14:08:32.643000,1.08066,1.08065,1390000,1000000
2019-06-07 14:08:32.760000,1.08068,1.08066,3350000,1120000
2019-06-07 14:08:33.254000,1.08069,1.08066,6250000,4310000
2019-06-07 14:08:33.356000,1.08069,1.08067,5500000,1000000
2019-06-07 14:08:33.509000,1.08069,1.08067,5440000,1000000
2019-06-07 14:08:35.840000,1.08065,1.08063,1690000,2320000
2019-06-07 14:08:37.045000,1.08066,1.08064,2810000,1000000
2019-06-07 14:08:37.403000,1.08067,1.08064,2140000,5940000
2019-06-07 14:08:38.973000,1.08061,1.0806,1690000,1000000
2019-06-07 14:08:39.137000,1.08059,1.08058,1870000,1000000
2019-06-07 14:08:39.188000,1.08058,1.08056,1370000,1000000
2019-06-07 14:08:39.341000,1.08059,1.08057,1760000,3310000
2019-06-07 14:08:39.444000,1.08059,1.08057,1250000,4060000
2019-06-07 14:08:39.631000,1.08059,1.08057,5440000,1310000
2019-06-07 14:08:43.711000,1.08058,1.08057,1250000,1000000
2019-06-07 14:08:43.819000,1.08056,1.08055,1690000,1000000
2019-06-07 14:08:43.921000,1.08056,1.08054,5440000,1120000
2019-06-07 14:08:44.233000,1.08054,1.08053,1250000,1870000
2019-06-07 14:08:44.336000,1.08054,1.08052,5440000,1810000
2019-06-07 14:08:44.748000,1.08055,1.08053,1760000,2060000
2019-06-07 14:08:45.288000,1.08054,1.08053,3750000,2060000
2019-06-07 14:08:45.417000,1.08053,1.08052,1000000,1000000
2019-06-07 14:08:45.469000,1.08052,1.0805,2250000,2700000
2019-06-07 14:08:45.520000,1.0805,1.08049,1120000,2440000
2019-06-07 14:08:45.622000,1.08048,1.08046,2560000,3190000
2019-06-07 14:08:45.797000,1.08047,1.08045,2870000,1870000
2019-06-07 14:08:45.899000,1.08047,1.08045,1250000,2060000
2019-06-07 14:08:46.001000,1.08049,1.08047,6350000,1000000
2019-06-07 14:08:46.162000,1.08049,1.08047,1000000,1370000
2019-06-07 14:08:46.535000,1.08048,1.08047,1000000,1310000
2019-06-07 14:08:46.637000,1.08048,1.08046,2500000,1120000
2019-06-07 14:08:46.688000,1.08045,1.08044,1250000,1500000
2019-06-07 14:08:46.845000,1.08044,1.08042,1000000,3560000
2019-06-07 14:08:47.049000,1.08047,1.08045,3940000,1250000
2019-06-07 14:08:47.276000,1.08048,1.08047,1950000,1250000
2019-06-07 14:08:47.378000,1.08049,1.08047,1200000,4060000
2019-06-07 14:08:48.343000,1.0805,1.08047,2890000,4810000
2019-06-07 14:08:48.445000,1.08051,1.08049,6600000,1120000
2019-06-07 14:08:48.560000,1.08051,1.08049,1000000,1750000
2019-06-07 14:08:49.395000,1.08052,1.0805,1010000,1250000
2019-06-07 14:08:52.379000,1.08049,1.08048,1120000,3000000
2019-06-07 14:08:52.432000,1.08049,1.08047,1310000,1500000
2019-06-07 14:08:52.636000,1.0805,1.08047,3640000,3940000
2019-06-07 14:08:53.359000,1.0805,1.08048,1760000,1000000
2019-06-07 14:08:53.489000,1.0805,1.08048,1690000,1620000
2019-06-07 14:08:53.591000,1.0805,1.08048,1690000,1500000
2019-06-07 14:08:54.624000,1.08051,1.08048,1390000,3560000
2019-06-07 14:08:54.778000,1.08051,1.08049,1390000,1000000
2019-06-07 14:08:54.924000,1.08052,1.0805,1750000,1000000
2019-06-07 14:08:55.179000,1.0805,1.08049,1250000,3750000
2019-06-07 14:08:55.297000,1.08049,1.08048,1250000,3000000
2019-06-07 14:08:55.348000,1.0805,1.08047,5220000,2810000
2019-06-07 14:08:55.400000,1.08047,1.08046,1000000,2250000
2019-06-07 14:08:55.451000,1.08046,1.08045,1000000,1250000
2019-06-07 14:08:55.553000,1.08046,1.08044,3260000,1000000
2019-06-07 14:08:55.764000,1.08046,1.08043,4010000,2440000
2019-06-07 14:08:55.815000,1.08043,1.08042,1000000,1690000
2019-06-07 14:08:55.918000,1.08043,1.08042,1250000,1000000
2019-06-07 14:08:56.068000,1.08043,1.08041,1010000,2440000
2019-06-07 14:08:56.172000,1.08042,1.08041,1250000,1500000
2019-06-07 14:08:56.275000,1.08042,1.0804,1760000,2440000
2019-06-07 14:08:56.482000,1.08035,1.08033,1000000,21040001
2019-06-07 14:08:56.585000,1.08036,1.08034,2290000,1000000
2019-06-07 14:08:56.687000,1.08035,1.08033,1760000,1870000
2019-06-07 14:08:56.839000,1.08035,1.08034,1000000,1000000
2019-06-07 14:08:56.940000,1.08037,1.08035,2510000,2250000
2019-06-07 14:08:57.145000,1.08038,1.08035,5220000,4810000
2019-06-07 14:08:57.317000,1.08041,1.0804,2890000,1000000
2019-06-07 14:08:57.470000,1.08043,1.08041,2500000,1000000
2019-06-07 14:08:57.647000,1.08043,1.08041,1500000,2560000
2019-06-07 14:08:57.764000,1.08044,1.08042,2140000,1120000
2019-06-07 14:08:58.146000,1.08044,1.08041,2890000,6190000
2019-06-07 14:09:00.552000,1.08044,1.08042,1310000,1000000
2019-06-07 14:09:00.665000,1.08044,1.08043,1310000,1000000
2019-06-07 14:09:00.768000,1.08046,1.08044,1000000,3000000
2019-06-07 14:09:00.820000,1.08047,1.08045,2140000,2060000
2019-06-07 14:09:02.843000,1.08048,1.08046,1250000,1000000
2019-06-07 14:09:02.948000,1.08049,1.08046,4070000,2440000
2019-06-07 14:09:04.030000,1.08049,1.08047,2950000,1120000
2019-06-07 14:09:04.528000,1.08048,1.08046,1000000,2440000
2019-06-07 14:09:04.580000,1.08047,1.08045,1690000,2620000
2019-06-07 14:09:04.791000,1.08047,1.08044,2890000,2440000
2019-06-07 14:09:04.895000,1.08047,1.08044,3700000,2250000
2019-06-07 14:09:06.627000,1.08047,1.08045,1750000,1500000
2019-06-07 14:09:06.729000,1.08048,1.08046,1820000,1500000
2019-06-07 14:09:06.842000,1.08048,1.08047,1010000,1870000
2019-06-07 14:09:06.944000,1.08049,1.08047,1250000,4870000
2019-06-07 14:09:07.046000,1.0805,1.08047,4100000,5190000
2019-06-07 14:09:07.336000,1.08049,1.08047,2140000,2440000
2019-06-07 14:09:08.226000,1.08048,1.08047,1500000,1120000
2019-06-07 14:09:08.896000,1.08049,1.08047,1610000,1870000
2019-06-07 14:09:11.339000,1.08048,1.08047,1690000,1500000
2019-06-07 14:09:11.441000,1.08048,1.08046,1750000,1000000
2019-06-07 14:09:13.886000,1.08048,1.08047,1250000,1000000
2019-06-07 14:09:14.090000,1.08049,1.08047,1000000,3560000
2019-06-07 14:09:14.142000,1.0805,1.08049,1100000,1250000
2019-06-07 14:09:14.258000,1.08051,1.08049,1120000,2560000
2019-06-07 14:09:14.672000,1.08052,1.0805,1760000,1500000
2019-06-07 14:09:14.875000,1.08052,1.08051,1690000,1000000
2019-06-07 14:09:15.250000,1.08052,1.0805,1760000,1000000
2019-06-07 14:09:15.403000,1.08052,1.08051,1690000,1000000
2019-06-07 14:09:16.944000,1.08053,1.0805,3250000,1870000
2019-06-07 14:09:17.422000,1.08053,1.08051,6070000,1000000
2019-06-07 14:09:17.900000,1.08052,1.0805,1750000,1870000
2019-06-07 14:09:18.002000,1.08053,1.08051,4820000,1000000
2019-06-07 14:09:18.865000,1.08054,1.08052,1000000,3370000
2019-06-07 14:09:18.967000,1.08054,1.08052,3250000,1120000
2019-06-07 14:09:19.105000,1.08054,1.08051,3250000,5560000
2019-06-07 14:09:19.849000,1.08054,1.08051,3250000,4310000
2019-06-07 14:09:20.508000,1.08055,1.08053,1950000,1310000
2019-06-07 14:09:20.610000,1.08057,1.08053,6070000,3560000
2019-06-07 14:09:21.035000,1.08057,1.08054,3320000,1500000
2019-06-07 14:09:21.138000,1.08057,1.08055,1250000,2620000
2019-06-07 14:09:21.240000,1.08058,1.08056,1750000,1870000
2019-06-07 14:09:21.401000,1.08058,1.08056,1750000,2250000
2019-06-07 14:09:22.685000,1.08058,1.08056,4310000,1000000
2019-06-07 14:09:22.788000,1.08056,1.08055,1250000,2250000
2019-06-07 14:09:22.922000,1.08056,1.08054,1250000,1120000
2019-06-07 14:09:23.307000,1.08057,1.08055,2620000,1000000
2019-06-07 14:09:23.556000,1.08057,1.08054,2700000,3370000
2019-06-07 14:09:23.810000,1.08055,1.08053,2810000,1500000
2019-06-07 14:09:23.862000,1.08054,1.08052,1000000,2620000
2019-06-07 14:09:24.447000,1.08055,1.08052,4010000,4120000
2019-06-07 14:09:24.550000,1.08055,1.08053,3190000,1000000
2019-06-07 14:09:24.704000,1.08054,1.08052,3250000,1000000
2019-06-07 14:09:24.808000,1.08053,1.08051,3190000,1000000
2019-06-07 14:09:24.914000,1.08053,1.08051,4000000,1000000
2019-06-07 14:09:25.016000,1.08052,1.0805,1250000,2060000
2019-06-07 14:09:25.272000,1.08053,1.08051,4000000,1000000
2019-06-07 14:09:25.385000,1.08053,1.08051,2250000,1500000
2019-06-07 14:09:25.639000,1.08054,1.08052,2060000,1000000
2019-06-07 14:09:25.805000,1.08053,1.08052,1000000,1000000
2019-06-07 14:09:25.907000,1.08055,1.08053,5060000,1500000
2019-06-07 14:09:26.009000,1.08056,1.08054,2810000,1000000
2019-06-07 14:09:26.361000,1.08057,1.08054,2060000,2810000
2019-06-07 14:09:26.463000,1.08057,1.08055,2060000,1000000
2019-06-07 14:09:26.913000,1.08057,1.08054,2060000,2810000
2019-06-07 14:09:27.670000,1.08054,1.08053,1690000,1500000
2019-06-07 14:09:27.772000,1.08054,1.08052,2500000,1000000
2019-06-07 14:09:27.875000,1.08054,1.08052,1690000,1250000
2019-06-07 14:09:28.003000,1.08054,1.08052,3250000,1500000
2019-06-07 14:09:28.106000,1.08052,1.08051,1000000,2250000
2019-06-07 14:09:28.209000,1.08053,1.08051,2140000,1500000
2019-06-07 14:09:28.902000,1.08052,1.0805,1250000,3560000
2019-06-07 14:09:29.014000,1.08051,1.08049,2500000,1870000
2019-06-07 14:09:29.534000,1.08048,1.08047,1500000,2440000
2019-06-07 14:09:29.636000,1.08047,1.08045,1250000,2700000
2019-06-07 14:09:29.738000,1.08047,1.08045,2370000,1120000
2019-06-07 14:09:29.840000,1.08048,1.08047,3640000,1000000
2019-06-07 14:09:30.033000,1.08048,1.08046,1250000,1690000
2019-06-07 14:09:30.135000,1.08044,1.08043,1310000,1000000
2019-06-07 14:09:30.237000,1.08044,1.08042,1310000,4010000
2019-06-07 14:09:30.748000,1.08045,1.08042,1500000,4870000
2019-06-07 14:09:30.951000,1.08045,1.08043,2250000,1500000
2019-06-07 14:09:31.053000,1.08045,1.08042,2320000,3370000
2019-06-07 14:09:31.244000,1.08045,1.08042,3250000,4310000
2019-06-07 14:09:32.012000,1.08046,1.08043,4820000,1870000
2019-06-07 14:09:32.272000,1.08046,1.08043,4010000,1870000
2019-06-07 14:09:32.374000,1.08047,1.08044,4070000,2250000
2019-06-07 14:09:32.527000,1.08046,1.08043,1250000,3750000
2019-06-07 14:09:33.012000,1.08046,1.08044,1250000,1500000
2019-06-07 14:09:33.951000,1.08047,1.08044,4310000,3190000
2019-06-07 14:09:34.680000,1.08047,1.08045,1310000,1000000
2019-06-07 14:09:34.782000,1.08048,1.08046,4390000,1000000
2019-06-07 14:09:34.884000,1.08046,1.08045,1000000,1690000
2019-06-07 14:09:35.338000,1.08047,1.08046,1000000,1000000
2019-06-07 14:09:35.441000,1.08047,1.08046,1000000,1690000
2019-06-07 14:09:36.104000,1.08048,1.08047,1500000,1000000
2019-06-07 14:09:36.156000,1.08049,1.08047,2510000,2250000
2019-06-07 14:09:36.259000,1.0805,1.08049,1000000,1690000
2019-06-07 14:09:36.389000,1.08051,1.08049,1000000,2440000
2019-06-07 14:09:36.541000,1.08052,1.0805,2560000,1500000
2019-06-07 14:09:37.462000,1.08052,1.08051,1250000,1000000
2019-06-07 14:09:37.564000,1.08051,1.0805,1000000,2250000
2019-06-07 14:09:37.768000,1.08052,1.0805,1250000,3560000
2019-06-07 14:09:38.686000,1.08054,1.08053,1250000,1500000
2019-06-07 14:09:38.788000,1.08053,1.08051,1250000,2060000
2019-06-07 14:09:39.429000,1.08052,1.0805,1000000,3560000
2019-06-07 14:09:39.532000,1.08053,1.08051,3320000,1000000
2019-06-07 14:09:39.921000,1.08051,1.0805,1000000,2060000
2019-06-07 14:09:40.126000,1.0805,1.08049,1000000,1250000
2019-06-07 14:09:40.566000,1.08049,1.08048,1000000,1690000
2019-06-07 14:09:40.668000,1.08049,1.08048,1250000,1500000
2019-06-07 14:09:40.821000,1.08049,1.08047,1250000,3560000
2019-06-07 14:09:40.923000,1.08049,1.08048,1250000,1500000
2019-06-07 14:09:42.879000,1.0805,1.08048,2440000,1250000
2019-06-07 14:09:42.980000,1.0805,1.08048,2500000,1500000
2019-06-07 14:09:44.343000,1.0805,1.08049,1000000,1000000
2019-06-07 14:09:44.444000,1.08051,1.08049,1250000,1000000
2019-06-07 14:09:44.873000,1.08051,1.0805,1250000,1000000
2019-06-07 14:09:45.903000,1.08053,1.08051,1690000,1000000
2019-06-07 14:09:47.386000,1.08053,1.08052,1000000,1000000
2019-06-07 14:09:47.488000,1.08053,1.08051,1250000,3190000
2019-06-07 14:09:47.774000,1.08053,1.08052,1250000,1000000
2019-06-07 14:09:48.834000,1.08052,1.08051,1000000,1250000
2019-06-07 14:09:48.936000,1.08052,1.08051,1000000,1250000
2019-06-07 14:09:49.281000,1.08053,1.08051,1690000,2810000
2019-06-07 14:09:50.704000,1.08053,1.08052,1000000,1690000
2019-06-07 14:09:51.270000,1.08054,1.08053,1250000,1000000
2019-06-07 14:09:51.420000,1.08054,1.08053,1250000,1500000
2019-06-07 14:09:51.524000,1.08054,1.08052,1250000,1870000
2019-06-07 14:09:51.629000,1.08054,1.08051,1250000,2060000
2019-06-07 14:09:51.731000,1.08055,1.08052,7310000,3190000
2019-06-07 14:09:51.840000,1.08055,1.08053,1690000,1500000
2019-06-07 14:09:52.611000,1.08055,1.08052,1690000,3940000
2019-06-07 14:09:52.714000,1.08055,1.08053,1690000,1500000
2019-06-07 14:09:53.485000,1.08056,1.08053,3560000,1690000
2019-06-07 14:09:53.639000,1.08056,1.08054,2560000,1500000
2019-06-07 14:09:53.741000,1.08056,1.08054,1250000,2620000
2019-06-07 14:09:53.872000,1.08056,1.08055,1250000,1000000
2019-06-07 14:09:53.974000,1.08058,1.08056,3260000,1500000
2019-06-07 14:09:54.129000,1.08058,1.08056,2500000,1500000
2019-06-07 14:09:54.484000,1.08058,1.08056,3190000,1000000
2019-06-07 14:09:54.859000,1.08056,1.08055,1000000,2250000
2019-06-07 14:09:54.961000,1.08058,1.08056,4040000,1000000
2019-06-07 14:09:55.064000,1.08056,1.08055,1000000,1690000
2019-06-07 14:09:55.574000,1.08058,1.08055,2810000,1250000
2019-06-07 14:09:55.676000,1.08058,1.08055,1870000,1690000
2019-06-07 14:09:56.354000,1.08058,1.08056,2620000,1000000
2019-06-07 14:09:56.504000,1.08058,1.08056,2440000,1000000
2019-06-07 14:09:56.606000,1.08058,1.08057,1690000,1000000
2019-06-07 14:09:56.759000,1.08059,1.08057,3190000,1000000
2019-06-07 14:09:56.975000,1.08058,1.08057,1000000,1500000
2019-06-07 14:09:57.243000,1.08059,1.08058,3190000,1000000
2019-06-07 14:09:57.515000,1.08059,1.08058,1000000,1500000
2019-06-07 14:09:57.619000,1.0806,1.08059,1000000,2440000
2019-06-07 14:09:57.721000,1.08061,1.0806,1000000,1310000
2019-06-07 14:09:57.824000,1.08063,1.0806,3250000,2810000
2019-06-07 14:09:57.926000,1.08063,1.08061,2440000,1250000
2019-06-07 14:09:58.037000,1.08063,1.08062,1690000,1000000
2019-06-07 14:09:58.291000,1.08063,1.08061,1690000,1250000
2019-06-07 14:09:58.394000,1.08062,1.08061,2250000,1000000
2019-06-07 14:09:58.445000,1.08058,1.08056,1250000,3040000
2019-06-07 14:09:58.560000,1.08055,1.08054,1000000,1000000
2019-06-07 14:09:58.662000,1.08055,1.08053,1000000,2440000
2019-06-07 14:09:59.179000,1.08056,1.08054,1690000,1500000
2019-06-07 14:09:59.757000,1.08056,1.08055,1000000,1000000
2019-06-07 14:09:59.859000,1.08056,1.08054,1000000,3940000
2019-06-07 14:10:00.302000,1.08058,1.08055,4120000,2250000
2019-06-07 14:10:00.404000,1.08058,1.08056,3750000,1000000
2019-06-07 14:10:00.620000,1.08056,1.08055,1000000,2250000
2019-06-07 14:10:01.205000,1.08056,1.08055,1000000,2250000
2019-06-07 14:10:01.408000,1.08057,1.08056,1870000,1000000
2019-06-07 14:10:02.288000,1.08058,1.08056,1690000,2440000
2019-06-07 14:10:02.721000,1.08059,1.08057,1690000,1000000
2019-06-07 14:10:02.823000,1.08061,1.08058,4450000,2250000
2019-06-07 14:10:03.210000,1.08061,1.08059,1250000,1000000
2019-06-07 14:10:03.686000,1.0806,1.08058,2250000,1000000
2019-06-07 14:10:03.804000,1.08058,1.08057,2060000,1500000
2019-06-07 14:10:05.107000,1.08058,1.08056,2440000,2440000
2019-06-07 14:10:05.325000,1.08058,1.08057,1690000,1500000
2019-06-07 14:10:06.507000,1.08059,1.08058,1500000,1000000
2019-06-07 14:10:06.752000,1.0806,1.08058,1870000,3190000
2019-06-07 14:10:06.854000,1.08059,1.08058,1000000,1690000
2019-06-07 14:10:06.957000,1.08058,1.08057,1120000,1690000
2019-06-07 14:10:07.371000,1.08058,1.08056,2560000,3190000
2019-06-07 14:10:07.473000,1.08058,1.08056,3310000,1690000
2019-06-07 14:10:07.744000,1.08058,1.08056,2510000,1500000
2019-06-07 14:10:07.847000,1.08058,1.08057,1250000,1000000
2019-06-07 14:10:07.951000,1.08058,1.08056,1250000,2440000
2019-06-07 14:10:08.054000,1.08058,1.08056,2500000,1000000
2019-06-07 14:10:08.366000,1.08057,1.08055,1250000,3190000
2019-06-07 14:10:08.759000,1.08057,1.08056,1250000,1500000
2019-06-07 14:10:08.861000,1.08058,1.08057,2140000,1000000
2019-06-07 14:10:08.964000,1.08058,1.08056,1250000,1250000
2019-06-07 14:10:09.097000,1.08058,1.08056,2500000,1000000
2019-06-07 14:10:09.689000,1.08056,1.08055,2810000,1000000
2019-06-07 14:10:09.740000,1.08055,1.08053,2370000,1000000
2019-06-07 14:10:09.893000,1.08055,1.08054,1690000,1000000
2019-06-07 14:10:10.505000,1.08055,1.08052,3870000,2440000
2019-06-07 14:10:10.708000,1.08054,1.08053,1000000,1500000
2019-06-07 14:10:11.339000,1.08052,1.0805,3600000,2570000
2019-06-07 14:10:11.392000,1.0805,1.08048,1750000,1000000
2019-06-07 14:10:11.704000,1.08049,1.08047,3320000,1500000
2019-06-07 14:10:11.806000,1.08045,1.08044,2060000,1500000
2019-06-07 14:10:12.095000,1.08045,1.08043,1250000,1500000
2019-06-07 14:10:12.248000,1.08046,1.08044,1200000,1250000
2019-06-07 14:10:12.407000,1.08045,1.08043,2500000,2250000
2019-06-07 14:10:12.510000,1.08044,1.08042,2440000,1000000
2019-06-07 14:10:12.612000,1.08045,1.08042,2140000,1690000
2019-06-07 14:10:12.877000,1.08044,1.08042,1000000,1250000
2019-06-07 14:10:14.726000,1.08044,1.08042,1000000,4060000
2019-06-07 14:10:15.222000,1.08045,1.08042,1250000,4060000
2019-06-07 14:10:15.375000,1.08045,1.08043,1250000,2370000
2019-06-07 14:10:15.550000,1.08045,1.08042,1690000,3310000
2019-06-07 14:10:16.270000,1.08046,1.08044,2890000,2370000
2019-06-07 14:10:16.376000,1.08046,1.08044,1690000,3870000
2019-06-07 14:10:16.478000,1.0805,1.08047,3940000,4370000
2019-06-07 14:10:16.581000,1.0805,1.08048,2510000,1000000
2019-06-07 14:10:16.683000,1.0805,1.08048,3320000,1500000
2019-06-07 14:10:16.901000,1.0805,1.08048,1570000,3250000
2019-06-07 14:10:17.044000,1.0805,1.08048,2570000,3000000
2019-06-07 14:10:20.757000,1.08049,1.08047,1750000,2250000
2019-06-07 14:10:21.434000,1.0805,1.08047,2810000,4870000
2019-06-07 14:10:21.694000,1.0805,1.08048,2120000,3370000
2019-06-07 14:10:21.846000,1.0805,1.08048,2810000,2060000
2019-06-07 14:10:22.883000,1.08051,1.08048,3940000,5560000
2019-06-07 14:10:22.985000,1.08051,1.0805,1000000,1000000
2019-06-07 14:10:23.195000,1.08051,1.08049,1000000,3560000
2019-06-07 14:10:23.864000,1.08052,1.08049,2440000,3560000
2019-06-07 14:10:24.780000,1.08053,1.08051,1760000,1810000
2019-06-07 14:10:24.882000,1.08054,1.08052,1250000,2060000
2019-06-07 14:10:25.086000,1.08054,1.08053,1250000,1500000
2019-06-07 14:10:25.983000,1.08054,1.08051,1690000,5700000
2019-06-07 14:10:26.085000,1.08054,1.08052,3250000,1120000
2019-06-07 14:10:26.941000,1.08054,1.08052,1000000,1120000
2019-06-07 14:10:27.043000,1.08055,1.08052,4760000,1870000
2019-06-07 14:10:27.146000,1.08055,1.08053,1810000,1250000
2019-06-07 14:10:27.376000,1.08055,1.08054,1250000,1000000
2019-06-07 14:10:27.860000,1.08053,1.08052,1000000,1310000
2019-06-07 14:10:27.912000,1.0805,1.08048,2500000,1870000
2019-06-07 14:10:28.014000,1.0805,1.08049,1000000,3560000
2019-06-07 14:10:28.332000,1.08051,1.0805,1000000,1000000
2019-06-07 14:10:28.688000,1.08051,1.08049,1000000,2810000
2019-06-07 14:10:28.791000,1.08052,1.0805,1000000,3310000
2019-06-07 14:10:28.927000,1.08053,1.08051,1750000,1870000
2019-06-07 14:10:29.029000,1.08054,1.08051,3250000,4310000
2019-06-07 14:10:29.131000,1.08054,1.08052,2500000,1000000
2019-06-07 14:10:30.267000,1.08054,1.08053,2440000,1500000
2019-06-07 14:10:31.044000,1.08055,1.08053,1620000,3000000
2019-06-07 14:10:31.248000,1.08055,1.08053,1250000,3190000
2019-06-07 14:10:32.419000,1.08055,1.08053,2500000,3000000
2019-06-07 14:10:32.549000,1.08054,1.08051,3250000,2890000
2019-06-07 14:10:32.651000,1.08054,1.08052,2500000,1000000
2019-06-07 14:10:34.033000,1.08054,1.08052,2060000,1000000
2019-06-07 14:10:34.135000,1.08053,1.08051,2870000,1000000
2019-06-07 14:10:34.237000,1.08052,1.0805,1250000,3000000
2019-06-07 14:10:34.653000,1.08053,1.0805,3620000,4440000
2019-06-07 14:10:34.755000,1.08054,1.08051,2870000,2810000
2019-06-07 14:10:36.490000,1.08054,1.08052,2120000,1000000
2019-06-07 14:10:36.660000,1.08055,1.08052,5620000,2060000
2019-06-07 14:10:36.764000,1.08055,1.08052,1810000,4370000
2019-06-07 14:10:37.108000,1.08055,1.08054,1250000,1000000
2019-06-07 14:10:37.160000,1.08056,1.08055,2250000,2060000
2019-06-07 14:10:37.262000,1.08057,1.08055,1000000,3560000
2019-06-07 14:10:37.417000,1.08057,1.08056,1000000,1000000
2019-06-07 14:10:37.521000,1.08057,1.08055,4310000,1500000
2019-06-07 14:10:37.572000,1.08054,1.08053,3040000,1000000
2019-06-07 14:10:37.675000,1.0805,1.08048,1000000,3190000
2019-06-07 14:10:37.829000,1.0805,1.08048,1000000,3190000
2019-06-07 14:10:37.931000,1.08051,1.08048,3690000,3190000
2019-06-07 14:10:38.720000,1.08051,1.08048,3560000,1690000
2019-06-07 14:10:39.571000,1.08052,1.08049,3690000,3640000
2019-06-07 14:10:39.775000,1.08052,1.08049,3560000,3640000
2019-06-07 14:10:40.374000,1.08054,1.08053,1570000,2620000
2019-06-07 14:10:40.476000,1.08058,1.08056,1750000,2470000
2019-06-07 14:10:40.527000,1.08059,1.08057,3070000,1810000
2019-06-07 14:10:40.680000,1.08061,1.08058,2220000,2370000
2019-06-07 14:10:40.934000,1.08059,1.08058,1500000,4200000
2019-06-07 14:10:40.985000,1.08058,1.08056,1250000,3560000
2019-06-07 14:10:41.112000,1.08059,1.08057,1000000,3640000
2019-06-07 14:10:41.213000,1.0806,1.08057,1690000,3640000
2019-06-07 14:10:41.579000,1.08062,1.08059,3260000,1000000
2019-06-07 14:10:41.682000,1.0806,1.08058,1500000,1870000
2019-06-07 14:10:42.747000,1.08061,1.08058,1500000,4120000
2019-06-07 14:10:42.852000,1.08061,1.08059,1250000,1500000
2019-06-07 14:10:43.722000,1.08063,1.0806,4120000,1500000
2019-06-07 14:10:44.923000,1.08063,1.08061,2120000,1500000
