time,ask,bid,ask_volume,bid_volume
2021-09-03 12:25:00.038000,1.09942,1.0994,1000000,1500000
2021-09-03 12:25:00.442000,1.09942,1.0994,1000000,3120000
2021-09-03 12:25:00.544000,1.09943,1.09941,1000000,1570000
2021-09-03 12:25:00.797000,1.09945,1.09942,1000000,2320000
2021-09-03 12:25:00.898000,1.09947,1.09944,1100000,1000000
2021-09-03 12:25:01.638000,1.09948,1.09944,1000000,1000000
2021-09-03 12:25:02.299000,1.09947,1.09945,2200000,1000000
2021-09-03 12:25:02.350000,1.09945,1.09943,1000000,2700000
2021-09-03 12:25:02.452000,1.09947,1.09944,1010000,1000000
2021-09-03 12:25:03.060000,1.09947,1.09945,1100000,1000000
2021-09-03 12:25:03.950000,1.09948,1.09943,1010000,1000000
2021-09-03 12:25:04.001000,1.09945,1.09942,1000000,2450000
2021-09-03 12:25:04.102000,1.09945,1.09942,1000000,1950000
2021-09-03 12:25:09.049000,1.09946,1.09944,1000000,1000000
2021-09-03 12:25:09.353000,1.09947,1.09944,1200000,1500000
2021-09-03 12:25:12.399000,1.09948,1.09945,2890000,1000000
2021-09-03 12:25:17.852000,1.09948,1.09945,1570000,2370000
2021-09-03 12:25:17.953000,1.09949,1.09947,1000000,1870000
2021-09-03 12:25:18.004000,1.09954,1.0995,2620000,4120000
2021-09-03 12:25:18.055000,1.09957,1.09955,1100000,1870000
2021-09-03 12:25:18.156000,1.09958,1.09955,2320000,2000000
2021-09-03 12:25:18.258000,1.09959,1.09955,3660000,3370000
2021-09-03 12:25:18.359000,1.09959,1.09955,2700000,3450000
2021-09-03 12:25:18.662000,1.09958,1.09955,1100000,2250000
2021-09-03 12:25:18.814000,1.09959,1.09955,1760000,2320000
2021-09-03 12:25:18.915000,1.09959,1.09956,1000000,1950000
2021-09-03 12:25:20.255000,1.0996,1.09956,1950000,2700000
2021-09-03 12:25:20.357000,1.0996,1.09957,1000000,1100000
2021-09-03 12:25:23.148000,1.0996,1.09956,1950000,3070000
2021-09-03 12:25:24.892000,1.09958,1.09956,2950000,1000000
2021-09-03 12:25:24.994000,1.09957,1.09955,1690000,1000000
2021-09-03 12:25:25.096000,1.09959,1.09955,4540000,2700000
2021-09-03 12:25:25.199000,1.0996,1.09955,1000000,1950000
2021-09-03 12:25:28.149000,1.09958,1.09955,2140000,1500000
2021-09-03 12:25:28.453000,1.09957,1.09954,1500000,1100000
2021-09-03 12:25:28.882000,1.09956,1.09954,2440000,1000000
2021-09-03 12:25:28.934000,1.09954,1.09951,1500000,2320000
2021-09-03 12:25:36.735000,1.09953,1.09951,1250000,1000000
2021-09-03 12:25:38.199000,1.09954,1.09951,2890000,1000000
2021-09-03 12:25:39.804000,1.09953,1.09951,1250000,1000000
2021-09-03 12:25:40.569000,1.09954,1.09951,2890000,1000000
2021-09-03 12:25:40.677000,1.09954,1.09951,3010000,1000000
2021-09-03 12:25:40.778000,1.09954,1.09951,2890000,1000000
2021-09-03 12:25:44.465000,1.09953,1.09951,1250000,1120000
2021-09-03 12:25:44.618000,1.09952,1.09951,1250000,1000000
2021-09-03 12:25:44.872000,1.09953,1.09951,2140000,1000000
2021-09-03 12:25:45.226000,1.09953,1.0995,2140000,1500000
2021-09-03 12:25:46.185000,1.09952,1.0995,1250000,1500000
2021-09-03 12:25:46.387000,1.09953,1.0995,2510000,1500000
2021-09-03 12:25:50.145000,1.09951,1.09947,1570000,4400000
2021-09-03 12:25:52.289000,1.09951,1.09947,2510000,3450000
2021-09-03 12:25:52.460000,1.09952,1.09947,2510000,1000000
2021-09-03 12:25:52.900000,1.09951,1.09947,1000000,1000000
2021-09-03 12:25:53.002000,1.0995,1.09947,1500000,2700000
2021-09-03 12:25:53.359000,1.0995,1.09948,1500000,1000000
2021-09-03 12:25:53.480000,1.09951,1.09946,1500000,2700000
2021-09-03 12:25:54.978000,1.09953,1.09949,1000000,1570000
2021-09-03 12:25:55.080000,1.09954,1.09949,1870000,4700000
2021-09-03 12:25:57.346000,1.09954,1.09951,1500000,1100000
2021-09-03 12:25:58.335000,1.09954,1.09951,1690000,2070000
2021-09-03 12:25:58.436000,1.09953,1.09951,1000000,1620000
2021-09-03 12:25:58.768000,1.09953,1.09951,1000000,1570000
2021-09-03 12:25:59.605000,1.09957,1.09954,4890000,1570000
2021-09-03 12:25:59.706000,1.09957,1.09954,1250000,2450000
2021-09-03 12:26:02.863000,1.09959,1.09954,1690000,1200000
2021-09-03 12:26:02.964000,1.09959,1.09954,1500000,2550000
2021-09-03 12:26:03.523000,1.09958,1.09955,1690000,1650000
2021-09-03 12:26:04.030000,1.09958,1.09954,2500000,2830000
2021-09-03 12:26:04.132000,1.09958,1.09954,1690000,2720000
2021-09-03 12:26:04.234000,1.09958,1.09954,2500000,3220000
2021-09-03 12:26:04.487000,1.09956,1.09954,1000000,1200000
2021-09-03 12:26:04.590000,1.09956,1.09954,1000000,1700000
2021-09-03 12:26:05.056000,1.09956,1.09953,1000000,2320000
2021-09-03 12:26:18.679000,1.09956,1.09954,1250000,1000000
2021-09-03 12:26:19.605000,1.09957,1.09952,1250000,1870000
2021-09-03 12:26:20.448000,1.09956,1.09954,1250000,1000000
2021-09-03 12:26:20.806000,1.09957,1.09952,1250000,1500000
2021-09-03 12:26:23.950000,1.09957,1.09954,3700000,1000000
2021-09-03 12:26:27.212000,1.09957,1.09953,3320000,1500000
2021-09-03 12:26:28.365000,1.09956,1.09954,1250000,1000000
2021-09-03 12:26:28.466000,1.09955,1.09953,1250000,1000000
2021-09-03 12:26:28.567000,1.09955,1.09952,1250000,3370000
2021-09-03 12:27:00.298000,1.09957,1.09954,2320000,1120000
2021-09-03 12:27:00.401000,1.09956,1.09953,1250000,1120000
2021-09-03 12:27:01.309000,1.09955,1.09952,1000000,2750000
2021-09-03 12:27:01.426000,1.09955,1.09952,1000000,2250000
2021-09-03 12:27:13.127000,1.09954,1.09952,1000000,1100000
2021-09-03 12:27:18.697000,1.09953,1.09951,1000000,1100000
2021-09-03 12:27:18.799000,1.09953,1.09949,2810000,2720000
2021-09-03 12:27:18.901000,1.09952,1.09948,1500000,1600000
2021-09-03 12:27:19.103000,1.09951,1.09947,1000000,2290000
2021-09-03 12:27:19.205000,1.0995,1.09947,1000000,1920000
2021-09-03 12:27:19.256000,1.0995,1.09947,1000000,1770000
2021-09-03 12:27:30.131000,1.09951,1.09947,1500000,1200000
2021-09-03 12:27:31.422000,1.09949,1.09947,1000000,1100000
2021-09-03 12:27:32.598000,1.09949,1.09946,1870000,1010000
2021-09-03 12:27:33.863000,1.09949,1.09946,1870000,1350000
2021-09-03 12:27:44.504000,1.09949,1.09945,1500000,3540000
2021-09-03 12:27:44.757000,1.0995,1.09945,1500000,3040000
2021-09-03 12:27:49.362000,1.09951,1.09947,1000000,1940000
2021-09-03 12:27:49.413000,1.09952,1.0995,1120000,1390000
2021-09-03 12:27:49.464000,1.09955,1.09951,4010000,1100000
2021-09-03 12:27:49.565000,1.09955,1.09952,1120000,1100000
2021-09-03 12:27:49.667000,1.09956,1.09952,2510000,1100000
2021-09-03 12:27:52.504000,1.09955,1.09951,1250000,2720000
2021-09-03 12:27:55.471000,1.09956,1.09951,2890000,2720000
2021-09-03 12:28:00.221000,1.09956,1.09952,1000000,2350000
2021-09-03 12:28:00.634000,1.09957,1.09953,1250000,2350000
2021-09-03 12:28:00.786000,1.09958,1.09954,1810000,2350000
2021-09-03 12:28:01.226000,1.09958,1.09954,1250000,1600000
2021-09-03 12:28:04.707000,1.09959,1.09956,1750000,1100000
2021-09-03 12:28:04.811000,1.09959,1.09956,1000000,1100000
2021-09-03 12:28:04.912000,1.09959,1.09956,1000000,1100000
2021-09-03 12:28:05.320000,1.0996,1.09956,1950000,1100000
2021-09-03 12:28:05.422000,1.09961,1.09957,1120000,1000000
2021-09-03 12:28:05.574000,1.09961,1.09957,1120000,1220000
2021-09-03 12:28:10.752000,1.09962,1.09958,1690000,1200000
2021-09-03 12:28:10.912000,1.09961,1.09958,1690000,1270000
2021-09-03 12:28:22.167000,1.09957,1.09954,2440000,2770000
2021-09-03 12:28:22.269000,1.09956,1.09952,1500000,1970000
2021-09-03 12:28:29.060000,1.09955,1.09951,1000000,1790000
2021-09-03 12:28:33.879000,1.09956,1.0995,1600000,1790000
2021-09-03 12:28:33.980000,1.09954,1.0995,1200000,2910000
2021-09-03 12:28:34.081000,1.09954,1.0995,1600000,1600000
2021-09-03 12:28:34.284000,1.09954,1.0995,1200000,1350000
2021-09-03 12:28:34.436000,1.09954,1.0995,1600000,1350000
2021-09-03 12:28:34.537000,1.09954,1.0995,1000000,1350000
2021-09-03 12:28:34.703000,1.09956,1.09949,2320000,1350000
2021-09-03 12:28:35.160000,1.09954,1.0995,1000000,1790000
2021-09-03 12:28:37.369000,1.09951,1.09948,1000000,1100000
2021-09-03 12:28:37.924000,1.09951,1.09947,1250000,1570000
2021-09-03 12:28:40.265000,1.0995,1.09946,1000000,1500000
2021-09-03 12:28:40.416000,1.09952,1.09945,1760000,1500000
2021-09-03 12:28:43.489000,1.0995,1.09946,1000000,2000000
2021-09-03 12:28:44.064000,1.0995,1.09945,1500000,4020000
2021-09-03 12:28:44.165000,1.09949,1.09945,1250000,2070000
2021-09-03 12:28:44.216000,1.09945,1.09944,1000000,2250000
2021-09-03 12:28:44.267000,1.09944,1.09942,1500000,1120000
2021-09-03 12:28:44.369000,1.09943,1.09942,1000000,1000000
2021-09-03 12:28:44.420000,1.09943,1.09939,1000000,3650000
2021-09-03 12:28:44.521000,1.09944,1.0994,1500000,1570000
2021-09-03 12:28:44.622000,1.09944,1.0994,1000000,2450000
2021-09-03 12:28:44.723000,1.09944,1.0994,1500000,1570000
2021-09-03 12:28:45.370000,1.09944,1.09941,1000000,1120000
2021-09-03 12:28:45.622000,1.09944,1.0994,1000000,1570000
2021-09-03 12:28:45.723000,1.09943,1.09939,1000000,3650000
2021-09-03 12:28:47.944000,1.09944,1.0994,1500000,1100000
2021-09-03 12:28:48.046000,1.09945,1.09939,1500000,1700000
2021-09-03 12:28:48.480000,1.09942,1.0994,1000000,1120000
2021-09-03 12:28:49.141000,1.09942,1.09938,1000000,3650000
2021-09-03 12:28:50.487000,1.09942,1.09938,1250000,1570000
2021-09-03 12:28:54.160000,1.0994,1.09937,1000000,1120000
2021-09-03 12:28:54.313000,1.09941,1.09936,1690000,1700000
2021-09-03 12:28:58.013000,1.0994,1.09937,1000000,1000000
2021-09-03 12:28:58.114000,1.0994,1.09936,1000000,1500000
2021-09-03 12:28:58.900000,1.0994,1.09936,2500000,1120000
2021-09-03 12:29:00.022000,1.09939,1.09935,1250000,2320000
2021-09-03 12:29:00.124000,1.09938,1.09935,1500000,1000000
2021-09-03 12:29:00.226000,1.09938,1.09934,1690000,1100000
2021-09-03 12:29:00.328000,1.09938,1.09933,2060000,1200000
2021-09-03 12:29:00.430000,1.09937,1.09932,1010000,1200000
2021-09-03 12:29:01.966000,1.09937,1.09933,1100000,1600000
2021-09-03 12:29:02.067000,1.09938,1.09934,1000000,1000000
2021-09-03 12:29:02.169000,1.09938,1.09933,1870000,1100000
2021-09-03 12:29:02.270000,1.09938,1.09932,4070000,2150000
2021-09-03 12:29:02.422000,1.09937,1.09931,1250000,1720000
2021-09-03 12:29:03.865000,1.09936,1.09931,1200000,1100000
2021-09-03 12:29:03.966000,1.09935,1.09931,1250000,1220000
2021-09-03 12:29:05.689000,1.09932,1.0993,1500000,1500000
2021-09-03 12:29:05.790000,1.0993,1.09927,1500000,3900000
2021-09-03 12:29:05.892000,1.09932,1.09925,1500000,3410000
2021-09-03 12:29:05.993000,1.09932,1.09926,1000000,1600000
2021-09-03 12:29:07.432000,1.09933,1.09926,1690000,1600000
2021-09-03 12:29:07.612000,1.09931,1.09926,1250000,2170000
2021-09-03 12:29:07.713000,1.09931,1.09926,1250000,2170000
2021-09-03 12:29:08.016000,1.09931,1.09925,1250000,3220000
2021-09-03 12:29:08.640000,1.09931,1.09925,1250000,2850000
2021-09-03 12:29:08.742000,1.09929,1.09927,3000000,1000000
2021-09-03 12:29:08.843000,1.09931,1.09926,1500000,1720000
2021-09-03 12:29:09.450000,1.09931,1.09925,1000000,2100000
2021-09-03 12:29:10.359000,1.09931,1.09926,1000000,1100000
2021-09-03 12:29:10.871000,1.0993,1.09925,1000000,1600000
2021-09-03 12:29:11.384000,1.09929,1.09924,1250000,2470000
2021-09-03 12:29:11.486000,1.09929,1.09924,1940000,2470000
2021-09-03 12:29:12.367000,1.09931,1.09928,1000000,1750000
2021-09-03 12:29:12.468000,1.09934,1.0993,1870000,2070000
2021-09-03 12:29:12.570000,1.09934,1.09929,1500000,1620000
2021-09-03 12:29:12.672000,1.09934,1.09928,3450000,1500000
2021-09-03 12:29:12.774000,1.09935,1.09926,2370000,2170000
2021-09-03 12:29:13.399000,1.09934,1.09927,1500000,1100000
2021-09-03 12:29:13.502000,1.09934,1.09927,1560000,1100000
2021-09-03 12:29:13.808000,1.09932,1.09925,2700000,3000000
2021-09-03 12:29:14.550000,1.09932,1.09925,1640000,1000000
2021-09-03 12:29:14.761000,1.09932,1.09925,1260000,1720000
2021-09-03 12:29:15.070000,1.09933,1.09926,2160000,1600000
2021-09-03 12:29:15.735000,1.09932,1.09927,1000000,1100000
2021-09-03 12:29:18.557000,1.0993,1.09927,1000000,1100000
2021-09-03 12:29:18.658000,1.0993,1.09927,1000000,1100000
2021-09-03 12:29:18.787000,1.09932,1.09925,1000000,2550000
2021-09-03 12:29:21.017000,1.09931,1.09925,1000000,4610000
2021-09-03 12:29:21.119000,1.0993,1.09925,1000000,2070000
2021-09-03 12:29:21.286000,1.0993,1.09925,1000000,2320000
2021-09-03 12:29:22.698000,1.09931,1.09923,1000000,3450000
2021-09-03 12:29:27.308000,1.09931,1.09927,1000000,1250000
2021-09-03 12:29:27.359000,1.0993,1.09924,1000000,2060000
2021-09-03 12:29:27.460000,1.0993,1.09925,1000000,1500000
2021-09-03 12:29:31.634000,1.09931,1.09924,1000000,1500000
2021-09-03 12:29:35.177000,1.09934,1.09927,1750000,1120000
2021-09-03 12:29:35.278000,1.09934,1.09928,1250000,1120000
2021-09-03 12:29:35.801000,1.09933,1.09926,1250000,2620000
2021-09-03 12:29:37.610000,1.09934,1.09928,1250000,1000000
2021-09-03 12:29:39.289000,1.09934,1.09928,1250000,1000000
2021-09-03 12:29:40.423000,1.09934,1.09926,1250000,4060000
2021-09-03 12:29:40.525000,1.09934,1.09926,1250000,4310000
2021-09-03 12:29:41.764000,1.09935,1.09926,1500000,1620000
2021-09-03 12:29:42.551000,1.09934,1.09926,1250000,1000000
2021-09-03 12:29:42.653000,1.09934,1.09925,1250000,4120000
2021-09-03 12:29:42.754000,1.09934,1.09926,1000000,1500000
2021-09-03 12:29:42.805000,1.09934,1.09928,1000000,1000000
2021-09-03 12:29:42.856000,1.09938,1.09932,1250000,1700000
2021-09-03 12:29:42.907000,1.09941,1.09935,1500000,1000000
2021-09-03 12:29:42.958000,1.09941,1.0993,1120000,2000000
2021-09-03 12:29:43.270000,1.09941,1.09931,1000000,1500000
2021-09-03 12:29:43.372000,1.09941,1.09932,1000000,1620000
2021-09-03 12:29:45.216000,1.09943,1.09933,1120000,2190000
2021-09-03 12:29:45.318000,1.09942,1.09935,1000000,1500000
2021-09-03 12:29:45.368000,1.09944,1.09933,1120000,3190000
2021-09-03 12:29:45.419000,1.09945,1.09942,1000000,2000000
2021-09-03 12:29:45.520000,1.09946,1.09943,1120000,1690000
2021-09-03 12:29:45.723000,1.09946,1.09944,1120000,1500000
2021-09-03 12:29:45.824000,1.09948,1.09944,1000000,1310000
2021-09-03 12:29:46.156000,1.09948,1.09945,1000000,1500000
2021-09-03 12:29:46.611000,1.09949,1.09945,1120000,1690000
2021-09-03 12:29:46.712000,1.09949,1.09945,1500000,1500000
2021-09-03 12:29:46.813000,1.09951,1.09948,1000000,1500000
2021-09-03 12:29:46.965000,1.0995,1.09947,1000000,1500000
2021-09-03 12:29:47.327000,1.0995,1.09947,1000000,1500000
2021-09-03 12:29:47.730000,1.09954,1.0995,1500000,1500000
2021-09-03 12:29:47.831000,1.09954,1.0995,1000000,1500000
2021-09-03 12:29:48.716000,1.09954,1.09951,1000000,1120000
2021-09-03 12:29:49.120000,1.09953,1.09951,1120000,2620000
2021-09-03 12:29:49.423000,1.09955,1.0995,1500000,2620000
2021-09-03 12:29:49.737000,1.09954,1.09952,1500000,1000000
2021-09-03 12:29:50.093000,1.09952,1.0995,1120000,1000000
2021-09-03 12:29:50.345000,1.0995,1.09946,1000000,1000000
2021-09-03 12:29:50.396000,1.0995,1.09946,1000000,2750000
2021-09-03 12:29:50.547000,1.0995,1.09946,1120000,1500000
2021-09-03 12:29:50.648000,1.0995,1.09946,1120000,1000000
2021-09-03 12:29:50.699000,1.0995,1.09943,1120000,1120000
2021-09-03 12:29:51.002000,1.0995,1.0994,1120000,1000000
2021-09-03 12:29:51.103000,1.0995,1.0994,1120000,1870000
2021-09-03 12:29:52.386000,1.09959,1.0994,3500000,1500000
2021-09-03 12:29:52.488000,1.0996,1.09946,1500000,1000000
2021-09-03 12:29:52.909000,1.09959,1.09946,2250000,1000000
2021-09-03 12:29:53.010000,1.0996,1.09946,1500000,1000000
2021-09-03 12:29:53.306000,1.0996,1.09946,1500000,1000000
2021-09-03 12:29:53.372000,1.0996,1.09946,1500000,1000000
2021-09-03 12:29:53.678000,1.0996,1.09946,1500000,1000000
2021-09-03 12:29:53.780000,1.0996,1.09946,1500000,1000000
2021-09-03 12:29:54.110000,1.0996,1.09945,1120000,1000000
2021-09-03 12:29:54.161000,1.09957,1.09946,1000000,1000000
2021-09-03 12:29:54.262000,1.09957,1.09942,1500000,1500000
2021-09-03 12:29:54.608000,1.09957,1.09942,1000000,1120000
2021-09-03 12:29:54.709000,1.09957,1.09942,1500000,1120000
2021-09-03 12:29:55.153000,1.09958,1.09942,1000000,1000000
2021-09-03 12:29:55.680000,1.09958,1.09941,2250000,2370000
2021-09-03 12:29:55.883000,1.09958,1.09942,1000000,1000000
2021-09-03 12:29:55.934000,1.09958,1.09951,1000000,1000000
2021-09-03 12:29:56.236000,1.09959,1.09951,3190000,1000000
2021-09-03 12:29:56.737000,1.09959,1.0995,3190000,1120000
2021-09-03 12:29:57,1.09959,1.09949,3190000,1000000
2021-09-03 12:29:57.202000,1.09959,1.09948,2440000,2370000
2021-09-03 12:29:57.303000,1.09958,1.09949,2250000,1500000
2021-09-03 12:29:57.405000,1.09959,1.09948,1000000,1500000
2021-09-03 12:29:57.669000,1.09958,1.09949,1000000,1500000
2021-09-03 12:29:57.828000,1.09958,1.09949,1000000,1000000
2021-09-03 12:29:58.257000,1.09959,1.09948,1000000,1500000
2021-09-03 12:30:00.010000,1.09958,1.09949,1000000,1500000
2021-09-03 12:30:00.225000,1.09959,1.09947,1000000,1750000
2021-09-03 12:30:00.753000,1.09959,1.09947,1000000,1310000
2021-09-03 12:30:00.908000,1.09953,1.09947,1000000,1310000
2021-09-03 12:30:00.959000,1.09956,1.09946,1000000,1310000
2021-09-03 12:30:01.061000,1.09958,1.09946,1000000,1310000
2021-09-03 12:30:01.111000,1.09951,1.09946,1250000,1250000
2021-09-03 12:30:01.162000,1.09921,1.09896,370000,1310000
2021-09-03 12:30:01.213000,1.0983,1.09812,1250000,2750000
2021-09-03 12:30:01.264000,1.09778,1.09774,1000000,1000000
2021-09-03 12:30:01.370000,1.09771,1.09766,1500000,1500000
2021-09-03 12:30:01.428000,1.09765,1.09759,1500000,1000000
2021-09-03 12:30:01.529000,1.09768,1.09756,1000000,2620000
2021-09-03 12:30:01.580000,1.0977,1.09755,4440000,1000000
2021-09-03 12:30:01.681000,1.09753,1.0975,1000000,1000000
2021-09-03 12:30:01.731000,1.09759,1.09757,1000000,1250000
2021-09-03 12:30:01.782000,1.09764,1.09752,1250000,3250000
2021-09-03 12:30:01.855000,1.09763,1.0975,1500000,1500000
2021-09-03 12:30:01.906000,1.09756,1.0975,1500000,1500000
2021-09-03 12:30:02.008000,1.09762,1.09753,1450000,3750000
2021-09-03 12:30:02.111000,1.0976,1.0974,1000000,370000
2021-09-03 12:30:02.162000,1.09725,1.09715,370000,1000000
2021-09-03 12:30:02.219000,1.09743,1.09732,1000000,2940000
2021-09-03 12:30:02.278000,1.09739,1.09732,750000,2250000
2021-09-03 12:30:02.331000,1.0974,1.09734,1000000,1120000
2021-09-03 12:30:02.382000,1.09724,1.09717,1000000,1250000
2021-09-03 12:30:02.432000,1.09735,1.09733,1500000,2250000
2021-09-03 12:30:02.483000,1.09737,1.09728,1000000,1750000
2021-09-03 12:30:02.534000,1.0973,1.09726,1000000,1250000
2021-09-03 12:30:02.635000,1.09731,1.09721,1000000,3000000
2021-09-03 12:30:02.686000,1.09726,1.09721,1000000,3000000
2021-09-03 12:30:02.787000,1.09729,1.09722,1250000,1250000
2021-09-03 12:30:02.838000,1.09726,1.09721,1450000,1120000
2021-09-03 12:30:02.888000,1.09726,1.09721,1000000,4620000
2021-09-03 12:30:02.939000,1.09729,1.09721,1750000,3000000
2021-09-03 12:30:02.990000,1.09732,1.09725,1500000,1000000
2021-09-03 12:30:03.093000,1.09727,1.09721,1000000,3000000
2021-09-03 12:30:03.144000,1.09732,1.0972,1000000,3250000
2021-09-03 12:30:03.195000,1.09735,1.09726,1370000,1250000
2021-09-03 12:30:03.245000,1.09723,1.09721,1000000,1000000
2021-09-03 12:30:03.296000,1.09724,1.09717,1000000,3000000
2021-09-03 12:30:03.347000,1.09735,1.09721,1000000,3500000
2021-09-03 12:30:03.448000,1.09726,1.09724,1250000,1000000
2021-09-03 12:30:03.499000,1.0973,1.09724,1000000,1500000
2021-09-03 12:30:03.550000,1.09724,1.09717,1200000,2620000
2021-09-03 12:30:03.600000,1.09719,1.09716,1500000,1000000
2021-09-03 12:30:03.651000,1.09722,1.09719,2250000,2750000
2021-09-03 12:30:03.702000,1.0972,1.09714,1000000,1500000
2021-09-03 12:30:03.753000,1.09722,1.09712,1200000,1000000
2021-09-03 12:30:03.854000,1.09722,1.09711,1250000,1690000
2021-09-03 12:30:03.906000,1.09714,1.09711,1000000,1000000
2021-09-03 12:30:03.957000,1.09716,1.0971,1690000,1250000
2021-09-03 12:30:04.008000,1.09711,1.09709,1000000,2440000
2021-09-03 12:30:04.059000,1.09716,1.09704,1000000,1250000
2021-09-03 12:30:04.110000,1.09714,1.09702,1000000,2810000
2021-09-03 12:30:04.262000,1.09711,1.09701,1500000,3310000
2021-09-03 12:30:04.363000,1.09712,1.09699,1000000,2940000
2021-09-03 12:30:04.414000,1.09708,1.09699,1000000,2940000
2021-09-03 12:30:04.567000,1.09704,1.09696,1000000,1000000
2021-09-03 12:30:04.618000,1.09707,1.09695,1120000,2250000
2021-09-03 12:30:04.669000,1.09707,1.09695,1500000,2250000
2021-09-03 12:30:04.771000,1.09702,1.09695,1700000,2250000
2021-09-03 12:30:04.976000,1.09702,1.09698,1000000,1000000
2021-09-03 12:30:05.078000,1.09702,1.09691,1000000,4250000
2021-09-03 12:30:05.180000,1.09705,1.09696,1500000,3000000
2021-09-03 12:30:05.283000,1.09706,1.09695,2750000,1000000
2021-09-03 12:30:05.385000,1.09698,1.09693,1690000,1000000
2021-09-03 12:30:05.437000,1.09692,1.09683,1500000,3000000
2021-09-03 12:30:05.488000,1.09688,1.0968,1000000,1000000
2021-09-03 12:30:05.591000,1.09688,1.09681,1200000,1000000
2021-09-03 12:30:05.663000,1.09688,1.09679,2020000,1500000
2021-09-03 12:30:05.714000,1.09688,1.09681,1500000,1000000
2021-09-03 12:30:05.765000,1.09691,1.0968,2120000,1690000
2021-09-03 12:30:06.018000,1.09691,1.0968,1250000,1500000
2021-09-03 12:30:06.068000,1.0969,1.0968,1120000,1000000
2021-09-03 12:30:06.119000,1.09696,1.09681,2000000,1000000
2021-09-03 12:30:06.220000,1.0969,1.0968,2060000,1000000
2021-09-03 12:30:06.321000,1.09684,1.09677,1250000,1500000
2021-09-03 12:30:06.372000,1.09688,1.09677,1000000,1000000
2021-09-03 12:30:06.523000,1.09684,1.09677,1750000,1000000
2021-09-03 12:30:06.625000,1.09682,1.09675,2060000,2120000
2021-09-03 12:30:06.779000,1.09689,1.09677,1750000,1000000
2021-09-03 12:30:06.931000,1.09679,1.09677,1250000,1000000
2021-09-03 12:30:06.982000,1.09683,1.09671,1560000,1000000
2021-09-03 12:30:07.033000,1.09674,1.09668,1250000,1000000
2021-09-03 12:30:07.084000,1.09678,1.09665,1000000,2190000
2021-09-03 12:30:07.134000,1.09676,1.09663,1120000,1750000
2021-09-03 12:30:07.185000,1.09675,1.09671,1000000,1000000
2021-09-03 12:30:07.286000,1.0968,1.09672,1120000,1000000
2021-09-03 12:30:07.438000,1.09682,1.09668,1000000,1200000
2021-09-03 12:30:07.489000,1.09662,1.09652,1250000,5810000
2021-09-03 12:30:07.590000,1.09659,1.09649,1120000,3380000
2021-09-03 12:30:07.641000,1.09658,1.09645,1120000,1000000
2021-09-03 12:30:07.692000,1.09651,1.09648,1250000,1500000
2021-09-03 12:30:07.793000,1.09664,1.09659,1250000,1000000
2021-09-03 12:30:07.844000,1.09682,1.09679,1810000,4870000
2021-09-03 12:30:07.895000,1.09687,1.09683,1000000,1000000
2021-09-03 12:30:08,1.09689,1.09684,1370000,1000000
2021-09-03 12:30:08.101000,1.09684,1.09676,1500000,1130000
2021-09-03 12:30:08.152000,1.09684,1.09677,1500000,1000000
2021-09-03 12:30:08.253000,1.09682,1.09669,1750000,2500000
2021-09-03 12:30:08.405000,1.09684,1.09669,2250000,2370000
2021-09-03 12:30:08.456000,1.09684,1.09669,1500000,1990000
2021-09-03 12:30:08.557000,1.09676,1.09665,3620000,1000000
2021-09-03 12:30:08.608000,1.09676,1.09667,3000000,1250000
2021-09-03 12:30:08.710000,1.09676,1.09663,2180000,2250000
2021-09-03 12:30:08.762000,1.09681,1.09663,3250000,1500000
2021-09-03 12:30:08.864000,1.09676,1.09665,1500000,3900000
2021-09-03 12:30:08.965000,1.09681,1.09666,3440000,2150000
2021-09-03 12:30:09.016000,1.09681,1.09673,3000000,1000000
2021-09-03 12:30:09.067000,1.09687,1.09673,3000000,1000000
2021-09-03 12:30:09.118000,1.09683,1.09668,1000000,3500000
2021-09-03 12:30:09.219000,1.09681,1.09671,3000000,1000000
2021-09-03 12:30:09.320000,1.09681,1.09665,1000000,3000000
2021-09-03 12:30:09.371000,1.09671,1.09665,1500000,3000000
2021-09-03 12:30:09.472000,1.09672,1.09661,1120000,1500000
2021-09-03 12:30:09.574000,1.09671,1.09666,1120000,3000000
2021-09-03 12:30:09.675000,1.09671,1.09658,1120000,1000000
2021-09-03 12:30:09.776000,1.09671,1.09657,1500000,6120000
2021-09-03 12:30:09.877000,1.09666,1.09657,1000000,1000000
2021-09-03 12:30:09.928000,1.09672,1.09656,1500000,1000000
2021-09-03 12:30:09.979000,1.09673,1.09656,1500000,1500000
2021-09-03 12:30:10.081000,1.09671,1.09657,1750000,2620000
2021-09-03 12:30:10.132000,1.09666,1.09656,1620000,1500000
2021-09-03 12:30:10.233000,1.09657,1.09645,1750000,1000000
2021-09-03 12:30:10.284000,1.09646,1.09641,1120000,1000000
2021-09-03 12:30:10.335000,1.09645,1.09641,1500000,1000000
2021-09-03 12:30:10.385000,1.09645,1.09636,1940000,1000000
2021-09-03 12:30:10.436000,1.09639,1.09636,1000000,1000000
2021-09-03 12:30:10.488000,1.09634,1.09629,1250000,1000000
2021-09-03 12:30:10.539000,1.09639,1.09629,1500000,1000000
2021-09-03 12:30:10.589000,1.09645,1.09637,2190000,1000000
2021-09-03 12:30:10.691000,1.09646,1.09633,4190000,1000000
2021-09-03 12:30:10.742000,1.09646,1.09637,2620000,1000000
2021-09-03 12:30:10.792000,1.09651,1.09636,2250000,3690000
2021-09-03 12:30:10.843000,1.09651,1.09643,1250000,1500000
2021-09-03 12:30:10.901000,1.09658,1.09648,1500000,1500000
2021-09-03 12:30:10.955000,1.09664,1.09658,1250000,3190000
2021-09-03 12:30:11.006000,1.09668,1.09659,2250000,1500000
2021-09-03 12:30:11.057000,1.09674,1.09672,1250000,1000000
2021-09-03 12:30:11.108000,1.09681,1.09675,1000000,1750000
2021-09-03 12:30:11.210000,1.09681,1.09675,1000000,1000000
2021-09-03 12:30:11.261000,1.09684,1.09675,2250000,1250000
2021-09-03 12:30:11.364000,1.09682,1.09673,1000000,1000000
2021-09-03 12:30:11.415000,1.09687,1.0967,1000000,2440000
2021-09-03 12:30:11.466000,1.09686,1.09683,1000000,1000000
2021-09-03 12:30:11.517000,1.09693,1.0968,1870000,2250000
2021-09-03 12:30:11.568000,1.09694,1.09683,1000000,1500000
2021-09-03 12:30:11.619000,1.09696,1.09682,1000000,3500000
2021-09-03 12:30:11.670000,1.09691,1.09682,1500000,3500000
2021-09-03 12:30:11.721000,1.09696,1.09679,1750000,1950000
2021-09-03 12:30:11.772000,1.09695,1.0968,1500000,1810000
2021-09-03 12:30:11.874000,1.09694,1.0968,1560000,1500000
2021-09-03 12:30:11.975000,1.09697,1.09681,3000000,2020000
2021-09-03 12:30:12.026000,1.09697,1.09686,3000000,1000000
2021-09-03 12:30:12.128000,1.09691,1.09675,1000000,1500000
2021-09-03 12:30:12.179000,1.09687,1.09676,1500000,1000000
2021-09-03 12:30:12.280000,1.09687,1.09674,1000000,1000000
2021-09-03 12:30:12.396000,1.09687,1.09682,1000000,1000000
2021-09-03 12:30:12.502000,1.09687,1.0968,1000000,3000000
2021-09-03 12:30:12.603000,1.09693,1.09677,1250000,4120000
2021-09-03 12:30:12.654000,1.09695,1.09681,2750000,1000000
2021-09-03 12:30:12.755000,1.09697,1.09684,1200000,1200000
2021-09-03 12:30:12.806000,1.09699,1.09683,1500000,2070000
2021-09-03 12:30:12.907000,1.097,1.09692,1120000,1000000
2021-09-03 12:30:13.008000,1.097,1.09693,1120000,1500000
2021-09-03 12:30:13.110000,1.09703,1.09687,2750000,1270000
2021-09-03 12:30:13.160000,1.09704,1.09689,2620000,1870000
2021-09-03 12:30:13.367000,1.09705,1.0969,3370000,2250000
2021-09-03 12:30:13.468000,1.09698,1.0969,1120000,3000000
2021-09-03 12:30:13.722000,1.09698,1.09689,3690000,3370000
2021-09-03 12:30:13.823000,1.09674,1.0967,1000000,1250000
2021-09-03 12:30:13.874000,1.09677,1.09673,1000000,1000000
2021-09-03 12:30:13.925000,1.09682,1.09678,1500000,1310000
2021-09-03 12:30:13.976000,1.09673,1.0967,1000000,1000000
2021-09-03 12:30:14.026000,1.09673,1.09668,1000000,5240000
2021-09-03 12:30:14.077000,1.09685,1.09668,1690000,3370000
2021-09-03 12:30:14.128000,1.09681,1.09671,1000000,1000000
2021-09-03 12:30:14.229000,1.09684,1.09674,1000000,2740000
2021-09-03 12:30:14.331000,1.09683,1.09681,1000000,1120000
2021-09-03 12:30:14.381000,1.09687,1.09674,1500000,2930000
2021-09-03 12:30:14.483000,1.09686,1.09674,1120000,2240000
2021-09-03 12:30:14.533000,1.09684,1.09671,2940000,3190000
2021-09-03 12:30:14.685000,1.09684,1.09672,1500000,1500000
2021-09-03 12:30:14.839000,1.09686,1.09671,2000000,5000000
2021-09-03 12:30:14.995000,1.09686,1.09674,1250000,1120000
2021-09-03 12:30:15.046000,1.09691,1.09687,1000000,3310000
2021-09-03 12:30:15.097000,1.097,1.09694,1000000,1000000
2021-09-03 12:30:15.148000,1.09703,1.09701,2250000,1000000
2021-09-03 12:30:15.198000,1.09702,1.09698,1500000,1000000
2021-09-03 12:30:15.300000,1.09704,1.09701,1000000,2250000
2021-09-03 12:30:15.351000,1.09704,1.09696,3370000,3000000
2021-09-03 12:30:15.401000,1.09709,1.09696,1000000,2750000
2021-09-03 12:30:15.503000,1.097,1.09692,1000000,1000000
2021-09-03 12:30:15.604000,1.09694,1.09682,1000000,3500000
2021-09-03 12:30:15.706000,1.09681,1.09677,1500000,6000000
2021-09-03 12:30:15.756000,1.09684,1.09678,3940000,1750000
2021-09-03 12:30:15.807000,1.09684,1.09672,1200000,1870000
2021-09-03 12:30:15.908000,1.09686,1.09683,2440000,1000000
2021-09-03 12:30:15.959000,1.09705,1.09693,3000000,1000000
2021-09-03 12:30:16.010000,1.09705,1.09694,3000000,1500000
2021-09-03 12:30:16.112000,1.09713,1.09703,1120000,4750000
2021-09-03 12:30:16.213000,1.0972,1.09712,4250000,1000000
2021-09-03 12:30:16.264000,1.09716,1.09712,1000000,1000000
2021-09-03 12:30:16.365000,1.09721,1.09714,1500000,1000000
2021-09-03 12:30:16.416000,1.09719,1.0971,1250000,1250000
2021-09-03 12:30:16.466000,1.09716,1.09709,1250000,1250000
2021-09-03 12:30:16.517000,1.09715,1.09709,1690000,1000000
2021-09-03 12:30:16.720000,1.0972,1.09715,3570000,1000000
2021-09-03 12:30:16.821000,1.0972,1.09713,1000000,1500000
2021-09-03 12:30:16.872000,1.09719,1.09717,1120000,1000000
2021-09-03 12:30:16.923000,1.09721,1.0971,1250000,2000000
2021-09-03 12:30:16.974000,1.0972,1.0971,1250000,1500000
2021-09-03 12:30:17.076000,1.09718,1.09709,1310000,1000000
2021-09-03 12:30:17.127000,1.09717,1.09706,1500000,1120000
2021-09-03 12:30:17.178000,1.09717,1.09708,1500000,1000000
2021-09-03 12:30:17.279000,1.09718,1.09714,1000000,1000000
2021-09-03 12:30:17.381000,1.0972,1.09712,1500000,1000000
2021-09-03 12:30:17.432000,1.0972,1.0971,1000000,1000000
2021-09-03 12:30:17.483000,1.09723,1.09709,2120000,1000000
2021-09-03 12:30:17.584000,1.09717,1.09707,1250000,2370000
2021-09-03 12:30:17.736000,1.09718,1.09708,1500000,1310000
2021-09-03 12:30:17.839000,1.09722,1.09718,1000000,1250000
2021-09-03 12:30:17.890000,1.09729,1.09723,1000000,1250000
2021-09-03 12:30:17.942000,1.0973,1.09727,1000000,1000000
2021-09-03 12:30:17.993000,1.09733,1.09723,2440000,4690000
2021-09-03 12:30:18.044000,1.09733,1.09723,1690000,1500000
2021-09-03 12:30:18.247000,1.09736,1.09725,1500000,2810000
2021-09-03 12:30:18.298000,1.09737,1.09728,1500000,1870000
2021-09-03 12:30:18.349000,1.09739,1.09731,1000000,1120000
2021-09-03 12:30:18.450000,1.09742,1.09736,2250000,1000000
2021-09-03 12:30:18.553000,1.09744,1.09741,1120000,1000000
2021-09-03 12:30:18.605000,1.09745,1.09739,1500000,1000000
2021-09-03 12:30:18.656000,1.09745,1.09737,1000000,1000000
2021-09-03 12:30:18.707000,1.09745,1.09734,1000000,4500000
2021-09-03 12:30:18.758000,1.09747,1.09734,1000000,1000000
2021-09-03 12:30:18.860000,1.09742,1.09734,1500000,1000000
2021-09-03 12:30:18.961000,1.09738,1.09729,1000000,1500000
2021-09-03 12:30:19.062000,1.09742,1.09735,1000000,1500000
2021-09-03 12:30:19.164000,1.09744,1.09735,1200000,1500000
2021-09-03 12:30:19.265000,1.09744,1.09735,1600000,1500000
2021-09-03 12:30:19.367000,1.09745,1.09737,1000000,1250000
2021-09-03 12:30:19.519000,1.09746,1.09741,1000000,1000000
2021-09-03 12:30:19.620000,1.09752,1.0975,1000000,1250000
2021-09-03 12:30:19.721000,1.09762,1.09752,3000000,1500000
2021-09-03 12:30:19.823000,1.09757,1.0975,3000000,1000000
2021-09-03 12:30:19.874000,1.09761,1.09753,1000000,1000000
2021-09-03 12:30:19.975000,1.09766,1.09755,2250000,1500000
2021-09-03 12:30:20.026000,1.09766,1.09755,1350000,1500000
2021-09-03 12:30:20.127000,1.09759,1.09749,1120000,2940000
2021-09-03 12:30:20.229000,1.09766,1.09754,4020000,1000000
2021-09-03 12:30:20.279000,1.09764,1.09754,1000000,1000000
2021-09-03 12:30:20.330000,1.09766,1.09755,3270000,1000000
2021-09-03 12:30:20.381000,1.09762,1.09754,1500000,1000000
2021-09-03 12:30:20.432000,1.0976,1.09752,2250000,1000000
2021-09-03 12:30:20.483000,1.0976,1.09752,2000000,1000000
2021-09-03 12:30:20.534000,1.09753,1.09746,1250000,2250000
2021-09-03 12:30:20.584000,1.09748,1.09746,1000000,1000000
2021-09-03 12:30:20.686000,1.09748,1.09742,2250000,1000000
2021-09-03 12:30:20.787000,1.09748,1.09744,3000000,1000000
2021-09-03 12:30:20.889000,1.09746,1.09743,1000000,1000000
2021-09-03 12:30:20.939000,1.09748,1.09743,1000000,1000000
2021-09-03 12:30:20.990000,1.09746,1.09739,1000000,1870000
2021-09-03 12:30:21.041000,1.09744,1.09737,1500000,1100000
2021-09-03 12:30:21.152000,1.09746,1.09735,2320000,1000000
2021-09-03 12:30:21.203000,1.09751,1.0974,1250000,1200000
2021-09-03 12:30:21.304000,1.09753,1.09742,1620000,1000000
2021-09-03 12:30:21.556000,1.09748,1.0974,1120000,1000000
2021-09-03 12:30:21.607000,1.09752,1.09748,1500000,1000000
2021-09-03 12:30:21.709000,1.0975,1.09747,1000000,1000000
2021-09-03 12:30:21.759000,1.09762,1.09757,3500000,1120000
2021-09-03 12:30:21.810000,1.09768,1.0976,1000000,1000000
2021-09-03 12:30:21.862000,1.09761,1.09755,2440000,1000000
2021-09-03 12:30:21.913000,1.09759,1.09752,1000000,1500000
2021-09-03 12:30:21.965000,1.09753,1.09749,1250000,1000000
2021-09-03 12:30:22.066000,1.09751,1.09747,1000000,1000000
2021-09-03 12:30:22.167000,1.09763,1.09756,3700000,1000000
2021-09-03 12:30:22.269000,1.09765,1.09759,1000000,1250000
2021-09-03 12:30:22.319000,1.09771,1.09762,3750000,1500000
2021-09-03 12:30:22.421000,1.09771,1.0976,3370000,1000000
2021-09-03 12:30:22.472000,1.09767,1.09761,1000000,1000000
2021-09-03 12:30:22.523000,1.0976,1.09756,1000000,1000000
2021-09-03 12:30:22.574000,1.09757,1.09751,3750000,4000000
2021-09-03 12:30:22.675000,1.09759,1.09751,1500000,3000000
2021-09-03 12:30:22.827000,1.09756,1.09751,3750000,1250000
2021-09-03 12:30:22.928000,1.09754,1.09751,2630000,1250000
2021-09-03 12:30:23.030000,1.09754,1.0975,1000000,1250000
2021-09-03 12:30:23.131000,1.09759,1.09751,1750000,1250000
2021-09-03 12:30:23.233000,1.09754,1.0975,1200000,1250000
2021-09-03 12:30:23.284000,1.09754,1.09747,1200000,1000000
2021-09-03 12:30:23.335000,1.09752,1.09745,1870000,1000000
2021-09-03 12:30:23.386000,1.09749,1.09742,1000000,1120000
2021-09-03 12:30:23.488000,1.09749,1.09739,1000000,1750000
2021-09-03 12:30:23.640000,1.09752,1.09742,3370000,1690000
2021-09-03 12:30:23.691000,1.09754,1.09743,1000000,1000000
2021-09-03 12:30:23.793000,1.09754,1.09744,1870000,1120000
2021-09-03 12:30:23.895000,1.09754,1.09745,1120000,1000000
2021-09-03 12:30:23.997000,1.09749,1.09742,1000000,1000000
2021-09-03 12:30:24.048000,1.09749,1.09739,1620000,2370000
2021-09-03 12:30:24.149000,1.09749,1.09739,2190000,2620000
2021-09-03 12:30:24.251000,1.09747,1.09739,1000000,1500000
2021-09-03 12:30:24.352000,1.09747,1.0974,1000000,1500000
2021-09-03 12:30:24.504000,1.09748,1.0974,2250000,1500000
2021-09-03 12:30:24.858000,1.09742,1.0974,1000000,1000000
2021-09-03 12:30:25.011000,1.09742,1.09738,2620000,1000000
2021-09-03 12:30:25.061000,1.09742,1.09739,2620000,1000000
2021-09-03 12:30:25.112000,1.09744,1.0974,1000000,1000000
2021-09-03 12:30:25.214000,1.09746,1.09737,1870000,1000000
2021-09-03 12:30:25.316000,1.09746,1.09742,2000000,1500000
2021-09-03 12:30:25.418000,1.09746,1.09742,2250000,1000000
2021-09-03 12:30:25.468000,1.09749,1.09742,1500000,1000000
2021-09-03 12:30:25.570000,1.09749,1.09744,1000000,1750000
2021-09-03 12:30:25.621000,1.09751,1.09743,1450000,1000000
2021-09-03 12:30:25.723000,1.09754,1.09746,1270000,1000000
2021-09-03 12:30:25.875000,1.09754,1.09744,1270000,1870000
2021-09-03 12:30:25.926000,1.09754,1.0975,1120000,1000000
2021-09-03 12:30:26.028000,1.09757,1.09749,1500000,1000000
2021-09-03 12:30:26.079000,1.09753,1.09747,1120000,1250000
2021-09-03 12:30:26.130000,1.09746,1.09742,1000000,1870000
2021-09-03 12:30:26.232000,1.09745,1.09739,1000000,1000000
2021-09-03 12:30:26.283000,1.0975,1.09743,1000000,1000000
2021-09-03 12:30:26.334000,1.09738,1.09734,1310000,1250000
2021-09-03 12:30:26.385000,1.09743,1.0974,1500000,1000000
2021-09-03 12:30:26.436000,1.09742,1.09736,1000000,1000000
2021-09-03 12:30:26.537000,1.09738,1.09733,1700000,1500000
2021-09-03 12:30:26.639000,1.09741,1.09731,2250000,1500000
2021-09-03 12:30:26.690000,1.09741,1.09731,2250000,3000000
2021-09-03 12:30:26.792000,1.0974,1.0973,1000000,3000000
2021-09-03 12:30:26.843000,1.09746,1.09737,5000000,1000000
2021-09-03 12:30:26.945000,1.09746,1.09737,1000000,1000000
2021-09-03 12:30:27.097000,1.09747,1.09738,1000000,1000000
2021-09-03 12:30:27.198000,1.09747,1.09739,1000000,1000000
2021-09-03 12:30:27.300000,1.09746,1.09737,1500000,2250000
2021-09-03 12:30:27.402000,1.09749,1.09743,1200000,1120000
2021-09-03 12:30:27.454000,1.09753,1.09746,2000000,2620000
2021-09-03 12:30:27.556000,1.09752,1.09747,1000000,1000000
2021-09-03 12:30:27.608000,1.09746,1.0974,1000000,7310000
2021-09-03 12:30:27.710000,1.09741,1.09736,1000000,1000000
2021-09-03 12:30:27.762000,1.09741,1.09733,1000000,3000000
2021-09-03 12:30:27.864000,1.09735,1.09733,1250000,1250000
2021-09-03 12:30:27.914000,1.09734,1.09728,1000000,1620000
2021-09-03 12:30:28.016000,1.09734,1.09728,1000000,1500000
2021-09-03 12:30:28.067000,1.0973,1.09724,1000000,2620000
2021-09-03 12:30:28.117000,1.0973,1.09728,1000000,1000000
2021-09-03 12:30:28.168000,1.09728,1.09723,1000000,1000000
2021-09-03 12:30:28.219000,1.09727,1.0972,1950000,1000000
2021-09-03 12:30:28.270000,1.09719,1.09716,1120000,1120000
2021-09-03 12:30:28.371000,1.0972,1.09713,2620000,1120000
2021-09-03 12:30:28.472000,1.09718,1.09711,1000000,2970000
2021-09-03 12:30:28.574000,1.09717,1.09708,1500000,1620000
2021-09-03 12:30:28.675000,1.09718,1.09706,1270000,1620000
2021-09-03 12:30:28.879000,1.09718,1.0971,1000000,1000000
2021-09-03 12:30:28.980000,1.09718,1.09713,1000000,1000000
2021-09-03 12:30:29.081000,1.09718,1.0971,1000000,4250000
2021-09-03 12:30:29.182000,1.09718,1.09708,1500000,5470000
2021-09-03 12:30:29.233000,1.09719,1.09708,1500000,1000000
2021-09-03 12:30:29.335000,1.09718,1.0971,1500000,1200000
2021-09-03 12:30:29.386000,1.09718,1.09708,3000000,4250000
2021-09-03 12:30:29.489000,1.09703,1.09701,1000000,1000000
2021-09-03 12:30:29.540000,1.09681,1.09677,1250000,1250000
2021-09-03 12:30:29.590000,1.09675,1.09672,1000000,1250000
2021-09-03 12:30:29.641000,1.0969,1.09686,3370000,1000000
2021-09-03 12:30:29.692000,1.09697,1.09694,1200000,1000000
2021-09-03 12:30:29.743000,1.09699,1.09693,1120000,1000000
2021-09-03 12:30:29.794000,1.09699,1.09697,1000000,1000000
2021-09-03 12:30:29.844000,1.09707,1.09694,1850000,1250000
2021-09-03 12:30:29.946000,1.09703,1.09697,1000000,1000000
2021-09-03 12:30:30.047000,1.09706,1.09695,2640000,1000000
2021-09-03 12:30:30.098000,1.09699,1.09696,1000000,1000000
2021-09-03 12:30:30.148000,1.097,1.09694,1200000,1000000
2021-09-03 12:30:30.199000,1.09702,1.09694,1690000,1250000
2021-09-03 12:30:30.250000,1.09705,1.09691,1310000,2000000
2021-09-03 12:30:30.352000,1.09704,1.09692,1620000,2630000
2021-09-03 12:30:30.454000,1.09704,1.09696,1000000,1100000
2021-09-03 12:30:30.505000,1.09703,1.09696,1000000,1100000
2021-09-03 12:30:30.607000,1.09701,1.09695,1500000,1250000
2021-09-03 12:30:30.658000,1.097,1.09693,1120000,1250000
2021-09-03 12:30:30.760000,1.09698,1.09689,2310000,3190000
2021-09-03 12:30:30.862000,1.09694,1.09686,1760000,3560000
2021-09-03 12:30:30.913000,1.09692,1.09686,1000000,3560000
2021-09-03 12:30:30.964000,1.09691,1.09682,1000000,2000000
2021-09-03 12:30:31.015000,1.09693,1.09685,1000000,3370000
2021-09-03 12:30:31.116000,1.09693,1.09684,2810000,2190000
2021-09-03 12:30:31.218000,1.09693,1.09684,1850000,1250000
2021-09-03 12:30:31.320000,1.09694,1.09691,3750000,1500000
2021-09-03 12:30:31.371000,1.09698,1.09692,3570000,3190000
2021-09-03 12:30:31.421000,1.09698,1.09695,1120000,1000000
2021-09-03 12:30:31.472000,1.09705,1.09694,1200000,2250000
2021-09-03 12:30:31.523000,1.09699,1.09695,1120000,1500000
2021-09-03 12:30:31.574000,1.09704,1.097,1000000,1000000
2021-09-03 12:30:31.625000,1.09705,1.09702,1000000,1690000
2021-09-03 12:30:31.676000,1.09709,1.097,1100000,2120000
2021-09-03 12:30:31.777000,1.09709,1.09701,1250000,1000000
2021-09-03 12:30:31.895000,1.09708,1.09704,1250000,1600000
2021-09-03 12:30:31.997000,1.09705,1.09702,1000000,1000000
2021-09-03 12:30:32.049000,1.09705,1.097,1000000,3370000
2021-09-03 12:30:32.100000,1.09706,1.09702,1500000,1000000
2021-09-03 12:30:32.201000,1.09708,1.09701,1500000,2250000
2021-09-03 12:30:32.252000,1.09707,1.09702,1000000,1000000
2021-09-03 12:30:32.404000,1.09706,1.097,2320000,1500000
2021-09-03 12:30:32.505000,1.09706,1.09701,1200000,1500000
2021-09-03 12:30:32.657000,1.09705,1.09701,1000000,1500000
2021-09-03 12:30:32.758000,1.09706,1.09701,1000000,1000000
2021-09-03 12:30:32.859000,1.09707,1.09704,1250000,1500000
2021-09-03 12:30:32.910000,1.09707,1.09701,1250000,1000000
2021-09-03 12:30:32.961000,1.09708,1.09705,2310000,2700000
2021-09-03 12:30:33.113000,1.09707,1.09701,1390000,1000000
2021-09-03 12:30:33.214000,1.09708,1.097,2480000,2250000
2021-09-03 12:30:33.417000,1.09706,1.09704,1000000,2700000
2021-09-03 12:30:33.468000,1.09707,1.097,1500000,3000000
2021-09-03 12:30:33.570000,1.09706,1.097,1570000,2250000
2021-09-03 12:30:33.672000,1.09705,1.097,1000000,2250000
2021-09-03 12:30:33.773000,1.09683,1.09672,1850000,1000000
2021-09-03 12:30:33.823000,1.09678,1.09676,1250000,1000000
2021-09-03 12:30:33.874000,1.0967,1.09667,1250000,1000000
2021-09-03 12:30:33.925000,1.09666,1.09657,2200000,4250000
2021-09-03 12:30:33.976000,1.09665,1.0966,2100000,1000000
2021-09-03 12:30:34.077000,1.09665,1.09659,1390000,2620000
2021-09-03 12:30:34.178000,1.09664,1.09659,1000000,3120000
2021-09-03 12:30:34.280000,1.09663,1.09658,1000000,1500000
2021-09-03 12:30:34.381000,1.09666,1.09658,1690000,1500000
2021-09-03 12:30:34.483000,1.09663,1.09658,1570000,3500000
2021-09-03 12:30:34.534000,1.0966,1.09654,1120000,1000000
2021-09-03 12:30:34.585000,1.09661,1.09655,1310000,1000000
2021-09-03 12:30:34.686000,1.09661,1.09654,1250000,1500000
2021-09-03 12:30:34.788000,1.09661,1.09658,1000000,1120000
2021-09-03 12:30:34.939000,1.09668,1.09659,1720000,1500000
2021-09-03 12:30:35.091000,1.09667,1.09661,1100000,1500000
2021-09-03 12:30:35.193000,1.0967,1.09661,2250000,1500000
2021-09-03 12:30:35.295000,1.09671,1.09663,4250000,6270000
2021-09-03 12:30:35.346000,1.09671,1.09667,1000000,1500000
2021-09-03 12:30:35.447000,1.0967,1.09663,1000000,2250000
2021-09-03 12:30:35.498000,1.09671,1.09665,2250000,1100000
2021-09-03 12:30:35.549000,1.09669,1.09665,1000000,1200000
2021-09-03 12:30:35.650000,1.09665,1.09663,3000000,1270000
2021-09-03 12:30:35.752000,1.09667,1.0966,2870000,1310000
2021-09-03 12:30:35.853000,1.09667,1.09665,1690000,2810000
2021-09-03 12:30:35.904000,1.09668,1.0966,3190000,5890000
2021-09-03 12:30:35.954000,1.09666,1.0966,2440000,3000000
2021-09-03 12:30:36.005000,1.09659,1.09649,1000000,3320000
2021-09-03 12:30:36.107000,1.09656,1.09651,1120000,1500000
2021-09-03 12:30:36.157000,1.09652,1.09647,1500000,1100000
2021-09-03 12:30:36.208000,1.09654,1.09647,1500000,1750000
2021-09-03 12:30:36.259000,1.09648,1.09645,1000000,1000000
2021-09-03 12:30:36.361000,1.0965,1.09643,1000000,1720000
2021-09-03 12:30:36.412000,1.09652,1.09643,1120000,1120000
2021-09-03 12:30:36.514000,1.09656,1.09647,1230000,3000000
2021-09-03 12:30:36.666000,1.09655,1.09647,1480000,2200000
2021-09-03 12:30:36.767000,1.09654,1.09652,1000000,1000000
2021-09-03 12:30:36.819000,1.09656,1.09647,3000000,1900000
2021-09-03 12:30:36.921000,1.09657,1.09647,1000000,1700000
2021-09-03 12:30:37.022000,1.09657,1.09649,1000000,1270000
2021-09-03 12:30:37.123000,1.09649,1.09647,1000000,1200000
2021-09-03 12:30:37.175000,1.09649,1.09641,1810000,1000000
2021-09-03 12:30:37.226000,1.09647,1.09638,1000000,2020000
2021-09-03 12:30:37.327000,1.09652,1.09643,4270000,2000000
2021-09-03 12:30:37.479000,1.09652,1.09644,1500000,2130000
2021-09-03 12:30:37.581000,1.09651,1.09643,1000000,1500000
2021-09-03 12:30:37.683000,1.09652,1.09643,1000000,1000000
2021-09-03 12:30:37.784000,1.0965,1.09643,1000000,1120000
2021-09-03 12:30:37.886000,1.0965,1.09643,1000000,1500000
2021-09-03 12:30:37.987000,1.09651,1.09643,1000000,2750000
2021-09-03 12:30:38.089000,1.09652,1.09649,1000000,1000000
2021-09-03 12:30:38.191000,1.09652,1.09643,1000000,3120000
2021-09-03 12:30:38.241000,1.09654,1.09648,4690000,1000000
2021-09-03 12:30:38.343000,1.09658,1.09654,1500000,1000000
2021-09-03 12:30:38.395000,1.09654,1.09649,1500000,2000000
2021-09-03 12:30:38.447000,1.09655,1.09649,1000000,1500000
2021-09-03 12:30:38.498000,1.09658,1.09649,1120000,1000000
2021-09-03 12:30:38.600000,1.09658,1.09649,1000000,1000000
2021-09-03 12:30:38.701000,1.09657,1.09648,1870000,1500000
2021-09-03 12:30:38.904000,1.09656,1.09649,1000000,1000000
2021-09-03 12:30:39.020000,1.09652,1.0965,1000000,1000000
2021-09-03 12:30:39.071000,1.09641,1.09639,1250000,1000000
2021-09-03 12:30:39.122000,1.09646,1.0964,4870000,1000000
2021-09-03 12:30:39.223000,1.09648,1.09644,1320000,1000000
2021-09-03 12:30:39.325000,1.09648,1.09646,1120000,1000000
2021-09-03 12:30:39.426000,1.0965,1.09645,1500000,1000000
2021-09-03 12:30:39.477000,1.09651,1.09645,4440000,1000000
2021-09-03 12:30:39.630000,1.09649,1.09645,1120000,1000000
2021-09-03 12:30:39.783000,1.09651,1.09645,5000000,1000000
2021-09-03 12:30:39.985000,1.09649,1.09645,1500000,1000000
2021-09-03 12:30:40.036000,1.09647,1.09645,1000000,1000000
2021-09-03 12:30:40.087000,1.09649,1.09645,1000000,1000000
2021-09-03 12:30:40.188000,1.09652,1.09644,1000000,1100000
2021-09-03 12:30:40.290000,1.09656,1.09652,1500000,1000000
2021-09-03 12:30:40.391000,1.09658,1.09653,1500000,2250000
2021-09-03 12:30:40.544000,1.09663,1.09658,3370000,1000000
2021-09-03 12:30:40.594000,1.09663,1.09657,3370000,1000000
2021-09-03 12:30:40.696000,1.09662,1.09657,1000000,1000000
2021-09-03 12:30:40.747000,1.09662,1.09659,1000000,1000000
2021-09-03 12:30:40.848000,1.09662,1.0966,1500000,1500000
2021-09-03 12:30:40.949000,1.09662,1.09659,1500000,1000000
2021-09-03 12:30:41,1.09662,1.09657,1500000,1000000
2021-09-03 12:30:41.152000,1.09662,1.09656,1000000,1000000
2021-09-03 12:30:41.254000,1.09664,1.0966,3750000,1500000
2021-09-03 12:30:41.356000,1.09667,1.09661,1500000,1250000
2021-09-03 12:30:41.457000,1.09668,1.0966,1000000,1500000
2021-09-03 12:30:41.559000,1.09669,1.09661,2000000,2700000
2021-09-03 12:30:41.712000,1.09666,1.09659,1250000,1200000
2021-09-03 12:30:41.813000,1.09667,1.09661,4120000,1000000
2021-09-03 12:30:41.915000,1.09667,1.09665,1870000,1000000
2021-09-03 12:30:42.067000,1.09667,1.09663,2000000,1000000
2021-09-03 12:30:42.168000,1.09667,1.09663,2000000,1000000
2021-09-03 12:30:42.270000,1.09669,1.09663,1500000,1500000
2021-09-03 12:30:42.372000,1.0967,1.09662,2820000,1000000
2021-09-03 12:30:42.423000,1.09668,1.0966,2250000,1500000
2021-09-03 12:30:42.474000,1.09668,1.09661,1620000,1250000
2021-09-03 12:30:42.575000,1.09669,1.09666,1000000,1120000
2021-09-03 12:30:42.626000,1.0967,1.09663,2750000,1250000
2021-09-03 12:30:42.728000,1.09669,1.09664,1000000,1000000
2021-09-03 12:30:42.830000,1.09671,1.09663,1500000,2440000
2021-09-03 12:30:42.932000,1.0967,1.09663,2000000,1250000
2021-09-03 12:30:43.085000,1.0967,1.09667,2370000,1120000
2021-09-03 12:30:43.136000,1.0967,1.09663,2250000,1790000
2021-09-03 12:30:43.187000,1.0967,1.09666,2250000,1000000
2021-09-03 12:30:43.238000,1.09671,1.09662,2250000,1250000
2021-09-03 12:30:43.340000,1.0967,1.09661,1000000,4370000
2021-09-03 12:30:43.493000,1.09664,1.0966,1250000,2250000
2021-09-03 12:30:43.544000,1.09662,1.09659,1000000,1000000
2021-09-03 12:30:43.595000,1.09662,1.09658,1500000,1000000
2021-09-03 12:30:43.697000,1.0966,1.09657,1120000,1250000
2021-09-03 12:30:43.800000,1.09662,1.09657,3120000,1250000
2021-09-03 12:30:43.902000,1.09662,1.09657,2190000,1250000
2021-09-03 12:30:44.209000,1.09663,1.09656,3120000,1000000
2021-09-03 12:30:44.311000,1.09662,1.09655,3500000,2870000
2021-09-03 12:30:44.362000,1.09661,1.09653,3000000,1000000
2021-09-03 12:30:44.412000,1.09658,1.09654,1000000,1000000
2021-09-03 12:30:44.565000,1.09659,1.09654,1120000,1200000
2021-09-03 12:30:44.666000,1.0966,1.09656,1500000,1100000
2021-09-03 12:30:44.769000,1.0966,1.09655,1500000,1350000
2021-09-03 12:30:44.933000,1.09661,1.09655,1120000,1100000
2021-09-03 12:30:45.187000,1.09661,1.09654,3760000,2250000
2021-09-03 12:30:45.289000,1.0966,1.09657,1000000,2000000
2021-09-03 12:30:45.390000,1.09662,1.09657,1220000,1750000
2021-09-03 12:30:45.492000,1.09662,1.09655,2910000,3870000
2021-09-03 12:30:45.594000,1.0966,1.09655,1120000,1750000
2021-09-03 12:30:45.696000,1.0966,1.09656,1870000,1100000
2021-09-03 12:30:45.797000,1.0966,1.09655,1870000,1910000
2021-09-03 12:30:46.406000,1.09662,1.09658,1950000,2870000
2021-09-03 12:30:46.508000,1.09663,1.09656,1200000,2000000
2021-09-03 12:30:46.609000,1.0966,1.09655,1100000,2750000
2021-09-03 12:30:46.660000,1.09658,1.09654,1000000,1500000
2021-09-03 12:30:46.762000,1.09659,1.09655,1200000,1000000
2021-09-03 12:30:46.863000,1.09659,1.09655,1100000,1120000
2021-09-03 12:30:46.914000,1.09654,1.09648,1600000,1120000
2021-09-03 12:30:47.016000,1.09652,1.09648,1220000,1120000
2021-09-03 12:30:47.067000,1.09653,1.09649,1000000,1120000
2021-09-03 12:30:47.168000,1.09651,1.09645,1100000,1620000
2021-09-03 12:30:47.270000,1.09652,1.09649,1000000,1000000
2021-09-03 12:30:47.371000,1.09653,1.09647,1600000,1000000
2021-09-03 12:30:47.879000,1.09654,1.09647,3850000,1000000
2021-09-03 12:30:47.981000,1.09654,1.09647,2400000,1000000
2021-09-03 12:30:48.082000,1.09655,1.09648,2550000,1000000
2021-09-03 12:30:48.184000,1.09655,1.09648,1000000,1000000
2021-09-03 12:30:48.285000,1.09655,1.09648,1220000,1000000
2021-09-03 12:30:48.387000,1.09657,1.09649,2100000,1000000
2021-09-03 12:30:48.488000,1.0965,1.09647,1000000,1000000
2021-09-03 12:30:48.539000,1.09652,1.09647,1500000,1000000
2021-09-03 12:30:48.641000,1.09652,1.09646,4050000,1000000
2021-09-03 12:30:48.743000,1.09651,1.09643,2550000,1120000
2021-09-03 12:30:48.844000,1.0965,1.09644,1200000,1200000
2021-09-03 12:30:48.997000,1.09645,1.09641,1370000,2000000
2021-09-03 12:30:49.098000,1.09647,1.09641,1000000,1500000
2021-09-03 12:30:49.200000,1.09648,1.09642,3000000,1200000
2021-09-03 12:30:49.302000,1.09649,1.09642,2250000,2700000
2021-09-03 12:30:49.353000,1.0965,1.09644,1000000,1200000
2021-09-03 12:30:49.482000,1.0965,1.09642,1000000,1870000
2021-09-03 12:30:49.583000,1.09653,1.09644,1120000,1000000
2021-09-03 12:30:49.685000,1.09655,1.09647,4200000,1000000
2021-09-03 12:30:49.787000,1.09655,1.09648,2250000,1000000
2021-09-03 12:30:49.992000,1.09656,1.0965,1000000,1500000
2021-09-03 12:30:50.094000,1.09659,1.09652,1600000,1000000
2021-09-03 12:30:50.195000,1.09659,1.09653,1200000,1200000
2021-09-03 12:30:50.297000,1.09657,1.09651,1000000,1000000
2021-09-03 12:30:50.399000,1.09657,1.09653,1000000,1200000
2021-09-03 12:30:50.552000,1.09657,1.09652,1000000,1200000
2021-09-03 12:30:50.654000,1.09656,1.09652,1000000,1200000
2021-09-03 12:30:50.705000,1.09659,1.09651,1000000,1950000
2021-09-03 12:30:50.807000,1.09659,1.09654,1200000,1000000
2021-09-03 12:30:50.909000,1.09659,1.09656,1000000,1200000
2021-09-03 12:30:50.960000,1.09659,1.09653,1690000,1950000
2021-09-03 12:30:51.062000,1.09661,1.09652,1250000,1950000
2021-09-03 12:30:51.163000,1.09661,1.09654,3250000,2700000
2021-09-03 12:30:51.265000,1.09661,1.09655,1500000,1000000
2021-09-03 12:30:51.366000,1.09662,1.09657,2060000,1690000
2021-09-03 12:30:51.468000,1.09664,1.09661,1970000,1000000
2021-09-03 12:30:51.520000,1.09664,1.09659,1970000,1200000
2021-09-03 12:30:51.621000,1.09664,1.09657,2040000,3450000
2021-09-03 12:30:51.673000,1.09666,1.09659,1200000,1500000
2021-09-03 12:30:51.774000,1.09667,1.0966,1350000,1500000
2021-09-03 12:30:51.876000,1.09666,1.09661,1100000,1000000
2021-09-03 12:30:51.982000,1.09669,1.09663,3100000,1000000
2021-09-03 12:30:52.084000,1.09667,1.09661,1370000,1000000
2021-09-03 12:30:52.136000,1.09668,1.09663,1250000,1000000
2021-09-03 12:30:52.238000,1.0967,1.09665,3390000,1250000
2021-09-03 12:30:52.290000,1.0967,1.09666,1000000,1250000
2021-09-03 12:30:52.392000,1.0967,1.09665,1500000,1000000
2021-09-03 12:30:52.595000,1.09669,1.09662,1000000,4900000
2021-09-03 12:30:52.747000,1.0967,1.09664,1000000,3140000
2021-09-03 12:30:52.900000,1.0967,1.09663,1120000,1950000
2021-09-03 12:30:53.052000,1.09669,1.09662,2250000,1870000
2021-09-03 12:30:53.153000,1.09669,1.09661,1000000,1120000
2021-09-03 12:30:53.305000,1.09667,1.09661,1000000,1620000
2021-09-03 12:30:53.609000,1.09667,1.09663,1000000,1200000
2021-09-03 12:30:53.661000,1.09669,1.09663,2250000,1200000
2021-09-03 12:30:53.764000,1.0967,1.09663,1000000,1390000
2021-09-03 12:30:53.866000,1.0967,1.09664,1950000,1200000
2021-09-03 12:30:53.972000,1.0967,1.09665,1950000,1200000
2021-09-03 12:30:54.125000,1.09669,1.09665,1500000,1200000
2021-09-03 12:30:54.226000,1.0967,1.09663,3220000,1010000
2021-09-03 12:30:54.328000,1.09669,1.09662,1250000,4140000
2021-09-03 12:30:54.430000,1.0967,1.09663,2360000,1870000
2021-09-03 12:30:54.481000,1.09668,1.09664,2500000,1250000
2021-09-03 12:30:54.583000,1.09666,1.09661,1000000,2910000
2021-09-03 12:30:54.686000,1.09668,1.09663,1250000,1000000
2021-09-03 12:30:54.990000,1.09672,1.09662,1500000,3660000
2021-09-03 12:30:55.092000,1.09671,1.09663,2320000,1570000
2021-09-03 12:30:55.143000,1.09669,1.09663,1000000,2320000
2021-09-03 12:30:55.244000,1.0967,1.09663,1000000,2320000
2021-09-03 12:30:55.345000,1.09671,1.09663,2320000,4070000
2021-09-03 12:30:55.447000,1.09671,1.09663,1950000,3470000
2021-09-03 12:30:55.599000,1.09671,1.09664,1690000,1250000
2021-09-03 12:30:55.700000,1.09671,1.09665,1690000,1200000
2021-09-03 12:30:55.852000,1.09673,1.09665,2250000,1000000
2021-09-03 12:30:55.953000,1.09671,1.09665,1000000,1250000
2021-09-03 12:30:56.054000,1.09671,1.09664,1120000,2020000
2021-09-03 12:30:56.206000,1.09669,1.09663,1690000,3640000
2021-09-03 12:30:56.308000,1.09666,1.09662,1000000,1000000
2021-09-03 12:30:56.409000,1.09666,1.09663,1000000,1000000
2021-09-03 12:30:56.510000,1.09667,1.09663,1000000,1870000
2021-09-03 12:30:56.612000,1.0967,1.09665,1120000,2500000
2021-09-03 12:30:56.713000,1.09671,1.09666,1100000,1510000
2021-09-03 12:30:56.916000,1.09672,1.09665,1100000,2190000
2021-09-03 12:30:57.068000,1.09672,1.09666,2470000,2190000
2021-09-03 12:30:57.169000,1.09673,1.09668,1100000,2320000
2021-09-03 12:30:57.271000,1.09676,1.09668,5050000,6040000
2021-09-03 12:30:57.322000,1.09677,1.0967,1500000,1000000
2021-09-03 12:30:57.423000,1.09675,1.09671,1000000,1000000
2021-09-03 12:30:57.525000,1.09677,1.09673,2550000,1000000
2021-09-03 12:30:57.576000,1.09678,1.09673,4500000,1000000
2021-09-03 12:30:57.626000,1.09678,1.09673,3220000,1000000
2021-09-03 12:30:57.677000,1.09678,1.09673,2620000,1200000
2021-09-03 12:30:57.830000,1.09678,1.09673,1220000,1500000
2021-09-03 12:30:57.983000,1.09678,1.09673,1000000,2850000
2021-09-03 12:30:58.085000,1.09675,1.09673,1570000,1150000
2021-09-03 12:30:58.136000,1.09675,1.09671,1500000,1250000
2021-09-03 12:30:58.187000,1.09676,1.09671,2470000,1250000
2021-09-03 12:30:58.238000,1.09677,1.09672,1000000,2100000
2021-09-03 12:30:58.289000,1.09677,1.09672,1600000,1500000
2021-09-03 12:30:58.340000,1.09678,1.09672,2250000,1970000
2021-09-03 12:30:58.441000,1.0968,1.09674,2620000,1100000
2021-09-03 12:30:58.492000,1.09678,1.09674,1600000,1000000
2021-09-03 12:30:58.543000,1.0968,1.09675,1120000,1200000
2021-09-03 12:30:58.644000,1.09679,1.09673,1000000,6040000
2021-09-03 12:30:58.695000,1.09679,1.09673,1720000,4500000
2021-09-03 12:30:58.746000,1.0968,1.09673,1000000,4220000
2021-09-03 12:30:58.847000,1.0968,1.09673,2100000,3560000
2021-09-03 12:30:58.898000,1.0968,1.09673,2250000,3100000
2021-09-03 12:30:59.019000,1.09679,1.09673,1600000,2620000
2021-09-03 12:30:59.120000,1.09675,1.09671,1000000,1950000
2021-09-03 12:30:59.272000,1.09677,1.0967,1720000,1000000
2021-09-03 12:30:59.373000,1.09675,1.0967,1000000,1120000
2021-09-03 12:30:59.576000,1.09675,1.09669,1220000,1500000
2021-09-03 12:30:59.677000,1.09675,1.09669,1500000,1000000
2021-09-03 12:30:59.829000,1.09675,1.09668,2250000,1950000
2021-09-03 12:30:59.949000,1.09675,1.09669,2100000,1000000
2021-09-03 12:31:00.050000,1.0968,1.09675,3450000,1000000
2021-09-03 12:31:00.151000,1.09676,1.09672,2700000,1000000
2021-09-03 12:31:00.202000,1.09678,1.09671,1500000,1600000
2021-09-03 12:31:00.303000,1.09678,1.09671,1570000,1000000
2021-09-03 12:31:00.354000,1.09679,1.09669,1000000,2470000
2021-09-03 12:31:00.456000,1.09679,1.09673,1000000,3040000
2021-09-03 12:31:00.557000,1.09679,1.09673,1000000,2700000
2021-09-03 12:31:00.709000,1.09676,1.09673,1650000,1000000
2021-09-03 12:31:00.811000,1.09674,1.09672,1000000,1000000
2021-09-03 12:31:00.862000,1.09674,1.0967,1000000,1000000
2021-09-03 12:31:00.964000,1.09673,1.09667,1000000,4050000
2021-09-03 12:31:01.066000,1.09671,1.09669,1120000,1000000
2021-09-03 12:31:01.117000,1.09674,1.09668,3000000,1000000
2021-09-03 12:31:01.372000,1.09676,1.09669,5470000,1870000
2021-09-03 12:31:01.473000,1.09674,1.09669,1000000,1200000
2021-09-03 12:31:01.727000,1.09676,1.09669,1500000,2390000
2021-09-03 12:31:01.829000,1.09674,1.09669,1500000,1570000
2021-09-03 12:31:01.931000,1.09669,1.09664,1500000,3000000
2021-09-03 12:31:02.034000,1.09668,1.09663,1500000,1000000
2021-09-03 12:31:02.136000,1.09664,1.09661,3370000,1000000
2021-09-03 12:31:02.237000,1.09664,1.09658,3750000,1220000
2021-09-03 12:31:02.339000,1.09665,1.09658,1000000,3040000
2021-09-03 12:31:02.440000,1.09665,1.09658,1250000,3040000
2021-09-03 12:31:02.542000,1.09665,1.0966,1000000,1200000
2021-09-03 12:31:02.643000,1.09668,1.09662,1200000,1250000
2021-09-03 12:31:02.896000,1.09669,1.09662,3070000,2140000
2021-09-03 12:31:02.997000,1.09669,1.09663,2810000,1000000
2021-09-03 12:31:03.149000,1.09669,1.09662,3750000,2210000
2021-09-03 12:31:03.251000,1.0967,1.09664,2320000,1250000
2021-09-03 12:31:03.453000,1.09671,1.09665,2250000,1000000
2021-09-03 12:31:03.757000,1.09671,1.09664,2250000,2140000
2021-09-03 12:31:03.960000,1.0967,1.09664,1000000,2140000
2021-09-03 12:31:04.111000,1.09668,1.09664,1000000,1000000
2021-09-03 12:31:04.213000,1.09664,1.0966,1870000,1500000
2021-09-03 12:31:04.315000,1.09664,1.09661,1110000,1390000
2021-09-03 12:31:04.366000,1.09667,1.09661,1000000,2530000
2021-09-03 12:31:04.467000,1.09667,1.09661,1100000,2140000
2021-09-03 12:31:04.720000,1.09668,1.09662,3550000,1500000
2021-09-03 12:31:04.822000,1.09668,1.09662,3000000,1500000
2021-09-03 12:31:04.974000,1.09663,1.09659,1500000,1200000
2021-09-03 12:31:05.076000,1.09662,1.09656,1500000,2100000
2021-09-03 12:31:05.127000,1.0966,1.09654,1500000,1600000
2021-09-03 12:31:05.229000,1.09655,1.09651,1000000,1200000
2021-09-03 12:31:05.330000,1.09655,1.09651,1000000,1100000
2021-09-03 12:31:05.432000,1.09656,1.09651,1000000,1570000
2021-09-03 12:31:05.787000,1.09656,1.09651,1000000,1600000
2021-09-03 12:31:05.838000,1.09659,1.09651,4120000,3290000
2021-09-03 12:31:05.889000,1.09659,1.09652,4120000,1850000
2021-09-03 12:31:05.940000,1.09659,1.09651,2620000,4490000
2021-09-03 12:31:06.041000,1.09654,1.09651,1000000,3300000
2021-09-03 12:31:06.092000,1.09656,1.09651,1000000,1200000
2021-09-03 12:31:06.245000,1.09656,1.0965,1000000,1200000
2021-09-03 12:31:06.346000,1.09656,1.0965,1120000,1600000
2021-09-03 12:31:06.448000,1.09656,1.0965,1120000,1000000
2021-09-03 12:31:06.500000,1.09656,1.0965,1120000,1600000
2021-09-03 12:31:06.601000,1.09655,1.0965,1000000,1000000
2021-09-03 12:31:06.703000,1.09655,1.0965,1000000,1600000
2021-09-03 12:31:06.855000,1.09655,1.0965,1000000,1500000
2021-09-03 12:31:06.905000,1.09653,1.0965,1000000,2400000
2021-09-03 12:31:06.956000,1.09654,1.0965,1000000,3150000
2021-09-03 12:31:07.007000,1.09654,1.0965,1000000,3300000
2021-09-03 12:31:07.058000,1.09654,1.09651,2880000,1000000
2021-09-03 12:31:07.109000,1.09651,1.09649,1250000,1120000
2021-09-03 12:31:07.160000,1.09648,1.09645,1000000,1950000
2021-09-03 12:31:07.210000,1.09649,1.09645,1000000,2450000
2021-09-03 12:31:07.362000,1.09652,1.09646,6080000,1570000
2021-09-03 12:31:07.464000,1.09652,1.09647,1270000,1200000
2021-09-03 12:31:07.565000,1.09651,1.09647,1000000,1000000
2021-09-03 12:31:07.667000,1.09652,1.09645,5710000,2550000
2021-09-03 12:31:07.718000,1.09648,1.09645,1310000,1950000
2021-09-03 12:31:07.870000,1.0965,1.09645,1120000,1000000
2021-09-03 12:31:07.971000,1.0965,1.09646,1000000,1000000
2021-09-03 12:31:08.275000,1.09651,1.09648,1000000,1250000
2021-09-03 12:31:08.376000,1.09657,1.09652,1000000,2140000
2021-09-03 12:31:08.427000,1.09658,1.09653,2250000,1600000
2021-09-03 12:31:08.528000,1.09659,1.09657,1000000,1200000
2021-09-03 12:31:08.680000,1.09663,1.09657,1500000,2100000
2021-09-03 12:31:08.832000,1.09664,1.09659,1270000,1600000
2021-09-03 12:31:08.933000,1.09666,1.0966,2250000,1600000
2021-09-03 12:31:09.035000,1.09667,1.09663,1000000,1000000
2021-09-03 12:31:09.136000,1.09668,1.09663,1000000,1000000
2021-09-03 12:31:09.288000,1.09668,1.09665,1000000,1500000
2021-09-03 12:31:09.390000,1.09674,1.09668,3410000,1000000
2021-09-03 12:31:09.592000,1.09671,1.09668,1000000,1500000
2021-09-03 12:31:09.698000,1.09668,1.09665,1000000,1000000
2021-09-03 12:31:09.800000,1.09668,1.09664,1000000,1200000
2021-09-03 12:31:09.901000,1.09668,1.09663,1000000,1200000
2021-09-03 12:31:10.003000,1.09669,1.09664,1000000,1000000
2021-09-03 12:31:10.104000,1.09661,1.09658,1000000,1000000
2021-09-03 12:31:10.205000,1.0966,1.09657,1120000,1750000
2021-09-03 12:31:10.256000,1.09665,1.09662,1000000,1200000
2021-09-03 12:31:10.358000,1.09661,1.09659,1000000,1000000
2021-09-03 12:31:10.409000,1.0966,1.09655,1500000,1500000
2021-09-03 12:31:10.510000,1.09661,1.09657,3000000,1000000
2021-09-03 12:31:10.561000,1.0966,1.09654,3000000,2100000
2021-09-03 12:31:10.612000,1.09661,1.09657,1500000,1000000
2021-09-03 12:31:10.715000,1.09662,1.09658,1000000,1000000
2021-09-03 12:31:10.817000,1.09663,1.09658,1500000,1000000
2021-09-03 12:31:10.970000,1.09663,1.09659,1000000,1000000
2021-09-03 12:31:11.074000,1.0966,1.09658,1000000,1000000
2021-09-03 12:31:11.125000,1.09655,1.09653,1000000,1580000
2021-09-03 12:31:11.227000,1.09656,1.09651,1120000,1000000
2021-09-03 12:31:11.380000,1.09656,1.0965,2250000,1500000
2021-09-03 12:31:11.481000,1.09657,1.09651,1870000,1000000
2021-09-03 12:31:11.583000,1.09657,1.09652,1870000,1000000
2021-09-03 12:31:11.886000,1.09657,1.09651,1500000,1950000
2021-09-03 12:31:11.937000,1.09657,1.09651,1500000,2100000
2021-09-03 12:31:12.041000,1.09658,1.09654,2020000,1650000
2021-09-03 12:31:12.142000,1.09657,1.09651,1000000,1000000
2021-09-03 12:31:12.243000,1.09657,1.09655,1000000,1000000
2021-09-03 12:31:12.345000,1.09657,1.09653,1000000,1250000
2021-09-03 12:31:12.396000,1.09658,1.09655,1000000,1100000
2021-09-03 12:31:12.447000,1.09662,1.09656,1000000,1000000
2021-09-03 12:31:12.548000,1.09662,1.09657,1500000,1000000
2021-09-03 12:31:12.700000,1.09658,1.09655,1250000,1000000
2021-09-03 12:31:12.801000,1.09657,1.09654,1250000,1000000
2021-09-03 12:31:12.903000,1.09662,1.09657,2250000,1000000
2021-09-03 12:31:13.056000,1.0966,1.09657,2060000,1000000
2021-09-03 12:31:13.107000,1.09658,1.09653,1870000,1600000
2021-09-03 12:31:13.158000,1.09656,1.09652,1690000,1000000
2021-09-03 12:31:13.209000,1.09656,1.0965,1500000,2000000
2021-09-03 12:31:13.310000,1.0966,1.09657,1000000,1250000
2021-09-03 12:31:13.361000,1.09662,1.09657,2250000,1000000
2021-09-03 12:31:13.462000,1.09661,1.09657,1000000,1000000
2021-09-03 12:31:13.563000,1.09657,1.09652,1500000,1000000
2021-09-03 12:31:13.614000,1.09656,1.09652,1730000,1120000
2021-09-03 12:31:13.716000,1.09658,1.09656,1870000,1000000
2021-09-03 12:31:13.818000,1.09662,1.09655,1000000,1000000
2021-09-03 12:31:13.920000,1.09662,1.09657,2250000,1000000
2021-09-03 12:31:14.324000,1.09662,1.09656,1000000,1000000
2021-09-03 12:31:14.375000,1.0966,1.09656,1500000,1000000
2021-09-03 12:31:14.426000,1.09652,1.09648,1250000,1500000
2021-09-03 12:31:14.528000,1.09656,1.09653,1720000,1120000
2021-09-03 12:31:14.629000,1.09657,1.09652,1600000,1100000
2021-09-03 12:31:14.731000,1.09654,1.09652,1000000,1000000
2021-09-03 12:31:14.833000,1.09655,1.09652,1500000,1000000
2021-09-03 12:31:14.883000,1.09657,1.09652,2620000,1000000
2021-09-03 12:31:15.036000,1.09656,1.09652,1000000,1000000
2021-09-03 12:31:15.137000,1.09657,1.09652,2250000,1000000
2021-09-03 12:31:15.238000,1.09656,1.09651,1500000,1000000
2021-09-03 12:31:15.340000,1.09657,1.09652,2700000,1000000
2021-09-03 12:31:15.442000,1.09658,1.09651,4250000,1000000
2021-09-03 12:31:15.543000,1.09657,1.09653,1500000,1000000
2021-09-03 12:31:15.645000,1.09657,1.09651,2250000,1000000
2021-09-03 12:31:15.747000,1.09657,1.09653,3070000,1000000
2021-09-03 12:31:15.849000,1.09653,1.09648,2250000,1620000
2021-09-03 12:31:15.899000,1.09653,1.09648,1500000,2620000
2021-09-03 12:31:16.001000,1.09653,1.09649,2250000,2000000
2021-09-03 12:31:16.103000,1.09651,1.09647,1500000,1000000
2021-09-03 12:31:16.204000,1.09651,1.09646,1500000,1000000
2021-09-03 12:31:16.255000,1.09651,1.09648,1500000,1200000
2021-09-03 12:31:16.357000,1.09652,1.09649,1000000,1570000
2021-09-03 12:31:16.458000,1.09654,1.09649,1500000,1970000
2021-09-03 12:31:16.610000,1.09652,1.09648,1000000,2720000
2021-09-03 12:31:16.762000,1.09651,1.09646,1000000,2690000
2021-09-03 12:31:16.864000,1.09651,1.09648,1000000,1000000
2021-09-03 12:31:16.965000,1.09652,1.09648,1870000,1600000
2021-09-03 12:31:17.066000,1.09652,1.09648,1500000,1000000
2021-09-03 12:31:17.168000,1.0965,1.09646,1000000,1870000
2021-09-03 12:31:17.269000,1.0965,1.09645,1500000,2440000
2021-09-03 12:31:17.370000,1.09651,1.09649,3000000,1000000
2021-09-03 12:31:17.421000,1.09654,1.09649,2700000,1000000
2021-09-03 12:31:17.523000,1.09654,1.0965,2700000,1000000
2021-09-03 12:31:17.625000,1.09648,1.09645,1000000,1550000
2021-09-03 12:31:17.727000,1.09649,1.09646,1000000,1250000
2021-09-03 12:31:17.828000,1.09653,1.09649,2470000,1950000
2021-09-03 12:31:17.930000,1.09651,1.09649,1000000,1000000
2021-09-03 12:31:18.033000,1.09652,1.09648,1870000,1000000
2021-09-03 12:31:18.186000,1.09655,1.09649,1810000,1200000
2021-09-03 12:31:18.287000,1.09655,1.0965,1000000,1500000
2021-09-03 12:31:18.388000,1.09655,1.09651,1000000,1200000
2021-09-03 12:31:18.490000,1.09655,1.0965,1000000,1500000
2021-09-03 12:31:18.693000,1.09655,1.09652,1000000,1000000
2021-09-03 12:31:19.403000,1.09652,1.09649,1870000,1200000
2021-09-03 12:31:19.505000,1.09653,1.09648,3000000,1250000
2021-09-03 12:31:19.606000,1.09655,1.0965,1000000,1200000
2021-09-03 12:31:19.708000,1.09656,1.09652,1120000,1000000
2021-09-03 12:31:19.810000,1.09655,1.09652,1000000,1000000
2021-09-03 12:31:20.063000,1.09658,1.09653,3000000,1000000
2021-09-03 12:31:20.113000,1.09655,1.0965,2810000,1200000
2021-09-03 12:31:20.215000,1.09655,1.09651,1000000,1000000
2021-09-03 12:31:20.317000,1.09656,1.09651,1500000,1950000
2021-09-03 12:31:20.924000,1.09656,1.09652,1000000,1250000
2021-09-03 12:31:21.328000,1.09654,1.09652,2620000,1000000
2021-09-03 12:31:21.379000,1.09653,1.09649,2060000,1690000
2021-09-03 12:31:21.430000,1.09654,1.09651,1120000,1250000
2021-09-03 12:31:21.632000,1.09653,1.09649,1000000,2200000
2021-09-03 12:31:21.734000,1.09654,1.09649,1000000,3100000
2021-09-03 12:31:21.835000,1.09655,1.09651,1350000,1390000
2021-09-03 12:31:21.936000,1.09657,1.09652,1200000,1010000
2021-09-03 12:31:22.038000,1.09657,1.09653,1000000,1200000
2021-09-03 12:31:22.139000,1.0966,1.09655,1000000,1250000
2021-09-03 12:31:22.241000,1.09661,1.09655,2100000,1250000
2021-09-03 12:31:22.343000,1.0966,1.09655,1690000,1000000
2021-09-03 12:31:22.495000,1.09658,1.09655,1000000,1000000
2021-09-03 12:31:22.648000,1.09658,1.09653,1500000,1310000
2021-09-03 12:31:22.901000,1.09654,1.09651,2250000,1470000
2021-09-03 12:31:22.952000,1.09654,1.09649,2250000,3120000
2021-09-03 12:31:23.054000,1.09655,1.09649,1500000,2620000
2021-09-03 12:31:23.105000,1.09654,1.0965,1250000,1500000
2021-09-03 12:31:23.207000,1.09654,1.0965,1000000,1000000
2021-09-03 12:31:23.309000,1.09655,1.09651,1000000,1000000
2021-09-03 12:31:23.411000,1.09657,1.09651,1200000,1000000
2021-09-03 12:31:23.512000,1.09657,1.0965,1500000,1000000
2021-09-03 12:31:23.613000,1.09656,1.0965,2700000,1000000
2021-09-03 12:31:23.816000,1.09656,1.09651,2100000,1000000
2021-09-03 12:31:23.968000,1.09654,1.0965,1000000,1000000
2021-09-03 12:31:24.173000,1.09653,1.0965,1000000,1000000
2021-09-03 12:31:24.224000,1.09652,1.09648,1000000,2440000
2021-09-03 12:31:24.275000,1.0965,1.09648,1250000,1000000
2021-09-03 12:31:24.377000,1.09652,1.09647,1500000,2440000
2021-09-03 12:31:24.478000,1.09654,1.09648,1100000,1000000
2021-09-03 12:31:24.630000,1.09655,1.09648,3070000,1250000
2021-09-03 12:31:24.681000,1.09655,1.0965,1300000,1000000
2021-09-03 12:31:24.783000,1.09654,1.09648,1200000,1500000
2021-09-03 12:31:25.290000,1.09653,1.09649,1000000,1000000
2021-09-03 12:31:25.392000,1.09653,1.09648,1000000,1250000
2021-09-03 12:31:25.900000,1.09647,1.09644,1500000,6440000
2021-09-03 12:31:25.951000,1.09648,1.09643,1120000,2260000
2021-09-03 12:31:26.052000,1.09647,1.09645,1000000,1250000
2021-09-03 12:31:26.103000,1.0965,1.09646,4500000,1250000
2021-09-03 12:31:26.306000,1.09652,1.09647,3750000,1000000
2021-09-03 12:31:26.407000,1.09652,1.09647,1500000,1250000
2021-09-03 12:31:26.458000,1.09652,1.09645,1870000,1010000
2021-09-03 12:31:26.559000,1.09652,1.09647,2250000,2200000
2021-09-03 12:31:26.661000,1.0965,1.09647,1000000,1200000
2021-09-03 12:31:26.712000,1.09652,1.09647,2620000,2890000
2021-09-03 12:31:26.763000,1.09651,1.09645,1000000,3340000
2021-09-03 12:31:26.813000,1.09652,1.09647,2700000,1250000
2021-09-03 12:31:26.864000,1.09651,1.09646,1000000,1250000
2021-09-03 12:31:27.016000,1.09652,1.09646,4950000,2140000
2021-09-03 12:31:27.067000,1.0965,1.09645,1000000,1200000
2021-09-03 12:31:27.219000,1.09649,1.09645,1870000,1000000
2021-09-03 12:31:27.320000,1.0965,1.09645,1120000,1310000
2021-09-03 12:31:27.421000,1.0965,1.09645,1000000,3320000
2021-09-03 12:31:27.623000,1.0965,1.09645,3250000,1250000
2021-09-03 12:31:27.674000,1.09648,1.09644,1000000,2140000
2021-09-03 12:31:27.725000,1.09649,1.09645,1000000,1250000
2021-09-03 12:31:27.826000,1.0965,1.09645,1000000,3320000
2021-09-03 12:31:28.029000,1.0965,1.09648,1000000,1250000
2021-09-03 12:31:28.079000,1.09653,1.09648,3750000,2310000
2021-09-03 12:31:28.181000,1.09652,1.09646,1000000,2450000
2021-09-03 12:31:28.282000,1.09653,1.09647,1500000,1950000
2021-09-03 12:31:28.384000,1.09652,1.09647,1000000,2570000
2021-09-03 12:31:28.485000,1.09653,1.09647,2250000,1250000
2021-09-03 12:31:28.637000,1.09653,1.09648,1000000,1200000
2021-09-03 12:31:28.789000,1.09653,1.09647,1000000,1950000
2021-09-03 12:31:28.890000,1.09654,1.09647,1200000,3900000
2021-09-03 12:31:28.991000,1.09654,1.09647,1000000,3900000
2021-09-03 12:31:29.245000,1.09655,1.09647,1000000,1000000
2021-09-03 12:31:29.499000,1.09652,1.09648,2060000,1200000
2021-09-03 12:31:29.601000,1.0965,1.09646,1000000,1120000
2021-09-03 12:31:29.703000,1.0965,1.09646,1000000,3910000
2021-09-03 12:31:29.753000,1.09652,1.09646,3370000,1660000
2021-09-03 12:31:29.804000,1.09652,1.09646,3370000,2000000
2021-09-03 12:31:29.905000,1.09651,1.09646,1000000,1500000
2021-09-03 12:31:30.057000,1.09651,1.09646,1000000,1120000
2021-09-03 12:31:30.159000,1.09652,1.09646,3750000,3070000
2021-09-03 12:31:30.260000,1.09651,1.09646,2250000,1120000
2021-09-03 12:31:30.361000,1.09648,1.09646,1000000,1120000
2021-09-03 12:31:30.412000,1.0965,1.09645,2620000,1000000
2021-09-03 12:31:30.716000,1.09648,1.09645,1000000,1500000
2021-09-03 12:31:30.969000,1.09652,1.09646,1000000,1870000
2021-09-03 12:31:31.071000,1.09651,1.09647,1000000,1000000
2021-09-03 12:31:31.172000,1.09652,1.09647,1000000,1000000
2021-09-03 12:31:31.273000,1.09653,1.09647,1000000,1000000
2021-09-03 12:31:31.678000,1.09655,1.09649,1100000,1500000
2021-09-03 12:31:31.779000,1.09656,1.09651,1600000,1000000
2021-09-03 12:31:31.881000,1.09656,1.09651,1000000,1000000
2021-09-03 12:31:31.987000,1.09656,1.09652,1000000,1000000
2021-09-03 12:31:32.154000,1.09658,1.09654,1500000,1000000
2021-09-03 12:31:32.257000,1.09661,1.09655,1100000,1890000
2021-09-03 12:31:32.308000,1.09663,1.0966,1120000,1000000
2021-09-03 12:31:32.359000,1.09663,1.09659,1620000,1870000
2021-09-03 12:31:32.511000,1.09664,1.09659,1000000,1950000
2021-09-03 12:31:32.562000,1.09664,1.09661,1000000,1000000
2021-09-03 12:31:32.713000,1.09666,1.09661,1000000,1000000
2021-09-03 12:31:32.815000,1.09667,1.09661,1000000,1000000
2021-09-03 12:31:33.119000,1.09669,1.09662,2250000,1000000
2021-09-03 12:31:33.170000,1.09671,1.09665,3000000,1950000
2021-09-03 12:31:33.221000,1.09672,1.09666,1000000,1950000
2021-09-03 12:31:33.778000,1.09674,1.09666,2620000,1000000
2021-09-03 12:31:33.879000,1.09672,1.09667,1500000,1000000
2021-09-03 12:31:34.133000,1.09673,1.09671,1000000,1000000
2021-09-03 12:31:34.234000,1.09676,1.09671,1000000,1000000
2021-09-03 12:31:34.538000,1.09674,1.0967,1000000,1000000
2021-09-03 12:31:35.297000,1.09672,1.09668,2250000,1000000
2021-09-03 12:31:35.535000,1.09671,1.09668,1120000,1000000
2021-09-03 12:31:35.586000,1.09667,1.09663,1870000,1500000
2021-09-03 12:31:35.687000,1.09669,1.09665,1120000,1000000
2021-09-03 12:31:35.839000,1.0967,1.09666,2370000,1000000
2021-09-03 12:31:35.941000,1.0967,1.09666,1870000,1000000
2021-09-03 12:31:36.042000,1.09667,1.09663,1000000,1500000
2021-09-03 12:31:36.194000,1.09665,1.09661,2370000,1120000
2021-09-03 12:31:36.296000,1.09663,1.0966,3370000,1000000
2021-09-03 12:31:36.397000,1.09664,1.09662,1950000,1000000
2021-09-03 12:31:36.448000,1.09666,1.09662,1000000,1000000
2021-09-03 12:31:36.752000,1.09665,1.0966,1000000,2140000
2021-09-03 12:31:37.107000,1.09668,1.09663,1120000,1000000
2021-09-03 12:31:37.448000,1.09666,1.09662,1000000,1000000
2021-09-03 12:31:37.856000,1.09666,1.09661,1000000,1000000
2021-09-03 12:31:37.958000,1.09666,1.0966,1500000,1000000
2021-09-03 12:31:39.069000,1.09666,1.09661,1000000,1000000
2021-09-03 12:31:39.171000,1.0967,1.09665,1000000,1000000
2021-09-03 12:31:39.530000,1.09671,1.09665,1120000,1000000
2021-09-03 12:31:39.631000,1.09671,1.09666,1000000,1000000
2021-09-03 12:31:39.733000,1.0967,1.09666,1000000,1000000
2021-09-03 12:31:40.148000,1.09671,1.09667,1000000,1750000
2021-09-03 12:31:40.251000,1.09671,1.09667,1000000,1000000
2021-09-03 12:31:40.555000,1.0967,1.09666,1000000,1000000
2021-09-03 12:31:40.859000,1.09671,1.09666,1000000,1000000
2021-09-03 12:31:41.163000,1.0967,1.09666,2250000,1000000
2021-09-03 12:31:41.265000,1.09666,1.09663,1000000,1240000
2021-09-03 12:31:41.467000,1.09666,1.09663,1000000,1250000
2021-09-03 12:31:41.822000,1.09666,1.09662,1500000,1000000
2021-09-03 12:31:41.924000,1.09667,1.09665,1500000,1000000
2021-09-03 12:31:41.974000,1.09671,1.09668,1500000,1250000
2021-09-03 12:31:42.127000,1.09675,1.09671,3000000,1000000
2021-09-03 12:31:42.442000,1.09675,1.09671,2500000,1000000
2021-09-03 12:31:42.645000,1.09672,1.09668,1000000,1500000
2021-09-03 12:31:42.747000,1.09673,1.09669,1870000,1000000
2021-09-03 12:31:42.848000,1.09673,1.0967,1870000,1000000
2021-09-03 12:31:42.950000,1.09671,1.09669,1000000,1500000
2021-09-03 12:31:43.051000,1.09671,1.09667,1000000,3190000
2021-09-03 12:31:43.102000,1.09672,1.09669,2250000,1000000
2021-09-03 12:31:43.204000,1.09671,1.09668,1000000,1000000
2021-09-03 12:31:43.305000,1.09674,1.09669,5620000,1000000
2021-09-03 12:31:43.609000,1.09676,1.0967,6410000,1750000
2021-09-03 12:31:43.710000,1.09677,1.09671,1500000,1250000
2021-09-03 12:31:43.812000,1.09678,1.09673,1000000,1250000
2021-09-03 12:31:43.863000,1.09681,1.09675,3000000,2120000
2021-09-03 12:31:43.914000,1.09681,1.09673,1000000,1000000
2021-09-03 12:31:44.116000,1.09681,1.09675,2700000,1250000
2021-09-03 12:31:44.268000,1.09683,1.09679,1000000,1000000
2021-09-03 12:31:44.319000,1.09683,1.09677,1000000,1000000
2021-09-03 12:31:44.421000,1.09684,1.09677,2620000,1000000
2021-09-03 12:31:44.472000,1.09684,1.09679,1000000,1000000
2021-09-03 12:31:44.573000,1.09684,1.0968,1000000,1000000
2021-09-03 12:31:44.674000,1.09685,1.0968,1000000,1000000
2021-09-03 12:31:44.826000,1.09685,1.09681,1000000,1250000
2021-09-03 12:31:44.958000,1.09686,1.09682,1000000,1250000
2021-09-03 12:31:45.060000,1.09685,1.0968,1000000,1000000
2021-09-03 12:31:45.212000,1.09685,1.09681,1000000,1000000
2021-09-03 12:31:45.313000,1.09687,1.09681,2370000,1120000
2021-09-03 12:31:45.414000,1.09685,1.09681,1000000,1120000
2021-09-03 12:31:45.465000,1.09683,1.09677,1120000,5450000
2021-09-03 12:31:45.516000,1.09682,1.09677,3750000,5750000
2021-09-03 12:31:45.668000,1.09682,1.09678,1120000,1000000
2021-09-03 12:31:45.769000,1.09686,1.09681,2100000,1000000
2021-09-03 12:31:45.820000,1.09686,1.09681,1000000,1000000
2021-09-03 12:31:45.921000,1.09685,1.09681,1000000,1000000
2021-09-03 12:31:46.022000,1.09684,1.0968,1000000,1000000
2021-09-03 12:31:46.175000,1.09684,1.09679,1000000,1120000
2021-09-03 12:31:46.377000,1.09684,1.09676,2000000,2450000
2021-09-03 12:31:46.479000,1.09685,1.0968,1200000,1500000
2021-09-03 12:31:46.580000,1.09685,1.09678,1870000,1690000
2021-09-03 12:31:46.631000,1.09684,1.09677,1120000,1250000
2021-09-03 12:31:46.733000,1.09684,1.0968,3000000,1000000
2021-09-03 12:31:46.834000,1.09684,1.0968,1000000,2000000
2021-09-03 12:31:46.986000,1.09685,1.0968,1120000,1500000
2021-09-03 12:31:47.090000,1.09681,1.09677,1000000,1120000
2021-09-03 12:31:47.203000,1.09681,1.09677,1000000,1500000
2021-09-03 12:31:47.305000,1.09681,1.09674,1000000,1000000
2021-09-03 12:31:47.709000,1.09681,1.09676,1500000,1000000
2021-09-03 12:31:47.811000,1.09681,1.09675,2620000,1500000
2021-09-03 12:31:47.912000,1.09681,1.09676,1000000,1000000
2021-09-03 12:31:48.123000,1.09681,1.09675,1500000,1870000
2021-09-03 12:31:48.478000,1.09682,1.09675,6000000,2250000
2021-09-03 12:31:48.580000,1.09682,1.09674,3750000,2250000
2021-09-03 12:31:48.783000,1.0968,1.09675,1120000,2250000
2021-09-03 12:31:48.885000,1.09677,1.09673,1500000,1000000
2021-09-03 12:31:48.986000,1.09679,1.09674,4120000,2000000
2021-09-03 12:31:49.089000,1.0968,1.09675,3070000,1870000
2021-09-03 12:31:49.191000,1.09681,1.09675,1120000,1000000
2021-09-03 12:31:49.293000,1.09684,1.09678,1500000,1000000
2021-09-03 12:31:49.394000,1.09684,1.09679,1570000,1000000
2021-09-03 12:31:49.496000,1.09685,1.09679,1100000,1000000
2021-09-03 12:31:49.597000,1.09683,1.09678,3000000,1500000
2021-09-03 12:31:49.699000,1.09683,1.09679,1120000,1000000
2021-09-03 12:31:49.800000,1.09685,1.09679,2850000,1000000
2021-09-03 12:31:49.901000,1.09685,1.09678,2450000,2250000
2021-09-03 12:31:50.003000,1.09685,1.0968,2320000,1000000
2021-09-03 12:31:50.205000,1.09685,1.09679,1870000,1000000
2021-09-03 12:31:50.358000,1.09685,1.09678,1870000,1500000
2021-09-03 12:31:50.459000,1.09686,1.09677,2450000,1500000
2021-09-03 12:31:50.561000,1.09685,1.09679,2070000,1000000
2021-09-03 12:31:50.662000,1.09685,1.09679,1120000,1000000
2021-09-03 12:31:50.763000,1.09685,1.0968,1120000,1000000
2021-09-03 12:31:50.916000,1.09687,1.09681,2450000,1500000
2021-09-03 12:31:51.018000,1.09687,1.09681,1570000,1500000
2021-09-03 12:31:51.119000,1.09687,1.09682,1500000,1000000
2021-09-03 12:31:51.322000,1.09687,1.09682,2000000,1000000
2021-09-03 12:31:51.423000,1.09685,1.0968,1120000,1000000
2021-09-03 12:31:51.525000,1.09685,1.09679,1810000,1000000
2021-09-03 12:31:51.576000,1.09682,1.09678,1870000,1000000
2021-09-03 12:31:51.727000,1.09683,1.09678,1000000,2510000
2021-09-03 12:31:51.829000,1.09685,1.0968,1740000,1950000
2021-09-03 12:31:52.234000,1.09678,1.09676,1500000,1120000
2021-09-03 12:31:52.336000,1.09678,1.09673,1870000,4200000
2021-09-03 12:31:52.437000,1.09678,1.09676,1000000,1000000
2021-09-03 12:31:52.539000,1.09681,1.09674,1690000,1600000
2021-09-03 12:31:52.640000,1.09682,1.09677,1000000,1200000
2021-09-03 12:31:52.743000,1.09683,1.09677,2330000,1500000
2021-09-03 12:31:52.845000,1.09682,1.09677,1000000,1000000
2021-09-03 12:31:52.947000,1.09682,1.09678,1000000,1000000
2021-09-03 12:31:53.064000,1.09683,1.09678,1000000,1500000
2021-09-03 12:31:53.166000,1.09685,1.0968,3870000,1690000
2021-09-03 12:31:53.269000,1.09683,1.09679,1250000,2820000
2021-09-03 12:31:53.371000,1.09681,1.09676,1500000,1000000
2021-09-03 12:31:53.423000,1.0968,1.09675,1000000,2400000
2021-09-03 12:31:53.474000,1.09681,1.09677,1000000,1000000
2021-09-03 12:31:53.576000,1.0968,1.09675,1000000,3070000
2021-09-03 12:31:53.729000,1.09679,1.09675,1000000,1000000
2021-09-03 12:31:53.832000,1.0968,1.09676,2250000,1000000
2021-09-03 12:31:53.934000,1.0968,1.09677,1120000,1000000
2021-09-03 12:31:54.035000,1.09681,1.09677,1000000,1000000
2021-09-03 12:31:54.086000,1.09683,1.09678,1000000,2500000
2021-09-03 12:31:54.191000,1.09685,1.09678,8750000,3340000
2021-09-03 12:31:54.293000,1.09682,1.09679,1000000,1000000
2021-09-03 12:31:54.345000,1.09677,1.09674,1000000,3370000
2021-09-03 12:31:54.448000,1.09678,1.09675,1310000,1000000
2021-09-03 12:31:54.549000,1.09678,1.09674,2250000,1000000
2021-09-03 12:31:54.652000,1.09678,1.09673,2250000,3750000
2021-09-03 12:31:55.563000,1.09678,1.09672,1000000,2250000
2021-09-03 12:31:55.665000,1.09675,1.09673,1500000,2250000
2021-09-03 12:31:55.767000,1.09673,1.09669,1250000,3200000
2021-09-03 12:31:55.818000,1.09673,1.09669,1000000,1000000
2021-09-03 12:31:55.970000,1.09672,1.09667,6750000,1500000
2021-09-03 12:31:56.072000,1.09671,1.09667,1500000,1000000
2021-09-03 12:31:56.173000,1.09672,1.09668,1120000,1000000
2021-09-03 12:31:56.274000,1.0967,1.09666,1870000,1500000
2021-09-03 12:31:56.584000,1.0967,1.09667,1000000,1000000
2021-09-03 12:31:56.687000,1.09672,1.09665,1500000,1000000
2021-09-03 12:31:56.889000,1.09671,1.09667,1000000,1000000
2021-09-03 12:31:57.344000,1.09671,1.09666,3750000,1000000
2021-09-03 12:31:57.496000,1.09676,1.09673,3000000,2250000
2021-09-03 12:31:57.800000,1.09677,1.09673,3070000,2250000
2021-09-03 12:31:58.256000,1.09677,1.09672,1000000,2250000
2021-09-03 12:31:58.358000,1.09677,1.09673,3000000,2250000
2021-09-03 12:31:58.715000,1.09678,1.09673,2620000,3000000
2021-09-03 12:31:58.817000,1.09678,1.09674,2620000,1000000
2021-09-03 12:31:59.070000,1.09678,1.09675,2250000,1000000
2021-09-03 12:31:59.172000,1.09678,1.09676,1000000,1000000
2021-09-03 12:31:59.275000,1.09681,1.09676,8820000,1000000
2021-09-03 12:31:59.427000,1.0968,1.09675,1950000,1000000
2021-09-03 12:31:59.529000,1.0968,1.09676,1200000,1000000
2021-09-03 12:32:00.189000,1.09678,1.09675,1120000,1000000
2021-09-03 12:32:00.393000,1.09677,1.09675,1000000,1000000
2021-09-03 12:32:00.597000,1.09678,1.09675,1500000,1000000
2021-09-03 12:32:00.699000,1.09677,1.09674,1000000,1000000
2021-09-03 12:32:00.801000,1.09676,1.09674,1000000,1000000
2021-09-03 12:32:00.903000,1.09677,1.09673,1500000,1690000
2021-09-03 12:32:01.005000,1.09675,1.09672,1000000,1870000
2021-09-03 12:32:01.258000,1.09674,1.09672,1000000,1500000
2021-09-03 12:32:01.359000,1.09669,1.09667,1000000,11320000
2021-09-03 12:32:01.461000,1.0967,1.09667,4120000,8170000
2021-09-03 12:32:01.562000,1.09669,1.09667,1000000,1000000
2021-09-03 12:32:01.613000,1.09671,1.09667,2700000,1500000
2021-09-03 12:32:01.715000,1.09669,1.09667,1000000,2250000
2021-09-03 12:32:01.817000,1.0967,1.09667,2250000,1000000
2021-09-03 12:32:01.969000,1.09671,1.09667,1000000,1000000
2021-09-03 12:32:02.070000,1.09669,1.09667,1000000,1000000
2021-09-03 12:32:02.172000,1.0967,1.09667,2400000,1000000
2021-09-03 12:32:02.273000,1.09672,1.09667,2320000,1500000
2021-09-03 12:32:02.375000,1.09674,1.09667,1500000,1000000
2021-09-03 12:32:02.476000,1.09674,1.09668,3370000,1000000
2021-09-03 12:32:02.680000,1.09671,1.09667,1500000,1120000
2021-09-03 12:32:02.782000,1.09669,1.09667,1000000,1500000
2021-09-03 12:32:02.985000,1.09671,1.09665,3450000,2000000
2021-09-03 12:32:03.087000,1.09669,1.09666,1000000,1500000
2021-09-03 12:32:03.189000,1.09669,1.09665,1120000,1120000
2021-09-03 12:32:03.291000,1.09669,1.09667,1120000,1000000
2021-09-03 12:32:03.393000,1.09674,1.0967,3000000,1000000
2021-09-03 12:32:03.444000,1.09671,1.09667,1500000,1000000
2021-09-03 12:32:03.546000,1.0967,1.09667,1500000,1000000
2021-09-03 12:32:03.649000,1.0967,1.09664,1500000,1000000
2021-09-03 12:32:03.751000,1.09672,1.09667,2620000,1250000
2021-09-03 12:32:03.802000,1.09673,1.09669,1120000,1000000
2021-09-03 12:32:03.954000,1.09675,1.09668,1500000,1000000
2021-09-03 12:32:04.156000,1.09673,1.09668,1000000,1200000
2021-09-03 12:32:04.258000,1.09674,1.09668,1500000,1310000
2021-09-03 12:32:04.359000,1.09674,1.09669,1500000,1000000
2021-09-03 12:32:04.623000,1.09674,1.09668,1500000,2890000
2021-09-03 12:32:05.133000,1.09675,1.09669,1500000,1000000
2021-09-03 12:32:05.235000,1.09674,1.09669,1120000,1200000
2021-09-03 12:32:05.336000,1.09674,1.09668,1120000,2700000
2021-09-03 12:32:05.438000,1.0967,1.09668,1000000,1200000
2021-09-03 12:32:05.590000,1.09674,1.0967,1000000,1000000
2021-09-03 12:32:06.060000,1.09675,1.0967,1120000,1000000
2021-09-03 12:32:06.162000,1.09675,1.09671,1120000,1000000
2021-09-03 12:32:06.315000,1.09672,1.09668,1000000,3070000
2021-09-03 12:32:06.417000,1.09674,1.0967,1000000,1000000
2021-09-03 12:32:06.519000,1.09676,1.09673,2250000,1250000
2021-09-03 12:32:06.569000,1.09678,1.09673,1200000,1690000
2021-09-03 12:32:06.671000,1.0968,1.09674,2850000,1500000
2021-09-03 12:32:06.722000,1.09681,1.09673,1500000,1500000
2021-09-03 12:32:06.823000,1.09676,1.09672,6750000,2620000
2021-09-03 12:32:06.925000,1.09675,1.09671,1000000,1500000
2021-09-03 12:32:07.026000,1.09677,1.09673,1200000,1000000
2021-09-03 12:32:07.127000,1.09675,1.09673,1000000,1000000
2021-09-03 12:32:07.229000,1.09677,1.09673,2950000,1000000
2021-09-03 12:32:07.331000,1.0968,1.09674,3010000,1000000
2021-09-03 12:32:07.382000,1.09681,1.09673,5560000,1000000
2021-09-03 12:32:07.534000,1.0968,1.09674,2250000,1000000
2021-09-03 12:32:07.976000,1.09676,1.09674,5250000,1000000
2021-09-03 12:32:08.130000,1.09676,1.09675,1500000,1000000
2021-09-03 12:32:08.181000,1.09681,1.09678,2250000,1000000
2021-09-03 12:32:08.385000,1.09681,1.09676,1870000,1000000
2021-09-03 12:32:08.488000,1.0968,1.09676,1310000,1000000
2021-09-03 12:32:08.618000,1.0968,1.09677,1310000,1000000
2021-09-03 12:32:08.770000,1.09683,1.09678,3750000,1000000
2021-09-03 12:32:08.872000,1.09681,1.09678,1120000,1000000
2021-09-03 12:32:08.922000,1.0968,1.09676,1000000,1650000
2021-09-03 12:32:08.973000,1.09682,1.09678,3830000,1000000
2021-09-03 12:32:09.075000,1.09681,1.09677,1000000,1500000
2021-09-03 12:32:09.227000,1.09683,1.09676,3830000,2440000
2021-09-03 12:32:09.328000,1.0968,1.09676,1690000,1200000
2021-09-03 12:32:09.430000,1.0968,1.09677,1000000,1000000
2021-09-03 12:32:09.531000,1.09681,1.09677,1000000,1000000
2021-09-03 12:32:10.049000,1.09682,1.09678,5140000,2250000
2021-09-03 12:32:10.150000,1.09681,1.09678,1000000,1500000
2021-09-03 12:32:10.252000,1.09682,1.09678,4200000,1500000
2021-09-03 12:32:10.353000,1.09681,1.09677,1000000,1500000
2021-09-03 12:32:10.606000,1.09675,1.09672,1000000,2370000
2021-09-03 12:32:10.708000,1.09676,1.09672,3870000,1120000
2021-09-03 12:32:10.809000,1.09676,1.09674,1500000,1000000
2021-09-03 12:32:10.961000,1.09676,1.09673,1120000,3070000
2021-09-03 12:32:11.164000,1.09676,1.09672,1320000,1500000
2021-09-03 12:32:11.367000,1.09676,1.09672,2190000,1500000
2021-09-03 12:32:11.518000,1.09669,1.09667,1000000,1120000
2021-09-03 12:32:11.620000,1.09668,1.09664,2570000,1000000
2021-09-03 12:32:11.671000,1.09671,1.09669,1000000,1500000
2021-09-03 12:32:11.772000,1.09673,1.0967,3370000,1500000
2021-09-03 12:32:11.924000,1.09672,1.0967,1250000,1000000
2021-09-03 12:32:12.026000,1.09672,1.09666,1000000,1500000
2021-09-03 12:32:12.129000,1.09669,1.09664,1870000,2320000
2021-09-03 12:32:12.180000,1.09669,1.09664,2370000,3070000
2021-09-03 12:32:12.738000,1.09669,1.09663,6540000,3070000
2021-09-03 12:32:12.890000,1.09666,1.09663,1000000,1950000
2021-09-03 12:32:12.992000,1.09664,1.09662,1200000,1200000
2021-09-03 12:32:13.093000,1.09667,1.09666,1000000,1000000
2021-09-03 12:32:13.144000,1.0967,1.09666,1870000,1870000
2021-09-03 12:32:13.247000,1.09671,1.09667,1870000,1000000
2021-09-03 12:32:13.350000,1.09672,1.09667,1000000,1000000
2021-09-03 12:32:13.657000,1.09672,1.09667,1620000,1000000
2021-09-03 12:32:13.759000,1.09671,1.09665,2370000,2700000
2021-09-03 12:32:13.860000,1.09669,1.09666,1120000,1000000
2021-09-03 12:32:13.962000,1.09669,1.09665,1580000,1500000
2021-09-03 12:32:14.114000,1.09669,1.09665,1580000,1000000
2021-09-03 12:32:14.216000,1.09669,1.09664,1120000,1500000
2021-09-03 12:32:14.419000,1.0967,1.09666,5190000,1500000
2021-09-03 12:32:14.925000,1.09669,1.09664,1620000,1500000
2021-09-03 12:32:15.054000,1.09669,1.09665,1620000,1000000
2021-09-03 12:32:15.207000,1.09671,1.09664,3120000,1000000
2021-09-03 12:32:15.359000,1.0967,1.09667,1000000,1500000
2021-09-03 12:32:15.461000,1.09672,1.09667,1120000,1500000
2021-09-03 12:32:15.562000,1.09673,1.09668,1500000,1000000
2021-09-03 12:32:15.664000,1.09671,1.09667,1000000,1000000
2021-09-03 12:32:15.817000,1.09672,1.09667,1120000,1000000
2021-09-03 12:32:15.868000,1.09669,1.09664,1500000,1500000
2021-09-03 12:32:15.970000,1.09669,1.09664,2000000,1500000
2021-09-03 12:32:16.173000,1.09668,1.09664,1500000,1500000
2021-09-03 12:32:16.326000,1.09669,1.09665,1000000,1500000
2021-09-03 12:32:16.377000,1.09669,1.09664,1000000,1500000
2021-09-03 12:32:16.479000,1.0967,1.09664,3370000,1500000
2021-09-03 12:32:16.581000,1.09669,1.09664,1500000,1500000
2021-09-03 12:32:16.682000,1.09669,1.09664,2000000,1500000
2021-09-03 12:32:17.291000,1.09669,1.09665,2750000,1000000
2021-09-03 12:32:17.544000,1.09669,1.09664,2000000,1000000
2021-09-03 12:32:17.646000,1.09672,1.09666,3120000,1000000
2021-09-03 12:32:17.697000,1.09671,1.09664,2750000,2700000
2021-09-03 12:32:17.799000,1.09669,1.09664,1000000,2700000
2021-09-03 12:32:18.003000,1.0967,1.09664,4200000,1500000
2021-09-03 12:32:18.054000,1.0967,1.09666,2700000,1820000
2021-09-03 12:32:18.156000,1.09673,1.09665,1120000,2160000
2021-09-03 12:32:18.308000,1.09673,1.09668,3120000,1000000
2021-09-03 12:32:18.410000,1.09675,1.09669,5370000,1500000
2021-09-03 12:32:18.581000,1.09675,1.09668,5370000,3820000
2021-09-03 12:32:18.885000,1.09673,1.09668,1120000,1950000
2021-09-03 12:32:19.696000,1.0967,1.09667,7870000,1000000
2021-09-03 12:32:19.797000,1.09669,1.09666,1000000,1000000
2021-09-03 12:32:19.899000,1.09671,1.09665,3080000,1000000
2021-09-03 12:32:20.001000,1.09672,1.09669,1000000,1000000
2021-09-03 12:32:20.102000,1.09674,1.09669,2000000,1000000
2021-09-03 12:32:20.609000,1.09674,1.09667,2750000,3520000
2021-09-03 12:32:20.710000,1.09673,1.0967,1120000,1000000
2021-09-03 12:32:21.021000,1.09671,1.09669,1000000,1000000
2021-09-03 12:32:21.072000,1.0967,1.09666,1270000,1100000
2021-09-03 12:32:21.173000,1.09672,1.09668,2100000,1000000
2021-09-03 12:32:21.275000,1.09672,1.09668,3370000,1000000
2021-09-03 12:32:21.376000,1.09673,1.09666,1870000,1200000
2021-09-03 12:32:21.478000,1.09673,1.09668,3120000,1000000
2021-09-03 12:32:21.740000,1.09667,1.09665,1000000,1500000
2021-09-03 12:32:21.885000,1.09664,1.09662,1000000,3670000
2021-09-03 12:32:22.038000,1.09664,1.09661,1500000,1000000
2021-09-03 12:32:22.241000,1.09663,1.0966,1000000,1870000
2021-09-03 12:32:22.395000,1.09664,1.09661,4050000,1250000
2021-09-03 12:32:22.446000,1.09667,1.09665,5930000,1000000
2021-09-03 12:32:22.548000,1.09667,1.09664,1000000,1000000
2021-09-03 12:32:23.107000,1.09668,1.09662,2250000,1000000
2021-09-03 12:32:23.563000,1.09666,1.09663,1000000,1000000
2021-09-03 12:32:23.816000,1.09667,1.09663,2250000,1000000
2021-09-03 12:32:23.918000,1.09666,1.09661,1120000,1000000
2021-09-03 12:32:24.020000,1.09667,1.09664,1250000,1000000
2021-09-03 12:32:24.071000,1.09669,1.09664,3000000,1000000
2021-09-03 12:32:24.325000,1.09669,1.09665,1120000,1000000
2021-09-03 12:32:24.427000,1.09671,1.09665,2820000,1000000
2021-09-03 12:32:24.529000,1.09669,1.09665,1250000,1000000
2021-09-03 12:32:25.203000,1.09668,1.09665,1000000,1000000
2021-09-03 12:32:25.406000,1.09669,1.09665,1990000,1000000
2021-09-03 12:32:26.232000,1.09669,1.09664,1240000,1000000
2021-09-03 12:32:26.485000,1.09669,1.09665,1240000,1000000
2021-09-03 12:32:27.278000,1.0967,1.09665,4840000,1000000
2021-09-03 12:32:27.430000,1.0967,1.09666,3570000,1000000
2021-09-03 12:32:27.935000,1.09669,1.09665,1000000,1000000
2021-09-03 12:32:28.037000,1.0967,1.09665,4840000,1000000
2021-09-03 12:32:28.189000,1.09669,1.09665,1000000,1000000
2021-09-03 12:32:28.290000,1.0967,1.09664,5590000,1000000
2021-09-03 12:32:28.391000,1.09669,1.09664,1120000,1000000
2021-09-03 12:32:28.543000,1.0967,1.09664,4840000,1000000
2021-09-03 12:32:28.645000,1.09669,1.09664,1500000,1000000
2021-09-03 12:32:28.797000,1.09669,1.09666,1120000,1000000
2021-09-03 12:32:28.898000,1.09669,1.09665,1120000,1000000
2021-09-03 12:32:29.353000,1.09669,1.09665,2000000,1000000
2021-09-03 12:32:29.860000,1.09669,1.09664,5000000,1000000
2021-09-03 12:32:30.063000,1.09664,1.09659,1000000,3120000
2021-09-03 12:32:30.165000,1.09664,1.09661,4500000,1000000
2021-09-03 12:32:30.266000,1.09664,1.09662,4120000,1000000
2021-09-03 12:32:31.531000,1.09666,1.09662,1120000,1000000
2021-09-03 12:32:31.683000,1.09667,1.09662,3000000,1000000
2021-09-03 12:32:32.995000,1.09667,1.09663,1800000,1200000
2021-09-03 12:32:33.148000,1.09667,1.09664,2250000,1000000
2021-09-03 12:32:33.453000,1.09669,1.09666,3870000,1000000
2021-09-03 12:32:33.505000,1.09667,1.09664,1500000,1000000
2021-09-03 12:32:33.607000,1.09668,1.09662,1000000,1390000
2021-09-03 12:32:33.658000,1.0967,1.09665,4620000,1000000
2021-09-03 12:32:33.861000,1.09667,1.09664,2250000,1000000
2021-09-03 12:32:34.014000,1.09667,1.09665,1500000,1000000
2021-09-03 12:32:34.115000,1.09668,1.09666,1120000,1000000
2021-09-03 12:32:34.998000,1.09667,1.09664,1500000,1000000
2021-09-03 12:32:35.150000,1.09669,1.09664,1500000,1000000
2021-09-03 12:32:36.553000,1.09664,1.09662,1000000,1000000
2021-09-03 12:32:36.656000,1.09664,1.09661,1000000,1000000
2021-09-03 12:32:36.809000,1.09666,1.09662,1500000,1000000
2021-09-03 12:32:37.115000,1.09667,1.09663,7250000,1000000
2021-09-03 12:32:37.421000,1.09668,1.09662,1500000,1000000
2021-09-03 12:32:39.804000,1.09666,1.09663,1000000,1500000
2021-09-03 12:32:39.907000,1.09665,1.09662,3870000,1000000
2021-09-03 12:32:40.586000,1.09665,1.09662,1000000,1500000
2021-09-03 12:32:40.688000,1.09666,1.09662,1120000,1500000
2021-09-03 12:32:40.791000,1.09667,1.09664,1000000,1000000
2021-09-03 12:32:41.045000,1.09668,1.09664,1120000,1000000
2021-09-03 12:32:41.912000,1.09668,1.09664,1500000,1500000
2021-09-03 12:32:43.041000,1.09669,1.09665,1000000,1000000
2021-09-03 12:32:43.143000,1.09672,1.0967,2250000,1000000
2021-09-03 12:32:43.245000,1.09675,1.0967,2750000,1000000
2021-09-03 12:32:43.348000,1.09673,1.09669,1120000,1000000
2021-09-03 12:32:43.450000,1.09672,1.09669,1120000,1000000
2021-09-03 12:32:43.552000,1.09672,1.09668,1120000,1000000
2021-09-03 12:32:43.653000,1.09674,1.09668,1500000,1000000
2021-09-03 12:32:43.754000,1.09672,1.09668,1000000,1000000
2021-09-03 12:32:43.805000,1.0967,1.09667,1000000,1000000
2021-09-03 12:32:43.959000,1.09671,1.09669,1500000,1000000
2021-09-03 12:32:44.062000,1.09675,1.0967,2000000,1000000
2021-09-03 12:32:44.164000,1.09674,1.09669,1620000,1950000
2021-09-03 12:32:44.266000,1.09673,1.09668,1000000,1000000
2021-09-03 12:32:44.369000,1.09673,1.09668,2190000,1000000
2021-09-03 12:32:44.471000,1.09671,1.09667,1120000,1200000
2021-09-03 12:32:44.522000,1.0967,1.09666,1520000,1000000
2021-09-03 12:32:44.624000,1.0967,1.09667,1600000,1000000
2021-09-03 12:32:44.726000,1.09671,1.09667,3020000,1690000
2021-09-03 12:32:44.929000,1.0967,1.09667,1500000,1500000
2021-09-03 12:32:45.234000,1.09672,1.09667,1120000,1690000
2021-09-03 12:32:45.436000,1.09673,1.09668,3390000,1000000
2021-09-03 12:32:45.538000,1.09673,1.09669,1000000,1000000
2021-09-03 12:32:45.639000,1.09674,1.09669,2070000,1000000
2021-09-03 12:32:46.415000,1.09674,1.0967,1700000,1000000
2021-09-03 12:32:46.466000,1.09666,1.09665,1000000,5250000
2021-09-03 12:32:46.517000,1.09662,1.09658,1620000,2620000
2021-09-03 12:32:46.619000,1.09664,1.0966,2250000,1000000
2021-09-03 12:32:46.670000,1.09662,1.09658,2000000,1500000
2021-09-03 12:32:46.771000,1.09659,1.09656,1100000,1000000
2021-09-03 12:32:46.873000,1.09661,1.09657,1120000,1000000
2021-09-03 12:32:46.975000,1.09663,1.09658,2250000,1000000
2021-09-03 12:32:47.228000,1.09659,1.09655,2440000,1000000
2021-09-03 12:32:47.330000,1.09657,1.09653,1200000,2700000
2021-09-03 12:32:47.432000,1.09658,1.09656,3830000,1000000
2021-09-03 12:32:47.482000,1.0966,1.09656,2140000,1000000
2021-09-03 12:32:47.635000,1.09659,1.09656,1000000,1000000
2021-09-03 12:32:47.686000,1.0966,1.09657,4650000,1000000
2021-09-03 12:32:47.991000,1.09659,1.09656,1100000,1000000
2021-09-03 12:32:48.093000,1.09659,1.09655,1100000,1000000
2021-09-03 12:32:48.442000,1.09655,1.09651,1970000,1500000
2021-09-03 12:32:48.545000,1.09652,1.09651,1000000,1000000
2021-09-03 12:32:48.596000,1.09654,1.09651,1500000,1000000
2021-09-03 12:32:48.698000,1.09656,1.09651,1500000,1000000
2021-09-03 12:32:48.902000,1.09656,1.09653,1000000,1000000
2021-09-03 12:32:49.004000,1.09656,1.09653,1000000,1000000
2021-09-03 12:32:49.910000,1.09654,1.09651,1000000,1000000
2021-09-03 12:32:50.168000,1.09653,1.09648,1500000,1000000
2021-09-03 12:32:50.641000,1.09653,1.09648,1970000,1000000
2021-09-03 12:32:50.742000,1.09653,1.09647,1100000,1000000
2021-09-03 12:32:51.848000,1.09651,1.09647,1570000,1000000
2021-09-03 12:32:52.455000,1.09651,1.09647,3200000,1000000
2021-09-03 12:32:52.556000,1.09651,1.09648,1000000,2700000
2021-09-03 12:32:52.658000,1.09652,1.09648,1120000,2700000
2021-09-03 12:32:52.709000,1.09653,1.0965,2320000,1000000
2021-09-03 12:32:52.760000,1.09653,1.09648,2320000,1500000
2021-09-03 12:32:52.861000,1.09653,1.09648,2070000,1000000
2021-09-03 12:32:52.962000,1.09651,1.09648,1000000,1500000
2021-09-03 12:32:53.064000,1.09647,1.09644,1200000,1000000
2021-09-03 12:32:53.115000,1.09646,1.09642,5820000,1950000
2021-09-03 12:32:53.216000,1.09645,1.09642,3000000,1000000
2021-09-03 12:32:53.267000,1.09645,1.09641,2250000,1000000
2021-09-03 12:32:53.419000,1.09645,1.09641,3120000,1000000
2021-09-03 12:32:53.773000,1.09644,1.0964,1500000,1000000
2021-09-03 12:32:54.078000,1.09645,1.0964,2620000,1000000
2021-09-03 12:32:54.181000,1.09646,1.09642,2750000,1000000
2021-09-03 12:32:54.283000,1.09646,1.09641,1500000,1000000
2021-09-03 12:32:54.993000,1.09645,1.09641,2750000,1000000
2021-09-03 12:32:56.026000,1.09645,1.0964,4620000,1000000
2021-09-03 12:32:57.448000,1.09646,1.09641,2000000,1000000
2021-09-03 12:32:57.550000,1.09646,1.09641,1870000,1000000
2021-09-03 12:32:58.111000,1.09647,1.09641,2370000,1950000
2021-09-03 12:32:58.882000,1.09647,1.09642,2370000,1000000
2021-09-03 12:32:59.154000,1.09648,1.09644,1820000,1000000
2021-09-03 12:32:59.255000,1.09648,1.09644,1000000,1000000
2021-09-03 12:32:59.357000,1.09649,1.09644,1120000,2890000
2021-09-03 12:32:59.459000,1.09647,1.09644,1000000,1200000
2021-09-03 12:32:59.560000,1.09647,1.09642,2000000,1950000
2021-09-03 12:32:59.814000,1.09647,1.09642,1500000,1000000
2021-09-03 12:32:59.967000,1.09646,1.09642,1120000,2700000
2021-09-03 12:33:00.068000,1.09647,1.09642,2250000,2320000
2021-09-03 12:33:00.170000,1.09645,1.0964,1120000,1950000
2021-09-03 12:33:00.273000,1.09638,1.09637,1120000,1260000
2021-09-03 12:33:00.374000,1.09639,1.09635,2250000,1200000
2021-09-03 12:33:00.425000,1.09637,1.09634,1000000,1000000
2021-09-03 12:33:00.476000,1.09634,1.09631,1000000,1200000
2021-09-03 12:33:00.578000,1.09633,1.09629,1500000,1000000
2021-09-03 12:33:00.680000,1.0963,1.09628,1000000,1200000
2021-09-03 12:33:00.731000,1.09632,1.0963,1500000,1250000
2021-09-03 12:33:00.782000,1.09634,1.09632,3000000,1500000
2021-09-03 12:33:00.884000,1.09639,1.09634,1870000,1250000
2021-09-03 12:33:00.935000,1.0964,1.09637,4250000,1250000
2021-09-03 12:33:01.038000,1.09644,1.09641,1000000,1750000
2021-09-03 12:33:01.090000,1.09645,1.09643,1000000,1000000
2021-09-03 12:33:01.207000,1.09645,1.09642,1000000,1000000
2021-09-03 12:33:01.258000,1.09643,1.09641,1000000,1500000
2021-09-03 12:33:01.512000,1.09643,1.0964,1000000,1500000
2021-09-03 12:33:01.614000,1.09645,1.09641,1500000,1000000
2021-09-03 12:33:01.715000,1.09647,1.09642,1000000,2700000
2021-09-03 12:33:01.816000,1.09646,1.0964,2620000,1500000
2021-09-03 12:33:02.070000,1.09645,1.0964,1120000,1000000
2021-09-03 12:33:02.172000,1.09646,1.09641,5030000,1000000
2021-09-03 12:33:02.273000,1.09645,1.0964,1120000,1000000
2021-09-03 12:33:02.374000,1.09646,1.09641,4030000,1000000
2021-09-03 12:33:02.844000,1.09645,1.0964,3500000,1000000
