time,ask,bid,ask_volume,bid_volume
2017-06-07 14:25:00.475000,1.09453,1.09451,1000000,2620000
2017-06-07 14:25:00.527000,1.09455,1.09452,2060000,1870000
2017-06-07 14:25:00.732000,1.09456,1.09452,3560000,2250000
2017-06-07 14:25:01.244000,1.09456,1.09453,2440000,1500000
2017-06-07 14:25:01.778000,1.09456,1.09453,1310000,1870000
2017-06-07 14:25:02.413000,1.09457,1.09454,3000000,2060000
2017-06-07 14:25:02.733000,1.09459,1.09456,2060000,1370000
2017-06-07 14:25:03.041000,1.09458,1.09454,3370000,1370000
2017-06-07 14:25:03.679000,1.09457,1.09453,2810000,1870000
2017-06-07 14:25:04.005000,1.09453,1.09451,1870000,4120000
2017-06-07 14:25:04.549000,1.09452,1.0945,1120000,1120000
2017-06-07 14:25:06.068000,1.09452,1.09449,1870000,2250000
2017-06-07 14:25:10.788000,1.09452,1.0945,1120000,1120000
2017-06-07 14:25:11.323000,1.09452,1.0945,2810000,1000000
2017-06-07 14:25:11.426000,1.09452,1.09448,6190000,1870000
2017-06-07 14:25:11.968000,1.09451,1.09448,1870000,1120000
2017-06-07 14:25:12.539000,1.09451,1.09448,1870000,1370000
2017-06-07 14:25:13.101000,1.09448,1.09447,1250000,1000000
2017-06-07 14:25:13.204000,1.09446,1.09444,1870000,1000000
2017-06-07 14:25:13.367000,1.09444,1.09441,1000000,4120000
2017-06-07 14:25:13.419000,1.09443,1.0944,1370000,2250000
2017-06-07 14:25:13.973000,1.09442,1.0944,1330000,1500000
2017-06-07 14:25:16.825000,1.09442,1.09439,2870000,2620000
2017-06-07 14:25:17.134000,1.09441,1.09438,4310000,1000000
2017-06-07 14:25:17.350000,1.09441,1.0944,1250000,1000000
2017-06-07 14:25:17.403000,1.09443,1.09441,1000000,1000000
2017-06-07 14:25:18.213000,1.09444,1.09441,1500000,3370000
2017-06-07 14:25:18.560000,1.09446,1.09443,2810000,1500000
2017-06-07 14:25:19.073000,1.09446,1.09443,1690000,1500000
2017-06-07 14:25:19.176000,1.09445,1.09442,1310000,2620000
2017-06-07 14:25:21.142000,1.09445,1.09441,2060000,2620000
2017-06-07 14:25:21.544000,1.09443,1.0944,1310000,1870000
2017-06-07 14:25:22.053000,1.09442,1.0944,1000000,1870000
2017-06-07 14:25:23.154000,1.09443,1.0944,2440000,1870000
2017-06-07 14:25:23.660000,1.09443,1.0944,1310000,2250000
2017-06-07 14:25:26.743000,1.09443,1.0944,1690000,1370000
2017-06-07 14:25:27.283000,1.09442,1.0944,1000000,2250000
2017-06-07 14:25:28.244000,1.09442,1.0944,3560000,1120000
2017-06-07 14:25:28.296000,1.0944,1.09437,2060000,6750000
2017-06-07 14:25:28.835000,1.09439,1.09436,1120000,2250000
2017-06-07 14:25:29.941000,1.09438,1.09435,1870000,2620000
2017-06-07 14:25:29.993000,1.09438,1.09435,2620000,2400000
2017-06-07 14:25:30.541000,1.09438,1.09435,1500000,2620000
2017-06-07 14:25:32.029000,1.09439,1.09436,1370000,1120000
2017-06-07 14:25:32.235000,1.0944,1.09437,1120000,1500000
2017-06-07 14:25:32.339000,1.09441,1.09437,1690000,2990000
2017-06-07 14:25:32.800000,1.09441,1.09437,1690000,2620000
2017-06-07 14:25:33.216000,1.09439,1.09436,1690000,1870000
2017-06-07 14:25:33.748000,1.09437,1.09435,1000000,2020000
2017-06-07 14:25:34.416000,1.09437,1.09435,1120000,1870000
2017-06-07 14:25:35.813000,1.0944,1.09437,7500000,3000000
2017-06-07 14:25:36.054000,1.09443,1.0944,2060000,2620000
2017-06-07 14:25:36.632000,1.09442,1.09441,1000000,1500000
2017-06-07 14:25:37.148000,1.09445,1.09442,1120000,1870000
2017-06-07 14:25:37.672000,1.09446,1.09443,3190000,1500000
2017-06-07 14:25:39.345000,1.09446,1.09443,1500000,2250000
2017-06-07 14:25:40.809000,1.09446,1.09443,2250000,1370000
2017-06-07 14:25:41.166000,1.09444,1.09442,1500000,1120000
2017-06-07 14:25:41.785000,1.09444,1.09442,1120000,1370000
2017-06-07 14:25:43.096000,1.09446,1.09443,1620000,1500000
2017-06-07 14:25:44.033000,1.09446,1.09444,1310000,1000000
2017-06-07 14:25:44.544000,1.09446,1.09444,1120000,1500000
2017-06-07 14:25:45.088000,1.09447,1.09444,1120000,2620000
2017-06-07 14:25:46.080000,1.09447,1.09444,1870000,1870000
2017-06-07 14:25:47.930000,1.09447,1.09444,1870000,1870000
2017-06-07 14:25:48.458000,1.09447,1.09446,1120000,1120000
2017-06-07 14:25:48.992000,1.09449,1.09447,1370000,1000000
2017-06-07 14:25:50.431000,1.0945,1.09448,1760000,1000000
2017-06-07 14:25:50.942000,1.09451,1.09448,1690000,1500000
2017-06-07 14:25:51.491000,1.0945,1.09448,1120000,1370000
2017-06-07 14:25:52.047000,1.0945,1.09448,1120000,1120000
2017-06-07 14:25:52.559000,1.09451,1.09449,1760000,1120000
2017-06-07 14:25:53.452000,1.0945,1.09447,1250000,3000000
2017-06-07 14:25:53.970000,1.0945,1.09447,1760000,1870000
2017-06-07 14:25:54.277000,1.09449,1.09446,1390000,1120000
2017-06-07 14:25:54.886000,1.09449,1.09446,2510000,1000000
2017-06-07 14:25:57.919000,1.09449,1.09445,4010000,2620000
2017-06-07 14:25:58.671000,1.09447,1.09444,1120000,2250000
2017-06-07 14:25:58.774000,1.09446,1.09444,1120000,1000000
2017-06-07 14:25:58.826000,1.09445,1.09443,2060000,1120000
2017-06-07 14:25:58.980000,1.09444,1.09442,3370000,1000000
2017-06-07 14:25:59.535000,1.09442,1.09439,1120000,3000000
2017-06-07 14:26:00.261000,1.09443,1.0944,1390000,1120000
2017-06-07 14:26:00.774000,1.09443,1.0944,1620000,1870000
2017-06-07 14:26:01.294000,1.09444,1.0944,2890000,2620000
2017-06-07 14:26:01.952000,1.09444,1.09441,1560000,1370000
2017-06-07 14:26:04.556000,1.09445,1.09442,5060000,1000000
2017-06-07 14:26:05.088000,1.09445,1.09441,3190000,3750000
2017-06-07 14:26:05.393000,1.09443,1.0944,1310000,1870000
2017-06-07 14:26:07.591000,1.09444,1.0944,2440000,2620000
2017-06-07 14:26:09.056000,1.0944,1.09439,1000000,1870000
2017-06-07 14:26:09.159000,1.09439,1.09437,1120000,1370000
2017-06-07 14:26:09.624000,1.09437,1.09434,1500000,2250000
2017-06-07 14:26:09.778000,1.09433,1.0943,1500000,1500000
2017-06-07 14:26:10.387000,1.09434,1.09432,2120000,3000000
2017-06-07 14:26:10.489000,1.09436,1.09433,1000000,3000000
2017-06-07 14:26:11.198000,1.09436,1.09433,1120000,1000000
2017-06-07 14:26:13.242000,1.09436,1.09433,1870000,2060000
2017-06-07 14:26:14.402000,1.09436,1.09433,1120000,3190000
2017-06-07 14:26:14.923000,1.09437,1.09434,1120000,1870000
2017-06-07 14:26:15.178000,1.09435,1.09433,1000000,2060000
2017-06-07 14:26:15.332000,1.09432,1.09429,1870000,2810000
2017-06-07 14:26:16.746000,1.09432,1.09429,1870000,2060000
2017-06-07 14:26:17.411000,1.09432,1.09429,1870000,2060000
2017-06-07 14:26:20.471000,1.09433,1.09431,1500000,1370000
2017-06-07 14:26:21.138000,1.09433,1.09431,2250000,1870000
2017-06-07 14:26:21.726000,1.09433,1.09431,1500000,1870000
2017-06-07 14:26:22.251000,1.09433,1.0943,1500000,2810000
2017-06-07 14:26:24.417000,1.09433,1.0943,1500000,2810000
2017-06-07 14:26:25.166000,1.09433,1.0943,2250000,1620000
2017-06-07 14:26:25.673000,1.09431,1.0943,1000000,1870000
2017-06-07 14:26:26.209000,1.09431,1.09429,1000000,1690000
2017-06-07 14:26:27.801000,1.09432,1.09429,1120000,2060000
2017-06-07 14:26:28.209000,1.09432,1.09429,1240000,3190000
2017-06-07 14:26:28.796000,1.09434,1.09431,1000000,2440000
2017-06-07 14:26:28.848000,1.09435,1.09433,1000000,3190000
2017-06-07 14:26:29.156000,1.09438,1.09434,2620000,3190000
2017-06-07 14:26:30.621000,1.09438,1.09435,1500000,2440000
2017-06-07 14:26:31.225000,1.09439,1.09435,2250000,3940000
2017-06-07 14:26:34.162000,1.09439,1.09436,1500000,1870000
2017-06-07 14:26:37.615000,1.09438,1.09435,1120000,2060000
2017-06-07 14:26:38.274000,1.09437,1.09435,1120000,1250000
2017-06-07 14:26:38.634000,1.09434,1.09433,1120000,1000000
2017-06-07 14:26:38.787000,1.09433,1.0943,1870000,2060000
2017-06-07 14:26:39.288000,1.09432,1.0943,1000000,2060000
2017-06-07 14:26:40.802000,1.09432,1.0943,1120000,1310000
2017-06-07 14:26:41.552000,1.0943,1.09429,1000000,1500000
2017-06-07 14:26:41.686000,1.0943,1.09428,1120000,1000000
2017-06-07 14:26:41.841000,1.09432,1.09429,4120000,3190000
2017-06-07 14:26:42.351000,1.09432,1.09429,1870000,2060000
2017-06-07 14:26:44.732000,1.09432,1.09429,1870000,2060000
2017-06-07 14:26:45.309000,1.09432,1.09429,1870000,2060000
2017-06-07 14:26:45.849000,1.0943,1.09428,1120000,2620000
2017-06-07 14:26:45.900000,1.09428,1.09426,1120000,1560000
2017-06-07 14:26:46.413000,1.09428,1.09425,1120000,1690000
2017-06-07 14:26:46.953000,1.09428,1.09426,1120000,1310000
2017-06-07 14:26:47.609000,1.09428,1.09426,1120000,1620000
2017-06-07 14:26:48.266000,1.09429,1.09428,1000000,1500000
2017-06-07 14:26:48.317000,1.09431,1.0943,1500000,1000000
2017-06-07 14:26:48.726000,1.09432,1.0943,1500000,1120000
2017-06-07 14:26:49.610000,1.09432,1.0943,1120000,1370000
2017-06-07 14:26:52.506000,1.09434,1.09433,2620000,1000000
2017-06-07 14:26:52.645000,1.09436,1.09434,1950000,1000000
2017-06-07 14:26:53.112000,1.09437,1.09436,2620000,1000000
2017-06-07 14:26:53.632000,1.09438,1.09436,3000000,1120000
2017-06-07 14:26:54.177000,1.09439,1.09437,1000000,3750000
2017-06-07 14:26:54.281000,1.0944,1.09437,1500000,3000000
2017-06-07 14:26:54.923000,1.0944,1.09437,1500000,2250000
2017-06-07 14:26:56.657000,1.0944,1.09438,3000000,1000000
2017-06-07 14:26:58.801000,1.0944,1.09437,1500000,3000000
2017-06-07 14:26:59.344000,1.0944,1.09437,1500000,3000000
2017-06-07 14:26:59.905000,1.0944,1.09438,1120000,1000000
2017-06-07 14:27:01.508000,1.0944,1.09437,3750000,2250000
2017-06-07 14:27:02.064000,1.09441,1.09438,2250000,3750000
2017-06-07 14:27:02.950000,1.09441,1.0944,1500000,1310000
2017-06-07 14:27:03.207000,1.09444,1.09442,1120000,1310000
2017-06-07 14:27:04.006000,1.09445,1.09442,1120000,3560000
2017-06-07 14:27:04.109000,1.09447,1.09445,1870000,1000000
2017-06-07 14:27:04.365000,1.09449,1.09448,1500000,1000000
2017-06-07 14:27:04.518000,1.09451,1.0945,1120000,1000000
2017-06-07 14:27:05.164000,1.09453,1.09451,1500000,1250000
2017-06-07 14:27:05.575000,1.09455,1.09454,1000000,1120000
2017-06-07 14:27:05.934000,1.09452,1.0945,2250000,1870000
2017-06-07 14:27:06.435000,1.09451,1.0945,1000000,1500000
2017-06-07 14:27:07.140000,1.0945,1.09449,1000000,1000000
2017-06-07 14:27:07.330000,1.0945,1.09448,1870000,1500000
2017-06-07 14:27:07.862000,1.09449,1.09448,1000000,1120000
2017-06-07 14:27:08.674000,1.09449,1.09447,1500000,1120000
2017-06-07 14:27:09.186000,1.0945,1.09447,1310000,4120000
2017-06-07 14:27:12.150000,1.09451,1.09448,1690000,1500000
2017-06-07 14:27:12.711000,1.09451,1.09448,1690000,1500000
2017-06-07 14:27:13.357000,1.09451,1.09448,1310000,3370000
2017-06-07 14:27:16.174000,1.09451,1.09449,2060000,1000000
2017-06-07 14:27:16.276000,1.09451,1.09448,3190000,1870000
2017-06-07 14:27:17.153000,1.0945,1.09448,1690000,1120000
2017-06-07 14:27:17.307000,1.09451,1.09448,1250000,2250000
2017-06-07 14:27:17.670000,1.09451,1.09448,1250000,3750000
2017-06-07 14:27:20.225000,1.09447,1.09446,1000000,10870000
2017-06-07 14:27:20.380000,1.09445,1.09443,1000000,1370000
2017-06-07 14:27:20.585000,1.09444,1.09441,1620000,1870000
2017-06-07 14:27:21.129000,1.09444,1.09441,1620000,1500000
2017-06-07 14:27:21.695000,1.09444,1.09441,1310000,1500000
2017-06-07 14:27:22.207000,1.09444,1.09442,1870000,1500000
2017-06-07 14:27:22.718000,1.09444,1.09442,1000000,3370000
2017-06-07 14:27:24.070000,1.09446,1.09442,2810000,4120000
2017-06-07 14:27:24.589000,1.09446,1.09442,2810000,3750000
2017-06-07 14:27:25.113000,1.09446,1.09443,2810000,1500000
2017-06-07 14:27:25.658000,1.09446,1.09442,2810000,3000000
2017-06-07 14:27:28.050000,1.09445,1.09443,1500000,1000000
2017-06-07 14:27:28.663000,1.09444,1.09443,1000000,1000000
2017-06-07 14:27:28.766000,1.09444,1.09441,1870000,1500000
2017-06-07 14:27:29.283000,1.09442,1.09441,1000000,1000000
2017-06-07 14:27:30.200000,1.09443,1.09441,1120000,1000000
2017-06-07 14:27:30.729000,1.09441,1.0944,1250000,1500000
2017-06-07 14:27:30.832000,1.09439,1.09437,1000000,1370000
2017-06-07 14:27:31.383000,1.09439,1.09436,1500000,1870000
2017-06-07 14:27:32.036000,1.09439,1.09436,5440000,1870000
2017-06-07 14:27:32.190000,1.09437,1.09435,1500000,1120000
2017-06-07 14:27:35.661000,1.09437,1.09435,1000000,3750000
2017-06-07 14:27:36.195000,1.09437,1.09435,1000000,3370000
2017-06-07 14:27:36.297000,1.09439,1.09436,1500000,1870000
2017-06-07 14:27:36.811000,1.09439,1.09436,1500000,3000000
2017-06-07 14:27:37.345000,1.0944,1.09436,1500000,3940000
2017-06-07 14:27:38.286000,1.0944,1.09437,1870000,1870000
2017-06-07 14:27:40.547000,1.0944,1.09438,1000000,2250000
2017-06-07 14:27:40.598000,1.09442,1.0944,1310000,1000000
2017-06-07 14:27:41.626000,1.09442,1.0944,1120000,1870000
2017-06-07 14:27:42.725000,1.09444,1.09442,1120000,1000000
2017-06-07 14:27:43.960000,1.09444,1.09442,1370000,1000000
2017-06-07 14:27:44.485000,1.09443,1.0944,1370000,1620000
2017-06-07 14:27:47.436000,1.09441,1.09439,1190000,3370000
2017-06-07 14:27:47.641000,1.09438,1.09436,1120000,1370000
2017-06-07 14:27:48.208000,1.09437,1.09436,1000000,1000000
2017-06-07 14:27:48.545000,1.09436,1.09434,1120000,1000000
2017-06-07 14:27:52.025000,1.09435,1.09433,1000000,2250000
2017-06-07 14:27:52.753000,1.09436,1.09432,2440000,3000000
2017-06-07 14:27:53.301000,1.09436,1.09433,2440000,1500000
2017-06-07 14:27:55.776000,1.09437,1.09433,3190000,1870000
2017-06-07 14:27:57.438000,1.09437,1.09435,3190000,1120000
2017-06-07 14:27:57.968000,1.09436,1.09435,1120000,1120000
2017-06-07 14:27:59.188000,1.09436,1.09434,1120000,1120000
2017-06-07 14:27:59.932000,1.09436,1.09435,1120000,1120000
2017-06-07 14:28:00.922000,1.09435,1.09432,1120000,2060000
2017-06-07 14:28:01.227000,1.09435,1.09433,1720000,1120000
2017-06-07 14:28:01.741000,1.09435,1.09433,1720000,1120000
2017-06-07 14:28:02.109000,1.09436,1.09434,3000000,1120000
2017-06-07 14:28:02.417000,1.09435,1.09432,1500000,1500000
2017-06-07 14:28:02.813000,1.0943,1.09429,4500000,1120000
2017-06-07 14:28:02.864000,1.09429,1.09427,1120000,1120000
2017-06-07 14:28:03.119000,1.09427,1.09424,1120000,2440000
2017-06-07 14:28:04.158000,1.09427,1.09424,2620000,1250000
2017-06-07 14:28:06.147000,1.09427,1.09425,1870000,1000000
2017-06-07 14:28:06.199000,1.09431,1.09428,4870000,1000000
2017-06-07 14:28:06.397000,1.09432,1.0943,3000000,1500000
2017-06-07 14:28:08.399000,1.09432,1.0943,3000000,1120000
2017-06-07 14:28:08.959000,1.09431,1.09429,3370000,1120000
2017-06-07 14:28:09.553000,1.09431,1.09429,3370000,1120000
2017-06-07 14:28:09.655000,1.0943,1.09427,6370000,1120000
2017-06-07 14:28:10.167000,1.09429,1.09426,1870000,1310000
2017-06-07 14:28:10.676000,1.09429,1.09427,1000000,1500000
2017-06-07 14:28:11.188000,1.09429,1.09428,1000000,1120000
2017-06-07 14:28:11.393000,1.09428,1.09426,1370000,1120000
2017-06-07 14:28:11.922000,1.09428,1.09425,1500000,1690000
2017-06-07 14:28:12.509000,1.09428,1.09426,1500000,1000000
2017-06-07 14:28:21.861000,1.09425,1.09424,1500000,2060000
2017-06-07 14:28:21.964000,1.09423,1.09422,1120000,1000000
2017-06-07 14:28:22.898000,1.09425,1.09423,1500000,1000000
2017-06-07 14:28:24.123000,1.09425,1.09423,2250000,1870000
2017-06-07 14:28:25.434000,1.09425,1.09424,1000000,1120000
2017-06-07 14:28:25.846000,1.09427,1.09425,3000000,1120000
2017-06-07 14:28:26.279000,1.09427,1.09424,3370000,1500000
2017-06-07 14:28:26.790000,1.09427,1.09425,3370000,1120000
2017-06-07 14:28:27.344000,1.09427,1.09425,3370000,1120000
2017-06-07 14:28:27.860000,1.09427,1.09425,3000000,1120000
2017-06-07 14:28:33.537000,1.09428,1.09426,1930000,3410000
2017-06-07 14:28:33.640000,1.0943,1.09427,1500000,2060000
2017-06-07 14:28:34.145000,1.09431,1.09429,2250000,1120000
2017-06-07 14:28:34.498000,1.09432,1.0943,1870000,1500000
2017-06-07 14:28:36.250000,1.0943,1.09429,1000000,3750000
2017-06-07 14:28:36.405000,1.09429,1.09427,1120000,1620000
2017-06-07 14:28:36.681000,1.09432,1.09429,5250000,1500000
2017-06-07 14:28:37.040000,1.09432,1.0943,1870000,1120000
2017-06-07 14:28:37.453000,1.09428,1.09427,1120000,7870000
2017-06-07 14:28:37.505000,1.09426,1.09424,1120000,1690000
2017-06-07 14:28:38.056000,1.09427,1.09425,2250000,1120000
2017-06-07 14:28:38.670000,1.09426,1.09424,1500000,1120000
2017-06-07 14:28:39.221000,1.09426,1.09424,1500000,1120000
2017-06-07 14:28:40.445000,1.09426,1.09424,1500000,1120000
2017-06-07 14:28:40.983000,1.09426,1.09424,1000000,1500000
2017-06-07 14:28:41.504000,1.09426,1.09425,1000000,1120000
2017-06-07 14:28:43.086000,1.09425,1.09424,1000000,1500000
2017-06-07 14:28:45.955000,1.09425,1.09424,1000000,1500000
2017-06-07 14:28:46.480000,1.09426,1.09424,1500000,1120000
2017-06-07 14:28:47.274000,1.09426,1.09425,1120000,1120000
2017-06-07 14:28:47.831000,1.09425,1.09423,1120000,1500000
2017-06-07 14:28:47.883000,1.09424,1.09421,3370000,1310000
2017-06-07 14:28:48.434000,1.09423,1.09421,1000000,1310000
2017-06-07 14:28:48.978000,1.09421,1.0942,1000000,1120000
2017-06-07 14:28:49.437000,1.09419,1.09417,1000000,3000000
2017-06-07 14:28:49.743000,1.09417,1.09416,1000000,1690000
2017-06-07 14:28:50.305000,1.09418,1.09415,1370000,2060000
2017-06-07 14:28:50.829000,1.09418,1.09416,1370000,1120000
2017-06-07 14:28:54.948000,1.09419,1.09416,2250000,3190000
2017-06-07 14:28:54.999000,1.09419,1.09417,1500000,1500000
2017-06-07 14:28:55.325000,1.09421,1.09419,1000000,1620000
2017-06-07 14:29:00.129000,1.09422,1.09419,2250000,2060000
2017-06-07 14:29:01.252000,1.09422,1.09419,2250000,1620000
2017-06-07 14:29:04.348000,1.09422,1.0942,2250000,1120000
2017-06-07 14:29:04.859000,1.09422,1.0942,2250000,1370000
2017-06-07 14:29:05.441000,1.09423,1.09422,1500000,1120000
2017-06-07 14:29:05.958000,1.09424,1.09422,2620000,1000000
2017-06-07 14:29:06.486000,1.09424,1.0942,3000000,2810000
2017-06-07 14:29:10.153000,1.09422,1.0942,1120000,1870000
2017-06-07 14:29:10.670000,1.09422,1.0942,1120000,1870000
2017-06-07 14:29:11.209000,1.09423,1.0942,1120000,2620000
2017-06-07 14:29:12,1.09424,1.09421,2250000,2250000
2017-06-07 14:29:12.966000,1.09424,1.09421,2440000,1500000
2017-06-07 14:29:15.202000,1.09423,1.0942,2250000,1500000
2017-06-07 14:29:15.775000,1.09422,1.0942,1120000,1500000
2017-06-07 14:29:16.754000,1.09422,1.09419,2250000,1500000
2017-06-07 14:29:17.806000,1.09422,1.09419,2250000,1500000
2017-06-07 14:29:18.810000,1.09422,1.09419,2250000,2250000
2017-06-07 14:29:19.815000,1.09422,1.09419,2250000,1500000
2017-06-07 14:29:20.791000,1.09422,1.09419,2250000,2250000
2017-06-07 14:29:21.363000,1.09422,1.0942,2250000,1120000
2017-06-07 14:29:21.873000,1.09422,1.09419,2250000,2620000
2017-06-07 14:29:24.714000,1.09423,1.09421,1000000,1500000
2017-06-07 14:29:26.602000,1.09421,1.09419,2620000,1000000
2017-06-07 14:29:26.903000,1.0942,1.09418,1870000,1120000
2017-06-07 14:29:28.991000,1.0942,1.09418,1120000,1620000
2017-06-07 14:29:30.315000,1.0942,1.09418,1120000,2060000
2017-06-07 14:29:33.675000,1.0942,1.09418,1370000,1120000
2017-06-07 14:29:34.076000,1.09421,1.09418,1000000,4690000
2017-06-07 14:29:34.589000,1.09422,1.09419,1000000,2810000
2017-06-07 14:29:35.113000,1.09422,1.09419,1870000,1690000
2017-06-07 14:29:35.709000,1.09422,1.09419,1870000,1690000
2017-06-07 14:29:36.210000,1.09422,1.09419,1870000,2440000
2017-06-07 14:29:36.537000,1.0942,1.09417,2250000,1120000
2017-06-07 14:29:37.351000,1.09418,1.09417,1120000,1000000
2017-06-07 14:29:37.866000,1.0942,1.09417,2250000,1000000
2017-06-07 14:29:38.676000,1.0942,1.09417,1690000,2250000
2017-06-07 14:29:39.237000,1.09421,1.09418,3190000,1120000
2017-06-07 14:29:39.393000,1.09423,1.0942,2060000,1500000
2017-06-07 14:29:39.786000,1.09423,1.0942,2060000,1500000
2017-06-07 14:29:40.262000,1.09426,1.09424,1620000,1120000
2017-06-07 14:29:40.519000,1.09428,1.09425,1500000,2250000
2017-06-07 14:29:41.091000,1.09429,1.09425,2060000,3370000
2017-06-07 14:29:41.602000,1.09429,1.09426,4690000,1000000
2017-06-07 14:29:43.382000,1.09428,1.09424,2060000,2620000
2017-06-07 14:29:43.688000,1.09426,1.09424,1120000,1000000
2017-06-07 14:29:45.782000,1.09427,1.09423,3940000,1870000
2017-06-07 14:29:46.532000,1.09427,1.09423,2440000,1870000
2017-06-07 14:29:47.939000,1.09426,1.09424,1310000,1000000
2017-06-07 14:29:49.016000,1.09426,1.09423,2440000,1500000
2017-06-07 14:29:49.589000,1.09425,1.09423,1000000,1500000
2017-06-07 14:29:49.641000,1.09424,1.09422,1120000,1000000
2017-06-07 14:29:50.152000,1.09425,1.09421,2440000,2620000
2017-06-07 14:29:50.693000,1.09426,1.09422,2440000,2620000
2017-06-07 14:29:51.210000,1.09426,1.09424,1000000,1000000
2017-06-07 14:29:51.731000,1.09426,1.09423,1500000,1000000
2017-06-07 14:29:52.122000,1.09424,1.09421,4120000,1120000
2017-06-07 14:29:52.225000,1.09424,1.09419,7950000,1620000
2017-06-07 14:29:54.036000,1.09422,1.09419,1500000,1000000
2017-06-07 14:29:54.540000,1.09422,1.09418,4000000,1500000
2017-06-07 14:29:56.831000,1.09421,1.09418,1500000,1000000
2017-06-07 14:29:57.811000,1.09421,1.09417,2250000,2810000
2017-06-07 14:29:58.269000,1.09419,1.09417,1370000,1250000
2017-06-07 14:29:58.371000,1.09418,1.09415,1370000,1690000
2017-06-07 14:29:58.881000,1.09417,1.09415,1120000,1000000
2017-06-07 14:29:59.149000,1.09419,1.09416,2320000,2060000
2017-06-07 14:29:59.496000,1.0942,1.09417,1000000,2620000
2017-06-07 14:29:59.653000,1.09422,1.09419,1000000,2060000
2017-06-07 14:29:59.808000,1.09423,1.0942,1120000,2060000
2017-06-07 14:30:00.321000,1.09422,1.09418,1500000,1500000
2017-06-07 14:30:00.374000,1.09419,1.09416,40540001,1870000
2017-06-07 14:30:00.439000,1.09408,1.09407,1200000,4120000
2017-06-07 14:30:00.491000,1.09408,1.09405,1370000,1310000
2017-06-07 14:30:00.597000,1.09409,1.09408,1870000,1000000
2017-06-07 14:30:00.659000,1.09409,1.09407,1870000,1000000
2017-06-07 14:30:01.310000,1.09409,1.09406,1370000,1570000
2017-06-07 14:30:01.818000,1.09409,1.09406,1120000,2920000
2017-06-07 14:30:01.875000,1.09409,1.09406,5620000,1120000
2017-06-07 14:30:02.184000,1.09406,1.09405,1500000,1310000
2017-06-07 14:30:02.498000,1.09408,1.09405,1300000,2810000
2017-06-07 14:30:02.836000,1.09406,1.09405,1870000,1100000
2017-06-07 14:30:02.985000,1.09409,1.09406,1370000,1690000
2017-06-07 14:30:03.500000,1.0941,1.09407,2250000,1250000
2017-06-07 14:30:04.019000,1.09412,1.09407,4090000,6940000
2017-06-07 14:30:04.640000,1.09411,1.09408,1120000,1000000
2017-06-07 14:30:05.499000,1.0941,1.09407,1270000,1620000
2017-06-07 14:30:06.091000,1.0941,1.09406,1230000,3940000
2017-06-07 14:30:06.396000,1.09408,1.09405,1650000,1620000
2017-06-07 14:30:06.756000,1.09409,1.09406,6370000,1560000
2017-06-07 14:30:06.859000,1.0941,1.09408,1120000,1690000
2017-06-07 14:30:07.015000,1.09412,1.09408,6000000,4310000
2017-06-07 14:30:07.480000,1.09412,1.09408,8440000,1870000
2017-06-07 14:30:08.033000,1.0941,1.09407,1120000,1620000
2017-06-07 14:30:09.255000,1.09411,1.09408,1000000,1500000
2017-06-07 14:30:09.748000,1.0941,1.09407,1000000,1690000
2017-06-07 14:30:10.364000,1.0941,1.09407,1000000,2250000
2017-06-07 14:30:11.330000,1.09411,1.09408,1000000,1690000
2017-06-07 14:30:11.383000,1.0941,1.09408,1370000,1870000
2017-06-07 14:30:11.886000,1.0941,1.09407,1120000,5060000
2017-06-07 14:30:12.650000,1.09411,1.09408,1000000,5440000
2017-06-07 14:30:14.318000,1.09411,1.09409,1120000,2250000
2017-06-07 14:30:15.147000,1.09413,1.0941,1870000,2440000
2017-06-07 14:30:15.623000,1.09411,1.09409,1370000,4310000
2017-06-07 14:30:16.086000,1.09414,1.09411,1370000,2060000
2017-06-07 14:30:16.273000,1.09416,1.09412,2250000,6190000
2017-06-07 14:30:17.170000,1.09416,1.09413,1870000,2060000
2017-06-07 14:30:17.762000,1.09416,1.09413,1870000,2060000
2017-06-07 14:30:17.915000,1.09412,1.09411,2850000,1120000
2017-06-07 14:30:18.222000,1.09409,1.09407,1120000,1310000
2017-06-07 14:30:18.823000,1.0941,1.09407,1120000,6190000
2017-06-07 14:30:18.976000,1.09412,1.09409,1370000,1620000
2017-06-07 14:30:19.318000,1.0941,1.09408,1120000,1250000
2017-06-07 14:30:19.731000,1.09411,1.0941,1000000,1250000
2017-06-07 14:30:20.261000,1.09411,1.09408,1160000,7310000
2017-06-07 14:30:22.392000,1.09412,1.09409,1530000,4310000
2017-06-07 14:30:22.964000,1.09412,1.09408,1530000,7310000
2017-06-07 14:30:23.313000,1.09412,1.09409,1000000,3560000
2017-06-07 14:30:23.468000,1.09415,1.09412,3000000,1620000
2017-06-07 14:30:24.141000,1.09416,1.09413,2250000,1120000
2017-06-07 14:30:24.501000,1.09412,1.0941,1120000,1370000
2017-06-07 14:30:24.606000,1.09412,1.09409,1120000,1690000
2017-06-07 14:30:25.120000,1.09412,1.0941,1120000,3000000
2017-06-07 14:30:25.350000,1.09414,1.09411,1500000,1120000
2017-06-07 14:30:25.861000,1.09414,1.09411,6220000,3860000
2017-06-07 14:30:26.358000,1.09415,1.09412,1500000,2060000
2017-06-07 14:30:26.847000,1.09416,1.09413,1120000,6370000
2017-06-07 14:30:27.154000,1.09419,1.09417,1120000,2810000
2017-06-07 14:30:27.656000,1.09421,1.09418,1370000,1250000
2017-06-07 14:30:28.130000,1.09418,1.09417,1500000,1120000
2017-06-07 14:30:28.474000,1.09416,1.09414,1120000,1500000
2017-06-07 14:30:29.041000,1.09418,1.09416,1120000,1690000
2017-06-07 14:30:29.587000,1.09419,1.09416,1120000,5060000
2017-06-07 14:30:30.457000,1.09419,1.09416,1370000,2810000
2017-06-07 14:30:30.970000,1.09418,1.09416,1370000,1250000
2017-06-07 14:30:31.446000,1.09417,1.09415,1000000,1120000
2017-06-07 14:30:31.948000,1.09417,1.09414,1870000,1620000
2017-06-07 14:30:32.463000,1.09415,1.09414,1000000,1310000
2017-06-07 14:30:32.668000,1.09415,1.09413,1120000,2060000
2017-06-07 14:30:33.191000,1.09416,1.09414,1500000,1000000
2017-06-07 14:30:33.852000,1.09416,1.09414,1000000,4310000
2017-06-07 14:30:34.368000,1.09417,1.09415,1000000,3190000
2017-06-07 14:30:36.533000,1.09417,1.09414,2810000,1500000
2017-06-07 14:30:37.084000,1.09415,1.09413,1250000,1120000
2017-06-07 14:30:37.342000,1.09415,1.09412,5780000,1120000
2017-06-07 14:30:37.498000,1.09413,1.0941,1570000,1870000
2017-06-07 14:30:38.039000,1.09411,1.09409,1000000,1870000
2017-06-07 14:30:38.605000,1.09412,1.09409,1120000,1870000
2017-06-07 14:30:39.204000,1.09412,1.09409,1120000,3190000
2017-06-07 14:30:39.747000,1.09413,1.0941,1120000,2620000
2017-06-07 14:30:41.509000,1.09412,1.09411,1870000,1000000
2017-06-07 14:30:41.663000,1.0941,1.09408,1310000,1870000
2017-06-07 14:30:42.680000,1.0941,1.09408,1690000,1500000
2017-06-07 14:30:43.237000,1.09411,1.09408,2060000,1870000
2017-06-07 14:30:43.751000,1.09412,1.09409,2440000,1370000
2017-06-07 14:30:43.951000,1.09415,1.09412,1120000,3370000
2017-06-07 14:30:44.462000,1.09416,1.09414,2060000,1500000
2017-06-07 14:30:45.010000,1.09416,1.09414,1310000,1370000
2017-06-07 14:30:45.321000,1.09421,1.09418,1000000,2620000
2017-06-07 14:30:45.578000,1.09417,1.09415,1870000,9490000
2017-06-07 14:30:46.108000,1.09416,1.09414,1370000,1000000
2017-06-07 14:30:47.367000,1.09417,1.09414,2250000,1370000
2017-06-07 14:30:47.880000,1.09418,1.09414,1870000,4690000
2017-06-07 14:30:49.055000,1.09418,1.09415,1120000,2000000
2017-06-07 14:30:49.384000,1.09417,1.09414,1870000,1870000
2017-06-07 14:30:49.932000,1.09416,1.09413,1310000,3750000
2017-06-07 14:30:50.502000,1.09415,1.09414,1250000,1120000
2017-06-07 14:30:50.605000,1.09414,1.09412,1120000,2620000
2017-06-07 14:30:52.854000,1.09412,1.09411,1120000,4500000
2017-06-07 14:30:52.957000,1.09414,1.09411,1250000,1500000
2017-06-07 14:30:53.469000,1.09413,1.09412,1120000,1000000
2017-06-07 14:30:54.101000,1.09413,1.0941,1120000,3750000
2017-06-07 14:30:54.611000,1.09415,1.09412,2220000,1000000
2017-06-07 14:30:54.768000,1.09415,1.09413,2250000,1500000
2017-06-07 14:30:54.872000,1.09416,1.09413,1120000,1870000
2017-06-07 14:30:55.236000,1.09413,1.09412,1500000,1500000
2017-06-07 14:30:55.463000,1.09411,1.09408,1690000,1370000
2017-06-07 14:30:55.975000,1.0941,1.09407,5060000,1370000
2017-06-07 14:30:56.370000,1.09409,1.09406,1120000,1570000
2017-06-07 14:30:56.755000,1.09406,1.09405,1000000,2700000
2017-06-07 14:30:56.809000,1.09401,1.094,3410000,1000000
2017-06-07 14:30:56.913000,1.09399,1.09397,1120000,1870000
2017-06-07 14:30:57.056000,1.09398,1.09395,1120000,2250000
2017-06-07 14:30:57.760000,1.09398,1.09396,1000000,1000000
2017-06-07 14:30:58.623000,1.09399,1.09396,1370000,2250000
2017-06-07 14:30:59.185000,1.09399,1.09396,1000000,4690000
2017-06-07 14:30:59.806000,1.094,1.09397,1870000,1190000
2017-06-07 14:30:59.859000,1.09401,1.09399,1500000,1250000
2017-06-07 14:31:00.064000,1.09403,1.094,1370000,3940000
2017-06-07 14:31:00.269000,1.09404,1.09402,1000000,1000000
2017-06-07 14:31:01.132000,1.09404,1.09402,2320000,1000000
2017-06-07 14:31:01.680000,1.09403,1.09401,1120000,1870000
2017-06-07 14:31:02.193000,1.09403,1.094,1870000,3000000
2017-06-07 14:31:02.733000,1.09402,1.094,1120000,1120000
2017-06-07 14:31:03.266000,1.09401,1.094,1000000,1000000
2017-06-07 14:31:04.746000,1.094,1.09398,1120000,1500000
2017-06-07 14:31:04.849000,1.09398,1.09397,1120000,1250000
2017-06-07 14:31:05.165000,1.09396,1.09395,1120000,1000000
2017-06-07 14:31:05.780000,1.09396,1.09395,1000000,1000000
2017-06-07 14:31:06.293000,1.09397,1.09395,1120000,1620000
2017-06-07 14:31:07.294000,1.09398,1.09395,1870000,2060000
2017-06-07 14:31:08.284000,1.09399,1.09396,1990000,1690000
2017-06-07 14:31:08.591000,1.094,1.09398,1120000,1000000
2017-06-07 14:31:08.899000,1.094,1.09397,2620000,1110000
2017-06-07 14:31:09.446000,1.09399,1.09394,2810000,3560000
2017-06-07 14:31:09.967000,1.09398,1.09395,1720000,1000000
2017-06-07 14:31:10.503000,1.09397,1.09393,1500000,2440000
2017-06-07 14:31:11.042000,1.09397,1.09393,2620000,2060000
2017-06-07 14:31:12.048000,1.09395,1.09394,1120000,1120000
2017-06-07 14:31:12.099000,1.0939,1.09388,1000000,1690000
2017-06-07 14:31:12.408000,1.09394,1.09391,1750000,1000000
2017-06-07 14:31:12.952000,1.09393,1.09392,1120000,1000000
2017-06-07 14:31:13.311000,1.09396,1.09394,1870000,1000000
2017-06-07 14:31:13.815000,1.09396,1.09393,1370000,1500000
2017-06-07 14:31:14.177000,1.09397,1.09394,1370000,1500000
2017-06-07 14:31:14.759000,1.09397,1.09394,1370000,1500000
2017-06-07 14:31:15.062000,1.09392,1.09391,1120000,1500000
2017-06-07 14:31:15.307000,1.09392,1.09389,1120000,1870000
2017-06-07 14:31:15.773000,1.0939,1.09388,1120000,1120000
2017-06-07 14:31:16.074000,1.09386,1.09382,2250000,2250000
2017-06-07 14:31:16.804000,1.09385,1.09383,1500000,1000000
2017-06-07 14:31:16.907000,1.09384,1.09381,2250000,1690000
2017-06-07 14:31:17.520000,1.09384,1.0938,1870000,3560000
2017-06-07 14:31:17.731000,1.0938,1.09378,1370000,1000000
2017-06-07 14:31:17.937000,1.09378,1.09376,1000000,1500000
2017-06-07 14:31:18.893000,1.09376,1.09374,1500000,1500000
2017-06-07 14:31:18.944000,1.09376,1.09373,1870000,1500000
2017-06-07 14:31:18.997000,1.09376,1.09375,1000000,1000000
2017-06-07 14:31:19.252000,1.09378,1.09376,1250000,1120000
2017-06-07 14:31:19.993000,1.09379,1.09377,1250000,2250000
2017-06-07 14:31:20.299000,1.0938,1.09379,1000000,1000000
2017-06-07 14:31:20.401000,1.09382,1.0938,1500000,1120000
2017-06-07 14:31:20.554000,1.09381,1.09379,1370000,2250000
2017-06-07 14:31:20.773000,1.09382,1.0938,1310000,1000000
2017-06-07 14:31:21.181000,1.09384,1.09381,1870000,1500000
2017-06-07 14:31:21.569000,1.09384,1.09382,1000000,2250000
2017-06-07 14:31:22.083000,1.09385,1.09384,1000000,1120000
2017-06-07 14:31:22.634000,1.09385,1.09383,1120000,1500000
2017-06-07 14:31:22.942000,1.09386,1.09384,1500000,1120000
2017-06-07 14:31:23.500000,1.09386,1.09384,1310000,1500000
2017-06-07 14:31:24.120000,1.09385,1.09384,1310000,1120000
2017-06-07 14:31:24.172000,1.09384,1.09383,1870000,1120000
2017-06-07 14:31:24.329000,1.09382,1.09381,1000000,1870000
2017-06-07 14:31:24.483000,1.09382,1.0938,2060000,2060000
2017-06-07 14:31:25.148000,1.09383,1.09381,2810000,1120000
2017-06-07 14:31:25.399000,1.09381,1.09379,2310000,2060000
2017-06-07 14:31:25.910000,1.09381,1.0938,1310000,1310000
2017-06-07 14:31:26.436000,1.09383,1.09381,1620000,1120000
2017-06-07 14:31:26.992000,1.09381,1.0938,1250000,1120000
2017-06-07 14:31:27.043000,1.09382,1.09379,4910000,3750000
2017-06-07 14:31:27.248000,1.09382,1.0938,2060000,1120000
2017-06-07 14:31:27.554000,1.09379,1.09377,1870000,1000000
2017-06-07 14:31:28.082000,1.09378,1.09376,1120000,1870000
2017-06-07 14:31:28.780000,1.09377,1.09375,1000000,1500000
2017-06-07 14:31:28.985000,1.09376,1.09374,1310000,1120000
2017-06-07 14:31:29.139000,1.09377,1.09374,1120000,1870000
2017-06-07 14:31:29.386000,1.09365,1.09355,4970000,18490000
2017-06-07 14:31:29.951000,1.09358,1.09357,1050000,2620000
2017-06-07 14:31:30.310000,1.09361,1.09358,2440000,1120000
2017-06-07 14:31:30.414000,1.09364,1.09362,4050000,1500000
2017-06-07 14:31:30.731000,1.09358,1.09356,1560000,1500000
2017-06-07 14:31:31.038000,1.09359,1.09356,1000000,3370000
2017-06-07 14:31:31.319000,1.09357,1.09356,1310000,1000000
2017-06-07 14:31:31.372000,1.09356,1.09353,1120000,2620000
2017-06-07 14:31:31.834000,1.09357,1.09356,1120000,1000000
2017-06-07 14:31:31.936000,1.09356,1.09354,1120000,2290000
2017-06-07 14:31:32.193000,1.09359,1.09357,2060000,1000000
2017-06-07 14:31:32.295000,1.0936,1.09358,3940000,1000000
2017-06-07 14:31:32.449000,1.09359,1.09357,1560000,1120000
2017-06-07 14:31:32.704000,1.09358,1.09355,1620000,1990000
2017-06-07 14:31:33.213000,1.09357,1.09355,1620000,1000000
2017-06-07 14:31:33.814000,1.09357,1.09354,1870000,1970000
2017-06-07 14:31:34.714000,1.09357,1.09355,1870000,1120000
2017-06-07 14:31:35.022000,1.09355,1.09353,1310000,2250000
2017-06-07 14:31:35.415000,1.09356,1.09355,1310000,1120000
2017-06-07 14:31:35.723000,1.09358,1.09355,3750000,6790000
2017-06-07 14:31:35.878000,1.0936,1.09359,1000000,1000000
2017-06-07 14:31:36.419000,1.09361,1.0936,1550000,1000000
2017-06-07 14:31:37.127000,1.09361,1.09359,1070000,2250000
2017-06-07 14:31:37.639000,1.0936,1.09358,1070000,3000000
2017-06-07 14:31:38.236000,1.0936,1.09359,1070000,1870000
2017-06-07 14:31:38.512000,1.09362,1.09361,1120000,1250000
2017-06-07 14:31:38.564000,1.09363,1.09361,1500000,1250000
2017-06-07 14:31:39.075000,1.09363,1.09361,1370000,1250000
2017-06-07 14:31:39.879000,1.09363,1.0936,1500000,8290000
2017-06-07 14:31:39.982000,1.09367,1.09365,4120000,1000000
2017-06-07 14:31:40.513000,1.09367,1.09365,1370000,2440000
2017-06-07 14:31:41.246000,1.09367,1.09365,1120000,2440000
2017-06-07 14:31:41.760000,1.09367,1.09366,1120000,1120000
2017-06-07 14:31:42.289000,1.09367,1.09365,1120000,2440000
2017-06-07 14:31:42.796000,1.09367,1.09366,1120000,1000000
2017-06-07 14:31:43.643000,1.09367,1.09365,1000000,2250000
2017-06-07 14:31:44.153000,1.09367,1.09365,1500000,1310000
2017-06-07 14:31:44.944000,1.09367,1.09365,1500000,1310000
2017-06-07 14:31:47.015000,1.09367,1.09365,1500000,1310000
2017-06-07 14:31:47.732000,1.09365,1.09364,1500000,1690000
2017-06-07 14:31:47.785000,1.09363,1.09362,1300000,1000000
2017-06-07 14:31:47.887000,1.09362,1.0936,1000000,1690000
2017-06-07 14:31:48.776000,1.09364,1.09361,1500000,1310000
2017-06-07 14:31:49.084000,1.09362,1.0936,1000000,1870000
2017-06-07 14:31:49.442000,1.09363,1.09362,1000000,1000000
2017-06-07 14:31:49.545000,1.09365,1.09363,1500000,1310000
2017-06-07 14:31:49.647000,1.09366,1.09363,1000000,2440000
2017-06-07 14:31:51.584000,1.09366,1.09365,1000000,1120000
2017-06-07 14:31:52.714000,1.09367,1.09365,1870000,1310000
2017-06-07 14:31:53.806000,1.09367,1.09366,1120000,1120000
2017-06-07 14:31:54.561000,1.09368,1.09366,1000000,6040000
2017-06-07 14:31:54.613000,1.0937,1.09367,1120000,4310000
2017-06-07 14:31:54.766000,1.09368,1.09366,1000000,5060000
2017-06-07 14:31:55.276000,1.09367,1.09366,1000000,1310000
2017-06-07 14:31:56.624000,1.09367,1.09366,1870000,1120000
2017-06-07 14:31:58.091000,1.09367,1.09366,1120000,1120000
2017-06-07 14:31:58.856000,1.09367,1.09365,1370000,1690000
2017-06-07 14:31:59.172000,1.09362,1.0936,3370000,1120000
2017-06-07 14:31:59.326000,1.09361,1.09358,1870000,2250000
2017-06-07 14:31:59.836000,1.0936,1.09357,1120000,2440000
2017-06-07 14:32:00.379000,1.09362,1.09358,2250000,2810000
2017-06-07 14:32:02.543000,1.09361,1.0936,1120000,1120000
2017-06-07 14:32:03.093000,1.09361,1.09359,1000000,1690000
2017-06-07 14:32:03.619000,1.09361,1.09359,1120000,1690000
2017-06-07 14:32:04.133000,1.09361,1.0936,1120000,1120000
2017-06-07 14:32:04.663000,1.09361,1.09359,1120000,1690000
2017-06-07 14:32:04.766000,1.09363,1.09361,1490000,2060000
2017-06-07 14:32:04.921000,1.09365,1.09362,1500000,2810000
2017-06-07 14:32:05.460000,1.09364,1.09363,1000000,1500000
2017-06-07 14:32:05.950000,1.09366,1.09364,1120000,2250000
2017-06-07 14:32:06.465000,1.09362,1.09361,1000000,8440000
2017-06-07 14:32:06.518000,1.09361,1.0936,1500000,6750000
2017-06-07 14:32:06.816000,1.0936,1.09358,1570000,1870000
2017-06-07 14:32:07.331000,1.0936,1.09358,1200000,1870000
2017-06-07 14:32:07.781000,1.09361,1.0936,1120000,1870000
2017-06-07 14:32:07.835000,1.09362,1.09361,1870000,1120000
2017-06-07 14:32:07.940000,1.09364,1.09362,1500000,1500000
2017-06-07 14:32:08.500000,1.09365,1.09363,1120000,1870000
2017-06-07 14:32:09.020000,1.09366,1.09364,1120000,1120000
2017-06-07 14:32:11.076000,1.09367,1.09365,2250000,1120000
2017-06-07 14:32:11.614000,1.09368,1.09365,1870000,2060000
2017-06-07 14:32:12.025000,1.09369,1.09367,2250000,3600000
2017-06-07 14:32:12.077000,1.09372,1.09369,7870000,1540000
2017-06-07 14:32:12.129000,1.09372,1.0937,2250000,1560000
2017-06-07 14:32:13.895000,1.09376,1.09373,3750000,6450000
2017-06-07 14:32:14.228000,1.09378,1.09376,1370000,2440000
2017-06-07 14:32:15.047000,1.09378,1.09376,1870000,1690000
2017-06-07 14:32:15.381000,1.09376,1.09375,1120000,2250000
2017-06-07 14:32:15.637000,1.09373,1.09371,1870000,2060000
2017-06-07 14:32:16.392000,1.09373,1.09371,1120000,2060000
2017-06-07 14:32:16.903000,1.09373,1.09371,2120000,1690000
2017-06-07 14:32:17.450000,1.09373,1.09371,1870000,1690000
2017-06-07 14:32:18.014000,1.09373,1.09371,1870000,1120000
2017-06-07 14:32:21.241000,1.09372,1.0937,1000000,2060000
2017-06-07 14:32:21.786000,1.09371,1.0937,1000000,2060000
2017-06-07 14:32:22.839000,1.09372,1.0937,1870000,2060000
2017-06-07 14:32:23.569000,1.09371,1.0937,1000000,2060000
2017-06-07 14:32:24.550000,1.09372,1.0937,1500000,2810000
2017-06-07 14:32:25.086000,1.09372,1.09371,1000000,1120000
2017-06-07 14:32:25.139000,1.09367,1.09365,1120000,1310000
2017-06-07 14:32:25.717000,1.09366,1.09364,1000000,1690000
2017-06-07 14:32:26.271000,1.09366,1.09364,1000000,1690000
2017-06-07 14:32:26.803000,1.09366,1.09365,1000000,1120000
2017-06-07 14:32:26.855000,1.09368,1.09365,2250000,7540000
2017-06-07 14:32:27.531000,1.0937,1.09368,1000000,1870000
2017-06-07 14:32:27.895000,1.09371,1.09369,1000000,2250000
2017-06-07 14:32:28.406000,1.09371,1.0937,1000000,1120000
2017-06-07 14:32:29.062000,1.09371,1.09369,2120000,1690000
2017-06-07 14:32:29.637000,1.09369,1.09368,1000000,1870000
2017-06-07 14:32:29.689000,1.09372,1.0937,4120000,1870000
2017-06-07 14:32:30.201000,1.09373,1.09372,1500000,1120000
2017-06-07 14:32:30.712000,1.09371,1.0937,1120000,1120000
2017-06-07 14:32:30.869000,1.09371,1.09369,1120000,1690000
2017-06-07 14:32:31.394000,1.09371,1.0937,1120000,1120000
2017-06-07 14:32:31.934000,1.09372,1.09371,1000000,1690000
2017-06-07 14:32:33.110000,1.09373,1.09372,1500000,1120000
2017-06-07 14:32:33.621000,1.09373,1.09371,1500000,1120000
2017-06-07 14:32:34.131000,1.09373,1.09372,1500000,1120000
2017-06-07 14:32:34.541000,1.09373,1.0937,2250000,2440000
2017-06-07 14:32:34.747000,1.09369,1.09368,1000000,4120000
2017-06-07 14:32:35.001000,1.09367,1.09364,1870000,1310000
2017-06-07 14:32:35.515000,1.09366,1.09365,1000000,1870000
2017-06-07 14:32:35.769000,1.09369,1.09368,2620000,1000000
2017-06-07 14:32:36.282000,1.09368,1.09367,1120000,1000000
2017-06-07 14:32:37.222000,1.09369,1.09368,1500000,1000000
2017-06-07 14:32:37.325000,1.09372,1.09369,5250000,1250000
2017-06-07 14:32:37.376000,1.09372,1.09371,1000000,1000000
2017-06-07 14:32:38.163000,1.09373,1.09371,1500000,1000000
2017-06-07 14:32:38.706000,1.09373,1.09372,1000000,1870000
2017-06-07 14:32:39.211000,1.09375,1.09374,1120000,1000000
2017-06-07 14:32:39.315000,1.09377,1.09374,1370000,1620000
2017-06-07 14:32:39.419000,1.09378,1.09377,1120000,1000000
2017-06-07 14:32:39.969000,1.09378,1.09376,1750000,1000000
2017-06-07 14:32:40.020000,1.09376,1.09375,2620000,1870000
2017-06-07 14:32:40.226000,1.09375,1.09373,1370000,2620000
2017-06-07 14:32:43.471000,1.09374,1.09372,1870000,2250000
2017-06-07 14:32:43.998000,1.09374,1.09373,1330000,1120000
2017-06-07 14:32:45.300000,1.09375,1.09373,1500000,2120000
2017-06-07 14:32:45.892000,1.09375,1.09373,1870000,1870000
2017-06-07 14:32:46.416000,1.09375,1.09373,1500000,1870000
2017-06-07 14:32:46.988000,1.09375,1.09374,1500000,1120000
2017-06-07 14:32:47.505000,1.09375,1.09373,1500000,1870000
2017-06-07 14:32:47.814000,1.09373,1.09371,1870000,1000000
2017-06-07 14:32:48.623000,1.09373,1.09372,1120000,1000000
2017-06-07 14:32:49.150000,1.09374,1.09372,2440000,1000000
2017-06-07 14:32:50.167000,1.09373,1.09372,1120000,1120000
2017-06-07 14:32:50.681000,1.09373,1.09371,1120000,1870000
2017-06-07 14:32:51.192000,1.09374,1.09372,1370000,1120000
2017-06-07 14:32:51.956000,1.09374,1.09372,1120000,1120000
2017-06-07 14:32:52.878000,1.09373,1.09372,1500000,1120000
2017-06-07 14:32:53.380000,1.09373,1.09371,1500000,1870000
2017-06-07 14:32:53.907000,1.09373,1.09372,1000000,1120000
2017-06-07 14:32:54.490000,1.09373,1.09371,1000000,3370000
2017-06-07 14:32:55.006000,1.09373,1.09372,1000000,1120000
2017-06-07 14:32:55.931000,1.09374,1.09372,1120000,1120000
2017-06-07 14:32:56.900000,1.09374,1.09373,1120000,1120000
2017-06-07 14:32:58.225000,1.09377,1.09375,2620000,1870000
2017-06-07 14:32:58.481000,1.0938,1.09379,1310000,1000000
2017-06-07 14:32:59.007000,1.09381,1.0938,1310000,1120000
2017-06-07 14:32:59.535000,1.09381,1.09379,1310000,2250000
2017-06-07 14:33:00.878000,1.09381,1.09379,1310000,1000000
2017-06-07 14:33:02.319000,1.09381,1.09379,1310000,2250000
2017-06-07 14:33:03.109000,1.09382,1.0938,6040000,1000000
2017-06-07 14:33:03.161000,1.09381,1.09379,1310000,1120000
2017-06-07 14:33:04.617000,1.0938,1.09379,1690000,1120000
2017-06-07 14:33:05.128000,1.09379,1.09377,2620000,3000000
2017-06-07 14:33:05.641000,1.09378,1.09377,1870000,1120000
2017-06-07 14:33:07.879000,1.0938,1.09378,1760000,1000000
2017-06-07 14:33:08.152000,1.09379,1.09377,1310000,1000000
2017-06-07 14:33:08.203000,1.0938,1.09378,1760000,1000000
2017-06-07 14:33:09.006000,1.09381,1.09379,2810000,1000000
2017-06-07 14:33:11.053000,1.09382,1.0938,7350000,1000000
2017-06-07 14:33:11.208000,1.09384,1.09381,3940000,1000000
2017-06-07 14:33:11.566000,1.09384,1.09382,2810000,1000000
2017-06-07 14:33:11.772000,1.09386,1.09385,3560000,1000000
2017-06-07 14:33:11.962000,1.09385,1.09383,1620000,1120000
2017-06-07 14:33:12.169000,1.09382,1.09381,1760000,3750000
2017-06-07 14:33:12.274000,1.09382,1.09379,4390000,1120000
2017-06-07 14:33:12.795000,1.09382,1.0938,5140000,1000000
2017-06-07 14:33:13.975000,1.09383,1.09381,3380000,1000000
2017-06-07 14:33:14.278000,1.09384,1.09383,1250000,1000000
2017-06-07 14:33:14.483000,1.09382,1.09381,1870000,1500000
2017-06-07 14:33:15,1.09382,1.0938,6190000,1000000
2017-06-07 14:33:16.273000,1.09381,1.09379,1310000,3000000
2017-06-07 14:33:16.800000,1.09382,1.09379,8810000,2620000
2017-06-07 14:33:17.323000,1.09382,1.0938,3370000,1000000
2017-06-07 14:33:18.739000,1.09382,1.09379,4120000,4310000
2017-06-07 14:33:19.040000,1.09386,1.09385,1000000,1000000
2017-06-07 14:33:19.806000,1.09387,1.09384,8510000,2620000
2017-06-07 14:33:20.186000,1.09385,1.09383,1620000,2250000
2017-06-07 14:33:20.340000,1.09387,1.09385,3940000,1000000
2017-06-07 14:33:20.544000,1.09387,1.09384,5810000,1500000
2017-06-07 14:33:20.749000,1.09387,1.09384,2060000,2620000
2017-06-07 14:33:21.849000,1.09386,1.09384,1560000,1870000
2017-06-07 14:33:23.235000,1.09387,1.09384,7690000,1000000
2017-06-07 14:33:24.255000,1.09387,1.09384,41439999,1000000
2017-06-07 14:33:24.767000,1.09387,1.09384,13500000,1000000
2017-06-07 14:33:24.921000,1.09386,1.09384,1870000,1500000
2017-06-07 14:33:25.265000,1.09376,1.09375,1000000,1120000
2017-06-07 14:33:25.525000,1.09375,1.09372,1690000,1000000
2017-06-07 14:33:25.629000,1.09376,1.09375,1250000,1000000
2017-06-07 14:33:25.783000,1.09377,1.09374,2060000,1000000
2017-06-07 14:33:25.933000,1.09377,1.09375,3370000,1000000
2017-06-07 14:33:26.086000,1.09379,1.09378,1870000,1000000
2017-06-07 14:33:26.599000,1.09379,1.09377,2060000,1000000
2017-06-07 14:33:27.111000,1.09379,1.09377,2060000,1000000
2017-06-07 14:33:27.629000,1.0938,1.09379,3940000,1000000
2017-06-07 14:33:28.185000,1.0938,1.09379,2060000,1000000
2017-06-07 14:33:28.696000,1.0938,1.09378,2060000,1000000
2017-06-07 14:33:29.678000,1.09377,1.09376,1250000,1870000
2017-06-07 14:33:29.998000,1.09374,1.09373,1120000,1000000
2017-06-07 14:33:30.153000,1.09374,1.09372,1120000,1870000
2017-06-07 14:33:30.205000,1.0937,1.09369,3560000,1000000
2017-06-07 14:33:30.514000,1.09368,1.09367,1000000,1870000
2017-06-07 14:33:30.956000,1.0937,1.09369,2250000,1000000
2017-06-07 14:33:31.110000,1.09374,1.09372,4310000,1000000
2017-06-07 14:33:31.529000,1.09375,1.09374,1690000,1000000
2017-06-07 14:33:32.042000,1.09375,1.09374,1310000,1000000
2017-06-07 14:33:32.832000,1.09375,1.09374,1310000,1000000
2017-06-07 14:33:33.245000,1.09374,1.09372,1000000,2250000
2017-06-07 14:33:33.762000,1.09374,1.09372,1000000,1120000
2017-06-07 14:33:34.274000,1.09373,1.09372,1000000,1120000
2017-06-07 14:33:34.597000,1.09375,1.09373,2060000,1000000
2017-06-07 14:33:34.853000,1.09373,1.09372,1000000,1120000
2017-06-07 14:33:35.369000,1.09375,1.09373,2060000,1000000
2017-06-07 14:33:35.896000,1.09375,1.09373,2060000,1000000
2017-06-07 14:33:36.256000,1.09374,1.09372,1090000,1120000
2017-06-07 14:33:36.767000,1.09373,1.09372,1000000,1000000
2017-06-07 14:33:37.317000,1.09374,1.09372,2250000,1000000
2017-06-07 14:33:37.701000,1.09373,1.09371,1000000,3370000
2017-06-07 14:33:37.753000,1.09375,1.09373,2810000,1000000
2017-06-07 14:33:38.064000,1.09373,1.09371,3370000,3000000
2017-06-07 14:33:38.371000,1.09374,1.09373,1950000,1000000
2017-06-07 14:33:38.901000,1.09375,1.09373,2140000,1000000
2017-06-07 14:33:38.953000,1.09367,1.09364,1000000,2440000
2017-06-07 14:33:39.005000,1.09365,1.0936,3410000,1010000
2017-06-07 14:33:39.384000,1.09365,1.09364,2250000,1100000
2017-06-07 14:33:39.771000,1.09367,1.09365,1250000,1000000
2017-06-07 14:33:40.967000,1.09367,1.09366,1250000,1000000
2017-06-07 14:33:41.495000,1.09368,1.09365,1690000,1500000
2017-06-07 14:33:44.463000,1.09368,1.09366,1690000,1000000
2017-06-07 14:33:44.982000,1.09368,1.09365,1690000,4500000
2017-06-07 14:33:45.034000,1.09368,1.09367,1690000,1000000
2017-06-07 14:33:45.536000,1.09368,1.09365,1310000,4870000
2017-06-07 14:33:45.897000,1.09366,1.09365,1310000,1870000
2017-06-07 14:33:46.405000,1.09362,1.09361,1250000,2250000
2017-06-07 14:33:46.457000,1.09362,1.0936,1250000,2250000
2017-06-07 14:33:48.844000,1.0936,1.09358,3560000,1000000
2017-06-07 14:33:49.358000,1.09361,1.09359,1000000,2620000
2017-06-07 14:33:49.907000,1.09362,1.09359,2440000,2620000
2017-06-07 14:33:50.061000,1.09362,1.09361,1690000,1000000
2017-06-07 14:33:50.318000,1.09366,1.09363,5440000,1870000
2017-06-07 14:33:50.421000,1.09366,1.09364,1690000,1000000
2017-06-07 14:33:50.953000,1.09367,1.09365,1690000,1000000
2017-06-07 14:33:51.499000,1.09368,1.09366,1120000,1120000
2017-06-07 14:33:52.370000,1.09368,1.09365,2060000,3750000
2017-06-07 14:33:52.716000,1.09363,1.09361,1620000,2250000
2017-06-07 14:33:53.309000,1.09363,1.0936,2740000,1120000
2017-06-07 14:33:53.621000,1.09369,1.09367,3750000,1500000
2017-06-07 14:33:54.177000,1.09371,1.09369,1310000,1000000
2017-06-07 14:33:54.332000,1.09372,1.0937,1690000,1000000
2017-06-07 14:33:54.842000,1.09372,1.09369,1500000,1870000
2017-06-07 14:33:55.398000,1.09373,1.0937,1690000,1120000
2017-06-07 14:33:55.671000,1.09374,1.09371,1670000,3600000
2017-06-07 14:33:55.983000,1.09378,1.09376,4120000,1500000
2017-06-07 14:33:56.138000,1.09379,1.09377,1500000,1120000
2017-06-07 14:33:57.128000,1.09379,1.09376,1120000,3370000
2017-06-07 14:33:57.231000,1.0938,1.09377,1690000,1370000
2017-06-07 14:33:57.536000,1.09379,1.09376,1870000,1870000
2017-06-07 14:33:58.730000,1.09376,1.09374,1310000,1120000
2017-06-07 14:33:59.435000,1.09377,1.09375,1120000,1120000
2017-06-07 14:33:59.780000,1.0938,1.09378,1690000,1000000
2017-06-07 14:34:00.087000,1.09381,1.0938,1000000,1870000
2017-06-07 14:34:00.139000,1.09382,1.09381,1870000,1000000
2017-06-07 14:34:00.665000,1.09383,1.09381,1120000,1000000
2017-06-07 14:34:00.968000,1.09385,1.09383,2660000,1000000
2017-06-07 14:34:01.480000,1.09386,1.09383,1690000,3750000
2017-06-07 14:34:01.994000,1.09386,1.09384,1000000,1500000
2017-06-07 14:34:02.569000,1.09387,1.09385,1870000,4540000
2017-06-07 14:34:02.887000,1.0939,1.09388,1500000,1000000
2017-06-07 14:34:02.990000,1.09391,1.09388,2060000,3000000
2017-06-07 14:34:03.146000,1.09391,1.0939,1120000,1000000
2017-06-07 14:34:03.251000,1.09393,1.09391,1870000,1870000
2017-06-07 14:34:03.730000,1.09395,1.09393,4350000,1000000
2017-06-07 14:34:03.833000,1.09397,1.09394,3560000,1120000
2017-06-07 14:34:04.351000,1.09397,1.09395,1000000,2250000
2017-06-07 14:34:04.716000,1.09395,1.09394,1000000,2620000
2017-06-07 14:34:04.975000,1.09394,1.09393,1000000,1500000
2017-06-07 14:34:05.506000,1.09394,1.09392,1000000,2250000
2017-06-07 14:34:05.761000,1.09395,1.09394,1120000,2470000
2017-06-07 14:34:05.813000,1.09398,1.09396,5250000,3750000
2017-06-07 14:34:05.865000,1.09399,1.09396,1120000,4120000
2017-06-07 14:34:05.916000,1.09398,1.09396,1000000,2250000
2017-06-07 14:34:06.220000,1.09396,1.09395,1000000,1500000
2017-06-07 14:34:06.734000,1.09395,1.09394,1000000,1500000
2017-06-07 14:34:06.838000,1.09394,1.09393,1310000,1120000
2017-06-07 14:34:07.386000,1.09393,1.09392,3190000,1120000
2017-06-07 14:34:07.850000,1.09395,1.09393,1310000,2250000
2017-06-07 14:34:08.316000,1.09396,1.09395,1690000,1120000
2017-06-07 14:34:08.639000,1.09398,1.09396,2810000,1120000
2017-06-07 14:34:09.047000,1.09397,1.09394,2440000,2250000
2017-06-07 14:34:10.039000,1.09397,1.09395,2440000,1120000
2017-06-07 14:34:10.501000,1.09395,1.09394,1000000,1500000
2017-06-07 14:34:10.604000,1.09393,1.09392,1000000,1500000
2017-06-07 14:34:11.132000,1.09394,1.09393,1000000,1500000
2017-06-07 14:34:12.299000,1.09395,1.09393,2250000,1870000
2017-06-07 14:34:12.455000,1.09398,1.09395,3000000,1500000
2017-06-07 14:34:12.763000,1.09399,1.09398,1250000,1120000
2017-06-07 14:34:13.946000,1.09398,1.09397,1870000,1120000
2017-06-07 14:34:14.050000,1.09397,1.09395,1500000,1500000
2017-06-07 14:34:15.123000,1.09397,1.09395,1000000,3750000
2017-06-07 14:34:15.677000,1.09398,1.09396,2620000,1500000
2017-06-07 14:34:16.860000,1.09397,1.09396,1000000,2250000
2017-06-07 14:34:17.999000,1.09398,1.09396,2620000,2250000
2017-06-07 14:34:18.102000,1.09399,1.09398,1690000,1120000
2017-06-07 14:34:18.503000,1.09402,1.09401,1000000,1500000
2017-06-07 14:34:18.606000,1.09401,1.094,1000000,1870000
2017-06-07 14:34:19.065000,1.094,1.09398,1310000,1120000
2017-06-07 14:34:19.272000,1.09405,1.09404,1000000,1500000
2017-06-07 14:34:19.483000,1.09407,1.09405,1120000,1500000
2017-06-07 14:34:19.742000,1.09409,1.09407,1000000,3750000
2017-06-07 14:34:20.049000,1.09405,1.09404,1120000,2250000
2017-06-07 14:34:20.390000,1.094,1.09399,1310000,1500000
2017-06-07 14:34:20.902000,1.094,1.09398,1000000,1500000
2017-06-07 14:34:21.207000,1.09401,1.09399,1250000,1870000
2017-06-07 14:34:21.516000,1.09403,1.09401,1000000,1870000
2017-06-07 14:34:21.619000,1.09401,1.09399,1000000,1870000
2017-06-07 14:34:21.721000,1.094,1.09398,3940000,1120000
2017-06-07 14:34:22.047000,1.09397,1.09396,1000000,1000000
2017-06-07 14:34:22.565000,1.09396,1.09395,1250000,1000000
2017-06-07 14:34:23.102000,1.09395,1.09394,1000000,2620000
2017-06-07 14:34:23.255000,1.09395,1.09393,1500000,1500000
2017-06-07 14:34:24.244000,1.09395,1.09394,1500000,1120000
2017-06-07 14:34:25.065000,1.09395,1.09393,1000000,2620000
2017-06-07 14:34:25.317000,1.09393,1.09391,2440000,1000000
2017-06-07 14:34:25.832000,1.09393,1.09391,1870000,1120000
2017-06-07 14:34:25.884000,1.09389,1.09388,1000000,10120000
2017-06-07 14:34:26.824000,1.0939,1.09388,1120000,2620000
2017-06-07 14:34:27.335000,1.0939,1.09388,2060000,1870000
2017-06-07 14:34:28.043000,1.0939,1.09389,1120000,1000000
2017-06-07 14:34:28.554000,1.0939,1.09388,1310000,1500000
2017-06-07 14:34:29.195000,1.09388,1.09386,1690000,7120000
2017-06-07 14:34:29.299000,1.09387,1.09385,2060000,1000000
2017-06-07 14:34:29.559000,1.09388,1.09385,1310000,3220000
2017-06-07 14:34:30.081000,1.09388,1.09385,3190000,1000000
2017-06-07 14:34:30.672000,1.09387,1.09384,1620000,1870000
2017-06-07 14:34:31.487000,1.09387,1.09384,5810000,1500000
2017-06-07 14:34:33.658000,1.09387,1.09384,1310000,2620000
2017-06-07 14:34:34.125000,1.09384,1.09383,1500000,1500000
2017-06-07 14:34:34.228000,1.09383,1.09381,2440000,1120000
2017-06-07 14:34:34.330000,1.09381,1.09379,1310000,1500000
2017-06-07 14:34:34.434000,1.0938,1.09377,1310000,2250000
2017-06-07 14:34:35.030000,1.09381,1.0938,1150000,1720000
2017-06-07 14:34:35.441000,1.0938,1.09379,1310000,1500000
2017-06-07 14:34:35.975000,1.09379,1.09378,1690000,1120000
2017-06-07 14:34:36.283000,1.09377,1.09375,1250000,1120000
2017-06-07 14:34:36.806000,1.09377,1.09375,1690000,1000000
2017-06-07 14:34:37.265000,1.09375,1.09373,2440000,1000000
2017-06-07 14:34:37.785000,1.09374,1.09371,1690000,1870000
2017-06-07 14:34:38.126000,1.09371,1.09368,2810000,1120000
2017-06-07 14:34:38.382000,1.09372,1.09369,3190000,1870000
2017-06-07 14:34:38.765000,1.09372,1.0937,1690000,1000000
2017-06-07 14:34:38.868000,1.09372,1.09369,5440000,1870000
2017-06-07 14:34:39.174000,1.09372,1.09371,1500000,1000000
2017-06-07 14:34:39.691000,1.09374,1.09372,2290000,1000000
2017-06-07 14:34:39.794000,1.09376,1.09375,1000000,1120000
2017-06-07 14:34:40.153000,1.09378,1.09377,1500000,1000000
2017-06-07 14:34:40.692000,1.09379,1.09377,1050000,2250000
2017-06-07 14:34:41.472000,1.09379,1.09378,1050000,1000000
2017-06-07 14:34:41.819000,1.09381,1.09379,1910000,2120000
2017-06-07 14:34:41.922000,1.09381,1.09378,1690000,2250000
2017-06-07 14:34:42.228000,1.09378,1.09376,2690000,1870000
2017-06-07 14:34:42.459000,1.09374,1.09372,1000000,1120000
2017-06-07 14:34:42.765000,1.09376,1.09374,1910000,1000000
2017-06-07 14:34:43.320000,1.09377,1.09375,1690000,1120000
2017-06-07 14:34:43.880000,1.09377,1.09375,1690000,1120000
2017-06-07 14:34:44.218000,1.09375,1.09372,1690000,2620000
2017-06-07 14:34:44.422000,1.09375,1.09373,1690000,1000000
2017-06-07 14:34:44.735000,1.09378,1.09376,1620000,1120000
2017-06-07 14:34:44.969000,1.09379,1.09376,2060000,1500000
2017-06-07 14:34:45.649000,1.09379,1.09377,1250000,1500000
2017-06-07 14:34:45.701000,1.09382,1.09381,4690000,1120000
2017-06-07 14:34:45.860000,1.09384,1.09381,1310000,2250000
2017-06-07 14:34:46.473000,1.09384,1.09381,1120000,1500000
2017-06-07 14:34:46.680000,1.09386,1.09383,1870000,1870000
2017-06-07 14:34:47.160000,1.09387,1.09384,1120000,3000000
2017-06-07 14:34:48.598000,1.09386,1.09383,1870000,3000000
2017-06-07 14:34:49.024000,1.09384,1.09383,1120000,1000000
2017-06-07 14:34:49.076000,1.09384,1.09381,1870000,1000000
2017-06-07 14:34:49.230000,1.09385,1.09382,3820000,1870000
2017-06-07 14:34:49.434000,1.09383,1.09381,2620000,1000000
2017-06-07 14:34:49.487000,1.09381,1.09378,2250000,3370000
2017-06-07 14:34:49.539000,1.09381,1.09378,2440000,2620000
2017-06-07 14:34:50.061000,1.09381,1.09377,2810000,3370000
2017-06-07 14:34:50.576000,1.0938,1.09377,2810000,1120000
2017-06-07 14:34:50.756000,1.0938,1.09377,1500000,3370000
2017-06-07 14:34:51.263000,1.0938,1.09377,1370000,1500000
2017-06-07 14:34:51.677000,1.09381,1.09378,1000000,5060000
2017-06-07 14:34:52.217000,1.09382,1.09379,1370000,3000000
2017-06-07 14:34:52.742000,1.09382,1.09379,1120000,3190000
2017-06-07 14:34:54.412000,1.09383,1.09381,1500000,1870000
2017-06-07 14:34:54.933000,1.09383,1.0938,1370000,3000000
2017-06-07 14:34:55.448000,1.09383,1.0938,1870000,3000000
2017-06-07 14:34:56.914000,1.09383,1.0938,2620000,1500000
2017-06-07 14:34:57.439000,1.09382,1.0938,1120000,1500000
2017-06-07 14:34:58.134000,1.09381,1.0938,1310000,1000000
2017-06-07 14:34:58.469000,1.0938,1.09378,1870000,1120000
2017-06-07 14:34:59.209000,1.09381,1.09378,2810000,1870000
2017-06-07 14:35:00.011000,1.0938,1.09378,1370000,1870000
2017-06-07 14:35:01.247000,1.09378,1.09376,1120000,1500000
2017-06-07 14:35:02.245000,1.0938,1.09376,2810000,1500000
2017-06-07 14:35:02.677000,1.09376,1.09375,1120000,1870000
2017-06-07 14:35:02.729000,1.09375,1.09374,1000000,1000000
2017-06-07 14:35:03.266000,1.09375,1.09373,1690000,1120000
2017-06-07 14:35:03.813000,1.09374,1.09371,1310000,2250000
2017-06-07 14:35:04.070000,1.0937,1.09368,1000000,7870000
2017-06-07 14:35:04.284000,1.0937,1.09367,2440000,1000000
2017-06-07 14:35:04.800000,1.09368,1.09366,1000000,1000000
2017-06-07 14:35:05.308000,1.09369,1.09366,2440000,1000000
2017-06-07 14:35:06.142000,1.09368,1.09366,1000000,1000000
2017-06-07 14:35:06.529000,1.09365,1.09363,4690000,2250000
2017-06-07 14:35:06.632000,1.09363,1.0936,4500000,3190000
2017-06-07 14:35:06.934000,1.09364,1.09363,1870000,1870000
2017-06-07 14:35:07.036000,1.09366,1.09363,2060000,1500000
2017-06-07 14:35:07.547000,1.09365,1.09363,1690000,1000000
2017-06-07 14:35:07.691000,1.09364,1.09361,3560000,1000000
2017-06-07 14:35:08.151000,1.09363,1.09359,3190000,2250000
2017-06-07 14:35:08.680000,1.09361,1.09359,1000000,1000000
2017-06-07 14:35:09.182000,1.09362,1.09359,1000000,3000000
2017-06-07 14:35:10.208000,1.09363,1.09361,1370000,1120000
2017-06-07 14:35:10.541000,1.09364,1.09363,1000000,1000000
2017-06-07 14:35:11.127000,1.09365,1.09363,1000000,2620000
2017-06-07 14:35:11.660000,1.09367,1.09364,1870000,1870000
2017-06-07 14:35:12.188000,1.09367,1.09365,1870000,1000000
2017-06-07 14:35:12.495000,1.09367,1.09364,1870000,1000000
2017-06-07 14:35:13.117000,1.09366,1.09364,1000000,1000000
2017-06-07 14:35:14.506000,1.09368,1.09365,2250000,2620000
2017-06-07 14:35:14.816000,1.09368,1.09366,1500000,1000000
2017-06-07 14:35:15.497000,1.09369,1.09366,2060000,2620000
2017-06-07 14:35:19.019000,1.09367,1.09365,1250000,2250000
2017-06-07 14:35:19.533000,1.09367,1.09366,1500000,1000000
2017-06-07 14:35:20.042000,1.09367,1.09365,1690000,1000000
2017-06-07 14:35:22.324000,1.0936,1.09359,2250000,2250000
2017-06-07 14:35:22.428000,1.09354,1.09349,1000000,1370000
2017-06-07 14:35:22.480000,1.09353,1.09351,4540000,3750000
2017-06-07 14:35:22.532000,1.09352,1.09349,2060000,1500000
2017-06-07 14:35:23.046000,1.09351,1.09348,2060000,1500000
2017-06-07 14:35:23.627000,1.09351,1.09348,3190000,1120000
2017-06-07 14:35:23.785000,1.09349,1.09346,1120000,2250000
2017-06-07 14:35:24.600000,1.09349,1.09346,1000000,1870000
2017-06-07 14:35:25.114000,1.09349,1.09345,2250000,3190000
2017-06-07 14:35:25.486000,1.0935,1.09348,1500000,1870000
2017-06-07 14:35:25.948000,1.09347,1.09345,2810000,1370000
2017-06-07 14:35:26.051000,1.09347,1.09344,2060000,1120000
2017-06-07 14:35:26.585000,1.09347,1.09344,1690000,1500000
2017-06-07 14:35:26.741000,1.09348,1.09347,1000000,1500000
2017-06-07 14:35:26.793000,1.0935,1.09348,2250000,2620000
2017-06-07 14:35:27.242000,1.09352,1.09349,3260000,1000000
2017-06-07 14:35:27.602000,1.09352,1.09351,1120000,1120000
2017-06-07 14:35:27.655000,1.09353,1.09351,3820000,1870000
2017-06-07 14:35:27.868000,1.09351,1.09348,1500000,3750000
2017-06-07 14:35:28.176000,1.0935,1.09347,2810000,1870000
2017-06-07 14:35:28.279000,1.09347,1.09345,6410000,1000000
2017-06-07 14:35:28.524000,1.09348,1.09345,1690000,3000000
2017-06-07 14:35:29.037000,1.09347,1.09346,1250000,1000000
2017-06-07 14:35:29.539000,1.09346,1.09343,1120000,2810000
2017-06-07 14:35:30.067000,1.09346,1.09344,1000000,1690000
2017-06-07 14:35:30.324000,1.09347,1.09344,2250000,1690000
2017-06-07 14:35:30.871000,1.09349,1.09347,1870000,1120000
2017-06-07 14:35:30.974000,1.0935,1.09348,1120000,1370000
2017-06-07 14:35:31.282000,1.09354,1.09351,1870000,2000000
2017-06-07 14:35:31.385000,1.09355,1.09353,2250000,1120000
2017-06-07 14:35:31.591000,1.09356,1.09353,1870000,1750000
2017-06-07 14:35:32.481000,1.09355,1.09353,1120000,1500000
2017-06-07 14:35:32.585000,1.09356,1.09353,4120000,1500000
2017-06-07 14:35:32.783000,1.09355,1.09352,1870000,2060000
2017-06-07 14:35:33.322000,1.09354,1.09351,1250000,1500000
2017-06-07 14:35:33.825000,1.09355,1.09353,1620000,1120000
2017-06-07 14:35:33.927000,1.09351,1.0935,1000000,1500000
2017-06-07 14:35:34.030000,1.09351,1.09349,1190000,1120000
2017-06-07 14:35:34.729000,1.0935,1.09347,2060000,2250000
2017-06-07 14:35:35.528000,1.09351,1.09349,1250000,1370000
2017-06-07 14:35:35.632000,1.0935,1.09348,1250000,1000000
2017-06-07 14:35:35.944000,1.09351,1.09349,1120000,1500000
2017-06-07 14:35:36.452000,1.09351,1.09348,2810000,1000000
2017-06-07 14:35:36.608000,1.09346,1.09345,5660000,1120000
2017-06-07 14:35:36.660000,1.09343,1.09342,1120000,1000000
2017-06-07 14:35:37.202000,1.09343,1.09341,1120000,1120000
2017-06-07 14:35:38.651000,1.09344,1.09343,1120000,1000000
2017-06-07 14:35:38.754000,1.09346,1.09345,1000000,2470000
2017-06-07 14:35:38.947000,1.09349,1.09346,1000000,2620000
2017-06-07 14:35:39.051000,1.09351,1.09348,1620000,3370000
2017-06-07 14:35:39.308000,1.09353,1.0935,1870000,1870000
2017-06-07 14:35:39.692000,1.09351,1.09348,1500000,2440000
2017-06-07 14:35:40.359000,1.09351,1.09348,1500000,2440000
2017-06-07 14:35:40.902000,1.09352,1.09349,1870000,1690000
2017-06-07 14:35:41.440000,1.09352,1.09351,1120000,2060000
2017-06-07 14:35:41.544000,1.09353,1.0935,1000000,3190000
2017-06-07 14:35:42.053000,1.09353,1.09351,1000000,1000000
2017-06-07 14:35:42.639000,1.09354,1.09351,1870000,1690000
2017-06-07 14:35:43.594000,1.09357,1.09356,5620000,1120000
2017-06-07 14:35:43.697000,1.09359,1.09357,1370000,1310000
2017-06-07 14:35:43.799000,1.09361,1.09358,2250000,3000000
2017-06-07 14:35:43.953000,1.09361,1.09358,2250000,1500000
2017-06-07 14:35:44.260000,1.09359,1.09358,1000000,1500000
2017-06-07 14:35:44.312000,1.09358,1.09355,1500000,2060000
2017-06-07 14:35:44.825000,1.0936,1.09357,2620000,1690000
2017-06-07 14:35:45.368000,1.09358,1.09357,1000000,1500000
2017-06-07 14:35:45.827000,1.0936,1.09358,1120000,2440000
2017-06-07 14:35:45.878000,1.09361,1.09357,2620000,1940000
2017-06-07 14:35:46.285000,1.09366,1.09363,2620000,2810000
2017-06-07 14:35:46.796000,1.09366,1.09364,2250000,1500000
2017-06-07 14:35:47.047000,1.09363,1.09362,1000000,3560000
2017-06-07 14:35:47.149000,1.09361,1.09359,1500000,1690000
2017-06-07 14:35:47.520000,1.0936,1.09358,1000000,1310000
2017-06-07 14:35:47.572000,1.0936,1.09357,2250000,1690000
2017-06-07 14:35:47.625000,1.09359,1.09357,1870000,1000000
2017-06-07 14:35:47.817000,1.09358,1.09355,1120000,1500000
2017-06-07 14:35:48.483000,1.09359,1.09356,1000000,1370000
2017-06-07 14:35:48.833000,1.09363,1.0936,1500000,2810000
2017-06-07 14:35:49.676000,1.09362,1.09359,1120000,1500000
2017-06-07 14:35:50.209000,1.09362,1.09359,2060000,1370000
2017-06-07 14:35:50.710000,1.09365,1.09363,1000000,1000000
2017-06-07 14:35:51.220000,1.09366,1.09363,1000000,1500000
2017-06-07 14:35:51.997000,1.09364,1.09363,1000000,1120000
2017-06-07 14:35:52.201000,1.09366,1.09363,1500000,1500000
2017-06-07 14:35:52.703000,1.09367,1.09364,2440000,1120000
2017-06-07 14:35:53.890000,1.09367,1.09363,2440000,1500000
2017-06-07 14:35:54.284000,1.09369,1.09366,2620000,1120000
2017-06-07 14:35:54.895000,1.0937,1.09368,2810000,1000000
2017-06-07 14:35:54.998000,1.09372,1.0937,1120000,1120000
2017-06-07 14:35:55.236000,1.0937,1.09369,1000000,1000000
2017-06-07 14:35:55.594000,1.09368,1.09367,1000000,3000000
2017-06-07 14:35:55.800000,1.09367,1.09364,1870000,1690000
2017-06-07 14:35:55.999000,1.09364,1.09361,1120000,5250000
2017-06-07 14:35:56.534000,1.09364,1.09361,1120000,1500000
2017-06-07 14:35:57.319000,1.09363,1.09361,1000000,1500000
2017-06-07 14:35:57.421000,1.09362,1.0936,1120000,1120000
2017-06-07 14:35:58.029000,1.09361,1.0936,1000000,1000000
2017-06-07 14:35:58.544000,1.09361,1.09358,1200000,2250000
2017-06-07 14:36:00.058000,1.0936,1.09358,1000000,2440000
2017-06-07 14:36:00.583000,1.0936,1.09358,1870000,1690000
2017-06-07 14:36:00.726000,1.09357,1.09355,1000000,2250000
2017-06-07 14:36:00.828000,1.09357,1.09354,1870000,2250000
2017-06-07 14:36:01.423000,1.09356,1.09354,1000000,1870000
2017-06-07 14:36:01.933000,1.09356,1.09355,1000000,1500000
2017-06-07 14:36:02.575000,1.09356,1.09354,1000000,1120000
2017-06-07 14:36:02.781000,1.09354,1.09352,1500000,1120000
2017-06-07 14:36:02.833000,1.0935,1.09349,1120000,4500000
2017-06-07 14:36:03.084000,1.09352,1.0935,1500000,1000000
2017-06-07 14:36:03.596000,1.09351,1.09348,1870000,1870000
2017-06-07 14:36:04.134000,1.09353,1.0935,1870000,1870000
2017-06-07 14:36:04.187000,1.09354,1.09351,2060000,1000000
2017-06-07 14:36:04.781000,1.09354,1.09351,2060000,1370000
2017-06-07 14:36:04.834000,1.09351,1.0935,1310000,1000000
2017-06-07 14:36:04.989000,1.09349,1.09348,1120000,1000000
2017-06-07 14:36:05.246000,1.09351,1.09348,2440000,1370000
2017-06-07 14:36:05.759000,1.09352,1.0935,2250000,1000000
2017-06-07 14:36:06.123000,1.09354,1.09351,2440000,1500000
2017-06-07 14:36:06.175000,1.09355,1.09352,1120000,1750000
2017-06-07 14:36:06.736000,1.09354,1.09353,1000000,1000000
2017-06-07 14:36:06.787000,1.09354,1.09352,1120000,1120000
2017-06-07 14:36:08.284000,1.09354,1.09351,1000000,2620000
2017-06-07 14:36:08.852000,1.09355,1.09353,1120000,1500000
2017-06-07 14:36:09.008000,1.09357,1.09355,1500000,1000000
2017-06-07 14:36:09.317000,1.09359,1.09357,1690000,1000000
2017-06-07 14:36:09.369000,1.0936,1.09357,3190000,1500000
2017-06-07 14:36:09.621000,1.09358,1.09356,1000000,1500000
2017-06-07 14:36:10.238000,1.09357,1.09355,1870000,1000000
2017-06-07 14:36:10.785000,1.09356,1.09354,1000000,1500000
2017-06-07 14:36:11.304000,1.09356,1.09354,1000000,1500000
2017-06-07 14:36:11.632000,1.09362,1.0936,4500000,1000000
2017-06-07 14:36:12.538000,1.0936,1.09359,1000000,1500000
2017-06-07 14:36:12.846000,1.09358,1.09357,1000000,1500000
2017-06-07 14:36:12.949000,1.09358,1.09356,2810000,1000000
2017-06-07 14:36:13.307000,1.09356,1.09355,1250000,1000000
2017-06-07 14:36:13.359000,1.09355,1.09354,1000000,1120000
2017-06-07 14:36:13.565000,1.09354,1.09352,1250000,1500000
2017-06-07 14:36:13.617000,1.09353,1.09351,2810000,1120000
2017-06-07 14:36:14.160000,1.09352,1.0935,1120000,1370000
2017-06-07 14:36:14.684000,1.09353,1.09349,3940000,4690000
2017-06-07 14:36:15.441000,1.09353,1.0935,3940000,1120000
2017-06-07 14:36:15.874000,1.0935,1.09349,1250000,3940000
2017-06-07 14:36:15.927000,1.09347,1.09345,1540000,1370000
2017-06-07 14:36:16.369000,1.09344,1.09343,1000000,2620000
2017-06-07 14:36:16.781000,1.09346,1.09343,1120000,2620000
2017-06-07 14:36:17.388000,1.09347,1.09345,1500000,1000000
2017-06-07 14:36:17.852000,1.09348,1.09347,1000000,1000000
2017-06-07 14:36:18.044000,1.09352,1.0935,1690000,1120000
2017-06-07 14:36:18.402000,1.09349,1.09348,1250000,1120000
2017-06-07 14:36:18.555000,1.09348,1.09345,2060000,5250000
2017-06-07 14:36:18.607000,1.09348,1.09345,2060000,1500000
2017-06-07 14:36:19.487000,1.09349,1.09345,5140000,1500000
2017-06-07 14:36:22.561000,1.09345,1.09344,1000000,1870000
2017-06-07 14:36:22.612000,1.09344,1.09342,2890000,4500000
2017-06-07 14:36:22.715000,1.09344,1.09341,4310000,1500000
2017-06-07 14:36:23.603000,1.09342,1.0934,2810000,1500000
2017-06-07 14:36:23.655000,1.09339,1.09338,1000000,1000000
2017-06-07 14:36:23.809000,1.09342,1.09339,2440000,1870000
2017-06-07 14:36:24.150000,1.09343,1.09341,1310000,1370000
2017-06-07 14:36:24.303000,1.09341,1.09339,1000000,1870000
2017-06-07 14:36:24.815000,1.09338,1.09337,1250000,4500000
2017-06-07 14:36:25.158000,1.0934,1.09339,1310000,1000000
2017-06-07 14:36:25.263000,1.09339,1.09337,1870000,1000000
2017-06-07 14:36:25.860000,1.09339,1.09337,1120000,1000000
2017-06-07 14:36:26.321000,1.09341,1.09338,1250000,2250000
2017-06-07 14:36:26.863000,1.09342,1.0934,1690000,1000000
2017-06-07 14:36:27.275000,1.09344,1.09341,2810000,1870000
2017-06-07 14:36:27.618000,1.09346,1.09344,1120000,1310000
2017-06-07 14:36:27.926000,1.0935,1.09347,1500000,1500000
2017-06-07 14:36:28.233000,1.09349,1.09347,2620000,1500000
2017-06-07 14:36:28.423000,1.0935,1.09347,1500000,1500000
2017-06-07 14:36:29.031000,1.0935,1.09347,1000000,2620000
2017-06-07 14:36:29.580000,1.0935,1.09348,1000000,1000000
2017-06-07 14:36:30.671000,1.09351,1.0935,1350000,1000000
2017-06-07 14:36:30.723000,1.09356,1.09354,1000000,1690000
2017-06-07 14:36:31.234000,1.09357,1.09354,1500000,1690000
2017-06-07 14:36:31.760000,1.09357,1.09354,1500000,3190000
2017-06-07 14:36:32.857000,1.09358,1.09357,2250000,1000000
2017-06-07 14:36:32.909000,1.0936,1.09357,3000000,2060000
2017-06-07 14:36:33.165000,1.09355,1.09351,1870000,5510000
2017-06-07 14:36:33.473000,1.09353,1.09351,1370000,3000000
2017-06-07 14:36:33.627000,1.09355,1.09352,1500000,3190000
2017-06-07 14:36:34.146000,1.09353,1.0935,1500000,3190000
2017-06-07 14:36:34.519000,1.09352,1.0935,1120000,1310000
2017-06-07 14:36:35.031000,1.09352,1.09349,1500000,2440000
2017-06-07 14:36:35.474000,1.09354,1.09351,1870000,2440000
2017-06-07 14:36:35.976000,1.09355,1.09352,1500000,3000000
2017-06-07 14:36:36.597000,1.09355,1.09352,1500000,1500000
2017-06-07 14:36:38.269000,1.09356,1.09353,1870000,1690000
2017-06-07 14:36:40.904000,1.09356,1.09354,2620000,2250000
2017-06-07 14:36:41.211000,1.09351,1.09347,2250000,3560000
2017-06-07 14:36:41.725000,1.09351,1.09349,1500000,1370000
2017-06-07 14:36:42.233000,1.09351,1.09348,2250000,2440000
2017-06-07 14:36:42.750000,1.09351,1.0935,1120000,1870000
2017-06-07 14:36:43.007000,1.09353,1.09351,1120000,2440000
2017-06-07 14:36:43.544000,1.09354,1.09352,2250000,1000000
2017-06-07 14:36:43.800000,1.09356,1.09354,1500000,1370000
2017-06-07 14:36:44.407000,1.09356,1.09354,1500000,1120000
2017-06-07 14:36:45.447000,1.09356,1.09355,1500000,1000000
2017-06-07 14:36:45.958000,1.09357,1.09354,1500000,3940000
2017-06-07 14:36:46.113000,1.09357,1.09356,1000000,1250000
2017-06-07 14:36:46.661000,1.09357,1.09354,1000000,3370000
2017-06-07 14:36:47.341000,1.09357,1.09354,1500000,2620000
2017-06-07 14:36:48.528000,1.09355,1.09353,1870000,1120000
2017-06-07 14:36:49.062000,1.09354,1.09352,1000000,1310000
2017-06-07 14:36:49.397000,1.09356,1.09354,1500000,1250000
2017-06-07 14:36:49.712000,1.09357,1.09355,1500000,1000000
2017-06-07 14:36:50.412000,1.09357,1.09355,1500000,1000000
2017-06-07 14:36:51.341000,1.09357,1.09356,1500000,1000000
2017-06-07 14:36:51.546000,1.09359,1.09357,1870000,2500000
2017-06-07 14:36:51.752000,1.09359,1.09355,5620000,3190000
2017-06-07 14:36:52.260000,1.09359,1.09357,2620000,1000000
2017-06-07 14:36:52.363000,1.0936,1.09358,1500000,1120000
2017-06-07 14:36:54.145000,1.09361,1.09359,1870000,1310000
2017-06-07 14:36:54.327000,1.09363,1.09362,1120000,1000000
2017-06-07 14:36:54.483000,1.09366,1.09364,1120000,1310000
2017-06-07 14:36:54.690000,1.09368,1.09366,1370000,1310000
2017-06-07 14:36:54.999000,1.0937,1.09367,5620000,2810000
2017-06-07 14:36:55.380000,1.09371,1.0937,2320000,1000000
2017-06-07 14:36:55.482000,1.09374,1.09372,3750000,2620000
2017-06-07 14:36:56.833000,1.09374,1.09371,1870000,3940000
2017-06-07 14:36:59.011000,1.09373,1.0937,2250000,3560000
2017-06-07 14:36:59.535000,1.09372,1.0937,1000000,1310000
2017-06-07 14:36:59.691000,1.09379,1.09378,1570000,1500000
2017-06-07 14:36:59.807000,1.0938,1.09379,1500000,1120000
2017-06-07 14:37:00.321000,1.0938,1.09378,1120000,2250000
2017-06-07 14:37:01.037000,1.09381,1.09379,1370000,1690000
2017-06-07 14:37:01.191000,1.09382,1.0938,1000000,1310000
2017-06-07 14:37:01.732000,1.09383,1.09381,1120000,1500000
2017-06-07 14:37:02.247000,1.09383,1.09382,1000000,1120000
2017-06-07 14:37:02.750000,1.09384,1.09383,1000000,1120000
2017-06-07 14:37:03.263000,1.09383,1.09381,1000000,1690000
2017-06-07 14:37:03.793000,1.09384,1.09383,1000000,1120000
2017-06-07 14:37:04.576000,1.09386,1.09384,1000000,1120000
2017-06-07 14:37:04.884000,1.09387,1.09386,1000000,1310000
2017-06-07 14:37:05.194000,1.09385,1.09383,1000000,2060000
2017-06-07 14:37:05.936000,1.09385,1.09383,1000000,1120000
2017-06-07 14:37:06.396000,1.09383,1.09382,1000000,1000000
2017-06-07 14:37:06.906000,1.09384,1.09382,1870000,1310000
2017-06-07 14:37:08.021000,1.09384,1.09382,1500000,1870000
2017-06-07 14:37:08.364000,1.09382,1.0938,1000000,1370000
2017-06-07 14:37:08.722000,1.0938,1.09378,1000000,2620000
2017-06-07 14:37:08.774000,1.09378,1.09377,1000000,1120000
2017-06-07 14:37:09.863000,1.09375,1.09372,1120000,4120000
2017-06-07 14:37:10.069000,1.09373,1.09371,1120000,1120000
2017-06-07 14:37:10.747000,1.09373,1.0937,2250000,1870000
2017-06-07 14:37:10.850000,1.0937,1.09368,1000000,2250000
2017-06-07 14:37:10.953000,1.09368,1.09367,1000000,1120000
2017-06-07 14:37:11.461000,1.09369,1.09367,1120000,1500000
2017-06-07 14:37:11.724000,1.09371,1.09369,1500000,1500000
2017-06-07 14:37:11.878000,1.09372,1.0937,2250000,1620000
2017-06-07 14:37:12.608000,1.09373,1.0937,1870000,2000000
2017-06-07 14:37:12.774000,1.09367,1.09366,1000000,7870000
2017-06-07 14:37:12.930000,1.09364,1.09363,1000000,1120000
2017-06-07 14:37:13.473000,1.09364,1.09362,1000000,1690000
2017-06-07 14:37:13.524000,1.09363,1.09361,1870000,2470000
2017-06-07 14:37:13.706000,1.09362,1.0936,1000000,1310000
2017-06-07 14:37:14.458000,1.09361,1.09359,1120000,1310000
2017-06-07 14:37:14.711000,1.09358,1.09357,1000000,1690000
2017-06-07 14:37:14.815000,1.09357,1.09355,1000000,2440000
2017-06-07 14:37:15.073000,1.09356,1.09354,1000000,2250000
2017-06-07 14:37:15.125000,1.09354,1.09353,1000000,1310000
2017-06-07 14:37:15.657000,1.09355,1.09353,1120000,1870000
2017-06-07 14:37:16.228000,1.09357,1.09354,3000000,1120000
2017-06-07 14:37:16.422000,1.09357,1.09355,1120000,3000000
2017-06-07 14:37:16.938000,1.09359,1.09356,1500000,2060000
2017-06-07 14:37:17.318000,1.09361,1.09358,1870000,2620000
2017-06-07 14:37:17.529000,1.09359,1.09355,2250000,5440000
2017-06-07 14:37:17.581000,1.09357,1.09355,1120000,2620000
2017-06-07 14:37:18.043000,1.09355,1.09353,1250000,2250000
2017-06-07 14:37:18.246000,1.09353,1.09349,1310000,3000000
2017-06-07 14:37:18.350000,1.09354,1.09352,2060000,1000000
2017-06-07 14:37:18.505000,1.09357,1.09354,3190000,1120000
2017-06-07 14:37:19.040000,1.09357,1.09355,2250000,1000000
2017-06-07 14:37:19.688000,1.09359,1.09357,1000000,1120000
2017-06-07 14:37:19.842000,1.09361,1.09358,1500000,2060000
2017-06-07 14:37:20.259000,1.09362,1.09359,1500000,3190000
2017-06-07 14:37:20.721000,1.09364,1.09361,1870000,2250000
2017-06-07 14:37:21.242000,1.09364,1.0936,2570000,1870000
2017-06-07 14:37:21.753000,1.09362,1.09358,2320000,2620000
2017-06-07 14:37:22.313000,1.09361,1.09358,1870000,1370000
2017-06-07 14:37:22.870000,1.09359,1.09358,1000000,1000000
2017-06-07 14:37:23.011000,1.09359,1.09357,1000000,1000000
2017-06-07 14:37:23.217000,1.0936,1.09357,1120000,2440000
2017-06-07 14:37:23.527000,1.09358,1.09355,1870000,1620000
2017-06-07 14:37:24.078000,1.09359,1.09355,1500000,3940000
2017-06-07 14:37:24.597000,1.0936,1.09357,1500000,2250000
2017-06-07 14:37:24.648000,1.0936,1.09357,1000000,2440000
2017-06-07 14:37:24.984000,1.09356,1.09353,1120000,3190000
2017-06-07 14:37:25.648000,1.09357,1.09354,2700000,1000000
2017-06-07 14:37:26.155000,1.09356,1.09353,1870000,3190000
2017-06-07 14:37:26.700000,1.09357,1.09354,2250000,1870000
2017-06-07 14:37:27.216000,1.09356,1.09354,1120000,1000000
2017-06-07 14:37:27.738000,1.09356,1.09353,1120000,2060000
2017-06-07 14:37:28.339000,1.09352,1.0935,1000000,4690000
2017-06-07 14:37:28.496000,1.09351,1.09348,2620000,1500000
2017-06-07 14:37:29.008000,1.0935,1.09347,1500000,2440000
2017-06-07 14:37:29.521000,1.0935,1.09348,1500000,1370000
2017-06-07 14:37:30.336000,1.09352,1.09349,2250000,1500000
2017-06-07 14:37:30.388000,1.09352,1.0935,1000000,1690000
2017-06-07 14:37:30.903000,1.09353,1.0935,1500000,1690000
2017-06-07 14:37:31.566000,1.09353,1.0935,1500000,2060000
2017-06-07 14:37:31.958000,1.09356,1.09353,2620000,1870000
2017-06-07 14:37:32.270000,1.09359,1.09357,5250000,1500000
2017-06-07 14:37:32.776000,1.09356,1.09354,1500000,1120000
2017-06-07 14:37:33.704000,1.09356,1.09354,1500000,1370000
2017-06-07 14:37:34.631000,1.09356,1.09354,1500000,1120000
2017-06-07 14:37:36.107000,1.09356,1.09354,1500000,1370000
2017-06-07 14:37:36.641000,1.09356,1.09354,1500000,1120000
2017-06-07 14:37:37.206000,1.09356,1.09354,1500000,1120000
2017-06-07 14:37:38.203000,1.09356,1.09354,2210000,1120000
2017-06-07 14:37:39.211000,1.09355,1.09354,1080000,1120000
2017-06-07 14:37:39.738000,1.09353,1.09351,1370000,1500000
2017-06-07 14:37:40.255000,1.09353,1.09352,1500000,1000000
2017-06-07 14:37:40.904000,1.09352,1.09351,1120000,1000000
2017-06-07 14:37:41.405000,1.09351,1.09349,1120000,1620000
2017-06-07 14:37:41.763000,1.09353,1.09351,2960000,1000000
2017-06-07 14:37:42.550000,1.09353,1.0935,1830000,2250000
2017-06-07 14:37:43.067000,1.09353,1.0935,2210000,2250000
2017-06-07 14:37:43.603000,1.09352,1.0935,1830000,1500000
2017-06-07 14:37:44.121000,1.09352,1.09349,1830000,2810000
2017-06-07 14:37:46.012000,1.09352,1.0935,1830000,1000000
2017-06-07 14:37:46.176000,1.09355,1.09353,2250000,1120000
2017-06-07 14:37:46.329000,1.09356,1.09354,1120000,1310000
2017-06-07 14:37:46.840000,1.09356,1.09354,1120000,1370000
2017-06-07 14:37:47.382000,1.09357,1.09355,2250000,1120000
2017-06-07 14:37:47.896000,1.09357,1.09356,1000000,1120000
2017-06-07 14:37:48.400000,1.09358,1.09356,1500000,1120000
2017-06-07 14:37:48.914000,1.09357,1.09355,1500000,1370000
2017-06-07 14:37:49.554000,1.09358,1.09357,1500000,1000000
2017-06-07 14:37:50.340000,1.09357,1.09354,1120000,3370000
2017-06-07 14:37:50.494000,1.09357,1.09354,1870000,2250000
2017-06-07 14:37:50.803000,1.09355,1.09353,1000000,2060000
2017-06-07 14:37:51.085000,1.09356,1.09353,2250000,1310000
2017-06-07 14:37:51.290000,1.09355,1.09352,1870000,1120000
2017-06-07 14:37:51.803000,1.09353,1.0935,4120000,1250000
2017-06-07 14:37:51.855000,1.09351,1.09349,2620000,3000000
2017-06-07 14:37:52.010000,1.0935,1.09347,2250000,1120000
2017-06-07 14:37:52.361000,1.09351,1.09348,1990000,1620000
2017-06-07 14:37:53.845000,1.09351,1.09348,1680000,1120000
2017-06-07 14:37:54.842000,1.09352,1.09348,3120000,1500000
2017-06-07 14:37:55.804000,1.09352,1.0935,2250000,1000000
2017-06-07 14:37:56.316000,1.09352,1.09349,1870000,1500000
2017-06-07 14:37:57.628000,1.09352,1.09349,1870000,2250000
2017-06-07 14:37:58.173000,1.09352,1.0935,1000000,2440000
2017-06-07 14:37:58.582000,1.09354,1.09351,1000000,1870000
2017-06-07 14:37:59.854000,1.09354,1.09351,1500000,1870000
2017-06-07 14:38:01.675000,1.09354,1.09351,2620000,1120000
2017-06-07 14:38:02.213000,1.09354,1.09351,1620000,2620000
2017-06-07 14:38:02.733000,1.09353,1.09351,1000000,1120000
2017-06-07 14:38:04.045000,1.09353,1.09351,1120000,1370000
2017-06-07 14:38:05.132000,1.09353,1.09351,1120000,1120000
2017-06-07 14:38:08.772000,1.09352,1.09351,1000000,1120000
2017-06-07 14:38:11.074000,1.09354,1.09351,2810000,1120000
2017-06-07 14:38:11.836000,1.09352,1.09351,1350000,1870000
2017-06-07 14:38:12.095000,1.09344,1.09342,1120000,1000000
2017-06-07 14:38:12.606000,1.09345,1.09342,1120000,1370000
2017-06-07 14:38:12.950000,1.09346,1.09345,1690000,1000000
2017-06-07 14:38:13.462000,1.09347,1.09344,1000000,2250000
2017-06-07 14:38:13.855000,1.09348,1.09347,1250000,1000000
2017-06-07 14:38:14.013000,1.0935,1.09348,1000000,1000000
2017-06-07 14:38:15.881000,1.09351,1.09349,1000000,5660000
2017-06-07 14:38:16.035000,1.09354,1.09351,1000000,1870000
2017-06-07 14:38:16.137000,1.09354,1.09351,1870000,1120000
2017-06-07 14:38:16.441000,1.09355,1.09353,1870000,1000000
2017-06-07 14:38:17.457000,1.09354,1.09351,7720000,1370000
2017-06-07 14:38:18.022000,1.09354,1.09351,1370000,2060000
2017-06-07 14:38:19.262000,1.09354,1.09351,1000000,2810000
2017-06-07 14:38:19.595000,1.09357,1.09355,1500000,1000000
2017-06-07 14:38:20.107000,1.09358,1.09355,1500000,1870000
2017-06-07 14:38:20.906000,1.09358,1.09354,2250000,3000000
2017-06-07 14:38:22,1.09357,1.09354,1500000,1870000
2017-06-07 14:38:22.308000,1.0936,1.09357,1120000,4690000
2017-06-07 14:38:22.615000,1.09359,1.09356,1370000,1500000
2017-06-07 14:38:22.980000,1.09357,1.09354,1870000,1870000
2017-06-07 14:38:23.492000,1.09356,1.09353,1870000,1000000
2017-06-07 14:38:24.057000,1.09355,1.09352,1870000,1500000
2017-06-07 14:38:24.564000,1.09355,1.09352,1500000,1370000
2017-06-07 14:38:25.346000,1.09356,1.09353,1500000,1370000
2017-06-07 14:38:25.740000,1.09358,1.09355,1870000,1690000
2017-06-07 14:38:26.250000,1.09358,1.09354,2250000,5060000
2017-06-07 14:38:26.558000,1.09359,1.09356,1000000,1370000
2017-06-07 14:38:27.062000,1.0936,1.09357,1000000,3560000
2017-06-07 14:38:27.370000,1.09362,1.09359,1870000,2060000
2017-06-07 14:38:27.884000,1.09362,1.09359,1120000,1500000
2017-06-07 14:38:28.191000,1.09359,1.09358,1000000,1870000
2017-06-07 14:38:28.293000,1.09358,1.09356,1120000,1250000
2017-06-07 14:38:28.831000,1.09358,1.09355,1120000,1690000
2017-06-07 14:38:29.247000,1.0936,1.09357,1370000,1370000
2017-06-07 14:38:29.771000,1.09361,1.09358,1690000,1370000
2017-06-07 14:38:30.925000,1.09361,1.09357,1690000,3750000
2017-06-07 14:38:31.437000,1.0936,1.09357,1500000,1120000
2017-06-07 14:38:31.987000,1.0936,1.09357,1500000,1120000
2017-06-07 14:38:32.192000,1.09358,1.09356,1000000,1500000
2017-06-07 14:38:32.296000,1.09357,1.09354,1500000,3000000
2017-06-07 14:38:32.747000,1.09356,1.09353,2060000,1500000
2017-06-07 14:38:33.204000,1.09353,1.09352,3190000,1000000
2017-06-07 14:38:33.256000,1.09351,1.09349,1500000,1000000
2017-06-07 14:38:33.894000,1.09353,1.0935,1500000,1870000
2017-06-07 14:38:33.999000,1.09351,1.09348,1500000,4500000
2017-06-07 14:38:34.538000,1.09352,1.09348,1690000,4500000
2017-06-07 14:38:35.379000,1.09351,1.09347,1500000,3560000
2017-06-07 14:38:35.916000,1.0935,1.09346,2440000,2250000
2017-06-07 14:38:36.758000,1.09349,1.09346,1120000,2250000
2017-06-07 14:38:38.921000,1.0935,1.09347,1690000,1870000
2017-06-07 14:38:39.438000,1.0935,1.09346,2440000,1500000
2017-06-07 14:38:40.690000,1.09348,1.09346,1120000,2250000
2017-06-07 14:38:41.709000,1.09348,1.09346,1120000,1120000
2017-06-07 14:38:42.403000,1.09348,1.09347,1120000,1500000
2017-06-07 14:38:42.668000,1.0935,1.09347,2060000,1870000
2017-06-07 14:38:43.172000,1.09349,1.09346,1870000,1870000
2017-06-07 14:38:43.677000,1.0935,1.09348,1870000,1120000
2017-06-07 14:38:44.269000,1.0935,1.09348,1120000,1370000
2017-06-07 14:38:44.811000,1.0935,1.09347,1690000,2620000
2017-06-07 14:38:45.250000,1.09347,1.09346,2250000,1000000
2017-06-07 14:38:45.404000,1.09344,1.09342,1690000,1000000
2017-06-07 14:38:45.660000,1.09343,1.0934,2250000,1000000
2017-06-07 14:38:47.940000,1.09343,1.0934,2250000,3750000
2017-06-07 14:38:48.288000,1.09346,1.09343,1690000,2620000
2017-06-07 14:38:49.290000,1.09347,1.09344,2620000,1690000
2017-06-07 14:38:49.804000,1.09349,1.09346,4870000,1120000
2017-06-07 14:38:50.501000,1.09349,1.09345,5620000,1690000
2017-06-07 14:38:50.863000,1.09345,1.09343,1120000,1250000
2017-06-07 14:38:51.171000,1.09344,1.09341,1870000,1190000
2017-06-07 14:38:51.376000,1.09345,1.09342,1500000,1310000
2017-06-07 14:38:51.924000,1.09346,1.09343,1500000,3560000
2017-06-07 14:38:52.543000,1.09347,1.09345,1120000,3560000
2017-06-07 14:38:53.156000,1.09349,1.09345,2250000,3940000
2017-06-07 14:38:53.686000,1.09349,1.09346,1000000,1560000
2017-06-07 14:38:55.694000,1.09348,1.09346,1500000,2440000
2017-06-07 14:38:56.003000,1.09338,1.09337,1000000,2250000
2017-06-07 14:38:56.056000,1.09338,1.09336,1000000,1870000
2017-06-07 14:38:56.596000,1.0934,1.09337,1870000,3560000
2017-06-07 14:38:56.647000,1.09342,1.09339,2620000,1310000
2017-06-07 14:38:57.233000,1.09339,1.09338,1000000,1500000
2017-06-07 14:38:57.335000,1.09339,1.09336,2250000,1310000
2017-06-07 14:38:57.797000,1.09338,1.09335,1500000,3560000
2017-06-07 14:38:58.229000,1.09339,1.09336,2320000,2060000
2017-06-07 14:38:58.746000,1.0934,1.09338,1500000,2250000
2017-06-07 14:38:59.448000,1.09341,1.09339,1870000,1250000
2017-06-07 14:38:59.551000,1.09342,1.0934,1500000,2250000
2017-06-07 14:38:59.832000,1.09346,1.09344,5020000,2120000
2017-06-07 14:38:59.936000,1.09348,1.09345,2250000,4310000
2017-06-07 14:39:00.997000,1.09348,1.09345,1370000,4310000
2017-06-07 14:39:01.257000,1.09349,1.09347,2250000,1000000
2017-06-07 14:39:01.805000,1.09348,1.09347,1120000,2250000
2017-06-07 14:39:01.908000,1.09351,1.09349,2250000,1120000
2017-06-07 14:39:02.166000,1.09353,1.0935,1500000,1310000
2017-06-07 14:39:02.683000,1.09353,1.09351,1500000,1000000
2017-06-07 14:39:03.194000,1.09353,1.0935,3000000,2810000
2017-06-07 14:39:03.707000,1.09353,1.09351,1500000,2250000
2017-06-07 14:39:04.599000,1.09353,1.09351,3000000,1500000
2017-06-07 14:39:05.060000,1.0935,1.09348,2620000,3750000
2017-06-07 14:39:05.238000,1.0935,1.09347,3750000,1120000
2017-06-07 14:39:05.750000,1.09349,1.09346,2250000,2060000
2017-06-07 14:39:06.299000,1.09349,1.09347,1000000,1870000
2017-06-07 14:39:06.987000,1.09346,1.09344,1000000,5440000
2017-06-07 14:39:07.141000,1.09343,1.09342,1000000,2620000
2017-06-07 14:39:07.578000,1.09341,1.0934,2850000,1120000
2017-06-07 14:39:07.889000,1.09337,1.09335,1120000,1370000
2017-06-07 14:39:09.449000,1.09337,1.09334,2810000,1370000
2017-06-07 14:39:11.973000,1.09336,1.09334,3000000,1000000
2017-06-07 14:39:12.485000,1.09334,1.09332,1000000,1870000
2017-06-07 14:39:12.836000,1.0933,1.09329,1000000,3370000
2017-06-07 14:39:13.245000,1.09332,1.0933,1870000,1120000
2017-06-07 14:39:13.359000,1.09333,1.09332,1870000,1120000
2017-06-07 14:39:13.555000,1.09331,1.09329,1500000,2620000
2017-06-07 14:39:13.607000,1.0933,1.09328,1120000,1120000
2017-06-07 14:39:14.117000,1.09329,1.09328,1250000,1120000
2017-06-07 14:39:14.168000,1.09329,1.09326,2810000,2360000
2017-06-07 14:39:17.403000,1.09325,1.09324,1000000,7500000
2017-06-07 14:39:17.542000,1.09324,1.09322,1120000,1120000
2017-06-07 14:39:18.052000,1.09324,1.09321,4310000,1870000
2017-06-07 14:39:18.309000,1.0932,1.09319,1690000,1990000
2017-06-07 14:39:18.490000,1.09317,1.09314,1250000,3000000
2017-06-07 14:39:19.001000,1.09317,1.09315,5060000,1120000
2017-06-07 14:39:19.105000,1.09316,1.09313,1500000,1500000
2017-06-07 14:39:19.759000,1.09316,1.09313,2060000,1500000
2017-06-07 14:39:20.017000,1.09317,1.09315,4310000,1000000
2017-06-07 14:39:20.520000,1.09318,1.09316,3370000,1120000
2017-06-07 14:39:21.245000,1.09318,1.09316,3190000,1000000
2017-06-07 14:39:21.640000,1.09321,1.09317,6560000,3750000
2017-06-07 14:39:21.691000,1.09321,1.09318,1120000,4120000
2017-06-07 14:39:22.231000,1.09322,1.0932,3000000,1150000
2017-06-07 14:39:22.597000,1.09323,1.09321,1500000,1000000
2017-06-07 14:39:23.111000,1.09323,1.09321,1500000,1120000
2017-06-07 14:39:24.966000,1.09321,1.0932,1500000,1240000
2017-06-07 14:39:25.017000,1.09319,1.09317,1910000,1120000
2017-06-07 14:39:25.686000,1.09319,1.09318,2810000,1120000
2017-06-07 14:39:26.044000,1.09322,1.09321,1120000,1000000
2017-06-07 14:39:26.653000,1.09324,1.09321,1690000,3000000
2017-06-07 14:39:27.455000,1.09323,1.09322,2620000,1000000
2017-06-07 14:39:27.986000,1.09324,1.09322,2440000,1500000
2017-06-07 14:39:30.389000,1.09325,1.09322,3940000,1370000
2017-06-07 14:39:30.441000,1.09325,1.09324,2250000,2620000
2017-06-07 14:39:30.544000,1.09324,1.09322,1910000,1500000
2017-06-07 14:39:30.804000,1.09323,1.09321,1120000,1120000
2017-06-07 14:39:31.347000,1.09323,1.09321,2060000,1000000
2017-06-07 14:39:32.679000,1.09323,1.0932,3560000,2620000
2017-06-07 14:39:32.833000,1.09321,1.09319,2060000,2620000
2017-06-07 14:39:33.012000,1.0932,1.09317,6040000,1120000
2017-06-07 14:39:33.422000,1.0932,1.09319,1120000,1000000
2017-06-07 14:39:33.995000,1.09321,1.09318,2440000,3370000
2017-06-07 14:39:34.304000,1.09322,1.0932,2060000,3000000
2017-06-07 14:39:34.664000,1.0932,1.09319,1120000,1120000
2017-06-07 14:39:35.212000,1.09322,1.09321,1500000,1120000
2017-06-07 14:39:35.264000,1.09324,1.09322,1690000,2620000
2017-06-07 14:39:35.777000,1.09325,1.09323,2060000,1870000
2017-06-07 14:39:36.612000,1.09324,1.09322,1120000,2250000
2017-06-07 14:39:37.371000,1.09325,1.09322,2060000,2250000
2017-06-07 14:39:37.915000,1.09324,1.09322,1120000,2250000
2017-06-07 14:39:38.903000,1.09323,1.09321,1120000,3000000
2017-06-07 14:39:39.008000,1.09322,1.0932,1120000,3000000
2017-06-07 14:39:39.556000,1.09322,1.0932,1120000,1500000
2017-06-07 14:39:40.061000,1.09322,1.0932,1690000,1870000
2017-06-07 14:39:40.581000,1.09322,1.0932,2810000,1870000
2017-06-07 14:39:41.078000,1.09319,1.09316,3790000,3370000
2017-06-07 14:39:41.386000,1.09318,1.09316,2810000,1120000
2017-06-07 14:39:44.131000,1.09316,1.09315,1120000,1120000
2017-06-07 14:39:44.661000,1.09317,1.09315,1120000,1370000
2017-06-07 14:39:44.968000,1.09319,1.09316,1000000,3370000
2017-06-07 14:39:46.385000,1.09319,1.09316,1310000,2250000
2017-06-07 14:39:46.694000,1.09318,1.09316,1120000,2620000
2017-06-07 14:39:47.048000,1.09321,1.09319,1000000,4120000
2017-06-07 14:39:47.101000,1.09322,1.0932,2060000,1000000
2017-06-07 14:39:47.626000,1.09321,1.0932,1120000,1000000
2017-06-07 14:39:47.780000,1.09324,1.09321,2060000,1370000
2017-06-07 14:39:48.331000,1.09323,1.09321,1120000,1500000
2017-06-07 14:39:49.154000,1.09323,1.09321,1500000,1000000
2017-06-07 14:39:49.672000,1.09322,1.09321,1120000,1000000
2017-06-07 14:39:50.379000,1.0932,1.09318,2810000,2250000
2017-06-07 14:39:50.482000,1.09319,1.09317,1120000,1120000
2017-06-07 14:39:50.993000,1.0932,1.09317,2060000,2250000
2017-06-07 14:39:51.377000,1.09318,1.09316,1120000,1870000
2017-06-07 14:39:51.685000,1.0932,1.09317,3190000,1370000
2017-06-07 14:39:52.484000,1.09319,1.09317,1120000,1370000
2017-06-07 14:39:52.996000,1.0932,1.09316,3190000,1500000
2017-06-07 14:39:53.252000,1.09317,1.09315,1500000,1000000
2017-06-07 14:39:53.508000,1.09317,1.09314,2620000,1120000
2017-06-07 14:39:53.561000,1.09317,1.09314,2620000,1120000
2017-06-07 14:39:54.071000,1.09317,1.09315,1500000,1120000
2017-06-07 14:39:54.747000,1.09319,1.09315,3190000,1500000
2017-06-07 14:39:54.801000,1.0932,1.09319,1120000,1000000
2017-06-07 14:39:54.853000,1.09321,1.0932,8620000,1500000
2017-06-07 14:39:55.007000,1.09323,1.09321,1000000,1000000
2017-06-07 14:39:56.240000,1.09324,1.09321,1500000,3000000
2017-06-07 14:39:56.495000,1.09325,1.09322,2250000,1500000
2017-06-07 14:39:57.179000,1.09325,1.09321,2250000,5810000
2017-06-07 14:39:58.422000,1.09325,1.09322,2250000,1000000
2017-06-07 14:39:58.926000,1.09323,1.09322,1120000,1000000
2017-06-07 14:40:00.409000,1.09321,1.0932,1000000,5060000
2017-06-07 14:40:00.614000,1.09318,1.09316,1000000,1870000
2017-06-07 14:40:00.923000,1.09308,1.09306,1000000,1370000
2017-06-07 14:40:00.975000,1.09308,1.09305,2060000,3000000
2017-06-07 14:40:01.181000,1.09305,1.09303,1500000,5810000
2017-06-07 14:40:01.306000,1.09304,1.09302,1120000,1870000
2017-06-07 14:40:01.511000,1.09306,1.09304,1120000,1870000
2017-06-07 14:40:02.544000,1.09306,1.09304,1120000,1370000
2017-06-07 14:40:03.136000,1.09304,1.09303,1000000,1870000
2017-06-07 14:40:03.189000,1.09304,1.09301,2470000,2250000
2017-06-07 14:40:03.650000,1.09303,1.093,1120000,1690000
2017-06-07 14:40:03.805000,1.09301,1.09299,1500000,1870000
2017-06-07 14:40:04.311000,1.09303,1.09299,2620000,2620000
2017-06-07 14:40:04.908000,1.09301,1.09298,1500000,3000000
2017-06-07 14:40:05.063000,1.09302,1.093,1870000,1000000
2017-06-07 14:40:05.323000,1.09298,1.09295,3940000,3750000
2017-06-07 14:40:05.427000,1.09298,1.09296,1000000,1370000
2017-06-07 14:40:05.481000,1.09299,1.09296,1120000,2250000
2017-06-07 14:40:05.668000,1.09297,1.09296,1000000,1500000
2017-06-07 14:40:05.722000,1.09297,1.09295,1500000,1000000
2017-06-07 14:40:06.083000,1.09299,1.09295,2810000,2620000
2017-06-07 14:40:06.576000,1.093,1.09297,2890000,1500000
2017-06-07 14:40:06.729000,1.09301,1.09298,2440000,1370000
2017-06-07 14:40:07.041000,1.09303,1.09301,2810000,1120000
2017-06-07 14:40:07.552000,1.09304,1.09301,2060000,1500000
2017-06-07 14:40:08.149000,1.09303,1.09301,3560000,1120000
2017-06-07 14:40:08.357000,1.09301,1.09298,1000000,3000000
2017-06-07 14:40:08.664000,1.09298,1.09296,3000000,4120000
2017-06-07 14:40:08.769000,1.09296,1.09293,2440000,1870000
2017-06-07 14:40:09.270000,1.09296,1.09293,2440000,1120000
2017-06-07 14:40:10.197000,1.09294,1.09292,2060000,1000000
2017-06-07 14:40:10.505000,1.0929,1.09287,1690000,1870000
2017-06-07 14:40:11.049000,1.09289,1.09286,1120000,2630000
2017-06-07 14:40:11.357000,1.09286,1.09284,1310000,1500000
2017-06-07 14:40:11.529000,1.09284,1.09282,1120000,1500000
2017-06-07 14:40:11.633000,1.09287,1.09284,3370000,1120000
2017-06-07 14:40:11.839000,1.09285,1.09284,1120000,1160000
2017-06-07 14:40:11.891000,1.09287,1.09284,2440000,1160000
2017-06-07 14:40:12.098000,1.09286,1.09282,1970000,5810000
2017-06-07 14:40:12.296000,1.09288,1.09285,3970000,2060000
2017-06-07 14:40:12.812000,1.09288,1.09285,1120000,1690000
2017-06-07 14:40:13.314000,1.09287,1.09285,1310000,1000000
2017-06-07 14:40:13.577000,1.09285,1.09283,1370000,1000000
2017-06-07 14:40:13.628000,1.09285,1.09282,1370000,1870000
2017-06-07 14:40:13.731000,1.09286,1.09282,2440000,2620000
2017-06-07 14:40:14.439000,1.09285,1.09282,1120000,3560000
2017-06-07 14:40:14.490000,1.09287,1.09284,2620000,2660000
2017-06-07 14:40:15.003000,1.09287,1.09285,1000000,1500000
2017-06-07 14:40:15.805000,1.09289,1.09286,2810000,1500000
2017-06-07 14:40:16.234000,1.09291,1.09289,2620000,2810000
2017-06-07 14:40:16.375000,1.09292,1.09289,1120000,4500000
2017-06-07 14:40:16.427000,1.09293,1.09292,1500000,1000000
2017-06-07 14:40:16.943000,1.09295,1.09292,1620000,1870000
2017-06-07 14:40:17.432000,1.09297,1.09295,1120000,2060000
2017-06-07 14:40:17.740000,1.093,1.09298,1120000,1500000
2017-06-07 14:40:17.925000,1.09301,1.09298,1120000,3370000
2017-06-07 14:40:18.438000,1.09303,1.093,1690000,1120000
2017-06-07 14:40:18.948000,1.09301,1.09299,1000000,1870000
2017-06-07 14:40:19.514000,1.093,1.09299,1000000,1000000
2017-06-07 14:40:20.060000,1.09302,1.093,2060000,1000000
2017-06-07 14:40:20.602000,1.09302,1.09299,1870000,1000000
2017-06-07 14:40:21.323000,1.09301,1.09298,1370000,1690000
2017-06-07 14:40:21.425000,1.09302,1.09299,2620000,1500000
2017-06-07 14:40:21.941000,1.09302,1.09299,1120000,2810000
2017-06-07 14:40:22.047000,1.09299,1.09298,1120000,1000000
2017-06-07 14:40:22.286000,1.09297,1.09295,1690000,1870000
2017-06-07 14:40:22.338000,1.09296,1.09293,2250000,1500000
2017-06-07 14:40:22.851000,1.09295,1.09291,2440000,1870000
2017-06-07 14:40:23.267000,1.09295,1.09294,1000000,1120000
2017-06-07 14:40:23.779000,1.09297,1.09294,1870000,1500000
2017-06-07 14:40:24.123000,1.09299,1.09297,1870000,1120000
2017-06-07 14:40:24.379000,1.09297,1.09294,1500000,1120000
2017-06-07 14:40:24.533000,1.09295,1.09294,1000000,1000000
2017-06-07 14:40:24.785000,1.09295,1.09292,1120000,2620000
2017-06-07 14:40:26.082000,1.09293,1.09292,1000000,1000000
2017-06-07 14:40:26.356000,1.09288,1.09285,1690000,1500000
2017-06-07 14:40:27.537000,1.09288,1.09284,2250000,2060000
2017-06-07 14:40:28.081000,1.09288,1.09284,1690000,3000000
2017-06-07 14:40:28.388000,1.09288,1.09286,1000000,1000000
2017-06-07 14:40:28.890000,1.0929,1.09287,2810000,1000000
2017-06-07 14:40:29.196000,1.09291,1.09288,1000000,1870000
2017-06-07 14:40:29.504000,1.09294,1.09291,1690000,1000000
2017-06-07 14:40:30.111000,1.09293,1.0929,1370000,4120000
2017-06-07 14:40:30.214000,1.09291,1.09288,2810000,1120000
2017-06-07 14:40:30.725000,1.0929,1.09287,2440000,1120000
2017-06-07 14:40:30.935000,1.0929,1.09289,1690000,1000000
2017-06-07 14:40:30.987000,1.09293,1.09291,2060000,1000000
2017-06-07 14:40:31.140000,1.09294,1.09291,1310000,1870000
2017-06-07 14:40:31.293000,1.09295,1.09293,1310000,1000000
2017-06-07 14:40:31.346000,1.09296,1.09294,1120000,1870000
2017-06-07 14:40:31.397000,1.09297,1.09296,2250000,1000000
2017-06-07 14:40:31.503000,1.09298,1.09296,1000000,3000000
2017-06-07 14:40:32.023000,1.093,1.09297,1690000,1500000
2017-06-07 14:40:32.535000,1.093,1.09297,2440000,2250000
2017-06-07 14:40:32.745000,1.09297,1.09294,1310000,1870000
2017-06-07 14:40:33.056000,1.09296,1.09293,1310000,2250000
2017-06-07 14:40:33.569000,1.09294,1.09291,1310000,1870000
2017-06-07 14:40:33.621000,1.09294,1.0929,5810000,1000000
2017-06-07 14:40:34.132000,1.09292,1.09291,1000000,1000000
2017-06-07 14:40:34.441000,1.09295,1.09293,1310000,1120000
2017-06-07 14:40:34.634000,1.09295,1.09291,5440000,1500000
2017-06-07 14:40:34.737000,1.09296,1.09293,6560000,1000000
2017-06-07 14:40:35.248000,1.09296,1.09293,1310000,1500000
2017-06-07 14:40:35.770000,1.09296,1.09293,1310000,2250000
2017-06-07 14:40:36.026000,1.09294,1.0929,4310000,2250000
2017-06-07 14:40:36.232000,1.09292,1.09289,2060000,2620000
2017-06-07 14:40:36.334000,1.0929,1.09287,1310000,2620000
2017-06-07 14:40:36.877000,1.09289,1.09286,1250000,1870000
2017-06-07 14:40:37.421000,1.0929,1.09287,2060000,2620000
2017-06-07 14:40:38.258000,1.09289,1.09286,1310000,3370000
2017-06-07 14:40:38.438000,1.09288,1.09285,1690000,1120000
2017-06-07 14:40:38.747000,1.0929,1.09287,1690000,2620000
2017-06-07 14:40:39.271000,1.09291,1.09288,1310000,1500000
2017-06-07 14:40:39.529000,1.0929,1.09287,1310000,4120000
2017-06-07 14:40:40.098000,1.0929,1.09287,1690000,3750000
2017-06-07 14:40:40.964000,1.09289,1.09286,2060000,1120000
2017-06-07 14:40:41.480000,1.09289,1.09286,1690000,3750000
2017-06-07 14:40:41.991000,1.09289,1.09287,1690000,1000000
2017-06-07 14:40:42.518000,1.09291,1.09287,2440000,2620000
2017-06-07 14:40:43.045000,1.0929,1.09287,3940000,1870000
2017-06-07 14:40:43.954000,1.0929,1.09287,2440000,1500000
2017-06-07 14:40:44.488000,1.0929,1.09287,2440000,1120000
2017-06-07 14:40:45.007000,1.09289,1.09286,1310000,3000000
2017-06-07 14:40:45.739000,1.0929,1.09286,2250000,3190000
2017-06-07 14:40:47.485000,1.0929,1.09287,1000000,4690000
2017-06-07 14:40:47.817000,1.09291,1.09289,1120000,2620000
2017-06-07 14:40:47.926000,1.09287,1.09277,1000000,1000000
2017-06-07 14:40:47.977000,1.09277,1.09269,5990000,1000000
2017-06-07 14:40:48.235000,1.09268,1.09265,2250000,2060000
2017-06-07 14:40:48.287000,1.09267,1.09264,3370000,5060000
2017-06-07 14:40:48.522000,1.09264,1.09262,1000000,2810000
2017-06-07 14:40:48.881000,1.09267,1.09265,4500000,1250000
2017-06-07 14:40:49.364000,1.09269,1.09267,1370000,1120000
2017-06-07 14:40:49.621000,1.09267,1.09265,1000000,1420000
2017-06-07 14:40:49.723000,1.09268,1.09267,3000000,1250000
2017-06-07 14:40:49.826000,1.09271,1.09268,5250000,1120000
2017-06-07 14:40:49.929000,1.09271,1.0927,1120000,1000000
2017-06-07 14:40:50.477000,1.09272,1.09268,2250000,4240000
2017-06-07 14:40:50.785000,1.09272,1.0927,1120000,4310000
2017-06-07 14:40:51.328000,1.09272,1.09269,1870000,2060000
2017-06-07 14:40:51.810000,1.09267,1.09265,1000000,4690000
2017-06-07 14:40:52.637000,1.09268,1.09267,1000000,1250000
2017-06-07 14:40:52.741000,1.0927,1.09268,1800000,1120000
2017-06-07 14:40:53.183000,1.09272,1.09269,1500000,1690000
2017-06-07 14:40:53.235000,1.09276,1.09272,1470000,4090000
2017-06-07 14:40:53.340000,1.09277,1.09275,3070000,1000000
2017-06-07 14:40:53.851000,1.09278,1.09276,1500000,1870000
2017-06-07 14:40:54.400000,1.09275,1.09274,1000000,2250000
2017-06-07 14:40:54.608000,1.09274,1.09271,1120000,4310000
2017-06-07 14:40:54.814000,1.09276,1.09273,4950000,1120000
2017-06-07 14:40:54.962000,1.09277,1.09275,2250000,1500000
2017-06-07 14:40:55.392000,1.09279,1.09277,2250000,1250000
2017-06-07 14:40:55.818000,1.09276,1.09274,2120000,2250000
2017-06-07 14:40:55.924000,1.09271,1.09269,2120000,2250000
2017-06-07 14:40:56.518000,1.0927,1.09267,1120000,3190000
2017-06-07 14:40:57.067000,1.0927,1.09266,4850000,4990000
2017-06-07 14:40:57.171000,1.09267,1.09266,1500000,1800000
2017-06-07 14:40:57.276000,1.09265,1.09262,1370000,1870000
2017-06-07 14:40:58.214000,1.09265,1.09262,1120000,1500000
2017-06-07 14:40:58.420000,1.09267,1.09266,4480000,1250000
2017-06-07 14:40:58.546000,1.09268,1.09267,3000000,2250000
2017-06-07 14:40:59.058000,1.09268,1.09266,1120000,3190000
2017-06-07 14:40:59.536000,1.09266,1.09265,1120000,1120000
2017-06-07 14:40:59.845000,1.09268,1.09267,1000000,1000000
2017-06-07 14:41:00.842000,1.09269,1.09268,1000000,1000000
2017-06-07 14:41:01.545000,1.09271,1.09269,1500000,1000000
2017-06-07 14:41:02.607000,1.09271,1.09268,1370000,3370000
2017-06-07 14:41:03.144000,1.09271,1.09269,1370000,1000000
2017-06-07 14:41:03.451000,1.09276,1.09275,2250000,1120000
2017-06-07 14:41:03.986000,1.09276,1.09274,1000000,1120000
2017-06-07 14:41:04.298000,1.09277,1.09276,1000000,1500000
