time,ask,bid,ask_volume,bid_volume
2019-12-20 13:25:06.688000,1.09289,1.09287,1000000,1000000
2019-12-20 13:25:06.739000,1.09291,1.09289,2020000,1000000
2019-12-20 13:25:06.840000,1.09292,1.0929,1000000,1000000
2019-12-20 13:25:08.463000,1.0929,1.09288,4450000,1120000
2019-12-20 13:25:08.565000,1.09291,1.09289,2500000,1000000
2019-12-20 13:25:08.667000,1.0929,1.09288,1690000,1000000
2019-12-20 13:25:08.769000,1.09291,1.09289,1000000,1870000
2019-12-20 13:25:10.073000,1.0929,1.09288,1690000,1500000
2019-12-20 13:25:10.175000,1.09291,1.0929,2250000,1000000
2019-12-20 13:25:10.303000,1.09292,1.0929,2890000,1000000
2019-12-20 13:25:13.686000,1.09292,1.09289,2140000,1870000
2019-12-20 13:25:17.107000,1.09292,1.0929,2620000,1000000
2019-12-20 13:25:20.331000,1.09291,1.09289,1250000,1870000
2019-12-20 13:25:20.433000,1.09289,1.09288,1010000,1500000
2019-12-20 13:25:20.534000,1.0929,1.09288,2870000,1000000
2019-12-20 13:25:34.116000,1.09289,1.09287,1250000,1500000
2019-12-20 13:25:34.217000,1.09289,1.09287,1750000,1000000
2019-12-20 13:25:54.966000,1.09288,1.09284,1690000,6570000
2019-12-20 13:25:55.052000,1.09286,1.09284,1000000,3190000
2019-12-20 13:25:55.316000,1.09287,1.09284,2060000,2060000
2019-12-20 13:26:13.133000,1.09287,1.09285,1690000,1000000
2019-12-20 13:26:22.112000,1.09286,1.09285,1000000,1000000
2019-12-20 13:26:22.470000,1.09286,1.09284,1000000,1120000
2019-12-20 13:26:24.069000,1.09287,1.09284,3640000,1500000
2019-12-20 13:26:24.263000,1.09286,1.09284,1000000,1500000
2019-12-20 13:26:36.684000,1.09287,1.09284,3640000,1500000
2019-12-20 13:26:40.750000,1.09287,1.09285,2810000,1500000
2019-12-20 13:27:11.191000,1.09286,1.09284,1000000,1120000
2019-12-20 13:27:12.768000,1.09286,1.09283,1100000,4120000
2019-12-20 13:27:29.007000,1.09286,1.09284,1000000,1000000
2019-12-20 13:27:35.705000,1.09286,1.09283,1500000,4010000
2019-12-20 13:27:37.936000,1.09286,1.09283,1500000,5150000
2019-12-20 13:27:40.053000,1.09286,1.09283,1100000,3560000
2019-12-20 13:27:40.563000,1.09286,1.09284,1100000,1000000
2019-12-20 13:27:50.135000,1.09286,1.09283,1570000,4120000
2019-12-20 13:27:50.967000,1.09286,1.09284,1100000,1000000
2019-12-20 13:28:00.139000,1.09285,1.09284,1250000,1000000
2019-12-20 13:28:00.241000,1.09286,1.09284,1000000,1000000
2019-12-20 13:28:00.374000,1.09287,1.09285,1690000,1500000
2019-12-20 13:28:00.628000,1.09287,1.09286,1000000,1000000
2019-12-20 13:28:00.909000,1.09288,1.09286,1250000,1000000
2019-12-20 13:28:01.603000,1.09289,1.09286,2140000,1690000
2019-12-20 13:28:04.311000,1.09288,1.09285,1000000,5090000
2019-12-20 13:28:04.413000,1.09289,1.09286,2140000,1250000
2019-12-20 13:28:05.279000,1.0929,1.09289,1120000,1250000
2019-12-20 13:28:05.330000,1.09293,1.09291,3170000,1000000
2019-12-20 13:28:05.431000,1.09293,1.09291,1950000,1000000
2019-12-20 13:28:12.400000,1.09294,1.09291,2320000,1000000
2019-12-20 13:28:16.018000,1.09294,1.09291,1500000,2000000
2019-12-20 13:28:23.065000,1.09293,1.09292,1000000,1000000
2019-12-20 13:28:23.756000,1.09294,1.09292,2440000,1000000
2019-12-20 13:28:35.936000,1.09295,1.09292,2250000,2810000
2019-12-20 13:28:38.039000,1.09294,1.09292,1250000,2620000
2019-12-20 13:28:59.289000,1.09295,1.09294,1500000,1000000
2019-12-20 13:28:59.339000,1.09298,1.09296,2660000,1690000
2019-12-20 13:28:59.390000,1.09299,1.09296,1500000,3190000
2019-12-20 13:28:59.441000,1.09299,1.09298,1000000,1000000
2019-12-20 13:28:59.543000,1.093,1.09298,1500000,1000000
2019-12-20 13:29:00.596000,1.09301,1.09298,1870000,4000000
2019-12-20 13:29:01.098000,1.09303,1.09301,3070000,1000000
2019-12-20 13:29:01.301000,1.09304,1.09301,2320000,1690000
2019-12-20 13:29:01.778000,1.09304,1.09303,1500000,1000000
2019-12-20 13:29:01.879000,1.09306,1.09304,1870000,1000000
2019-12-20 13:29:02.506000,1.09306,1.09303,1000000,5020000
2019-12-20 13:29:02.690000,1.09306,1.09304,1000000,1000000
2019-12-20 13:29:06.305000,1.09307,1.09305,1500000,1410000
2019-12-20 13:29:06.517000,1.09308,1.09306,1250000,1570000
2019-12-20 13:29:07.974000,1.09307,1.09306,1000000,1000000
2019-12-20 13:29:09.821000,1.09307,1.09305,1390000,1000000
2019-12-20 13:29:10.784000,1.09306,1.09305,1000000,1000000
2019-12-20 13:29:11.698000,1.09306,1.09304,1000000,1250000
2019-12-20 13:29:14.045000,1.09307,1.09304,2510000,1250000
2019-12-20 13:29:21.529000,1.09307,1.09305,1120000,1250000
2019-12-20 13:29:21.630000,1.09308,1.09305,1120000,1750000
2019-12-20 13:29:30.117000,1.09309,1.09305,2120000,2510000
2019-12-20 13:29:30.218000,1.09306,1.09304,1000000,5570000
2019-12-20 13:29:30.269000,1.09308,1.09304,1250000,4750000
2019-12-20 13:29:30.473000,1.09308,1.09304,1750000,1690000
2019-12-20 13:29:30.868000,1.09307,1.09303,1750000,2440000
2019-12-20 13:29:37.664000,1.09305,1.09303,1250000,1000000
2019-12-20 13:29:37.715000,1.09303,1.09301,1250000,1250000
2019-12-20 13:29:37.816000,1.09302,1.09299,1690000,3520000
2019-12-20 13:29:37.867000,1.09302,1.093,1000000,1250000
2019-12-20 13:29:38.274000,1.09304,1.093,4000000,2620000
2019-12-20 13:29:38.606000,1.09302,1.093,1000000,1870000
2019-12-20 13:29:39.019000,1.09303,1.093,1250000,2620000
2019-12-20 13:29:42.285000,1.09304,1.09302,1250000,1870000
2019-12-20 13:29:42.487000,1.09307,1.09302,5690000,2810000
2019-12-20 13:29:42.589000,1.09308,1.09306,1870000,1250000
2019-12-20 13:29:42.690000,1.09309,1.09306,1250000,1250000
2019-12-20 13:29:45.109000,1.0931,1.09307,1690000,2060000
2019-12-20 13:29:45.210000,1.09313,1.09309,1790000,1000000
2019-12-20 13:29:45.261000,1.09312,1.09309,1000000,1500000
2019-12-20 13:29:45.363000,1.09312,1.09308,1250000,3000000
2019-12-20 13:29:45.464000,1.09313,1.09309,1250000,1370000
2019-12-20 13:29:45.674000,1.0931,1.09307,1250000,2540000
2019-12-20 13:29:45.776000,1.0931,1.09306,2500000,1000000
2019-12-20 13:29:45.878000,1.09311,1.09307,2500000,1250000
2019-12-20 13:29:46.087000,1.09313,1.09307,1500000,1100000
2019-12-20 13:29:46.516000,1.09312,1.09307,1000000,1000000
2019-12-20 13:29:46.566000,1.0931,1.09306,1000000,1200000
2019-12-20 13:29:46.668000,1.0931,1.09305,1500000,1000000
2019-12-20 13:29:47.276000,1.09311,1.09307,2250000,1000000
2019-12-20 13:29:47.333000,1.09311,1.09304,1500000,3290000
2019-12-20 13:29:47.435000,1.09312,1.09306,1500000,1000000
2019-12-20 13:29:47.557000,1.09313,1.09306,2250000,1200000
2019-12-20 13:29:47.847000,1.09314,1.09306,1570000,2700000
2019-12-20 13:29:47.948000,1.09314,1.09306,1500000,4040000
2019-12-20 13:29:48.151000,1.09314,1.09308,1500000,1000000
2019-12-20 13:29:48.673000,1.09314,1.09309,1000000,1000000
2019-12-20 13:29:49.157000,1.09314,1.09308,1000000,2320000
2019-12-20 13:29:49.259000,1.09315,1.09309,5250000,1000000
2019-12-20 13:29:49.464000,1.09316,1.09311,2370000,1000000
2019-12-20 13:29:49.667000,1.09316,1.0931,2250000,1200000
2019-12-20 13:29:50.087000,1.09316,1.09311,2370000,1000000
2019-12-20 13:29:51.193000,1.09316,1.0931,2250000,1500000
2019-12-20 13:29:51.295000,1.09316,1.09311,1050000,1000000
2019-12-20 13:29:52.215000,1.09314,1.09311,1000000,1000000
2019-12-20 13:29:52.266000,1.09313,1.09308,1500000,1000000
2019-12-20 13:29:52.317000,1.09313,1.09306,1500000,1120000
2019-12-20 13:29:52.864000,1.09312,1.09304,1000000,1000000
2019-12-20 13:29:53.083000,1.09312,1.09305,1000000,1000000
2019-12-20 13:29:53.185000,1.09313,1.09305,1500000,1000000
2019-12-20 13:29:53.388000,1.09313,1.09304,1000000,1500000
2019-12-20 13:29:53.489000,1.09314,1.09304,1500000,1500000
2019-12-20 13:29:53.693000,1.09314,1.09305,1500000,1000000
2019-12-20 13:29:54.405000,1.09314,1.09304,1500000,1500000
2019-12-20 13:29:54.456000,1.0931,1.09303,1500000,1500000
2019-12-20 13:29:54.783000,1.0931,1.09304,1500000,1000000
2019-12-20 13:29:54.904000,1.0931,1.09303,1500000,2250000
2019-12-20 13:29:55.006000,1.0931,1.09302,1500000,1500000
2019-12-20 13:29:55.108000,1.0931,1.09304,1500000,1000000
2019-12-20 13:29:55.292000,1.0931,1.09305,1000000,1000000
2019-12-20 13:29:55.496000,1.0931,1.09303,1000000,2250000
2019-12-20 13:29:55.988000,1.09311,1.09303,1000000,1500000
2019-12-20 13:29:56.089000,1.09311,1.09305,1000000,1000000
2019-12-20 13:29:56.140000,1.09311,1.09303,1000000,2250000
2019-12-20 13:29:56.261000,1.0931,1.09303,1000000,2250000
2019-12-20 13:29:56.462000,1.0931,1.09305,1000000,1000000
2019-12-20 13:29:56.614000,1.0931,1.09306,1000000,1000000
2019-12-20 13:29:56.715000,1.0931,1.09302,1000000,1500000
2019-12-20 13:29:56.916000,1.09311,1.09302,1000000,1500000
2019-12-20 13:29:57.073000,1.0931,1.09302,1000000,1500000
2019-12-20 13:29:57.282000,1.0931,1.09304,1000000,1000000
2019-12-20 13:29:57.383000,1.0931,1.09303,1000000,1000000
2019-12-20 13:29:58.059000,1.0931,1.09302,1000000,2250000
2019-12-20 13:29:58.188000,1.0931,1.09303,1000000,1000000
2019-12-20 13:29:58.580000,1.09312,1.09306,1000000,1000000
2019-12-20 13:29:58.632000,1.09319,1.09308,2250000,1000000
2019-12-20 13:29:58.733000,1.09317,1.09308,1000000,1000000
2019-12-20 13:29:58.885000,1.09317,1.0931,1000000,1000000
2019-12-20 13:29:59.026000,1.09319,1.09305,1900000,1000000
2019-12-20 13:29:59.128000,1.09313,1.09304,1900000,1000000
2019-12-20 13:29:59.229000,1.09313,1.09304,1900000,2250000
2019-12-20 13:29:59.574000,1.09313,1.09303,1900000,1000000
2019-12-20 13:29:59.676000,1.09312,1.09303,1500000,1000000
2019-12-20 13:30:00.081000,1.09312,1.09306,1500000,1000000
2019-12-20 13:30:00.132000,1.09318,1.09306,2250000,1000000
2019-12-20 13:30:00.418000,1.09318,1.09308,2250000,1000000
2019-12-20 13:30:00.739000,1.09318,1.09304,1500000,1000000
2019-12-20 13:30:00.840000,1.09319,1.09304,4500000,1000000
2019-12-20 13:30:01.031000,1.09316,1.09304,2250000,1000000
2019-12-20 13:30:01.183000,1.09315,1.09304,1000000,1000000
2019-12-20 13:30:01.615000,1.09309,1.09302,1000000,1000000
2019-12-20 13:30:01.717000,1.09308,1.09302,2250000,1000000
2019-12-20 13:30:01.818000,1.09309,1.09303,1000000,1000000
2019-12-20 13:30:01.869000,1.09315,1.09303,1000000,1000000
2019-12-20 13:30:01.970000,1.09315,1.09302,1000000,1500000
2019-12-20 13:30:02.071000,1.09315,1.09303,1000000,1000000
2019-12-20 13:30:02.567000,1.09315,1.09304,1000000,1000000
2019-12-20 13:30:02.668000,1.09309,1.09301,1000000,1000000
2019-12-20 13:30:02.770000,1.09309,1.09303,1000000,1000000
2019-12-20 13:30:02.972000,1.09313,1.09304,1500000,1000000
2019-12-20 13:30:03.023000,1.09315,1.09302,3000000,1500000
2019-12-20 13:30:03.124000,1.09313,1.09302,1000000,1000000
2019-12-20 13:30:03.226000,1.09312,1.093,1400000,1500000
2019-12-20 13:30:03.327000,1.09309,1.09299,1000000,1000000
2019-12-20 13:30:03.429000,1.09304,1.09299,1000000,1000000
2019-12-20 13:30:03.530000,1.09301,1.09297,1000000,1780000
2019-12-20 13:30:03.580000,1.09302,1.09297,1000000,2280000
2019-12-20 13:30:03.682000,1.09302,1.09297,1000000,1500000
2019-12-20 13:30:03.783000,1.09301,1.09297,1000000,1000000
2019-12-20 13:30:03.834000,1.09304,1.09299,1000000,1000000
2019-12-20 13:30:03.935000,1.09304,1.093,1000000,1000000
2019-12-20 13:30:04.036000,1.09304,1.09298,1000000,1500000
2019-12-20 13:30:04.335000,1.09304,1.09297,1000000,1000000
2019-12-20 13:30:04.619000,1.09304,1.09298,1000000,1000000
2019-12-20 13:30:05.064000,1.09305,1.09298,1000000,1000000
2019-12-20 13:30:05.564000,1.09305,1.09299,1000000,1000000
2019-12-20 13:30:05.802000,1.09306,1.09299,1000000,1000000
2019-12-20 13:30:06.340000,1.09307,1.093,1000000,1250000
2019-12-20 13:30:07.555000,1.09308,1.093,1500000,1690000
2019-12-20 13:30:08.609000,1.09304,1.093,1000000,1690000
2019-12-20 13:30:10.333000,1.09304,1.093,1000000,3260000
2019-12-20 13:30:11.006000,1.09303,1.09299,1000000,3200000
2019-12-20 13:30:11.107000,1.09302,1.09298,1000000,3220000
2019-12-20 13:30:11.516000,1.09301,1.09298,1000000,1570000
2019-12-20 13:30:11.685000,1.09303,1.093,1000000,2290000
2019-12-20 13:30:11.989000,1.09304,1.093,1000000,1600000
2019-12-20 13:30:12.449000,1.09303,1.093,1000000,1600000
2019-12-20 13:30:12.639000,1.09304,1.093,1000000,1850000
2019-12-20 13:30:12.741000,1.09304,1.093,1000000,4350000
2019-12-20 13:30:13.090000,1.09304,1.093,1000000,2850000
2019-12-20 13:30:13.293000,1.09303,1.093,1000000,1600000
2019-12-20 13:30:13.874000,1.09307,1.09301,1500000,1720000
2019-12-20 13:30:13.975000,1.09305,1.09301,1000000,1720000
2019-12-20 13:30:14.077000,1.09304,1.09301,1000000,1720000
2019-12-20 13:30:14.613000,1.09306,1.09301,1000000,2470000
2019-12-20 13:30:14.715000,1.09309,1.09304,1250000,2100000
2019-12-20 13:30:14.818000,1.0931,1.09307,1000000,1000000
2019-12-20 13:30:14.920000,1.09311,1.09307,1000000,1100000
2019-12-20 13:30:15.071000,1.09311,1.09307,1000000,1000000
2019-12-20 13:30:15.368000,1.09312,1.09307,1000000,1000000
2019-12-20 13:30:15.601000,1.09313,1.09307,1000000,2820000
2019-12-20 13:30:15.703000,1.09314,1.09307,1100000,2370000
2019-12-20 13:30:15.806000,1.09317,1.09312,1620000,1200000
2019-12-20 13:30:15.907000,1.09319,1.09313,1600000,3570000
2019-12-20 13:30:17.979000,1.09319,1.09313,1510000,2140000
2019-12-20 13:30:18.926000,1.09319,1.09313,1510000,2140000
2019-12-20 13:30:19.065000,1.09319,1.09314,1510000,1000000
2019-12-20 13:30:19.166000,1.09319,1.09314,1350000,1950000
2019-12-20 13:30:19.267000,1.09319,1.09313,3010000,2890000
2019-12-20 13:30:19.923000,1.09319,1.09313,1510000,2890000
2019-12-20 13:30:20.078000,1.09319,1.09314,1510000,1500000
2019-12-20 13:30:20.886000,1.09319,1.09314,1510000,2250000
2019-12-20 13:30:21.821000,1.09317,1.09313,1970000,1000000
2019-12-20 13:30:21.923000,1.09317,1.09311,1600000,4590000
2019-12-20 13:30:22.312000,1.09318,1.09312,1620000,2810000
2019-12-20 13:30:22.917000,1.09318,1.09313,1620000,1000000
2019-12-20 13:30:23.085000,1.09318,1.09314,1620000,1000000
2019-12-20 13:30:24.282000,1.09319,1.09314,1510000,2620000
2019-12-20 13:30:27.068000,1.09319,1.09315,1600000,1000000
2019-12-20 13:30:27.169000,1.09322,1.09316,1810000,2890000
2019-12-20 13:30:27.270000,1.09323,1.09317,4190000,1500000
2019-12-20 13:30:27.373000,1.09323,1.09317,2690000,1690000
2019-12-20 13:30:28.024000,1.0932,1.09316,1350000,3560000
2019-12-20 13:30:28.126000,1.0932,1.09314,4600000,4570000
2019-12-20 13:30:28.482000,1.09319,1.09315,4600000,1000000
2019-12-20 13:30:28.583000,1.09318,1.09313,4720000,2620000
2019-12-20 13:30:30.067000,1.09318,1.09313,1760000,2250000
2019-12-20 13:30:30.180000,1.09318,1.09312,2660000,2810000
2019-12-20 13:30:30.281000,1.09316,1.09311,2710000,1120000
2019-12-20 13:30:30.779000,1.09314,1.0931,1310000,1000000
2019-12-20 13:30:30.916000,1.09315,1.09311,1870000,1000000
2019-12-20 13:30:31.705000,1.09315,1.0931,4460000,1000000
2019-12-20 13:30:31.806000,1.09315,1.09311,4460000,1000000
2019-12-20 13:30:31.908000,1.09314,1.09311,2120000,1000000
2019-12-20 13:30:34.298000,1.09314,1.0931,2200000,1000000
2019-12-20 13:30:38.064000,1.09315,1.09313,2820000,2700000
2019-12-20 13:30:38.115000,1.09318,1.09313,3150000,3640000
2019-12-20 13:30:38.166000,1.09318,1.09315,2150000,1000000
2019-12-20 13:30:38.267000,1.09319,1.09317,1450000,1000000
2019-12-20 13:30:38.369000,1.09319,1.09316,1450000,1000000
2019-12-20 13:30:38.487000,1.09319,1.09315,1450000,1000000
2019-12-20 13:30:39.936000,1.09319,1.09316,1950000,1000000
2019-12-20 13:30:40.209000,1.09319,1.09317,1370000,1000000
2019-12-20 13:30:40.311000,1.09319,1.09317,1310000,1000000
2019-12-20 13:30:40.881000,1.09319,1.09316,1370000,1390000
2019-12-20 13:30:43.330000,1.09319,1.09317,1370000,1000000
2019-12-20 13:30:47.246000,1.09319,1.09316,1370000,1250000
2019-12-20 13:30:47.348000,1.09318,1.09315,1370000,1000000
2019-12-20 13:30:48.114000,1.09319,1.09316,1870000,1000000
2019-12-20 13:30:49.136000,1.09319,1.09315,1870000,1250000
2019-12-20 13:30:50.010000,1.09319,1.09316,1870000,1000000
2019-12-20 13:30:50.295000,1.09319,1.09317,1000000,2200000
2019-12-20 13:30:50.346000,1.09321,1.0932,3450000,1000000
2019-12-20 13:30:50.447000,1.09325,1.09321,2260000,1000000
2019-12-20 13:30:50.599000,1.09326,1.09321,3100000,1750000
2019-12-20 13:30:50.700000,1.09326,1.09321,1950000,1750000
2019-12-20 13:30:51.126000,1.09326,1.09322,1940000,1310000
2019-12-20 13:30:51.228000,1.09327,1.09323,3640000,1250000
2019-12-20 13:30:51.633000,1.09327,1.09325,1500000,1000000
2019-12-20 13:30:51.734000,1.09329,1.09326,1500000,1120000
2019-12-20 13:30:52.708000,1.09328,1.09325,1250000,1100000
2019-12-20 13:30:52.826000,1.09328,1.09324,1450000,1870000
2019-12-20 13:30:53.717000,1.09327,1.09322,4070000,3260000
2019-12-20 13:30:53.768000,1.09325,1.09322,1250000,1100000
2019-12-20 13:30:58.037000,1.09323,1.09321,1010000,1000000
2019-12-20 13:30:58.139000,1.09324,1.09319,1450000,1810000
2019-12-20 13:30:59.435000,1.09324,1.09321,1250000,1000000
2019-12-20 13:30:59.690000,1.09322,1.09318,1370000,2160000
2019-12-20 13:30:59.792000,1.09322,1.09317,2320000,1760000
2019-12-20 13:31:00.048000,1.09322,1.09319,1800000,1000000
2019-12-20 13:31:00.230000,1.0932,1.09319,1000000,1000000
2019-12-20 13:31:00.331000,1.0932,1.09318,1750000,1500000
2019-12-20 13:31:00.972000,1.09319,1.09317,1310000,1500000
2019-12-20 13:31:01.652000,1.09319,1.09317,2120000,1500000
2019-12-20 13:31:04.348000,1.09317,1.09315,1370000,1000000
2019-12-20 13:31:04.449000,1.09316,1.09314,1250000,1000000
2019-12-20 13:31:08.455000,1.09317,1.09314,1250000,2440000
2019-12-20 13:31:08.935000,1.09317,1.09315,1250000,1000000
2019-12-20 13:31:10.373000,1.09317,1.09315,1000000,1820000
2019-12-20 13:31:11.090000,1.09316,1.09313,1000000,7350000
2019-12-20 13:31:11.242000,1.09315,1.09313,1000000,2890000
2019-12-20 13:31:11.404000,1.09317,1.09316,1000000,1250000
2019-12-20 13:31:11.505000,1.09318,1.09316,1250000,1500000
2019-12-20 13:31:11.606000,1.09317,1.09315,1000000,1310000
2019-12-20 13:31:11.708000,1.09317,1.09316,1000000,1000000
2019-12-20 13:31:12.489000,1.09317,1.09315,1690000,1000000
2019-12-20 13:31:12.591000,1.09315,1.09313,1250000,1270000
2019-12-20 13:31:12.693000,1.09314,1.09312,1000000,1310000
2019-12-20 13:31:13.116000,1.09315,1.09312,1250000,1200000
2019-12-20 13:31:13.324000,1.09316,1.09314,1690000,1000000
2019-12-20 13:31:13.374000,1.09315,1.09313,1000000,1570000
2019-12-20 13:31:13.476000,1.09316,1.09314,1250000,1500000
2019-12-20 13:31:13.739000,1.09316,1.09315,1250000,1000000
2019-12-20 13:31:13.942000,1.09316,1.09314,1000000,1500000
2019-12-20 13:31:15.887000,1.09314,1.09312,1000000,3360000
2019-12-20 13:31:15.988000,1.09313,1.09312,1000000,1250000
2019-12-20 13:31:16.661000,1.09317,1.09314,2310000,1950000
2019-12-20 13:31:16.762000,1.09316,1.09314,1000000,2320000
2019-12-20 13:31:19.219000,1.09316,1.09314,1000000,1870000
2019-12-20 13:31:19.598000,1.09316,1.09315,1000000,1000000
2019-12-20 13:31:31.860000,1.09317,1.09315,1250000,1000000
2019-12-20 13:31:32.803000,1.09317,1.09314,1250000,2700000
2019-12-20 13:31:51.049000,1.09316,1.09314,1250000,2700000
2019-12-20 13:31:51.151000,1.09317,1.09314,1690000,2620000
2019-12-20 13:31:54.506000,1.09317,1.09315,1250000,1000000
2019-12-20 13:32:00.861000,1.09318,1.09315,2140000,1000000
2019-12-20 13:32:05.605000,1.09318,1.09316,1310000,1000000
2019-12-20 13:32:09.627000,1.09319,1.09316,1840000,1000000
2019-12-20 13:32:10.270000,1.09321,1.0932,3380000,1690000
2019-12-20 13:32:10.371000,1.09323,1.09322,1760000,1000000
2019-12-20 13:32:11.830000,1.09324,1.09322,2890000,1000000
2019-12-20 13:32:13.320000,1.09324,1.09321,3460000,1000000
2019-12-20 13:32:13.423000,1.09324,1.09321,4210000,1000000
2019-12-20 13:32:14.360000,1.09324,1.09321,2140000,1570000
2019-12-20 13:32:14.462000,1.09324,1.09322,1250000,1120000
2019-12-20 13:32:14.563000,1.09324,1.09323,1250000,1000000
2019-12-20 13:32:31.787000,1.09322,1.09321,1250000,2620000
2019-12-20 13:32:31.838000,1.09322,1.0932,2320000,2250000
2019-12-20 13:32:31.892000,1.0932,1.09318,1250000,2060000
2019-12-20 13:32:32.146000,1.0932,1.09318,2440000,1000000
2019-12-20 13:32:32.399000,1.09319,1.09317,1370000,1000000
2019-12-20 13:32:33.232000,1.09319,1.09317,2120000,1000000
2019-12-20 13:32:34.150000,1.09321,1.09318,3260000,1250000
2019-12-20 13:32:34.251000,1.09322,1.09319,1000000,5120000
2019-12-20 13:32:35.605000,1.09322,1.09319,3920000,1000000
2019-12-20 13:32:35.724000,1.0932,1.09319,1000000,1250000
2019-12-20 13:32:36.537000,1.0932,1.09317,2200000,2440000
2019-12-20 13:32:41.007000,1.09319,1.09318,1310000,1000000
2019-12-20 13:32:42.495000,1.09319,1.09317,1250000,1250000
2019-12-20 13:32:43.772000,1.09319,1.09318,1250000,1000000
2019-12-20 13:32:44.865000,1.09319,1.09317,1250000,1250000
2019-12-20 13:32:51.127000,1.09319,1.09316,1690000,3640000
2019-12-20 13:32:59.743000,1.09319,1.09317,2140000,1000000
2019-12-20 13:32:59.844000,1.09319,1.09316,2890000,3190000
2019-12-20 13:33:01.381000,1.09321,1.09318,3220000,1500000
2019-12-20 13:33:01.506000,1.09321,1.09318,1760000,1500000
2019-12-20 13:33:01.608000,1.09319,1.09318,1250000,1000000
2019-12-20 13:33:01.709000,1.09319,1.09317,1250000,1000000
2019-12-20 13:33:02.572000,1.09321,1.09319,1720000,1000000
2019-12-20 13:33:02.623000,1.09322,1.0932,2140000,2250000
2019-12-20 13:33:02.775000,1.09322,1.09321,1000000,1250000
2019-12-20 13:33:03.131000,1.09324,1.09323,1250000,1000000
2019-12-20 13:33:03.233000,1.09326,1.09324,2890000,1000000
2019-12-20 13:33:07.691000,1.09326,1.09324,1820000,1000000
2019-12-20 13:33:07.792000,1.09325,1.09323,1010000,1000000
2019-12-20 13:33:07.893000,1.09325,1.09322,1460000,2440000
2019-12-20 13:33:08.220000,1.09325,1.09322,1000000,3700000
2019-12-20 13:33:10.594000,1.09325,1.09324,1000000,1000000
2019-12-20 13:33:10.696000,1.09326,1.09324,1000000,4070000
2019-12-20 13:33:10.798000,1.09327,1.09325,1310000,1750000
2019-12-20 13:33:10.950000,1.09328,1.09325,1000000,1910000
2019-12-20 13:33:11.086000,1.09329,1.09326,2060000,1570000
2019-12-20 13:33:16.405000,1.09329,1.09327,1250000,1000000
2019-12-20 13:33:16.752000,1.09329,1.09326,3260000,2060000
2019-12-20 13:33:17.747000,1.09327,1.09326,1000000,1250000
2019-12-20 13:33:21.496000,1.09326,1.09324,3260000,2940000
2019-12-20 13:33:21.598000,1.09326,1.09324,1000000,1690000
2019-12-20 13:33:21.700000,1.09325,1.09322,3190000,1760000
2019-12-20 13:33:21.801000,1.09325,1.09322,4000000,1200000
2019-12-20 13:33:22.196000,1.09325,1.09322,3190000,1200000
2019-12-20 13:33:22.348000,1.09323,1.09322,1000000,1000000
2019-12-20 13:33:22.897000,1.09324,1.09322,1000000,1250000
2019-12-20 13:33:23.099000,1.09323,1.09322,1500000,1000000
2019-12-20 13:33:23.200000,1.09323,1.09321,1500000,1250000
2019-12-20 13:33:27.956000,1.09325,1.09321,2440000,1760000
2019-12-20 13:33:28.057000,1.09325,1.09322,2060000,1000000
2019-12-20 13:33:29.790000,1.09326,1.09323,1570000,3700000
2019-12-20 13:33:29.893000,1.09327,1.09325,1000000,2140000
2019-12-20 13:33:30.816000,1.09327,1.09325,1000000,2950000
2019-12-20 13:33:31.222000,1.09329,1.09326,5260000,1000000
2019-12-20 13:33:31.409000,1.09327,1.09325,1390000,1000000
2019-12-20 13:33:32.439000,1.09328,1.09326,1750000,1500000
2019-12-20 13:33:32.490000,1.09329,1.09327,1500000,1500000
2019-12-20 13:33:32.637000,1.0933,1.09327,1250000,3070000
2019-12-20 13:33:32.738000,1.09331,1.09328,4370000,1000000
2019-12-20 13:33:32.840000,1.09331,1.09328,2810000,1000000
2019-12-20 13:33:34.499000,1.09332,1.09329,4700000,1250000
2019-12-20 13:33:34.601000,1.09332,1.0933,2560000,1000000
2019-12-20 13:33:34.703000,1.09332,1.0933,1250000,1000000
2019-12-20 13:33:38.459000,1.09332,1.0933,2950000,1000000
2019-12-20 13:33:38.560000,1.09332,1.09328,4070000,2810000
2019-12-20 13:33:38.664000,1.09331,1.09329,1250000,1000000
2019-12-20 13:33:39.682000,1.09331,1.0933,1000000,1250000
2019-12-20 13:33:39.783000,1.09331,1.09329,1000000,1000000
2019-12-20 13:33:41.813000,1.09331,1.09328,1390000,1870000
2019-12-20 13:33:42.202000,1.09331,1.09329,1250000,1000000
2019-12-20 13:33:47.905000,1.0933,1.09328,1000000,1500000
2019-12-20 13:33:49.304000,1.0933,1.09327,1120000,1570000
2019-12-20 13:33:49.406000,1.09329,1.09327,1000000,1200000
2019-12-20 13:33:49.561000,1.09329,1.09328,1000000,1000000
2019-12-20 13:33:58.952000,1.0933,1.09328,1000000,1000000
2019-12-20 13:33:59.067000,1.09331,1.09328,2810000,1000000
2019-12-20 13:33:59.342000,1.09331,1.09329,2060000,1000000
2019-12-20 13:34:01.775000,1.09332,1.09329,2620000,2440000
2019-12-20 13:34:02.506000,1.09334,1.09332,11320000,1000000
2019-12-20 13:34:02.558000,1.09336,1.09334,1250000,1250000
2019-12-20 13:34:02.660000,1.09337,1.09334,1000000,1690000
2019-12-20 13:34:04.283000,1.09337,1.09335,1000000,1250000
2019-12-20 13:34:04.386000,1.09338,1.09336,1870000,1000000
2019-12-20 13:34:04.539000,1.09338,1.09335,2620000,2440000
2019-12-20 13:34:04.741000,1.09337,1.09335,1120000,1250000
2019-12-20 13:34:04.994000,1.09337,1.09334,2620000,2440000
2019-12-20 13:34:09.576000,1.09334,1.09332,2500000,1950000
2019-12-20 13:34:09.728000,1.09334,1.09332,1690000,1000000
2019-12-20 13:34:12.283000,1.09335,1.09333,2250000,1500000
2019-12-20 13:34:19.109000,1.09335,1.09334,1000000,1000000
2019-12-20 13:34:23.510000,1.09335,1.09333,1000000,1500000
2019-12-20 13:34:24.506000,1.09335,1.09334,1000000,1000000
2019-12-20 13:34:37.100000,1.09337,1.09334,2810000,2510000
2019-12-20 13:34:44.977000,1.09335,1.09333,1000000,1690000
2019-12-20 13:34:45.079000,1.09335,1.09333,4820000,1000000
2019-12-20 13:34:45.180000,1.09334,1.09332,3260000,1250000
2019-12-20 13:34:45.281000,1.09333,1.09332,1000000,1250000
2019-12-20 13:34:46.219000,1.09333,1.0933,3260000,1690000
2019-12-20 13:34:48.466000,1.09333,1.09331,1000000,1760000
2019-12-20 13:34:52.535000,1.09333,1.09332,2320000,1000000
2019-12-20 13:34:52.951000,1.09331,1.0933,1000000,1000000
2019-12-20 13:34:53.054000,1.09332,1.0933,2140000,1000000
2019-12-20 13:34:59.713000,1.09331,1.0933,1000000,1000000
2019-12-20 13:35:00.127000,1.09332,1.0933,2320000,1000000
2019-12-20 13:35:00.340000,1.09332,1.0933,1570000,1000000
2019-12-20 13:35:07.538000,1.09331,1.0933,1250000,1000000
2019-12-20 13:35:10.026000,1.09331,1.09328,1250000,1390000
2019-12-20 13:35:10.814000,1.0933,1.09329,1000000,1000000
2019-12-20 13:35:12.558000,1.09331,1.09329,1250000,1000000
2019-12-20 13:35:12.660000,1.09331,1.0933,1000000,1250000
2019-12-20 13:35:13,1.09331,1.09329,1000000,1120000
2019-12-20 13:35:14.665000,1.09331,1.09328,3000000,1570000
2019-12-20 13:35:14.717000,1.0933,1.09329,1250000,1000000
2019-12-20 13:35:14.818000,1.09329,1.09327,1000000,1570000
2019-12-20 13:35:14.920000,1.0933,1.09328,1750000,1200000
2019-12-20 13:35:15.021000,1.0933,1.09329,1000000,1250000
2019-12-20 13:35:17.205000,1.0933,1.09328,1690000,1120000
2019-12-20 13:35:17.307000,1.0933,1.09329,1000000,1250000
2019-12-20 13:35:17.606000,1.0933,1.09328,1000000,1120000
2019-12-20 13:35:17.758000,1.0933,1.09329,1000000,1250000
2019-12-20 13:35:18.950000,1.09331,1.0933,1500000,1000000
2019-12-20 13:35:19.051000,1.09332,1.09329,2810000,2440000
2019-12-20 13:35:19.779000,1.09331,1.09329,1000000,2060000
2019-12-20 13:35:20.476000,1.09332,1.09329,1690000,2810000
2019-12-20 13:35:20.628000,1.09331,1.09329,1000000,2210000
2019-12-20 13:35:20.737000,1.09332,1.09329,1690000,2960000
2019-12-20 13:35:22.647000,1.09331,1.09329,1000000,3710000
2019-12-20 13:35:22.748000,1.09332,1.09329,1690000,4310000
2019-12-20 13:35:25.279000,1.09331,1.09329,1000000,2810000
2019-12-20 13:35:25.345000,1.09329,1.09328,1250000,1200000
2019-12-20 13:35:25.447000,1.09328,1.09325,1690000,3310000
2019-12-20 13:35:25.498000,1.09326,1.09325,1250000,1120000
2019-12-20 13:35:25.599000,1.09325,1.09323,1690000,1000000
2019-12-20 13:35:25.701000,1.09324,1.09323,1120000,1000000
2019-12-20 13:35:25.852000,1.09323,1.09322,1000000,1500000
2019-12-20 13:35:25.954000,1.09323,1.09321,1000000,1250000
2019-12-20 13:35:26.879000,1.09323,1.09321,2570000,1000000
2019-12-20 13:35:26.980000,1.0932,1.09318,2890000,2640000
2019-12-20 13:35:27.081000,1.09318,1.09316,1000000,1690000
2019-12-20 13:35:35.500000,1.09317,1.09316,1000000,1250000
2019-12-20 13:35:38.017000,1.09317,1.09315,1500000,2060000
2019-12-20 13:35:39.783000,1.09316,1.09314,1250000,1870000
2019-12-20 13:35:39.885000,1.09314,1.09313,1500000,1270000
2019-12-20 13:35:40.087000,1.09317,1.09314,3370000,1000000
2019-12-20 13:35:40.189000,1.09316,1.09315,1000000,1000000
2019-12-20 13:35:40.330000,1.09317,1.09314,3000000,3370000
2019-12-20 13:35:44.076000,1.09315,1.09314,1000000,1500000
2019-12-20 13:35:44.127000,1.09313,1.09312,1250000,1760000
2019-12-20 13:35:44.230000,1.09313,1.09311,1690000,1000000
2019-12-20 13:35:44.635000,1.09313,1.09311,2950000,1000000
2019-12-20 13:35:44.839000,1.09312,1.09309,1690000,4060000
2019-12-20 13:35:44.991000,1.09311,1.09309,1250000,2370000
2019-12-20 13:35:45.147000,1.09312,1.09309,2890000,4060000
2019-12-20 13:35:45.249000,1.09312,1.0931,1500000,1250000
2019-12-20 13:35:45.401000,1.09311,1.0931,1000000,1250000
2019-12-20 13:35:46.096000,1.09311,1.09309,1000000,2440000
2019-12-20 13:35:46.198000,1.09311,1.09309,1000000,2500000
2019-12-20 13:35:46.552000,1.09312,1.09309,1500000,4600000
2019-12-20 13:35:50.146000,1.09311,1.0931,1500000,1310000
2019-12-20 13:35:50.249000,1.09309,1.09308,1000000,3190000
2019-12-20 13:35:50.350000,1.09311,1.09309,2440000,1200000
2019-12-20 13:35:50.553000,1.09312,1.0931,3560000,1250000
2019-12-20 13:35:50.671000,1.09312,1.0931,1000000,2500000
2019-12-20 13:35:50.772000,1.09313,1.0931,1870000,2500000
2019-12-20 13:35:52.941000,1.09312,1.0931,1000000,2120000
2019-12-20 13:35:55.184000,1.09313,1.0931,2400000,2500000
2019-12-20 13:36:01.960000,1.09313,1.0931,2140000,2060000
2019-12-20 13:36:02.163000,1.09313,1.0931,1950000,2950000
2019-12-20 13:36:03.529000,1.09314,1.09313,1000000,1000000
2019-12-20 13:36:03.631000,1.09316,1.09313,2510000,2700000
2019-12-20 13:36:03.732000,1.09316,1.09314,1390000,1000000
2019-12-20 13:36:04.187000,1.09317,1.09315,3710000,1000000
2019-12-20 13:36:04.457000,1.09317,1.09316,1100000,1690000
2019-12-20 13:36:05.718000,1.09317,1.09315,1500000,1870000
2019-12-20 13:36:06.111000,1.09317,1.09316,1000000,1000000
2019-12-20 13:36:06.477000,1.09314,1.09313,1000000,3190000
2019-12-20 13:36:08.207000,1.09313,1.09312,1250000,1000000
2019-12-20 13:36:08.410000,1.09311,1.0931,1000000,2060000
2019-12-20 13:36:08.562000,1.0931,1.09309,1250000,1650000
2019-12-20 13:36:08.664000,1.0931,1.09309,1000000,2550000
2019-12-20 13:36:09.259000,1.0931,1.09308,1500000,1500000
2019-12-20 13:36:13.034000,1.0931,1.09308,2650000,1000000
2019-12-20 13:36:19.076000,1.09311,1.09309,1570000,1690000
2019-12-20 13:36:19.178000,1.09313,1.09311,3000000,1690000
2019-12-20 13:36:21.265000,1.09312,1.0931,1000000,1950000
2019-12-20 13:36:21.367000,1.09312,1.09311,1000000,1690000
2019-12-20 13:36:29.853000,1.09318,1.09316,3450000,1750000
2019-12-20 13:36:29.904000,1.09321,1.09319,6820000,1000000
2019-12-20 13:36:30.006000,1.09321,1.09319,1950000,1370000
2019-12-20 13:36:30.107000,1.0932,1.09318,6860000,2560000
2019-12-20 13:36:30.209000,1.09319,1.09318,1000000,1000000
2019-12-20 13:36:30.311000,1.09319,1.09317,1250000,1870000
2019-12-20 13:36:30.755000,1.0932,1.09317,1760000,4010000
2019-12-20 13:36:30.907000,1.0932,1.09318,1000000,1760000
2019-12-20 13:36:30.957000,1.09322,1.0932,1000000,2200000
2019-12-20 13:36:31.059000,1.09323,1.09321,1250000,1010000
2019-12-20 13:36:31.160000,1.09322,1.09321,1000000,1010000
2019-12-20 13:36:32.845000,1.09323,1.09321,1250000,1760000
2019-12-20 13:36:34.629000,1.09323,1.09322,1250000,1000000
2019-12-20 13:36:37.101000,1.09325,1.09322,1950000,3070000
2019-12-20 13:36:39.119000,1.09325,1.09323,1500000,1000000
2019-12-20 13:36:41.474000,1.09326,1.09323,3520000,2500000
2019-12-20 13:36:41.990000,1.09326,1.09323,3710000,1690000
2019-12-20 13:36:42.890000,1.09326,1.09323,3740000,1690000
2019-12-20 13:36:43.747000,1.09325,1.09322,1840000,2810000
2019-12-20 13:36:43.900000,1.09324,1.09322,1250000,1500000
2019-12-20 13:36:48.347000,1.09323,1.09321,1250000,2700000
2019-12-20 13:36:48.499000,1.09321,1.0932,1000000,1000000
2019-12-20 13:36:48.601000,1.0932,1.09318,1000000,1500000
2019-12-20 13:36:49.958000,1.09319,1.09317,1000000,1690000
2019-12-20 13:36:50.060000,1.09319,1.09318,1000000,1000000
2019-12-20 13:36:50.162000,1.09319,1.09317,1000000,2140000
2019-12-20 13:36:50.263000,1.0932,1.09318,1000000,1310000
2019-12-20 13:36:50.421000,1.0932,1.09318,1000000,2690000
2019-12-20 13:36:56.102000,1.09323,1.09321,2510000,1250000
2019-12-20 13:36:56.204000,1.09324,1.09322,2720000,1000000
2019-12-20 13:36:56.305000,1.09324,1.09322,2250000,1200000
2019-12-20 13:37:01.189000,1.09324,1.09323,1000000,1000000
2019-12-20 13:37:01.290000,1.09325,1.09323,1000000,1000000
2019-12-20 13:37:01.836000,1.09325,1.09322,1000000,1310000
2019-12-20 13:37:01.938000,1.09324,1.09321,1250000,3560000
2019-12-20 13:37:06.926000,1.09323,1.09321,1000000,3260000
2019-12-20 13:37:09.873000,1.09321,1.0932,1000000,1000000
2019-12-20 13:37:09.989000,1.09321,1.09319,1000000,1000000
2019-12-20 13:37:10.091000,1.09321,1.0932,1000000,1000000
2019-12-20 13:37:10.193000,1.09322,1.0932,1120000,1500000
2019-12-20 13:37:10.609000,1.09322,1.0932,1000000,2950000
2019-12-20 13:37:10.711000,1.09323,1.09321,2060000,1250000
2019-12-20 13:37:12.683000,1.09323,1.09321,1350000,1000000
2019-12-20 13:37:14.700000,1.09321,1.0932,1000000,1000000
2019-12-20 13:37:14.751000,1.09321,1.09318,2970000,9940000
2019-12-20 13:37:15.700000,1.09321,1.09319,1760000,1000000
2019-12-20 13:37:17.599000,1.09321,1.09319,2950000,1000000
2019-12-20 13:37:18.302000,1.09321,1.0932,1120000,1000000
2019-12-20 13:37:18.861000,1.09321,1.09319,1000000,1250000
2019-12-20 13:37:19.918000,1.09323,1.0932,2450000,1250000
2019-12-20 13:37:20.043000,1.09324,1.09322,2140000,1200000
2019-12-20 13:37:20.144000,1.09325,1.09323,1250000,1000000
2019-12-20 13:37:20.296000,1.09326,1.09323,2060000,1690000
2019-12-20 13:37:20.448000,1.09326,1.09324,1250000,1000000
2019-12-20 13:37:20.852000,1.09326,1.09325,1000000,1000000
2019-12-20 13:37:20.953000,1.09329,1.09326,3000000,2140000
2019-12-20 13:37:21.055000,1.09329,1.09327,1690000,1100000
2019-12-20 13:37:24.334000,1.09329,1.09327,2870000,1000000
2019-12-20 13:37:24.436000,1.09329,1.09327,2810000,1000000
2019-12-20 13:37:25.265000,1.09329,1.09327,5440000,1000000
2019-12-20 13:37:25.316000,1.09326,1.09324,1250000,1840000
2019-12-20 13:37:25.418000,1.09325,1.09324,1000000,1100000
2019-12-20 13:37:31.294000,1.09327,1.09325,1200000,1000000
2019-12-20 13:37:35.522000,1.09328,1.09325,1670000,1690000
2019-12-20 13:37:35.623000,1.09328,1.09326,1200000,1000000
2019-12-20 13:37:36.586000,1.09327,1.09326,1250000,1000000
2019-12-20 13:37:36.688000,1.09326,1.09324,2060000,1000000
2019-12-20 13:37:37.131000,1.09326,1.09323,2960000,1250000
2019-12-20 13:37:37.457000,1.09327,1.09326,1690000,1000000
2019-12-20 13:37:37.565000,1.09329,1.09327,3970000,1000000
2019-12-20 13:37:37.718000,1.09329,1.09327,1390000,1000000
2019-12-20 13:37:40.253000,1.09329,1.09328,2140000,1000000
2019-12-20 13:37:41.189000,1.0933,1.09328,3820000,1000000
2019-12-20 13:37:43.407000,1.09331,1.09329,2620000,1000000
2019-12-20 13:37:43.508000,1.09332,1.0933,3640000,1000000
2019-12-20 13:37:43.954000,1.09332,1.0933,2350000,1000000
2019-12-20 13:37:44.055000,1.09331,1.09329,1100000,1000000
2019-12-20 13:37:55.968000,1.09332,1.09329,3260000,1000000
2019-12-20 13:37:58.348000,1.09332,1.09328,3260000,2700000
2019-12-20 13:38:00.284000,1.09332,1.09328,3820000,3700000
2019-12-20 13:38:00.519000,1.09332,1.0933,1690000,2570000
2019-12-20 13:38:00.621000,1.09334,1.09332,3940000,1000000
2019-12-20 13:38:00.722000,1.09334,1.09332,1000000,2510000
2019-12-20 13:38:00.924000,1.09335,1.09333,1690000,1200000
2019-12-20 13:38:01.025000,1.09336,1.09333,2060000,1950000
2019-12-20 13:38:02.734000,1.09335,1.09332,1370000,2440000
2019-12-20 13:38:02.836000,1.09333,1.09332,1250000,1500000
2019-12-20 13:38:02.937000,1.09333,1.0933,7660000,1000000
2019-12-20 13:38:03.039000,1.09332,1.09329,2950000,1000000
2019-12-20 13:38:06.460000,1.09332,1.09331,1690000,1250000
2019-12-20 13:38:06.561000,1.09334,1.09331,5190000,1690000
2019-12-20 13:38:06.663000,1.09334,1.09331,4690000,1690000
2019-12-20 13:38:08.830000,1.09334,1.09331,4790000,1690000
2019-12-20 13:38:10.804000,1.09334,1.09332,1500000,1250000
2019-12-20 13:38:10.906000,1.09335,1.09333,1000000,1310000
2019-12-20 13:38:11.007000,1.09336,1.09333,2250000,1310000
2019-12-20 13:38:34.045000,1.09335,1.09333,1370000,1000000
2019-12-20 13:38:34.399000,1.09334,1.09332,4010000,1250000
2019-12-20 13:38:34.770000,1.09334,1.09332,4900000,1000000
2019-12-20 13:38:34.872000,1.09334,1.09332,4010000,1000000
2019-12-20 13:38:35.316000,1.09335,1.09333,2250000,1000000
2019-12-20 13:38:35.417000,1.09335,1.09333,1000000,1750000
2019-12-20 13:38:37.521000,1.09335,1.09333,1750000,1000000
2019-12-20 13:38:38.260000,1.09335,1.09333,1870000,1000000
2019-12-20 13:38:49.643000,1.09335,1.09333,1820000,1000000
2019-12-20 13:38:49.744000,1.09335,1.09332,2570000,1250000
2019-12-20 13:38:57.378000,1.09333,1.09331,1250000,2250000
2019-12-20 13:38:58.258000,1.09334,1.09332,2320000,1000000
2019-12-20 13:38:58.686000,1.09334,1.09332,1500000,1750000
2019-12-20 13:38:58.788000,1.09335,1.09333,1100000,1250000
2019-12-20 13:39:01.401000,1.09334,1.09332,4460000,1000000
2019-12-20 13:39:01.502000,1.09333,1.09331,1200000,1250000
2019-12-20 13:39:01.805000,1.09333,1.0933,1010000,3260000
2019-12-20 13:39:01.912000,1.09334,1.09331,4860000,1250000
2019-12-20 13:39:02.523000,1.09333,1.0933,1840000,3190000
2019-12-20 13:39:02.675000,1.09333,1.09331,1200000,1250000
2019-12-20 13:39:02.777000,1.09333,1.09331,1200000,1250000
2019-12-20 13:39:04.478000,1.09333,1.09331,2020000,1250000
2019-12-20 13:39:04.580000,1.09333,1.09331,2050000,1250000
2019-12-20 13:39:04.681000,1.09334,1.09332,2660000,2440000
2019-12-20 13:39:04.787000,1.09334,1.09332,1000000,2510000
2019-12-20 13:39:07.768000,1.09336,1.09333,6600000,1000000
2019-12-20 13:39:07.870000,1.09336,1.09333,4500000,1000000
2019-12-20 13:39:07.988000,1.09336,1.09334,3000000,1000000
2019-12-20 13:39:08.393000,1.09336,1.09333,3750000,1000000
2019-12-20 13:39:08.514000,1.09336,1.09332,3750000,1760000
2019-12-20 13:39:08.697000,1.09336,1.09332,3750000,1890000
2019-12-20 13:39:13.650000,1.09336,1.09333,4900000,1120000
2019-12-20 13:39:13.751000,1.09334,1.09332,1000000,1120000
2019-12-20 13:39:14.873000,1.09333,1.09331,1000000,2320000
2019-12-20 13:39:17.032000,1.09333,1.09332,1000000,1000000
2019-12-20 13:39:20.097000,1.09333,1.09331,1000000,2320000
2019-12-20 13:39:22.670000,1.09331,1.0933,1010000,1500000
2019-12-20 13:39:22.772000,1.0933,1.09329,1000000,3900000
2019-12-20 13:39:22.873000,1.0933,1.09327,1390000,2260000
2019-12-20 13:39:23.133000,1.0933,1.09327,1390000,1390000
2019-12-20 13:39:24.050000,1.0933,1.09328,1100000,1250000
2019-12-20 13:39:24.626000,1.0933,1.09329,1000000,1000000
2019-12-20 13:39:24.994000,1.09331,1.0933,1100000,1000000
2019-12-20 13:39:25.096000,1.09333,1.09331,1600000,2440000
2019-12-20 13:39:25.197000,1.09333,1.09331,1000000,2810000
2019-12-20 13:39:25.299000,1.09333,1.09332,1000000,1690000
2019-12-20 13:39:25.998000,1.09334,1.09332,1000000,1690000
2019-12-20 13:39:26.433000,1.09335,1.09333,2140000,1000000
2019-12-20 13:39:26.534000,1.09336,1.09333,2810000,1310000
2019-12-20 13:39:31.435000,1.09336,1.09334,1500000,1000000
2019-12-20 13:39:31.537000,1.09336,1.09334,1000000,3320000
2019-12-20 13:39:31.638000,1.09336,1.09334,1000000,2060000
2019-12-20 13:39:37.751000,1.09336,1.09333,1010000,1310000
2019-12-20 13:39:42.647000,1.09336,1.09333,1100000,2870000
2019-12-20 13:39:50.614000,1.09336,1.09333,2210000,2060000
2019-12-20 13:39:50.715000,1.09335,1.09332,1900000,1310000
2019-12-20 13:39:51.810000,1.09334,1.09331,2050000,2120000
2019-12-20 13:39:51.911000,1.09334,1.09331,2020000,1370000
2019-12-20 13:39:52.143000,1.09334,1.09331,2420000,1370000
2019-12-20 13:39:52.245000,1.09334,1.09331,2020000,1370000
2019-12-20 13:39:53.327000,1.09332,1.0933,1100000,2060000
2019-12-20 13:39:53.429000,1.09332,1.09331,1000000,1250000
2019-12-20 13:39:53.530000,1.09333,1.09332,1000000,1250000
2019-12-20 13:39:55.668000,1.09333,1.09331,1000000,1310000
2019-12-20 13:39:57.796000,1.09332,1.0933,1000000,3570000
2019-12-20 13:39:57.897000,1.09332,1.0933,1000000,2700000
2019-12-20 13:39:57.998000,1.09331,1.09329,1010000,5400000
2019-12-20 13:39:58.100000,1.09329,1.09327,1250000,2320000
2019-12-20 13:39:58.201000,1.09329,1.09328,1000000,1200000
2019-12-20 13:39:58.609000,1.09329,1.09327,1000000,4280000
2019-12-20 13:39:58.712000,1.09328,1.09327,1000000,1760000
2019-12-20 13:39:58.916000,1.09328,1.09326,1000000,3560000
2019-12-20 13:40:00.134000,1.09327,1.09326,1000000,1000000
2019-12-20 13:40:00.185000,1.09325,1.09324,1250000,3450000
2019-12-20 13:40:00.287000,1.09325,1.09324,1500000,1500000
2019-12-20 13:40:00.338000,1.09323,1.09322,1000000,1200000
2019-12-20 13:40:02.924000,1.09323,1.09321,1250000,1200000
2019-12-20 13:40:10.027000,1.09323,1.09322,1500000,1100000
2019-12-20 13:40:10.078000,1.09326,1.09324,5140000,1690000
2019-12-20 13:40:10.180000,1.09328,1.09325,1250000,5100000
2019-12-20 13:40:15.148000,1.09328,1.09325,1390000,2890000
2019-12-20 13:40:15.250000,1.09328,1.09325,2200000,1950000
2019-12-20 13:40:16.015000,1.09326,1.09325,1000000,1000000
2019-12-20 13:40:16.117000,1.09326,1.09323,1820000,2720000
2019-12-20 13:40:16.237000,1.09327,1.09324,3000000,1760000
2019-12-20 13:40:16.339000,1.09328,1.09325,2140000,3640000
2019-12-20 13:40:16.538000,1.09328,1.09325,1690000,5350000
2019-12-20 13:40:30.143000,1.09328,1.09325,1690000,5320000
2019-12-20 13:40:31.138000,1.09328,1.09325,1690000,5070000
2019-12-20 13:40:34.176000,1.09328,1.09325,1250000,3260000
2019-12-20 13:40:35.160000,1.09328,1.09325,1690000,4140000
2019-12-20 13:40:36.185000,1.09328,1.09325,1690000,4010000
2019-12-20 13:40:42.387000,1.09328,1.09326,1690000,1200000
2019-12-20 13:40:46.219000,1.09328,1.09325,1690000,4010000
2019-12-20 13:40:49.915000,1.09324,1.09322,1690000,1350000
2019-12-20 13:40:50.016000,1.09323,1.09321,1250000,1100000
2019-12-20 13:40:55.123000,1.09323,1.0932,1690000,3000000
2019-12-20 13:41:05.268000,1.09323,1.0932,1010000,3970000
2019-12-20 13:41:08.624000,1.09323,1.0932,1690000,3820000
2019-12-20 13:41:14.150000,1.09323,1.0932,1690000,3950000
2019-12-20 13:41:15.223000,1.09323,1.0932,1690000,3820000
2019-12-20 13:41:28.343000,1.09322,1.0932,1000000,2510000
2019-12-20 13:41:29.325000,1.09321,1.0932,1000000,1200000
2019-12-20 13:41:29.448000,1.09322,1.0932,1250000,1200000
2019-12-20 13:41:29.979000,1.09322,1.09319,3260000,3600000
2019-12-20 13:41:30.080000,1.09321,1.09319,1100000,1350000
2019-12-20 13:41:32.801000,1.09322,1.0932,1500000,1390000
2019-12-20 13:41:33.411000,1.09321,1.09319,1000000,2600000
2019-12-20 13:41:33.512000,1.09321,1.09319,1000000,1350000
2019-12-20 13:41:38.178000,1.09321,1.09319,1000000,3440000
2019-12-20 13:41:38.279000,1.09322,1.0932,1000000,1760000
2019-12-20 13:41:40.795000,1.09322,1.0932,1000000,2570000
2019-12-20 13:41:41.330000,1.09322,1.0932,1000000,1310000
2019-12-20 13:41:41.482000,1.09322,1.0932,1000000,2570000
2019-12-20 13:41:43.629000,1.09322,1.0932,1000000,1250000
2019-12-20 13:41:48.607000,1.09322,1.09319,1500000,3040000
2019-12-20 13:41:48.727000,1.09321,1.09319,1000000,2290000
2019-12-20 13:41:51.180000,1.09321,1.09319,1000000,2500000
2019-12-20 13:41:54.087000,1.09322,1.09321,1000000,1250000
2019-12-20 13:41:54.188000,1.09322,1.09321,1000000,1250000
2019-12-20 13:41:54.340000,1.09323,1.09321,2510000,1250000
2019-12-20 13:41:54.441000,1.09322,1.09321,1000000,1250000
2019-12-20 13:41:56.909000,1.09323,1.09321,2440000,1250000
2019-12-20 13:42:03.362000,1.09322,1.09319,1000000,3750000
2019-12-20 13:42:03.863000,1.09322,1.09321,1000000,1250000
2019-12-20 13:42:04.370000,1.09322,1.09319,1000000,3750000
2019-12-20 13:42:06.908000,1.09322,1.0932,1500000,1350000
2019-12-20 13:42:07.022000,1.09323,1.0932,2250000,3320000
2019-12-20 13:42:07.430000,1.09322,1.0932,1000000,2200000
2019-12-20 13:42:08.759000,1.09323,1.0932,1570000,2200000
2019-12-20 13:42:11.902000,1.09322,1.0932,1000000,2200000
2019-12-20 13:42:12.483000,1.09323,1.0932,2320000,2950000
2019-12-20 13:42:12.636000,1.09322,1.0932,1000000,2200000
2019-12-20 13:42:13.287000,1.09322,1.0932,1000000,1310000
2019-12-20 13:42:13.819000,1.09322,1.09321,1000000,1250000
2019-12-20 13:42:14.021000,1.09323,1.09321,2320000,1250000
2019-12-20 13:42:14.122000,1.09322,1.09321,1000000,1250000
2019-12-20 13:42:15.315000,1.09323,1.09321,2320000,1250000
2019-12-20 13:42:16.711000,1.09323,1.09322,1500000,1250000
2019-12-20 13:42:18.847000,1.09326,1.09325,1500000,2060000
2019-12-20 13:42:18.950000,1.09328,1.09326,1200000,1950000
2019-12-20 13:42:23.144000,1.09327,1.09326,1000000,1000000
2019-12-20 13:42:23.246000,1.09328,1.09326,2770000,1000000
2019-12-20 13:42:30.821000,1.09328,1.09327,1000000,1000000
2019-12-20 13:42:31.075000,1.09326,1.09325,3560000,1000000
2019-12-20 13:42:31.126000,1.09324,1.09323,1690000,1000000
2019-12-20 13:42:31.278000,1.09324,1.09322,3260000,1000000
2019-12-20 13:42:31.430000,1.09323,1.09321,1760000,1000000
2019-12-20 13:42:31.531000,1.09323,1.09321,2140000,1000000
2019-12-20 13:42:33.545000,1.09324,1.09321,3820000,2510000
2019-12-20 13:42:33.647000,1.09325,1.09322,5320000,1390000
2019-12-20 13:42:33.950000,1.09325,1.09322,3760000,1000000
2019-12-20 13:42:34.052000,1.09324,1.09321,1270000,1870000
2019-12-20 13:42:34.204000,1.09323,1.09321,1000000,1120000
2019-12-20 13:42:34.306000,1.09324,1.09321,1270000,1870000
2019-12-20 13:42:41.621000,1.09324,1.09321,1100000,1910000
2019-12-20 13:42:41.723000,1.09325,1.09321,3260000,1910000
2019-12-20 13:42:41.875000,1.09325,1.09321,3850000,1910000
2019-12-20 13:42:43.731000,1.09325,1.09321,2510000,3410000
2019-12-20 13:42:47.394000,1.09325,1.09323,1570000,1000000
2019-12-20 13:42:47.515000,1.09327,1.09325,1910000,1870000
2019-12-20 13:42:47.566000,1.09328,1.09326,1570000,1690000
2019-12-20 13:42:55.806000,1.09328,1.09325,2500000,5140000
2019-12-20 13:42:55.857000,1.09324,1.09322,1100000,1500000
2019-12-20 13:42:57.554000,1.09325,1.09322,3820000,2140000
2019-12-20 13:43:02.227000,1.09325,1.09322,4490000,1500000
2019-12-20 13:43:12.486000,1.09323,1.09322,1100000,1000000
2019-12-20 13:43:14.313000,1.09322,1.0932,1500000,2440000
2019-12-20 13:43:16.242000,1.09322,1.09321,1500000,1250000
2019-12-20 13:43:23.129000,1.09322,1.0932,1500000,2060000
2019-12-20 13:43:25.817000,1.09322,1.09321,1500000,1250000
2019-12-20 13:43:26.687000,1.0932,1.09319,2440000,1800000
2019-12-20 13:43:26.789000,1.09318,1.09316,1000000,2810000
2019-12-20 13:43:26.890000,1.09317,1.09316,1000000,1000000
2019-12-20 13:43:29.047000,1.0932,1.09318,3970000,1000000
2019-12-20 13:43:29.149000,1.09321,1.09319,2810000,10220000
2019-12-20 13:43:33.068000,1.09322,1.09321,1500000,1250000
2019-12-20 13:43:33.996000,1.09322,1.09321,1500000,1250000
2019-12-20 13:43:44.795000,1.09323,1.09321,1570000,1690000
2019-12-20 13:43:47.722000,1.09324,1.09322,2810000,1000000
2019-12-20 13:43:50.873000,1.09323,1.09321,1100000,1250000
2019-12-20 13:43:52.245000,1.09323,1.09322,1100000,1000000
2019-12-20 13:44:00.245000,1.09324,1.09322,1870000,1000000
2019-12-20 13:44:01.901000,1.09323,1.09322,1000000,1000000
2019-12-20 13:44:02.425000,1.09325,1.09324,1950000,1000000
2019-12-20 13:44:02.527000,1.09326,1.09324,1000000,1690000
2019-12-20 13:44:08.669000,1.09325,1.09324,1000000,1000000
2019-12-20 13:44:08.771000,1.09324,1.09323,1250000,1000000
2019-12-20 13:44:08.873000,1.09324,1.09321,1690000,1390000
2019-12-20 13:44:10.934000,1.09324,1.09321,4070000,1000000
2019-12-20 13:44:11.035000,1.09324,1.09321,2510000,1250000
2019-12-20 13:44:13.606000,1.09323,1.09321,1000000,1250000
2019-12-20 13:44:14.155000,1.09324,1.09321,2060000,1760000
2019-12-20 13:44:14.412000,1.09324,1.09322,1500000,1390000
2019-12-20 13:44:14.514000,1.09325,1.09323,1500000,1310000
2019-12-20 13:44:19.359000,1.09326,1.09323,1000000,4970000
2019-12-20 13:44:19.662000,1.09327,1.09325,1000000,1390000
2019-12-20 13:44:21.140000,1.09326,1.09325,1000000,1000000
2019-12-20 13:44:23.032000,1.09327,1.09325,1500000,1100000
2019-12-20 13:44:23.937000,1.09327,1.09325,1500000,1820000
2019-12-20 13:44:25.468000,1.09328,1.09326,1250000,1010000
2019-12-20 13:44:36.312000,1.09328,1.09326,1000000,1820000
2019-12-20 13:44:38.052000,1.09328,1.09326,1500000,2510000
2019-12-20 13:44:44.259000,1.09328,1.09326,1000000,3470000
2019-12-20 13:44:44.361000,1.09328,1.09326,1000000,3260000
2019-12-20 13:44:54.008000,1.09328,1.09327,1000000,1100000
2019-12-20 13:44:55.152000,1.09328,1.09326,1500000,1200000
2019-12-20 13:44:58.346000,1.09328,1.09327,1000000,1000000
2019-12-20 13:44:58.447000,1.09328,1.09326,1500000,1570000
2019-12-20 13:45:02.155000,1.09328,1.09327,1000000,1000000
