time,ask,bid,ask_volume,bid_volume
2022-04-06 14:25:00.534000,1.23854,1.23851,1440000,1200000
2022-04-06 14:25:00.636000,1.23853,1.2385,1440000,1200000
2022-04-06 14:25:00.738000,1.23853,1.23849,2960000,1200000
2022-04-06 14:25:01.372000,1.23853,1.2385,2960000,1200000
2022-04-06 14:25:02.426000,1.23853,1.2385,2340000,1200000
2022-04-06 14:25:02.629000,1.23856,1.23852,2960000,1200000
2022-04-06 14:25:03.085000,1.23855,1.23851,1440000,1340000
2022-04-06 14:25:03.339000,1.23855,1.23851,1440000,1500000
2022-04-06 14:25:03.542000,1.23856,1.23853,1440000,1200000
2022-04-06 14:25:03.644000,1.23859,1.23857,1440000,1200000
2022-04-06 14:25:03.747000,1.23861,1.23858,1920000,1200000
2022-04-06 14:25:03.798000,1.23862,1.23859,1200000,1200000
2022-04-06 14:25:03.900000,1.23863,1.23859,1440000,1200000
2022-04-06 14:25:04.053000,1.2386,1.23857,1260000,1340000
2022-04-06 14:25:04.104000,1.23859,1.23855,1440000,1200000
2022-04-06 14:25:04.206000,1.23858,1.23854,1200000,1200000
2022-04-06 14:25:05.119000,1.23858,1.23853,1200000,1200000
2022-04-06 14:25:10.179000,1.23855,1.23852,1200000,1320000
2022-04-06 14:25:10.281000,1.23854,1.23851,1200000,1200000
2022-04-06 14:25:10.788000,1.23857,1.23854,1920000,1200000
2022-04-06 14:25:10.840000,1.23859,1.23855,2060000,1200000
2022-04-06 14:25:11.460000,1.23858,1.23854,1440000,1200000
2022-04-06 14:25:11.985000,1.23856,1.23853,1200000,1200000
2022-04-06 14:25:12.238000,1.23858,1.23852,1440000,1200000
2022-04-06 14:25:12.807000,1.23857,1.23854,1490000,1200000
2022-04-06 14:25:12.919000,1.23857,1.23854,1980000,1200000
2022-04-06 14:25:13.123000,1.23857,1.23854,1440000,1200000
2022-04-06 14:25:13.224000,1.23857,1.23854,1920000,1200000
2022-04-06 14:25:14.103000,1.23856,1.23852,1440000,1200000
2022-04-06 14:25:14.205000,1.23855,1.23851,1440000,1200000
2022-04-06 14:25:14.510000,1.23855,1.23851,1920000,1200000
2022-04-06 14:25:15.458000,1.23855,1.23851,1440000,1200000
2022-04-06 14:25:15.859000,1.23855,1.2385,1200000,1200000
2022-04-06 14:25:17.167000,1.23855,1.23851,1440000,1200000
2022-04-06 14:25:17.219000,1.23857,1.23854,1440000,1200000
2022-04-06 14:25:17.321000,1.23859,1.23854,1920000,1200000
2022-04-06 14:25:22.077000,1.23856,1.23852,2060000,1800000
2022-04-06 14:25:22.486000,1.23855,1.23851,1440000,1500000
2022-04-06 14:25:22.639000,1.23851,1.23847,1440000,3370000
2022-04-06 14:25:22.741000,1.2385,1.23846,1440000,1200000
2022-04-06 14:25:22.843000,1.23849,1.23845,1880000,1200000
2022-04-06 14:25:22.945000,1.2385,1.23846,3420000,1200000
2022-04-06 14:25:23.047000,1.23851,1.23847,2340000,1200000
2022-04-06 14:25:25.932000,1.2385,1.23847,1320000,1200000
2022-04-06 14:25:25.984000,1.23848,1.23843,1200000,2030000
2022-04-06 14:25:26.086000,1.2385,1.23846,1200000,1500000
2022-04-06 14:25:27.263000,1.23854,1.23849,2340000,1200000
2022-04-06 14:25:27.466000,1.23854,1.23851,1200000,1200000
2022-04-06 14:25:27.605000,1.23855,1.23851,1880000,1200000
2022-04-06 14:25:28.782000,1.23858,1.23852,1440000,1200000
2022-04-06 14:25:28.884000,1.23859,1.23853,1440000,1500000
2022-04-06 14:25:29.088000,1.23856,1.23852,1440000,1200000
2022-04-06 14:25:29.190000,1.23854,1.2385,1200000,1200000
2022-04-06 14:25:30.153000,1.23853,1.2385,1440000,1200000
2022-04-06 14:25:30.255000,1.23852,1.23849,1440000,1200000
2022-04-06 14:25:30.407000,1.23852,1.23849,1920000,1200000
2022-04-06 14:25:30.593000,1.23852,1.23849,1440000,1200000
2022-04-06 14:25:30.915000,1.23853,1.2385,1440000,1200000
2022-04-06 14:25:31.302000,1.23852,1.23848,1440000,1200000
2022-04-06 14:25:32.722000,1.2385,1.23846,1200000,1200000
2022-04-06 14:25:32.824000,1.23848,1.23844,1200000,1200000
2022-04-06 14:25:34.617000,1.2385,1.23846,1460000,1200000
2022-04-06 14:25:34.719000,1.2385,1.23847,1880000,1200000
2022-04-06 14:25:35.283000,1.2385,1.23846,1440000,1200000
2022-04-06 14:25:39.380000,1.23849,1.23846,1200000,1200000
2022-04-06 14:25:39.482000,1.2385,1.23846,1880000,1200000
2022-04-06 14:25:39.900000,1.23848,1.23844,1200000,1200000
2022-04-06 14:25:40.002000,1.23847,1.23844,1440000,1200000
2022-04-06 14:25:40.104000,1.23851,1.23845,1880000,1500000
2022-04-06 14:25:40.206000,1.23851,1.23847,1440000,1200000
2022-04-06 14:25:41.059000,1.23847,1.23844,1200000,1200000
2022-04-06 14:25:41.263000,1.2385,1.23844,1440000,1500000
2022-04-06 14:25:42.227000,1.2385,1.23846,1880000,1500000
2022-04-06 14:25:42.329000,1.2385,1.23847,1440000,1200000
2022-04-06 14:25:42.881000,1.23848,1.23845,1200000,1200000
2022-04-06 14:25:43.034000,1.23849,1.23845,1440000,1200000
2022-04-06 14:25:46.587000,1.23851,1.23847,1880000,1500000
2022-04-06 14:25:46.689000,1.23853,1.23849,1920000,1200000
2022-04-06 14:25:46.791000,1.23853,1.23849,1440000,1200000
2022-04-06 14:25:47.160000,1.2385,1.23846,1440000,1200000
2022-04-06 14:25:47.699000,1.23852,1.23849,1200000,1200000
2022-04-06 14:25:47.801000,1.23854,1.23848,1440000,1200000
2022-04-06 14:25:47.904000,1.23849,1.23846,1200000,1200000
2022-04-06 14:25:48.006000,1.23851,1.23847,1880000,1200000
2022-04-06 14:25:51.841000,1.23853,1.23849,1440000,1200000
2022-04-06 14:25:53.643000,1.23854,1.2385,1880000,1200000
2022-04-06 14:25:54.828000,1.23856,1.23852,1440000,1500000
2022-04-06 14:25:54.930000,1.23857,1.23853,1440000,1200000
2022-04-06 14:25:55.082000,1.23856,1.23853,1200000,1200000
2022-04-06 14:25:55.835000,1.23859,1.23857,1200000,1200000
2022-04-06 14:25:55.886000,1.23862,1.23858,3420000,1500000
2022-04-06 14:25:55.988000,1.23862,1.23858,3240000,1670000
2022-04-06 14:25:56.466000,1.23859,1.23856,1200000,1320000
2022-04-06 14:25:56.619000,1.2386,1.23856,1440000,1320000
2022-04-06 14:25:56.974000,1.2386,1.23855,1200000,1440000
2022-04-06 14:25:57.076000,1.23857,1.23854,1200000,1200000
2022-04-06 14:25:57.128000,1.23855,1.23851,1440000,1200000
2022-04-06 14:25:57.771000,1.23857,1.23851,1200000,1440000
2022-04-06 14:25:57.873000,1.23855,1.23852,1200000,1440000
2022-04-06 14:25:58.026000,1.23854,1.2385,1200000,1440000
2022-04-06 14:25:58.415000,1.23856,1.23852,2780000,1320000
2022-04-06 14:25:58.517000,1.23857,1.23853,1320000,1200000
2022-04-06 14:25:59.453000,1.23856,1.23853,1200000,1200000
2022-04-06 14:25:59.605000,1.23856,1.23852,1440000,1200000
2022-04-06 14:25:59.707000,1.23855,1.23851,1200000,2110000
2022-04-06 14:26:00.273000,1.23854,1.23851,1200000,1200000
2022-04-06 14:26:01.909000,1.23855,1.23851,1440000,1200000
2022-04-06 14:26:03.552000,1.23856,1.23852,1200000,1500000
2022-04-06 14:26:03.657000,1.23856,1.23853,1200000,1200000
2022-04-06 14:26:04.197000,1.23855,1.23851,1200000,1200000
2022-04-06 14:26:07.759000,1.23854,1.2385,1440000,1200000
2022-04-06 14:26:08.191000,1.23852,1.23848,1200000,1500000
2022-04-06 14:26:08.465000,1.23853,1.23849,2340000,1200000
2022-04-06 14:26:09.865000,1.23854,1.2385,1440000,1200000
2022-04-06 14:26:14.907000,1.23855,1.23851,1440000,1200000
2022-04-06 14:26:15.066000,1.23855,1.23851,1920000,1200000
2022-04-06 14:26:17.531000,1.23855,1.23849,1440000,1200000
2022-04-06 14:26:20.839000,1.23854,1.23851,1200000,1200000
2022-04-06 14:26:22.074000,1.23852,1.23849,1340000,1200000
2022-04-06 14:26:22.126000,1.23846,1.23844,1340000,1500000
2022-04-06 14:26:22.177000,1.23845,1.23842,2360000,1200000
2022-04-06 14:26:22.279000,1.23845,1.23842,1200000,1500000
2022-04-06 14:26:22.381000,1.23847,1.23844,1340000,1200000
2022-04-06 14:26:22.483000,1.23848,1.23844,1440000,1200000
2022-04-06 14:26:22.585000,1.23847,1.23843,1200000,1440000
2022-04-06 14:26:22.789000,1.23848,1.23845,1320000,1200000
2022-04-06 14:26:22.941000,1.23848,1.23844,1880000,1200000
2022-04-06 14:26:23.356000,1.2385,1.23846,3680000,1200000
2022-04-06 14:26:23.458000,1.2385,1.23847,1440000,1200000
2022-04-06 14:26:23.560000,1.2385,1.23846,1440000,1200000
2022-04-06 14:26:23.918000,1.23851,1.23847,2340000,1500000
2022-04-06 14:26:24.020000,1.2385,1.23846,1880000,1200000
2022-04-06 14:26:24.432000,1.2385,1.23846,2040000,1200000
2022-04-06 14:26:24.484000,1.23848,1.23844,1200000,1320000
2022-04-06 14:26:24.585000,1.23849,1.23845,1880000,1200000
2022-04-06 14:26:25,1.23847,1.23843,1200000,1440000
2022-04-06 14:26:26.222000,1.23849,1.23845,2060000,1200000
2022-04-06 14:26:26.498000,1.23848,1.23844,1440000,1200000
2022-04-06 14:26:30.733000,1.23846,1.23843,1200000,1200000
2022-04-06 14:26:30.835000,1.23845,1.23842,1200000,1200000
2022-04-06 14:26:30.936000,1.23846,1.23842,1440000,1200000
2022-04-06 14:26:31.039000,1.23847,1.23843,1440000,1200000
2022-04-06 14:26:37.998000,1.23847,1.23843,1440000,1500000
2022-04-06 14:26:38.104000,1.23847,1.23843,1200000,1320000
2022-04-06 14:26:38.710000,1.2385,1.23844,1440000,1200000
2022-04-06 14:26:38.812000,1.2385,1.23844,2290000,1200000
2022-04-06 14:26:38.914000,1.23848,1.23844,1440000,1800000
2022-04-06 14:26:39.596000,1.2385,1.23846,2960000,1200000
2022-04-06 14:26:40.001000,1.2385,1.23846,2780000,1200000
2022-04-06 14:26:43.546000,1.23852,1.23846,2040000,1200000
2022-04-06 14:26:44.504000,1.2385,1.23846,1880000,1800000
2022-04-06 14:26:47.179000,1.23851,1.23847,1200000,1670000
2022-04-06 14:26:47.281000,1.23853,1.23849,2340000,1500000
2022-04-06 14:26:48.076000,1.23852,1.23848,1440000,1200000
2022-04-06 14:26:49.685000,1.23852,1.23849,1200000,1200000
2022-04-06 14:26:54.037000,1.23848,1.23846,1500000,1200000
2022-04-06 14:26:54.088000,1.23849,1.23843,3080000,1440000
2022-04-06 14:26:54.190000,1.23846,1.23843,1200000,1440000
2022-04-06 14:26:57.047000,1.23846,1.23842,1570000,1200000
2022-04-06 14:26:57.149000,1.23846,1.23842,2750000,1200000
2022-04-06 14:26:57.302000,1.23846,1.23842,1200000,1200000
2022-04-06 14:27:00.854000,1.23845,1.23842,1200000,1200000
2022-04-06 14:27:01.529000,1.23846,1.23842,2030000,1200000
2022-04-06 14:27:02.306000,1.23846,1.23842,3000000,1200000
2022-04-06 14:27:02.693000,1.23845,1.23842,1740000,1200000
2022-04-06 14:27:02.846000,1.2384,1.23838,2030000,4940000
2022-04-06 14:27:02.897000,1.23832,1.23829,1570000,1880000
2022-04-06 14:27:02.999000,1.23831,1.23828,1200000,1200000
2022-04-06 14:27:03.815000,1.23831,1.23829,1200000,1200000
2022-04-06 14:27:03.866000,1.23835,1.23831,1500000,1440000
2022-04-06 14:27:03.968000,1.23835,1.23832,1440000,1200000
2022-04-06 14:27:04.120000,1.23835,1.23831,1440000,1200000
2022-04-06 14:27:07.004000,1.23832,1.23828,1200000,2240000
2022-04-06 14:27:07.156000,1.23834,1.23828,2780000,1200000
2022-04-06 14:27:09.825000,1.23832,1.23827,1500000,1200000
2022-04-06 14:27:09.927000,1.23831,1.23827,1800000,1200000
2022-04-06 14:27:10.607000,1.23831,1.23828,1200000,1200000
2022-04-06 14:27:11.208000,1.23834,1.2383,1880000,1200000
2022-04-06 14:27:11.310000,1.23833,1.23829,1320000,1200000
2022-04-06 14:27:13.321000,1.23836,1.2383,2060000,1200000
2022-04-06 14:27:13.422000,1.23835,1.23832,1880000,1200000
2022-04-06 14:27:13.524000,1.23837,1.23833,2220000,1200000
2022-04-06 14:27:14.048000,1.23836,1.23832,1440000,1200000
2022-04-06 14:27:14.252000,1.23837,1.23833,1920000,1200000
2022-04-06 14:27:14.810000,1.23836,1.2383,1570000,2700000
2022-04-06 14:27:14.912000,1.23834,1.2383,1200000,1200000
2022-04-06 14:27:16.012000,1.23831,1.23827,2570000,6950000
2022-04-06 14:27:16.114000,1.23831,1.23827,1440000,1200000
2022-04-06 14:27:16.216000,1.23833,1.23829,1440000,1500000
2022-04-06 14:27:16.470000,1.23835,1.23833,1800000,1200000
2022-04-06 14:27:16.572000,1.23837,1.23833,1920000,1200000
2022-04-06 14:27:16.674000,1.23838,1.23834,3190000,1200000
2022-04-06 14:27:16.725000,1.23838,1.23834,3010000,1200000
2022-04-06 14:27:18.621000,1.23838,1.23834,2640000,1200000
2022-04-06 14:27:20.981000,1.23833,1.23831,1440000,5840000
2022-04-06 14:27:21.032000,1.23833,1.23829,1440000,1200000
2022-04-06 14:27:21.134000,1.23834,1.2383,1920000,1200000
2022-04-06 14:27:21.286000,1.23834,1.2383,1440000,1200000
2022-04-06 14:27:21.847000,1.23832,1.23828,1670000,1200000
2022-04-06 14:27:21.949000,1.23831,1.23828,1670000,1200000
2022-04-06 14:27:22.051000,1.23831,1.23827,2750000,1200000
2022-04-06 14:27:24.213000,1.23828,1.23823,3080000,1800000
2022-04-06 14:27:24.264000,1.23826,1.2382,1440000,1200000
2022-04-06 14:27:24.569000,1.23827,1.23823,1440000,1200000
2022-04-06 14:27:24.711000,1.23824,1.2382,1200000,2700000
2022-04-06 14:27:26.269000,1.23827,1.23824,1440000,1200000
2022-04-06 14:27:26.565000,1.23825,1.23822,1200000,1200000
2022-04-06 14:27:26.667000,1.23825,1.23821,1200000,1570000
2022-04-06 14:27:27.325000,1.23824,1.2382,1200000,1500000
2022-04-06 14:27:28.136000,1.23825,1.23822,1200000,1200000
2022-04-06 14:27:28.998000,1.23826,1.2382,1200000,1200000
2022-04-06 14:27:33.023000,1.23816,1.23813,1200000,1800000
2022-04-06 14:27:33.125000,1.23815,1.23812,1200000,1200000
2022-04-06 14:27:35.286000,1.23816,1.23813,1440000,1200000
2022-04-06 14:27:38.609000,1.2382,1.23817,1320000,1500000
2022-04-06 14:27:38.660000,1.23822,1.23819,1320000,1200000
2022-04-06 14:27:38.813000,1.23822,1.23818,1440000,1440000
2022-04-06 14:27:38.915000,1.23821,1.23817,1200000,1200000
2022-04-06 14:27:38.967000,1.2382,1.23816,1920000,1200000
2022-04-06 14:27:39.894000,1.23821,1.23817,1920000,1200000
2022-04-06 14:27:40.829000,1.23821,1.23817,1920000,1200000
2022-04-06 14:27:41.325000,1.23819,1.23816,1320000,1200000
2022-04-06 14:27:41.895000,1.23819,1.23814,1500000,1200000
2022-04-06 14:27:42.021000,1.23815,1.23812,1880000,1200000
2022-04-06 14:27:42.123000,1.23815,1.23811,1440000,1200000
2022-04-06 14:27:44.662000,1.23816,1.23813,1440000,1200000
2022-04-06 14:27:46.939000,1.23816,1.23812,1440000,1200000
2022-04-06 14:27:47.041000,1.23815,1.23812,1440000,1200000
2022-04-06 14:27:47.143000,1.23816,1.23812,1440000,1200000
2022-04-06 14:27:47.245000,1.23817,1.23813,1920000,1200000
2022-04-06 14:27:47.347000,1.23817,1.23813,1440000,1200000
2022-04-06 14:27:49.992000,1.23816,1.23812,1200000,1570000
2022-04-06 14:27:50.145000,1.23815,1.23811,1200000,1500000
2022-04-06 14:27:50.935000,1.23814,1.2381,1200000,1200000
2022-04-06 14:27:51.959000,1.23815,1.23811,1320000,1320000
2022-04-06 14:27:53.320000,1.23815,1.23812,1320000,1200000
2022-04-06 14:27:56.781000,1.23811,1.23808,1440000,4040000
2022-04-06 14:27:56.883000,1.23811,1.23807,1440000,1200000
2022-04-06 14:27:57.599000,1.23813,1.23809,1920000,1200000
2022-04-06 14:27:57.701000,1.23816,1.23812,1920000,1800000
2022-04-06 14:28:00.037000,1.23813,1.23811,1200000,1200000
2022-04-06 14:28:00.089000,1.23812,1.23808,1440000,1200000
2022-04-06 14:28:00.191000,1.23811,1.23807,1200000,1340000
2022-04-06 14:28:00.243000,1.23813,1.23809,1200000,1880000
2022-04-06 14:28:00.345000,1.23814,1.23811,1200000,1200000
2022-04-06 14:28:00.599000,1.23813,1.23809,1200000,1440000
2022-04-06 14:28:00.701000,1.23814,1.2381,1200000,1200000
2022-04-06 14:28:01.282000,1.23815,1.23811,1440000,1340000
2022-04-06 14:28:06.840000,1.23816,1.23812,1200000,1320000
2022-04-06 14:28:08.292000,1.23817,1.23813,1200000,1200000
2022-04-06 14:28:08.971000,1.23816,1.23812,1440000,1200000
2022-04-06 14:28:09.276000,1.23815,1.23811,2780000,1200000
2022-04-06 14:28:09.791000,1.23813,1.2381,1340000,1200000
2022-04-06 14:28:09.842000,1.2381,1.23804,1880000,1200000
2022-04-06 14:28:09.944000,1.23808,1.23804,1200000,1200000
2022-04-06 14:28:10.170000,1.23808,1.23804,1200000,1920000
2022-04-06 14:28:11.263000,1.23812,1.23809,1800000,3140000
2022-04-06 14:28:11.315000,1.23815,1.23811,1440000,1340000
2022-04-06 14:28:12.875000,1.23816,1.23812,1920000,1200000
2022-04-06 14:28:13.617000,1.23817,1.23813,1440000,1570000
2022-04-06 14:28:13.719000,1.2382,1.23816,1800000,1320000
2022-04-06 14:28:13.821000,1.23819,1.23816,1200000,1200000
2022-04-06 14:28:14.599000,1.2382,1.23816,2340000,1200000
2022-04-06 14:28:15.109000,1.2382,1.23816,3190000,1200000
2022-04-06 14:28:15.212000,1.2382,1.23817,1800000,1500000
2022-04-06 14:28:15.314000,1.2382,1.23818,1200000,1200000
2022-04-06 14:28:15.569000,1.23819,1.23815,1440000,1800000
2022-04-06 14:28:17.554000,1.2382,1.23818,1200000,2570000
2022-04-06 14:28:19.146000,1.2382,1.23819,1200000,1200000
2022-04-06 14:28:19.575000,1.23822,1.23819,1200000,1200000
2022-04-06 14:28:20.367000,1.23821,1.23818,1200000,1200000
2022-04-06 14:28:22.315000,1.23818,1.23816,1210000,1800000
2022-04-06 14:28:22.366000,1.23816,1.23812,1200000,1320000
2022-04-06 14:28:23.340000,1.23817,1.23813,1200000,1880000
2022-04-06 14:28:23.392000,1.23821,1.23815,4500000,1200000
2022-04-06 14:28:23.494000,1.2382,1.23817,1200000,1200000
2022-04-06 14:28:24.154000,1.2382,1.23818,1200000,1200000
2022-04-06 14:28:25.156000,1.23816,1.23812,1200000,2040000
2022-04-06 14:28:25.258000,1.23816,1.23812,1200000,1200000
2022-04-06 14:28:25.461000,1.23816,1.23813,1200000,1200000
2022-04-06 14:28:27.103000,1.2382,1.23818,1200000,1200000
2022-04-06 14:28:27.206000,1.23821,1.2382,1200000,1200000
2022-04-06 14:28:27.358000,1.2382,1.23819,1200000,1200000
2022-04-06 14:28:27.511000,1.23821,1.23817,1200000,1440000
2022-04-06 14:28:27.613000,1.2382,1.23817,1800000,1200000
2022-04-06 14:28:27.817000,1.2382,1.23818,1200000,1200000
2022-04-06 14:28:29.127000,1.23818,1.23815,1640000,1200000
2022-04-06 14:28:29.229000,1.23818,1.23814,1200000,1340000
2022-04-06 14:28:29.331000,1.2382,1.23817,2240000,1200000
2022-04-06 14:28:31.490000,1.23821,1.23817,1200000,1200000
2022-04-06 14:28:31.694000,1.2382,1.23817,1800000,1200000
2022-04-06 14:28:31.796000,1.23819,1.23815,1200000,2060000
2022-04-06 14:28:33.012000,1.23819,1.23815,1320000,1200000
2022-04-06 14:28:33.216000,1.23818,1.23815,1200000,1200000
2022-04-06 14:28:33.521000,1.23817,1.23814,1200000,1440000
2022-04-06 14:28:33.572000,1.23816,1.23812,1340000,1200000
2022-04-06 14:28:34.817000,1.23815,1.23812,1200000,1440000
2022-04-06 14:28:34.919000,1.23816,1.23813,1200000,1200000
2022-04-06 14:28:35.439000,1.23817,1.23811,1200000,1440000
2022-04-06 14:28:35.542000,1.23816,1.2381,1200000,2960000
2022-04-06 14:28:35.644000,1.23815,1.23811,1320000,2780000
2022-04-06 14:28:36.853000,1.23817,1.23813,1320000,1340000
2022-04-06 14:28:36.955000,1.23818,1.23814,1200000,1920000
2022-04-06 14:28:37.108000,1.23816,1.23812,1200000,1880000
2022-04-06 14:28:38.576000,1.23816,1.23812,1200000,1920000
2022-04-06 14:28:40.532000,1.23818,1.23814,1500000,1440000
2022-04-06 14:28:40.979000,1.23817,1.23814,1200000,1440000
2022-04-06 14:28:41.341000,1.2382,1.23819,1340000,1200000
2022-04-06 14:28:42.154000,1.2382,1.23818,1200000,1880000
2022-04-06 14:28:42.257000,1.23816,1.23811,2930000,1440000
2022-04-06 14:28:42.308000,1.23814,1.2381,5480000,3240000
2022-04-06 14:28:42.359000,1.23812,1.23808,1440000,1200000
2022-04-06 14:28:43.259000,1.23815,1.23812,1340000,1200000
2022-04-06 14:28:43.361000,1.23816,1.23812,1200000,1200000
2022-04-06 14:28:43.514000,1.23816,1.23813,1200000,1200000
2022-04-06 14:28:44.334000,1.23817,1.23813,1200000,3010000
2022-04-06 14:28:45.266000,1.23816,1.23813,1200000,1200000
2022-04-06 14:28:48.148000,1.2382,1.23819,1340000,1670000
2022-04-06 14:28:48.302000,1.23821,1.23816,1800000,1800000
2022-04-06 14:28:48.404000,1.2382,1.23817,1800000,1200000
2022-04-06 14:28:48.556000,1.23817,1.23814,1200000,2780000
2022-04-06 14:28:48.710000,1.23816,1.23813,1320000,1200000
2022-04-06 14:28:49.547000,1.23817,1.23814,1200000,1200000
2022-04-06 14:28:50.276000,1.23817,1.23813,1200000,2110000
2022-04-06 14:28:50.805000,1.23817,1.23813,1200000,3980000
2022-04-06 14:28:50.857000,1.2382,1.23818,1200000,1200000
2022-04-06 14:28:50.959000,1.2382,1.23816,1800000,1200000
2022-04-06 14:28:51.930000,1.23818,1.23815,1200000,1200000
2022-04-06 14:28:52.032000,1.23817,1.23814,1200000,1200000
2022-04-06 14:28:52.135000,1.2382,1.23817,1200000,2640000
2022-04-06 14:28:52.237000,1.23821,1.23819,1200000,1440000
2022-04-06 14:28:52.441000,1.23823,1.23819,1200000,1920000
2022-04-06 14:28:53.864000,1.23821,1.23819,1200000,1440000
2022-04-06 14:28:54.017000,1.23821,1.23817,1200000,1200000
2022-04-06 14:28:54.377000,1.2382,1.23819,1200000,1200000
2022-04-06 14:28:55.444000,1.23819,1.23815,1500000,1940000
2022-04-06 14:28:55.547000,1.23817,1.23814,1200000,1200000
2022-04-06 14:28:55.649000,1.23817,1.23813,1200000,1200000
2022-04-06 14:28:56.653000,1.23816,1.23813,1200000,1200000
2022-04-06 14:28:58.607000,1.2382,1.23816,5480000,1800000
2022-04-06 14:28:58.710000,1.23823,1.2382,1200000,1200000
2022-04-06 14:28:58.812000,1.23821,1.23819,1200000,1200000
2022-04-06 14:28:59.477000,1.23826,1.2382,1800000,1340000
2022-04-06 14:28:59.579000,1.23828,1.23822,1440000,1200000
2022-04-06 14:29:00.070000,1.23825,1.23821,1440000,1200000
2022-04-06 14:29:00.178000,1.23823,1.23819,1440000,1200000
2022-04-06 14:29:00.286000,1.23822,1.23818,1200000,1200000
2022-04-06 14:29:00.389000,1.23821,1.23817,1440000,1200000
2022-04-06 14:29:00.491000,1.23823,1.2382,1200000,1200000
2022-04-06 14:29:03.666000,1.23822,1.23818,1670000,1200000
2022-04-06 14:29:07.846000,1.23823,1.2382,1440000,1500000
2022-04-06 14:29:07.948000,1.23826,1.23822,1440000,1200000
2022-04-06 14:29:08.254000,1.23828,1.23824,3680000,1200000
2022-04-06 14:29:08.865000,1.23826,1.23822,1200000,1880000
2022-04-06 14:29:08.967000,1.23826,1.23823,1200000,1200000
2022-04-06 14:29:09.069000,1.2383,1.23826,1920000,1500000
2022-04-06 14:29:09.120000,1.23831,1.23827,1200000,1200000
2022-04-06 14:29:09.679000,1.23827,1.23824,1200000,1940000
2022-04-06 14:29:09.730000,1.23827,1.23823,1200000,1200000
2022-04-06 14:29:13.276000,1.23826,1.23822,1200000,1200000
2022-04-06 14:29:13.378000,1.23828,1.23824,1440000,1200000
2022-04-06 14:29:14.226000,1.23828,1.23822,1200000,1500000
2022-04-06 14:29:16.089000,1.23828,1.23825,1200000,1200000
2022-04-06 14:29:16.140000,1.2383,1.23826,1440000,1200000
2022-04-06 14:29:16.242000,1.23831,1.23827,1440000,1200000
2022-04-06 14:29:17.075000,1.2383,1.23826,1200000,1200000
2022-04-06 14:29:17.177000,1.23829,1.23825,1670000,1200000
2022-04-06 14:29:17.926000,1.23827,1.23823,1440000,1200000
2022-04-06 14:29:18.516000,1.23828,1.23824,1440000,1200000
2022-04-06 14:29:18.669000,1.23827,1.23823,1440000,1440000
2022-04-06 14:29:18.772000,1.23825,1.23822,1200000,1200000
2022-04-06 14:29:20.356000,1.23828,1.23826,1340000,1200000
2022-04-06 14:29:20.407000,1.2383,1.23826,1440000,1340000
2022-04-06 14:29:20.509000,1.23831,1.23827,1440000,1340000
2022-04-06 14:29:25.775000,1.2383,1.23826,1440000,1200000
2022-04-06 14:29:25.827000,1.23827,1.23825,1200000,1340000
2022-04-06 14:29:25.878000,1.23825,1.23821,1440000,1200000
2022-04-06 14:29:25.980000,1.23823,1.2382,1200000,1200000
2022-04-06 14:29:26.032000,1.23822,1.23818,1200000,1200000
2022-04-06 14:29:26.387000,1.23822,1.23819,1200000,1200000
2022-04-06 14:29:27.506000,1.23824,1.23822,1200000,1200000
2022-04-06 14:29:27.609000,1.23826,1.23822,1880000,1200000
2022-04-06 14:29:27.660000,1.23824,1.2382,1440000,1200000
2022-04-06 14:29:27.762000,1.23825,1.23819,1920000,1200000
2022-04-06 14:29:28.043000,1.23825,1.23819,1670000,1200000
2022-04-06 14:29:28.468000,1.23824,1.2382,2290000,1200000
2022-04-06 14:29:30.122000,1.23821,1.23818,1200000,1200000
2022-04-06 14:29:32.614000,1.23822,1.23818,1880000,1200000
2022-04-06 14:29:32.716000,1.2382,1.23816,1200000,4460000
2022-04-06 14:29:32.818000,1.23826,1.23823,2390000,1200000
2022-04-06 14:29:33.174000,1.23826,1.23823,1200000,1500000
2022-04-06 14:29:33.225000,1.23829,1.23823,1440000,1200000
2022-04-06 14:29:33.327000,1.23829,1.23825,1440000,1200000
2022-04-06 14:29:33.429000,1.2383,1.23826,1920000,1200000
2022-04-06 14:29:33.531000,1.23831,1.23825,1200000,1200000
2022-04-06 14:29:34.505000,1.23831,1.23828,1200000,1200000
2022-04-06 14:29:35.423000,1.2383,1.23826,1200000,1340000
2022-04-06 14:29:35.525000,1.2383,1.23826,2060000,1200000
2022-04-06 14:29:35.627000,1.23829,1.23825,1440000,1200000
2022-04-06 14:29:36.165000,1.2383,1.23826,1670000,1200000
2022-04-06 14:29:36.217000,1.23832,1.23828,1440000,1500000
2022-04-06 14:29:38.076000,1.23832,1.23829,1200000,1200000
2022-04-06 14:29:38.178000,1.23834,1.2383,1200000,1200000
2022-04-06 14:29:38.331000,1.23833,1.23828,1440000,1200000
2022-04-06 14:29:38.433000,1.23832,1.23828,1440000,1200000
2022-04-06 14:29:39.238000,1.23832,1.23828,1920000,1200000
2022-04-06 14:29:39.289000,1.2383,1.23826,1880000,1200000
2022-04-06 14:29:39.392000,1.2383,1.23827,1200000,1200000
2022-04-06 14:29:39.595000,1.23833,1.23827,1440000,1200000
2022-04-06 14:29:40.425000,1.23834,1.2383,1200000,2700000
2022-04-06 14:29:40.527000,1.23838,1.23834,3240000,1200000
2022-04-06 14:29:41.523000,1.23835,1.23831,1670000,1800000
2022-04-06 14:29:41.625000,1.23833,1.23829,1440000,1200000
2022-04-06 14:29:41.727000,1.23831,1.23828,1200000,1200000
2022-04-06 14:29:42.320000,1.23835,1.23832,3140000,1500000
2022-04-06 14:29:42.422000,1.23837,1.23834,1440000,1200000
2022-04-06 14:29:42.524000,1.23837,1.23833,1920000,1200000
2022-04-06 14:29:43.443000,1.23837,1.23833,1440000,1200000
2022-04-06 14:29:44.583000,1.23838,1.23834,2340000,1200000
2022-04-06 14:29:44.635000,1.23835,1.23832,2040000,1200000
2022-04-06 14:29:44.737000,1.23835,1.23831,1880000,1200000
2022-04-06 14:29:44.839000,1.23835,1.23831,3080000,1200000
2022-04-06 14:29:44.941000,1.23834,1.2383,1670000,1200000
2022-04-06 14:29:45.458000,1.23834,1.23828,2640000,1200000
2022-04-06 14:29:45.560000,1.23833,1.23829,1440000,1200000
2022-04-06 14:29:46.425000,1.23832,1.23828,1200000,1200000
2022-04-06 14:29:47.070000,1.23833,1.23829,1200000,1200000
2022-04-06 14:29:47.356000,1.23832,1.23828,1200000,1200000
2022-04-06 14:29:49.190000,1.23833,1.23829,2340000,1200000
2022-04-06 14:29:49.342000,1.23833,1.23828,1200000,1200000
2022-04-06 14:29:50.415000,1.23832,1.23828,1440000,1200000
2022-04-06 14:29:50.517000,1.23832,1.23827,1440000,1200000
2022-04-06 14:29:54.316000,1.23833,1.2383,1200000,1200000
2022-04-06 14:29:54.794000,1.23834,1.23831,1200000,1200000
2022-04-06 14:29:54.846000,1.23832,1.23828,1200000,1200000
2022-04-06 14:29:54.998000,1.23833,1.23829,1200000,1200000
2022-04-06 14:29:55.100000,1.23832,1.23828,1500000,1800000
2022-04-06 14:29:55.304000,1.23833,1.23829,1440000,1200000
2022-04-06 14:29:55.355000,1.23835,1.23831,1920000,1200000
2022-04-06 14:29:55.457000,1.23836,1.23832,1200000,1200000
2022-04-06 14:29:55.661000,1.23834,1.23831,1670000,1800000
2022-04-06 14:29:55.763000,1.23833,1.23829,1670000,1800000
2022-04-06 14:29:55.916000,1.23834,1.23831,1670000,1200000
2022-04-06 14:29:56.018000,1.23834,1.23831,2100000,1200000
2022-04-06 14:29:56.698000,1.23834,1.2383,2100000,1200000
2022-04-06 14:29:57.487000,1.23834,1.23831,1500000,1200000
2022-04-06 14:29:57.538000,1.23835,1.23832,1200000,1200000
2022-04-06 14:29:58.131000,1.23838,1.23832,1200000,1200000
2022-04-06 14:29:58.232000,1.23838,1.23834,1200000,1200000
2022-04-06 14:29:58.627000,1.23838,1.23834,2540000,1200000
2022-04-06 14:29:58.780000,1.23833,1.23829,2240000,1200000
2022-04-06 14:29:58.882000,1.23832,1.23828,2470000,1200000
2022-04-06 14:29:59.478000,1.23832,1.23828,2540000,1200000
2022-04-06 14:29:59.580000,1.23832,1.23828,1500000,1200000
2022-04-06 14:29:59.937000,1.23831,1.23827,1340000,1200000
2022-04-06 14:30:00.039000,1.23826,1.23823,1200000,1200000
2022-04-06 14:30:00.091000,1.23824,1.2382,1200000,2240000
2022-04-06 14:30:00.345000,1.23823,1.2382,1200000,1200000
2022-04-06 14:30:00.858000,1.23824,1.2382,1200000,1200000
2022-04-06 14:30:01.517000,1.23825,1.23821,1200000,1200000
2022-04-06 14:30:01.890000,1.23824,1.2382,1340000,1200000
2022-04-06 14:30:02.346000,1.23823,1.23819,1340000,1200000
2022-04-06 14:30:03.056000,1.23824,1.2382,3140000,1200000
2022-04-06 14:30:03.158000,1.23825,1.23821,1200000,1200000
2022-04-06 14:30:03.361000,1.23827,1.23824,1800000,1200000
2022-04-06 14:30:03.514000,1.23828,1.23824,1200000,1200000
2022-04-06 14:30:03.616000,1.23826,1.2382,1200000,1200000
2022-04-06 14:30:03.896000,1.23826,1.23822,2700000,1200000
2022-04-06 14:30:04.202000,1.23825,1.23821,1200000,1200000
2022-04-06 14:30:04.304000,1.23825,1.23819,1340000,1200000
2022-04-06 14:30:04.967000,1.23824,1.23822,1200000,1200000
2022-04-06 14:30:05.068000,1.23826,1.23822,1200000,1200000
2022-04-06 14:30:05.221000,1.23825,1.23821,1200000,1200000
2022-04-06 14:30:05.272000,1.23827,1.23824,2700000,1200000
2022-04-06 14:30:05.374000,1.23827,1.23823,1200000,1200000
2022-04-06 14:30:05.780000,1.23824,1.2382,1340000,1800000
2022-04-06 14:30:05.882000,1.23822,1.23818,1200000,1200000
2022-04-06 14:30:06.490000,1.23824,1.2382,1800000,1200000
2022-04-06 14:30:06.592000,1.23826,1.23824,1200000,1200000
2022-04-06 14:30:06.646000,1.23828,1.23824,1340000,1200000
2022-04-06 14:30:07.478000,1.23828,1.23825,1740000,1200000
2022-04-06 14:30:07.530000,1.23826,1.23823,1320000,1200000
2022-04-06 14:30:07.632000,1.23824,1.2382,1670000,1340000
2022-04-06 14:30:09.648000,1.23825,1.23821,2060000,1200000
2022-04-06 14:30:09.750000,1.23825,1.23821,1880000,1200000
2022-04-06 14:30:10.339000,1.23827,1.23823,1440000,1200000
2022-04-06 14:30:11.587000,1.23829,1.23826,1320000,1200000
2022-04-06 14:30:11.689000,1.2383,1.23827,1200000,1200000
2022-04-06 14:30:12.320000,1.23833,1.23827,1200000,1340000
2022-04-06 14:30:12.952000,1.23831,1.23827,1320000,1200000
2022-04-06 14:30:13.545000,1.23833,1.23829,2590000,1200000
2022-04-06 14:30:14.077000,1.23834,1.23828,1500000,1200000
2022-04-06 14:30:20.184000,1.23835,1.23831,2240000,1200000
2022-04-06 14:30:20.286000,1.23837,1.23833,1200000,1200000
2022-04-06 14:30:20.387000,1.23838,1.23835,1200000,1200000
2022-04-06 14:30:20.489000,1.23839,1.23835,1440000,1200000
2022-04-06 14:30:20.591000,1.23837,1.23833,1500000,1200000
2022-04-06 14:30:21.193000,1.23838,1.23834,1800000,1200000
2022-04-06 14:30:21.525000,1.23839,1.23835,1440000,1200000
2022-04-06 14:30:21.678000,1.23839,1.23833,1320000,1200000
2022-04-06 14:30:23.265000,1.23839,1.23835,1200000,1500000
2022-04-06 14:30:23.367000,1.23843,1.23839,1340000,1200000
2022-04-06 14:30:23.621000,1.23841,1.23837,1200000,1940000
2022-04-06 14:30:23.673000,1.2384,1.23836,1200000,1880000
2022-04-06 14:30:23.978000,1.23842,1.23838,1200000,1200000
2022-04-06 14:30:24.081000,1.23845,1.23841,1200000,1200000
2022-04-06 14:30:25.701000,1.23844,1.23841,1200000,1200000
2022-04-06 14:30:27.275000,1.23845,1.23841,1800000,1500000
2022-04-06 14:30:27.377000,1.23849,1.23844,4090000,1200000
2022-04-06 14:30:27.530000,1.23849,1.23843,1200000,1200000
2022-04-06 14:30:28.346000,1.23849,1.23845,1200000,1200000
2022-04-06 14:30:28.448000,1.23849,1.23845,1500000,1200000
2022-04-06 14:30:30.097000,1.23848,1.23844,1500000,1200000
2022-04-06 14:30:30.306000,1.23848,1.23842,1570000,1200000
2022-04-06 14:30:31.058000,1.23849,1.23845,1340000,1200000
2022-04-06 14:30:31.999000,1.2385,1.23846,2030000,1200000
2022-04-06 14:30:32.697000,1.2385,1.23847,1200000,1210000
2022-04-06 14:30:32.748000,1.23855,1.23851,1200000,1880000
2022-04-06 14:30:32.850000,1.23856,1.23852,1200000,1440000
2022-04-06 14:30:33.454000,1.23858,1.23856,4580000,1500000
2022-04-06 14:30:33.505000,1.2386,1.23856,1570000,1200000
2022-04-06 14:30:33.607000,1.23859,1.23855,1570000,1200000
2022-04-06 14:30:33.709000,1.23857,1.23853,1500000,1200000
2022-04-06 14:30:33.811000,1.23857,1.23851,1340000,1200000
2022-04-06 14:30:34.129000,1.23854,1.23851,1200000,1200000
2022-04-06 14:30:34.283000,1.23856,1.23852,1200000,1200000
2022-04-06 14:30:35.350000,1.23855,1.23851,1200000,1440000
2022-04-06 14:30:36.259000,1.23857,1.23853,1200000,1200000
2022-04-06 14:30:36.361000,1.23856,1.23852,1200000,1200000
2022-04-06 14:30:37.247000,1.23857,1.23854,1800000,1200000
2022-04-06 14:30:37.349000,1.23858,1.23854,1200000,1200000
2022-04-06 14:30:37.839000,1.23858,1.23854,2330000,1200000
2022-04-06 14:30:37.890000,1.23855,1.23852,1200000,1200000
2022-04-06 14:30:37.992000,1.23855,1.23851,1200000,1200000
2022-04-06 14:30:40.685000,1.23855,1.23851,2540000,1200000
2022-04-06 14:30:40.888000,1.23851,1.23849,1200000,1200000
2022-04-06 14:30:44.023000,1.23854,1.2385,1500000,1200000
2022-04-06 14:30:46.750000,1.23855,1.2385,1200000,1200000
2022-04-06 14:30:46.852000,1.23854,1.2385,1200000,1320000
2022-04-06 14:30:47.210000,1.2385,1.23847,1200000,2400000
2022-04-06 14:30:47.262000,1.2385,1.23846,1200000,1200000
2022-04-06 14:30:47.566000,1.23849,1.23845,1200000,1440000
2022-04-06 14:30:47.769000,1.23848,1.23844,1200000,1440000
2022-04-06 14:30:47.871000,1.23848,1.23842,1200000,1440000
2022-04-06 14:30:47.973000,1.23845,1.23842,1200000,1200000
2022-04-06 14:30:48.075000,1.23846,1.23842,1200000,1200000
2022-04-06 14:30:48.441000,1.23848,1.23844,1200000,1200000
2022-04-06 14:30:49.485000,1.23847,1.23843,1200000,1200000
2022-04-06 14:30:50.461000,1.23852,1.23848,3140000,1200000
2022-04-06 14:30:50.563000,1.23853,1.23849,1500000,1200000
2022-04-06 14:30:50.666000,1.23852,1.23849,1200000,1200000
2022-04-06 14:30:50.768000,1.23853,1.23849,1200000,1200000
2022-04-06 14:30:51.022000,1.23854,1.2385,1200000,1200000
2022-04-06 14:30:51.124000,1.23854,1.23849,1500000,1200000
2022-04-06 14:30:51.276000,1.23853,1.23849,1500000,1200000
2022-04-06 14:30:51.378000,1.23854,1.23848,2540000,1200000
2022-04-06 14:30:51.480000,1.23853,1.23849,1200000,1200000
2022-04-06 14:30:51.582000,1.23853,1.23849,1500000,1200000
2022-04-06 14:30:53.530000,1.2385,1.23846,2100000,2700000
2022-04-06 14:30:53.632000,1.23848,1.23844,1570000,1200000
2022-04-06 14:30:53.734000,1.23849,1.23846,1200000,1200000
2022-04-06 14:30:53.836000,1.2385,1.23846,1340000,1200000
2022-04-06 14:30:54.242000,1.23847,1.23843,1200000,2780000
2022-04-06 14:30:55.212000,1.23848,1.23844,1200000,1200000
2022-04-06 14:30:57.344000,1.23849,1.23845,1440000,1200000
2022-04-06 14:30:58.651000,1.23848,1.23845,1200000,1200000
2022-04-06 14:30:59.307000,1.23849,1.23845,1200000,1200000
2022-04-06 14:30:59.409000,1.23853,1.23849,1500000,1200000
2022-04-06 14:31:00.897000,1.2385,1.23846,1200000,1880000
2022-04-06 14:31:00.999000,1.23849,1.23845,1200000,1440000
2022-04-06 14:31:01.865000,1.2385,1.23846,1340000,1200000
2022-04-06 14:31:02.259000,1.23853,1.23849,2840000,1200000
2022-04-06 14:31:02.361000,1.23853,1.23849,1200000,1200000
2022-04-06 14:31:03.301000,1.23854,1.2385,1640000,1200000
2022-04-06 14:31:03.647000,1.23854,1.2385,1570000,1200000
2022-04-06 14:31:04.649000,1.23854,1.23848,1570000,1200000
2022-04-06 14:31:06.867000,1.23854,1.23848,1640000,1200000
2022-04-06 14:31:06.969000,1.23849,1.23845,1200000,1320000
2022-04-06 14:31:07.071000,1.23849,1.23846,1200000,1200000
2022-04-06 14:31:07.122000,1.23853,1.23849,2170000,1200000
2022-04-06 14:31:07.224000,1.23853,1.23849,1500000,1200000
2022-04-06 14:31:08.960000,1.23852,1.23849,1200000,1200000
2022-04-06 14:31:09.062000,1.23853,1.23849,2030000,1200000
2022-04-06 14:31:10.995000,1.23853,1.2385,1200000,1500000
2022-04-06 14:31:20.318000,1.23854,1.23851,1200000,1200000
2022-04-06 14:31:22.155000,1.23854,1.2385,1200000,2110000
2022-04-06 14:31:22.671000,1.23855,1.23851,1500000,1200000
2022-04-06 14:31:23.139000,1.23854,1.2385,1200000,2110000
2022-04-06 14:31:28.651000,1.2385,1.23848,1800000,1340000
2022-04-06 14:31:28.754000,1.23851,1.23847,1800000,1200000
2022-04-06 14:31:33.383000,1.23854,1.23848,2840000,1200000
2022-04-06 14:31:33.500000,1.23853,1.23849,1200000,1200000
2022-04-06 14:31:35.152000,1.23854,1.2385,1200000,1500000
2022-04-06 14:31:38.781000,1.23854,1.2385,1200000,1800000
2022-04-06 14:31:38.976000,1.23854,1.2385,1200000,1200000
2022-04-06 14:31:42.412000,1.23855,1.2385,1200000,1200000
2022-04-06 14:31:42.514000,1.23855,1.23851,1200000,1200000
2022-04-06 14:31:44.562000,1.23854,1.23851,1200000,1200000
2022-04-06 14:31:45.763000,1.23855,1.23851,1200000,1440000
2022-04-06 14:31:46.017000,1.23855,1.23849,1200000,1880000
2022-04-06 14:31:46.495000,1.23854,1.23851,1200000,1200000
2022-04-06 14:31:51.525000,1.23855,1.23851,1200000,1200000
2022-04-06 14:31:53.358000,1.23854,1.23849,1340000,1200000
2022-04-06 14:31:54.226000,1.23854,1.23848,1200000,1440000
2022-04-06 14:31:56.559000,1.23853,1.2385,1200000,1200000
2022-04-06 14:31:56.661000,1.23851,1.23848,1200000,1200000
2022-04-06 14:31:57.198000,1.23851,1.23847,1200000,1200000
2022-04-06 14:32:00.492000,1.2385,1.23846,1340000,1800000
2022-04-06 14:32:00.594000,1.23848,1.23846,1200000,1200000
2022-04-06 14:32:00.949000,1.2385,1.23847,1200000,1200000
2022-04-06 14:32:01.051000,1.23851,1.23847,1200000,1200000
2022-04-06 14:32:02.632000,1.23852,1.23849,1200000,1200000
2022-04-06 14:32:02.784000,1.23851,1.23848,1200000,1200000
2022-04-06 14:32:03.364000,1.23849,1.23846,1200000,1200000
2022-04-06 14:32:03.821000,1.2385,1.23846,1200000,1800000
2022-04-06 14:32:04.544000,1.23849,1.23846,1200000,1200000
2022-04-06 14:32:05.255000,1.23848,1.23846,1200000,1200000
2022-04-06 14:32:07.310000,1.23848,1.23844,1200000,1200000
2022-04-06 14:32:08.474000,1.23845,1.23841,1200000,3190000
2022-04-06 14:32:08.576000,1.23845,1.23841,1200000,2570000
2022-04-06 14:32:08.683000,1.23845,1.23841,1200000,2750000
2022-04-06 14:32:09.054000,1.23845,1.23841,1200000,2570000
2022-04-06 14:32:12.660000,1.23846,1.23842,1200000,1670000
2022-04-06 14:32:12.762000,1.23851,1.23848,1800000,1200000
2022-04-06 14:32:12.864000,1.23853,1.2385,1200000,1440000
2022-04-06 14:32:13.017000,1.23855,1.23852,1940000,1200000
2022-04-06 14:32:13.119000,1.23855,1.23852,1200000,2340000
2022-04-06 14:32:13.271000,1.23856,1.23852,1200000,2340000
2022-04-06 14:32:13.523000,1.23859,1.23853,1440000,1200000
2022-04-06 14:32:14.116000,1.2386,1.23856,1200000,1440000
2022-04-06 14:32:14.218000,1.23862,1.23856,1200000,3540000
2022-04-06 14:32:14.320000,1.23862,1.23858,1200000,1670000
2022-04-06 14:32:14.787000,1.23863,1.2386,1320000,1200000
2022-04-06 14:32:14.955000,1.23865,1.2386,1320000,1200000
2022-04-06 14:32:15.057000,1.23865,1.23862,1200000,1200000
2022-04-06 14:32:15.362000,1.23863,1.23859,1200000,2780000
2022-04-06 14:32:15.464000,1.23862,1.23859,1200000,1200000
2022-04-06 14:32:15.617000,1.23863,1.23859,1320000,1200000
2022-04-06 14:32:15.719000,1.23862,1.23858,1200000,1200000
2022-04-06 14:32:17.601000,1.23866,1.23862,2940000,1200000
2022-04-06 14:32:17.703000,1.23864,1.2386,1200000,1500000
2022-04-06 14:32:17.754000,1.23862,1.23859,1200000,1800000
2022-04-06 14:32:17.957000,1.23862,1.23858,1200000,1200000
2022-04-06 14:32:20.386000,1.23861,1.23856,1500000,1200000
2022-04-06 14:32:20.488000,1.23861,1.23857,1440000,1200000
2022-04-06 14:32:20.770000,1.23861,1.23857,1740000,1200000
2022-04-06 14:32:22.035000,1.23858,1.23854,1200000,4940000
2022-04-06 14:32:22.137000,1.23859,1.23855,1440000,1200000
2022-04-06 14:32:22.239000,1.23858,1.23855,1200000,1200000
2022-04-06 14:32:22.956000,1.23856,1.2385,1200000,1940000
2022-04-06 14:32:23.171000,1.23856,1.23853,1200000,1200000
2022-04-06 14:32:23.274000,1.23858,1.23852,1200000,1320000
2022-04-06 14:32:24.404000,1.23855,1.23851,1670000,1800000
2022-04-06 14:32:24.506000,1.23854,1.2385,1440000,1200000
2022-04-06 14:32:24.759000,1.23854,1.2385,2520000,1200000
2022-04-06 14:32:25.772000,1.23854,1.23851,1200000,1200000
2022-04-06 14:32:25.926000,1.23852,1.23849,1200000,1200000
2022-04-06 14:32:26.130000,1.23853,1.2385,1200000,1200000
2022-04-06 14:32:26.911000,1.23854,1.2385,1440000,1200000
2022-04-06 14:32:27.322000,1.23855,1.23852,1200000,2110000
2022-04-06 14:32:27.424000,1.23857,1.23852,1200000,1200000
2022-04-06 14:32:27.755000,1.23855,1.23851,1500000,2340000
2022-04-06 14:32:27.857000,1.23854,1.23851,1200000,1200000
2022-04-06 14:32:28.010000,1.23854,1.2385,1200000,1670000
2022-04-06 14:32:28.315000,1.23853,1.2385,1440000,1200000
2022-04-06 14:32:30.756000,1.23855,1.23852,1200000,1200000
2022-04-06 14:32:30.858000,1.23856,1.23852,1440000,1200000
2022-04-06 14:32:31.420000,1.23856,1.23852,1200000,1460000
2022-04-06 14:32:31.523000,1.23857,1.23854,1200000,1200000
2022-04-06 14:32:31.625000,1.2386,1.23856,1440000,1200000
2022-04-06 14:32:31.777000,1.2386,1.23857,1500000,1320000
2022-04-06 14:32:32.539000,1.23863,1.23859,2340000,2100000
2022-04-06 14:32:32.590000,1.23865,1.23861,1200000,1200000
2022-04-06 14:32:32.692000,1.23865,1.23862,1200000,1200000
2022-04-06 14:32:32.916000,1.23864,1.2386,1200000,1440000
2022-04-06 14:32:32.967000,1.23862,1.23859,1200000,1200000
2022-04-06 14:32:33.762000,1.23862,1.23858,1440000,1200000
2022-04-06 14:32:35.225000,1.23862,1.23858,1920000,1200000
2022-04-06 14:32:39.662000,1.23862,1.23859,1440000,1200000
2022-04-06 14:32:40.614000,1.23862,1.23858,1440000,1200000
2022-04-06 14:32:42.142000,1.23865,1.23862,2480000,1200000
2022-04-06 14:32:42.193000,1.23867,1.23863,1440000,1200000
2022-04-06 14:32:42.745000,1.23868,1.23865,1440000,1200000
2022-04-06 14:32:43.826000,1.23871,1.23865,2340000,2640000
2022-04-06 14:32:43.928000,1.2387,1.23866,1800000,2110000
2022-04-06 14:32:44.030000,1.23869,1.23866,1200000,1200000
2022-04-06 14:32:44.133000,1.23869,1.23865,1440000,1200000
2022-04-06 14:32:46.439000,1.23874,1.23871,3380000,1200000
2022-04-06 14:32:46.542000,1.23874,1.23872,1200000,2480000
2022-04-06 14:32:46.593000,1.23875,1.23871,1670000,1500000
2022-04-06 14:32:46.695000,1.23874,1.2387,2340000,1200000
2022-04-06 14:32:47.828000,1.23874,1.23869,1200000,1200000
2022-04-06 14:32:48.095000,1.23874,1.23871,1200000,1200000
2022-04-06 14:32:48.197000,1.23875,1.23871,2340000,1200000
2022-04-06 14:32:48.299000,1.23874,1.2387,1500000,1320000
2022-04-06 14:32:48.401000,1.23873,1.2387,1200000,1200000
2022-04-06 14:32:48.719000,1.23874,1.2387,2340000,1200000
2022-04-06 14:32:50.360000,1.23873,1.2387,1200000,1200000
2022-04-06 14:32:53.064000,1.23874,1.23868,1440000,1200000
2022-04-06 14:32:53.166000,1.23872,1.23869,1200000,1200000
2022-04-06 14:32:53.537000,1.23873,1.23869,1440000,1200000
2022-04-06 14:32:53.892000,1.23873,1.2387,1200000,1200000
2022-04-06 14:32:58.376000,1.23873,1.23869,1200000,1320000
2022-04-06 14:32:58.477000,1.23874,1.23869,1200000,1200000
2022-04-06 14:33:00.296000,1.23869,1.23866,1200000,1940000
2022-04-06 14:33:00.347000,1.23868,1.23864,1200000,1340000
2022-04-06 14:33:03.869000,1.23867,1.23863,1440000,1340000
2022-04-06 14:33:05.177000,1.23867,1.23864,1200000,1200000
2022-04-06 14:33:07.068000,1.23868,1.23865,1200000,1500000
2022-04-06 14:33:08.924000,1.23867,1.23862,1200000,1800000
2022-04-06 14:33:09.076000,1.23867,1.23864,1200000,1200000
2022-04-06 14:33:10.077000,1.23868,1.23865,1440000,1200000
2022-04-06 14:33:13.393000,1.23869,1.23865,1440000,1200000
2022-04-06 14:33:14.723000,1.23868,1.23865,1200000,1200000
2022-04-06 14:33:18.169000,1.23868,1.23864,1440000,1200000
2022-04-06 14:33:20.209000,1.23867,1.23864,1440000,1200000
2022-04-06 14:33:24.679000,1.23867,1.23863,1200000,1570000
2022-04-06 14:33:26.418000,1.23867,1.23864,1200000,1200000
2022-04-06 14:33:30.500000,1.23867,1.23862,1200000,1200000
2022-04-06 14:33:30.602000,1.23866,1.23862,1440000,1200000
2022-04-06 14:33:31.193000,1.23864,1.23861,1200000,1340000
2022-04-06 14:33:31.447000,1.23865,1.23862,1200000,1200000
2022-04-06 14:33:31.934000,1.23867,1.23864,1440000,1200000
2022-04-06 14:33:32.391000,1.23866,1.23862,1200000,4640000
2022-04-06 14:33:32.493000,1.23866,1.23862,1440000,1340000
2022-04-06 14:33:33.741000,1.23868,1.23864,2780000,1200000
2022-04-06 14:33:37.020000,1.23868,1.23865,1440000,1200000
2022-04-06 14:33:37.122000,1.23869,1.23866,1200000,1200000
2022-04-06 14:33:37.225000,1.23868,1.23865,1200000,1340000
2022-04-06 14:33:37.430000,1.23868,1.23864,1440000,1800000
2022-04-06 14:33:38.357000,1.23867,1.23864,1440000,1800000
2022-04-06 14:33:38.893000,1.23868,1.23864,2570000,1200000
2022-04-06 14:33:39.097000,1.23867,1.23863,1200000,2340000
2022-04-06 14:33:39.198000,1.23867,1.23864,1200000,1200000
2022-04-06 14:33:43.798000,1.23866,1.23863,2340000,1200000
2022-04-06 14:33:43.900000,1.23865,1.23862,1200000,1200000
2022-04-06 14:33:44.316000,1.23862,1.23859,1200000,1500000
2022-04-06 14:33:44.367000,1.2386,1.23857,1200000,1200000
2022-04-06 14:33:44.418000,1.23859,1.23855,1440000,2110000
2022-04-06 14:33:44.520000,1.23858,1.23855,1320000,1200000
2022-04-06 14:33:45.557000,1.23858,1.23854,1320000,1200000
2022-04-06 14:33:46.485000,1.23854,1.23852,1200000,2720000
2022-04-06 14:33:46.587000,1.23854,1.23849,1200000,1200000
2022-04-06 14:34:00.012000,1.2385,1.23847,1200000,2240000
2022-04-06 14:34:00.063000,1.23846,1.23843,3680000,1200000
2022-04-06 14:34:00.165000,1.23844,1.23841,1200000,1500000
2022-04-06 14:34:00.267000,1.23848,1.23844,2360000,1200000
2022-04-06 14:34:00.319000,1.23851,1.23847,1440000,1440000
2022-04-06 14:34:02.008000,1.23851,1.23848,1200000,1200000
2022-04-06 14:34:03.591000,1.23853,1.23849,1440000,1500000
2022-04-06 14:34:03.794000,1.23853,1.2385,1200000,1200000
2022-04-06 14:34:03.896000,1.23853,1.23849,1200000,1200000
2022-04-06 14:34:06.613000,1.23849,1.23846,1200000,2270000
2022-04-06 14:34:06.715000,1.23849,1.23846,1200000,1670000
2022-04-06 14:34:06.817000,1.23849,1.23843,1200000,1880000
2022-04-06 14:34:06.919000,1.23847,1.23844,1200000,1440000
2022-04-06 14:34:07.838000,1.23853,1.23847,2940000,1200000
2022-04-06 14:34:07.940000,1.23852,1.23848,1440000,1200000
2022-04-06 14:34:08.506000,1.23853,1.23849,1200000,1500000
2022-04-06 14:34:09.065000,1.23853,1.2385,1200000,1200000
2022-04-06 14:34:10.616000,1.23852,1.23849,1200000,1340000
2022-04-06 14:34:11.257000,1.23853,1.23849,1440000,1200000
2022-04-06 14:34:13.839000,1.23854,1.23849,1200000,1500000
2022-04-06 14:34:13.891000,1.23859,1.23853,2060000,1200000
2022-04-06 14:34:13.992000,1.23858,1.23854,1440000,1200000
2022-04-06 14:34:14.094000,1.23857,1.23854,1200000,1200000
2022-04-06 14:34:14.196000,1.23855,1.23851,1200000,1500000
2022-04-06 14:34:15.465000,1.23854,1.2385,1200000,1800000
2022-04-06 14:34:15.984000,1.23854,1.23851,1200000,1200000
2022-04-06 14:34:16.238000,1.23854,1.2385,1200000,1340000
2022-04-06 14:34:16.340000,1.23853,1.2385,1200000,1200000
2022-04-06 14:34:17.461000,1.23855,1.23851,1200000,2470000
2022-04-06 14:34:19.175000,1.23859,1.23857,1200000,1440000
2022-04-06 14:34:19.227000,1.23861,1.23858,2780000,1200000
2022-04-06 14:34:20.051000,1.23859,1.23856,1200000,1320000
2022-04-06 14:34:20.153000,1.23857,1.23853,1200000,1800000
2022-04-06 14:34:20.255000,1.23857,1.23854,1200000,1200000
2022-04-06 14:34:20.357000,1.23857,1.23853,1200000,1320000
2022-04-06 14:34:20.459000,1.23857,1.23854,1200000,1200000
2022-04-06 14:34:21.352000,1.23859,1.23857,1200000,1200000
2022-04-06 14:34:21.454000,1.23861,1.23857,1440000,1200000
2022-04-06 14:34:22.906000,1.23859,1.23856,1200000,1200000
2022-04-06 14:34:23.058000,1.2386,1.23856,1200000,1500000
2022-04-06 14:34:23.600000,1.23859,1.23856,1200000,1200000
2022-04-06 14:34:23.702000,1.2386,1.23854,1200000,1340000
2022-04-06 14:34:23.874000,1.23859,1.23856,1200000,1200000
2022-04-06 14:34:24.751000,1.23857,1.23854,1200000,1200000
2022-04-06 14:34:24.852000,1.23857,1.23853,1200000,1200000
2022-04-06 14:34:24.954000,1.23859,1.23855,1200000,1200000
2022-04-06 14:34:25.056000,1.2386,1.23857,1200000,1200000
2022-04-06 14:34:25.209000,1.23858,1.23855,1200000,1200000
2022-04-06 14:34:25.311000,1.23857,1.23853,1200000,1200000
2022-04-06 14:34:26.145000,1.23858,1.23855,1200000,1200000
2022-04-06 14:34:26.247000,1.23855,1.23849,1200000,2780000
2022-04-06 14:34:26.993000,1.23853,1.2385,1200000,1320000
2022-04-06 14:34:27.095000,1.23853,1.23849,1200000,1200000
2022-04-06 14:34:29.986000,1.23852,1.23848,1200000,1200000
2022-04-06 14:34:31.794000,1.23852,1.23849,1200000,2100000
2022-04-06 14:34:31.896000,1.23852,1.23849,1200000,1210000
2022-04-06 14:34:33.809000,1.23853,1.23848,1200000,1620000
2022-04-06 14:34:33.911000,1.23853,1.23849,1200000,1620000
2022-04-06 14:34:34.013000,1.23853,1.23849,1200000,1320000
2022-04-06 14:34:34.634000,1.23849,1.23847,1200000,1200000
2022-04-06 14:34:34.736000,1.2385,1.23846,1200000,1570000
2022-04-06 14:34:35.348000,1.2385,1.23847,1200000,1200000
2022-04-06 14:34:35.450000,1.23852,1.23849,1440000,1200000
2022-04-06 14:34:37.741000,1.2385,1.23847,1500000,1200000
2022-04-06 14:34:37.843000,1.2385,1.23846,1500000,1570000
2022-04-06 14:34:38.565000,1.23849,1.23845,1200000,2640000
2022-04-06 14:34:39.044000,1.23847,1.23844,1200000,5840000
2022-04-06 14:34:39.197000,1.23847,1.23843,1200000,1200000
2022-04-06 14:34:39.349000,1.23848,1.23844,1440000,1200000
2022-04-06 14:34:39.502000,1.23847,1.23843,1200000,1200000
2022-04-06 14:34:41.136000,1.23847,1.23842,1200000,1200000
2022-04-06 14:34:41.238000,1.23844,1.2384,1440000,1340000
2022-04-06 14:34:41.340000,1.23845,1.23841,1440000,1500000
2022-04-06 14:34:42.365000,1.23844,1.23841,1210000,1200000
2022-04-06 14:34:42.417000,1.23842,1.23838,2780000,1200000
2022-04-06 14:34:42.468000,1.23839,1.23836,1200000,1200000
2022-04-06 14:34:42.570000,1.23839,1.23835,1200000,1200000
2022-04-06 14:34:42.874000,1.2384,1.23836,1200000,1500000
2022-04-06 14:34:43.778000,1.23844,1.23839,2700000,1200000
2022-04-06 14:34:43.880000,1.23844,1.23841,1200000,1500000
2022-04-06 14:34:43.981000,1.23846,1.23842,1440000,1200000
2022-04-06 14:34:45.118000,1.23846,1.23843,1200000,1200000
2022-04-06 14:34:45.169000,1.23849,1.23846,1800000,1340000
2022-04-06 14:34:45.524000,1.2385,1.23847,1570000,1200000
2022-04-06 14:34:45.626000,1.23851,1.23847,1500000,1920000
2022-04-06 14:34:45.931000,1.23852,1.23849,1440000,1200000
2022-04-06 14:34:46.033000,1.23853,1.23849,1440000,2110000
2022-04-06 14:34:46.136000,1.23852,1.23849,1200000,1320000
2022-04-06 14:34:46.250000,1.23854,1.23848,1440000,1210000
2022-04-06 14:34:46.816000,1.23851,1.23848,1200000,1200000
2022-04-06 14:34:47.283000,1.2385,1.23846,4160000,1200000
2022-04-06 14:34:47.385000,1.23848,1.23845,1200000,1200000
2022-04-06 14:34:48.349000,1.23851,1.23847,3860000,1200000
2022-04-06 14:34:48.400000,1.23849,1.23845,1880000,1200000
2022-04-06 14:34:48.502000,1.23846,1.23842,1200000,1340000
2022-04-06 14:34:48.756000,1.23846,1.23841,1200000,1200000
2022-04-06 14:34:49.581000,1.23846,1.23842,1440000,2100000
2022-04-06 14:34:49.682000,1.23847,1.23843,1440000,1500000
2022-04-06 14:34:49.784000,1.23846,1.23843,1200000,1500000
2022-04-06 14:34:50.047000,1.23847,1.23843,1440000,1500000
2022-04-06 14:34:50.454000,1.23847,1.23844,1200000,1500000
2022-04-06 14:34:50.556000,1.23848,1.23845,1200000,1200000
2022-04-06 14:34:50.659000,1.23848,1.23844,1200000,1500000
2022-04-06 14:34:50.963000,1.23847,1.23844,1200000,1500000
2022-04-06 14:34:51.116000,1.23847,1.23843,1440000,1200000
2022-04-06 14:34:51.217000,1.23846,1.23842,1200000,1570000
2022-04-06 14:34:51.580000,1.23846,1.23843,1200000,1200000
2022-04-06 14:34:51.935000,1.23846,1.23842,1440000,1200000
2022-04-06 14:34:52.151000,1.23847,1.23843,1440000,1500000
2022-04-06 14:34:52.253000,1.23846,1.23843,1200000,1200000
2022-04-06 14:34:52.558000,1.23848,1.23845,1440000,1800000
2022-04-06 14:34:52.660000,1.23852,1.23848,1200000,1200000
2022-04-06 14:34:52.762000,1.23851,1.23847,1440000,1800000
2022-04-06 14:34:52.864000,1.23851,1.23847,1820000,1200000
2022-04-06 14:34:53.118000,1.23851,1.23847,1440000,1200000
2022-04-06 14:34:53.473000,1.23849,1.23846,1200000,1200000
2022-04-06 14:34:53.980000,1.23849,1.23845,1440000,1200000
2022-04-06 14:34:54.083000,1.2385,1.23846,1440000,1200000
2022-04-06 14:34:55.215000,1.2385,1.23847,1200000,1200000
2022-04-06 14:34:57.445000,1.23849,1.23846,1200000,1200000
2022-04-06 14:34:57.547000,1.23849,1.23844,1200000,1200000
2022-04-06 14:34:57.896000,1.23849,1.23845,1440000,1200000
2022-04-06 14:34:59.516000,1.23848,1.23842,2110000,1200000
2022-04-06 14:34:59.618000,1.23848,1.23842,2060000,1200000
2022-04-06 14:35:00.252000,1.23847,1.23843,1440000,1200000
2022-04-06 14:35:00.354000,1.2385,1.23846,1200000,1200000
2022-04-06 14:35:00.456000,1.23846,1.23844,1200000,1200000
2022-04-06 14:35:00.507000,1.23846,1.23842,1200000,1320000
2022-04-06 14:35:00.660000,1.23845,1.23842,1200000,1200000
2022-04-06 14:35:00.762000,1.23844,1.2384,1880000,1200000
2022-04-06 14:35:01.946000,1.23844,1.23841,1440000,1200000
2022-04-06 14:35:03.280000,1.23845,1.23841,1440000,1500000
2022-04-06 14:35:03.534000,1.23846,1.23842,1440000,1500000
2022-04-06 14:35:03.737000,1.23846,1.23843,1440000,1200000
2022-04-06 14:35:03.892000,1.23849,1.23845,1340000,2570000
2022-04-06 14:35:04.044000,1.2385,1.23847,2040000,1200000
2022-04-06 14:35:04.146000,1.23849,1.23845,1200000,1440000
2022-04-06 14:35:04.350000,1.23846,1.23844,1200000,1800000
2022-04-06 14:35:04.452000,1.23846,1.23843,1200000,1200000
2022-04-06 14:35:05.432000,1.23848,1.23845,1200000,1200000
2022-04-06 14:35:05.534000,1.23849,1.23845,2340000,1200000
2022-04-06 14:35:05.809000,1.23846,1.23843,1200000,1200000
2022-04-06 14:35:06.704000,1.23845,1.23842,1500000,1200000
2022-04-06 14:35:07.367000,1.23843,1.2384,1670000,2240000
2022-04-06 14:35:07.840000,1.23844,1.2384,1440000,1880000
2022-04-06 14:35:07.942000,1.23845,1.23841,1440000,1200000
2022-04-06 14:35:08.498000,1.23845,1.23842,1440000,1200000
2022-04-06 14:35:08.600000,1.23846,1.23843,1200000,1200000
2022-04-06 14:35:08.702000,1.23847,1.23844,1200000,1200000
2022-04-06 14:35:08.855000,1.23849,1.23846,2110000,1200000
2022-04-06 14:35:09.008000,1.23849,1.23845,1500000,1440000
2022-04-06 14:35:09.160000,1.23849,1.23844,1200000,1200000
2022-04-06 14:35:09.287000,1.23849,1.23845,1670000,1200000
2022-04-06 14:35:09.783000,1.23848,1.23845,1200000,1200000
2022-04-06 14:35:10.138000,1.2385,1.23847,1800000,2030000
2022-04-06 14:35:10.342000,1.2385,1.23848,1200000,1800000
2022-04-06 14:35:10.444000,1.23851,1.23849,1340000,2030000
2022-04-06 14:35:10.495000,1.23853,1.2385,1200000,1800000
2022-04-06 14:35:10.952000,1.23851,1.23848,1200000,2340000
2022-04-06 14:35:11.054000,1.23853,1.2385,1200000,1200000
2022-04-06 14:35:11.511000,1.2385,1.23847,1200000,2700000
2022-04-06 14:35:11.613000,1.23851,1.23847,1200000,1320000
2022-04-06 14:35:11.715000,1.23851,1.23849,1200000,1320000
2022-04-06 14:35:12.576000,1.23851,1.23847,1200000,1200000
2022-04-06 14:35:13.651000,1.2385,1.23848,1200000,2360000
2022-04-06 14:35:14.550000,1.23853,1.2385,1200000,1880000
2022-04-06 14:35:15.159000,1.2385,1.23849,1200000,1200000
2022-04-06 14:35:15.312000,1.23853,1.2385,1200000,1200000
2022-04-06 14:35:16.326000,1.23856,1.23853,2700000,1200000
2022-04-06 14:35:16.580000,1.23856,1.23852,1200000,1200000
2022-04-06 14:35:16.890000,1.23856,1.23853,1200000,1200000
2022-04-06 14:35:17.410000,1.23857,1.23854,1670000,1200000
2022-04-06 14:35:17.573000,1.23858,1.23854,2110000,1200000
2022-04-06 14:35:17.837000,1.23859,1.23856,1200000,1200000
2022-04-06 14:35:19.055000,1.23864,1.23858,2040000,2700000
2022-04-06 14:35:19.106000,1.23864,1.2386,2340000,1200000
2022-04-06 14:35:19.259000,1.23863,1.2386,1200000,1200000
2022-04-06 14:35:19.746000,1.23864,1.2386,1440000,1200000
2022-04-06 14:35:19.848000,1.23864,1.23861,1200000,1200000
2022-04-06 14:35:21.451000,1.23866,1.23862,2340000,1200000
2022-04-06 14:35:21.571000,1.23867,1.23863,2060000,1200000
2022-04-06 14:35:21.954000,1.23869,1.23865,5220000,1200000
2022-04-06 14:35:22.057000,1.2387,1.23866,3190000,1200000
2022-04-06 14:35:22.260000,1.23868,1.23865,1440000,1200000
2022-04-06 14:35:22.486000,1.23867,1.23863,1440000,1200000
2022-04-06 14:35:23.054000,1.23868,1.23864,1440000,1200000
2022-04-06 14:35:23.167000,1.23867,1.23863,1200000,1440000
2022-04-06 14:35:23.909000,1.23867,1.23864,1440000,1200000
2022-04-06 14:35:25.358000,1.23867,1.23863,2340000,1200000
2022-04-06 14:35:25.896000,1.23864,1.2386,1340000,1800000
2022-04-06 14:35:25.998000,1.23864,1.2386,1880000,1200000
2022-04-06 14:35:26.100000,1.23863,1.2386,1200000,1200000
2022-04-06 14:35:26.404000,1.23862,1.23858,1440000,1200000
2022-04-06 14:35:26.506000,1.23862,1.23857,1200000,1200000
2022-04-06 14:35:27.442000,1.23864,1.23861,1800000,1200000
2022-04-06 14:35:27.544000,1.23864,1.2386,1200000,1200000
2022-04-06 14:35:27.697000,1.23862,1.23859,1200000,1200000
2022-04-06 14:35:27.799000,1.23864,1.2386,1200000,1200000
2022-04-06 14:35:27.901000,1.23864,1.23861,1200000,1200000
2022-04-06 14:35:28.732000,1.23862,1.23859,1200000,1200000
2022-04-06 14:35:28.833000,1.23862,1.23858,1200000,2240000
2022-04-06 14:35:29.478000,1.23861,1.23858,1200000,1200000
2022-04-06 14:35:29.821000,1.23862,1.2386,1200000,2030000
2022-04-06 14:35:29.872000,1.23864,1.23861,1800000,1200000
2022-04-06 14:35:30.178000,1.23866,1.23864,1200000,1200000
2022-04-06 14:35:30.280000,1.23867,1.23864,1200000,1500000
2022-04-06 14:35:30.534000,1.23868,1.23865,1800000,1500000
2022-04-06 14:35:31.106000,1.23867,1.23864,1200000,1200000
2022-04-06 14:35:31.917000,1.23865,1.23862,1200000,1200000
2022-04-06 14:35:32.019000,1.23864,1.23861,1200000,1200000
2022-04-06 14:35:32.172000,1.23867,1.23863,2520000,1200000
2022-04-06 14:35:33.184000,1.23867,1.23864,1440000,1500000
2022-04-06 14:35:33.287000,1.23866,1.23863,1200000,1200000
2022-04-06 14:35:33.389000,1.23867,1.23864,1440000,1200000
2022-04-06 14:35:33.643000,1.23868,1.23864,2340000,1210000
2022-04-06 14:35:33.745000,1.23868,1.23864,1800000,1460000
2022-04-06 14:35:34.100000,1.23868,1.23866,1200000,1200000
2022-04-06 14:35:34.736000,1.23868,1.23867,1200000,1200000
2022-04-06 14:35:36.116000,1.23869,1.23865,1200000,1200000
2022-04-06 14:35:36.218000,1.23868,1.23864,1800000,1340000
2022-04-06 14:35:39.182000,1.23868,1.23865,1800000,2340000
2022-04-06 14:35:39.907000,1.23868,1.23864,1800000,2340000
2022-04-06 14:35:40.366000,1.23868,1.23865,1200000,1200000
2022-04-06 14:35:40.842000,1.23871,1.23868,1200000,1200000
2022-04-06 14:35:41.045000,1.23872,1.23869,5940000,1200000
2022-04-06 14:35:41.565000,1.23872,1.23868,5940000,1200000
2022-04-06 14:35:42.238000,1.23872,1.23868,1200000,1460000
2022-04-06 14:35:42.391000,1.23873,1.2387,1200000,1670000
2022-04-06 14:35:42.976000,1.23874,1.23871,1200000,1200000
2022-04-06 14:35:44.902000,1.23873,1.2387,6170000,1200000
2022-04-06 14:35:46.016000,1.23874,1.2387,1200000,4370000
2022-04-06 14:35:46.270000,1.23873,1.23869,1200000,1800000
2022-04-06 14:35:46.372000,1.23871,1.23868,1200000,1920000
2022-04-06 14:35:46.474000,1.23869,1.23866,1200000,1200000
2022-04-06 14:35:46.575000,1.23868,1.23866,1200000,1200000
2022-04-06 14:35:48.244000,1.23868,1.23865,1800000,1440000
2022-04-06 14:35:48.701000,1.23871,1.23868,1200000,1500000
2022-04-06 14:35:48.803000,1.23873,1.2387,5940000,1200000
2022-04-06 14:35:48.956000,1.23872,1.23869,1500000,1200000
2022-04-06 14:35:49.058000,1.23871,1.23868,1200000,1320000
2022-04-06 14:35:49.381000,1.23872,1.23869,1200000,1200000
2022-04-06 14:35:50.044000,1.23871,1.23867,1200000,1340000
2022-04-06 14:35:50.146000,1.2387,1.23866,1200000,2030000
2022-04-06 14:35:50.654000,1.23869,1.23865,1500000,1200000
2022-04-06 14:35:50.756000,1.23869,1.23866,1200000,1200000
2022-04-06 14:35:51.597000,1.23871,1.23868,1200000,1500000
2022-04-06 14:35:51.699000,1.23872,1.23869,1200000,1200000
2022-04-06 14:35:53.110000,1.23873,1.23867,1200000,2340000
2022-04-06 14:35:54.375000,1.23868,1.23866,1200000,1200000
2022-04-06 14:35:54.426000,1.23868,1.23865,1200000,1200000
2022-04-06 14:36:00.155000,1.23869,1.23865,1200000,1320000
2022-04-06 14:36:00.742000,1.23869,1.23866,1200000,1200000
2022-04-06 14:36:00.793000,1.23872,1.23869,1200000,5340000
2022-04-06 14:36:00.844000,1.23875,1.23872,1440000,1200000
2022-04-06 14:36:01.251000,1.23876,1.23874,1200000,1200000
2022-04-06 14:36:01.303000,1.23878,1.23875,1800000,1200000
2022-04-06 14:36:01.455000,1.23878,1.23874,1200000,1880000
2022-04-06 14:36:01.557000,1.23876,1.23873,1200000,1920000
2022-04-06 14:36:01.659000,1.23876,1.23873,1200000,1200000
2022-04-06 14:36:01.761000,1.23875,1.23872,1200000,1440000
2022-04-06 14:36:01.863000,1.23873,1.2387,1200000,1200000
2022-04-06 14:36:01.965000,1.23873,1.23869,1200000,1880000
2022-04-06 14:36:02.335000,1.23874,1.2387,1800000,1320000
2022-04-06 14:36:02.437000,1.23875,1.2387,1200000,1200000
2022-04-06 14:36:03.319000,1.23875,1.23869,1200000,1320000
2022-04-06 14:36:03.421000,1.23874,1.2387,1200000,1920000
2022-04-06 14:36:03.523000,1.23875,1.23872,1800000,1200000
2022-04-06 14:36:03.676000,1.23876,1.23872,1200000,1440000
2022-04-06 14:36:04.407000,1.23873,1.2387,1200000,1880000
2022-04-06 14:36:04.620000,1.23876,1.2387,1800000,1320000
2022-04-06 14:36:06.390000,1.23874,1.2387,1200000,1440000
2022-04-06 14:36:07.447000,1.23875,1.23872,1800000,3540000
2022-04-06 14:36:07.549000,1.23875,1.23872,1200000,1880000
2022-04-06 14:36:07.702000,1.23874,1.23871,1200000,1440000
2022-04-06 14:36:09.407000,1.23874,1.2387,1200000,1440000
2022-04-06 14:36:09.508000,1.23871,1.23868,1200000,1440000
2022-04-06 14:36:09.814000,1.2387,1.23867,1200000,1200000
2022-04-06 14:36:10.277000,1.23869,1.23865,1200000,2520000
2022-04-06 14:36:10.865000,1.2387,1.23867,1200000,1200000
2022-04-06 14:36:11.383000,1.23868,1.23864,1200000,2480000
2022-04-06 14:36:11.485000,1.23868,1.23864,1200000,1440000
2022-04-06 14:36:11.587000,1.23865,1.23862,1200000,2700000
2022-04-06 14:36:11.689000,1.23865,1.23861,2340000,1200000
2022-04-06 14:36:11.791000,1.23864,1.2386,1200000,1440000
2022-04-06 14:36:11.893000,1.23863,1.2386,1200000,1440000
2022-04-06 14:36:12.462000,1.23861,1.23858,1200000,1440000
2022-04-06 14:36:12.897000,1.2386,1.23857,1200000,1320000
2022-04-06 14:36:14.246000,1.23859,1.23856,1200000,1200000
2022-04-06 14:36:14.348000,1.23861,1.23857,1800000,1440000
2022-04-06 14:36:14.450000,1.2386,1.23857,1200000,1440000
2022-04-06 14:36:14.966000,1.23862,1.23858,1200000,1440000
2022-04-06 14:36:15.118000,1.23863,1.23861,1200000,1200000
2022-04-06 14:36:15.220000,1.23864,1.23861,1200000,1440000
2022-04-06 14:36:15.784000,1.23864,1.2386,1200000,1440000
2022-04-06 14:36:16.769000,1.23866,1.23862,1880000,1200000
2022-04-06 14:36:16.871000,1.23867,1.23864,1200000,1200000
2022-04-06 14:36:19.996000,1.23868,1.23864,1800000,1670000
2022-04-06 14:36:20.471000,1.23867,1.23864,1200000,1200000
2022-04-06 14:36:25.729000,1.23868,1.23864,2340000,1200000
2022-04-06 14:36:26.135000,1.23867,1.23864,1200000,1200000
2022-04-06 14:36:28.854000,1.23869,1.23864,2340000,1200000
2022-04-06 14:36:30.493000,1.23869,1.23866,2570000,1200000
2022-04-06 14:36:31.065000,1.23869,1.23865,2570000,1200000
2022-04-06 14:36:31.478000,1.23868,1.23864,1440000,1200000
2022-04-06 14:36:31.782000,1.23867,1.23864,1200000,1200000
2022-04-06 14:36:32.364000,1.23868,1.23864,2780000,1200000
2022-04-06 14:36:32.820000,1.23867,1.23864,1200000,1200000
2022-04-06 14:36:33.792000,1.23869,1.23863,2240000,1440000
2022-04-06 14:36:33.944000,1.23868,1.23865,1800000,1200000
2022-04-06 14:36:34.383000,1.23868,1.23864,2030000,1880000
2022-04-06 14:36:34.485000,1.23867,1.23864,1200000,1200000
2022-04-06 14:36:34.736000,1.23868,1.23864,2340000,1200000
2022-04-06 14:36:34.837000,1.23868,1.23865,1800000,1200000
2022-04-06 14:36:37.059000,1.23867,1.23864,1200000,1440000
2022-04-06 14:36:37.377000,1.23869,1.23863,1800000,1440000
2022-04-06 14:36:38.060000,1.23868,1.23865,2340000,1200000
2022-04-06 14:36:41.354000,1.23867,1.23864,1200000,1200000
2022-04-06 14:36:42.111000,1.23869,1.23863,2340000,1200000
2022-04-06 14:36:46.091000,1.23868,1.23865,1200000,1340000
2022-04-06 14:36:46.193000,1.23869,1.23865,1670000,1340000
2022-04-06 14:36:46.437000,1.23873,1.23871,1200000,1210000
2022-04-06 14:36:46.539000,1.23876,1.23872,2780000,1200000
2022-04-06 14:36:47.155000,1.23876,1.23872,1920000,1200000
2022-04-06 14:36:47.308000,1.23873,1.2387,1340000,2700000
2022-04-06 14:36:47.360000,1.23871,1.23867,1200000,1440000
2022-04-06 14:36:47.462000,1.23868,1.23865,1200000,1200000
2022-04-06 14:36:48.030000,1.23867,1.23864,1200000,1200000
2022-04-06 14:36:48.854000,1.23868,1.23865,2780000,1200000
2022-04-06 14:36:49.219000,1.23867,1.23864,1200000,1200000
2022-04-06 14:36:50.447000,1.23867,1.23863,2030000,1200000
2022-04-06 14:36:50.549000,1.23863,1.2386,1200000,1200000
2022-04-06 14:36:50.651000,1.23865,1.23863,1200000,1320000
2022-04-06 14:36:50.702000,1.23867,1.23864,1800000,1200000
2022-04-06 14:36:54.981000,1.23865,1.23862,1200000,1200000
2022-04-06 14:36:55.236000,1.23866,1.23863,1440000,1200000
2022-04-06 14:36:56.237000,1.23867,1.23863,2340000,1620000
2022-04-06 14:36:56.339000,1.23867,1.23863,1200000,1440000
2022-04-06 14:36:57.646000,1.23868,1.23864,2340000,1200000
2022-04-06 14:36:58.585000,1.23871,1.23865,2340000,1500000
2022-04-06 14:36:58.687000,1.23872,1.23869,1440000,1200000
2022-04-06 14:36:59.141000,1.23872,1.23868,1440000,1320000
2022-04-06 14:36:59.656000,1.23871,1.23868,1200000,1320000
2022-04-06 14:37:02.033000,1.23874,1.23871,1440000,1200000
2022-04-06 14:37:02.135000,1.23874,1.2387,2340000,1200000
2022-04-06 14:37:02.288000,1.23874,1.23871,1440000,1200000
2022-04-06 14:37:02.542000,1.23875,1.23872,1440000,1200000
2022-04-06 14:37:05.263000,1.23869,1.23867,2110000,1200000
2022-04-06 14:37:05.314000,1.23868,1.23864,1440000,3830000
2022-04-06 14:37:05.416000,1.23866,1.23861,1500000,1800000
2022-04-06 14:37:05.518000,1.23865,1.23863,1200000,1200000
2022-04-06 14:37:05.671000,1.23866,1.23863,1440000,1200000
2022-04-06 14:37:06.026000,1.23867,1.23864,1800000,1500000
2022-04-06 14:37:10.832000,1.23866,1.23862,1500000,3680000
2022-04-06 14:37:10.883000,1.23864,1.23862,1440000,1800000
2022-04-06 14:37:10.934000,1.23862,1.23858,1200000,1460000
2022-04-06 14:37:11.037000,1.23861,1.23858,1200000,1200000
2022-04-06 14:37:11.139000,1.23863,1.2386,1200000,1200000
2022-04-06 14:37:11.240000,1.23864,1.23861,1200000,1200000
2022-04-06 14:37:11.342000,1.23865,1.23861,1440000,1200000
2022-04-06 14:37:11.545000,1.23864,1.2386,1200000,1200000
2022-04-06 14:37:11.647000,1.23863,1.23858,1200000,1200000
2022-04-06 14:37:14.524000,1.23862,1.23858,1500000,1200000
2022-04-06 14:37:14.626000,1.23861,1.23857,1200000,1200000
2022-04-06 14:37:16.188000,1.23857,1.23855,2470000,1340000
2022-04-06 14:37:16.239000,1.23857,1.23853,2340000,1800000
2022-04-06 14:37:16.290000,1.23854,1.23852,1200000,1200000
2022-04-06 14:37:16.359000,1.23853,1.2385,1200000,1200000
2022-04-06 14:37:16.417000,1.23855,1.23852,1200000,1200000
2022-04-06 14:37:16.620000,1.23856,1.23853,1670000,1200000
2022-04-06 14:37:16.823000,1.23854,1.2385,1200000,1460000
2022-04-06 14:37:17.803000,1.23854,1.23848,1200000,1800000
2022-04-06 14:37:19.367000,1.23854,1.23851,1200000,1200000
2022-04-06 14:37:19.469000,1.23856,1.23852,1800000,1460000
2022-04-06 14:37:20.634000,1.23853,1.2385,1200000,1800000
2022-04-06 14:37:21.131000,1.23854,1.2385,1800000,2100000
2022-04-06 14:37:21.183000,1.23859,1.23855,2700000,3010000
2022-04-06 14:37:21.285000,1.2386,1.23856,1910000,1440000
2022-04-06 14:37:22.217000,1.23858,1.23853,1200000,1200000
2022-04-06 14:37:22.319000,1.23857,1.23853,2220000,1200000
2022-04-06 14:37:23.120000,1.23856,1.23853,1740000,1200000
2022-04-06 14:37:23.172000,1.23855,1.2385,1200000,1200000
2022-04-06 14:37:23.273000,1.23855,1.23851,2570000,1200000
2022-04-06 14:37:25.290000,1.23854,1.23851,1200000,1200000
2022-04-06 14:37:26.313000,1.23855,1.23852,2340000,1200000
2022-04-06 14:37:26.415000,1.23855,1.23853,1200000,1200000
2022-04-06 14:37:26.517000,1.23855,1.23852,1670000,1200000
2022-04-06 14:37:27.308000,1.23859,1.23855,3380000,1200000
2022-04-06 14:37:27.410000,1.23859,1.23856,1440000,1200000
2022-04-06 14:37:27.512000,1.23857,1.23854,1200000,1200000
2022-04-06 14:37:27.563000,1.23856,1.23852,1500000,1200000
2022-04-06 14:37:29.812000,1.23857,1.23855,1200000,1200000
2022-04-06 14:37:29.914000,1.23859,1.23856,4370000,1200000
2022-04-06 14:37:30.015000,1.23859,1.23855,1670000,1320000
2022-04-06 14:37:30.117000,1.23858,1.23855,1200000,1320000
2022-04-06 14:37:30.168000,1.23858,1.23855,3080000,1200000
2022-04-06 14:37:30.270000,1.23856,1.23853,1500000,1200000
2022-04-06 14:37:31.624000,1.23855,1.23852,1670000,1200000
2022-04-06 14:37:33.191000,1.23854,1.23851,1570000,1200000
2022-04-06 14:37:33.402000,1.23853,1.2385,1500000,1440000
2022-04-06 14:37:33.822000,1.23853,1.2385,1640000,1200000
2022-04-06 14:37:33.975000,1.23853,1.2385,1570000,1200000
2022-04-06 14:37:34.128000,1.23854,1.2385,2570000,1200000
2022-04-06 14:37:34.685000,1.23854,1.23851,1200000,1440000
2022-04-06 14:37:34.736000,1.23857,1.23855,1340000,1440000
2022-04-06 14:37:34.787000,1.2386,1.23857,1340000,1200000
2022-04-06 14:37:34.889000,1.23859,1.23856,1200000,1440000
2022-04-06 14:37:35.276000,1.2386,1.23857,1320000,1200000
2022-04-06 14:37:36.169000,1.23861,1.23858,1500000,1200000
2022-04-06 14:37:36.220000,1.23864,1.23862,1200000,1200000
2022-04-06 14:37:36.271000,1.23865,1.23862,1200000,1200000
2022-04-06 14:37:37.063000,1.23867,1.23864,1500000,1200000
2022-04-06 14:37:37.266000,1.23868,1.23865,1200000,1200000
2022-04-06 14:37:37.807000,1.23869,1.23865,1200000,1440000
2022-04-06 14:37:39.433000,1.23867,1.23863,1640000,2780000
2022-04-06 14:37:40.018000,1.23868,1.23863,1570000,1200000
2022-04-06 14:37:41.719000,1.2387,1.23867,1200000,1200000
2022-04-06 14:37:45.121000,1.23869,1.23866,1200000,1200000
2022-04-06 14:37:45.578000,1.23873,1.23868,1500000,1200000
2022-04-06 14:37:48.731000,1.23872,1.23869,1500000,1200000
2022-04-06 14:37:49.312000,1.23873,1.23868,1500000,1200000
2022-04-06 14:37:50.210000,1.23873,1.23869,1200000,1200000
2022-04-06 14:37:50.362000,1.23873,1.2387,1200000,1200000
2022-04-06 14:37:50.465000,1.23875,1.23872,1440000,1200000
2022-04-06 14:37:52.234000,1.23874,1.23871,2100000,1200000
2022-04-06 14:37:52.336000,1.23874,1.23871,1670000,1200000
2022-04-06 14:37:52.590000,1.23874,1.23871,2640000,1200000
2022-04-06 14:37:52.692000,1.23874,1.23871,1670000,1200000
2022-04-06 14:37:52.794000,1.2387,1.23867,1500000,1200000
2022-04-06 14:37:52.896000,1.23869,1.23866,1200000,1200000
2022-04-06 14:37:55.330000,1.23869,1.23865,1500000,1200000
2022-04-06 14:37:56.741000,1.23868,1.23864,1320000,1200000
2022-04-06 14:37:57.945000,1.23868,1.23865,1440000,1200000
2022-04-06 14:37:58.503000,1.23871,1.23869,1200000,1500000
2022-04-06 14:37:58.554000,1.23873,1.23868,1880000,1200000
2022-04-06 14:37:59.315000,1.23869,1.23866,1200000,1200000
2022-04-06 14:37:59.416000,1.23868,1.23865,1200000,1440000
2022-04-06 14:38:00.033000,1.23868,1.23865,1200000,2040000
2022-04-06 14:38:00.084000,1.23871,1.23867,2220000,1340000
2022-04-06 14:38:00.186000,1.23873,1.23868,1670000,1200000
2022-04-06 14:38:00.484000,1.2387,1.23867,1200000,1800000
2022-04-06 14:38:00.586000,1.23869,1.23866,1200000,2340000
2022-04-06 14:38:00.688000,1.23868,1.23864,1200000,1440000
2022-04-06 14:38:00.790000,1.23868,1.23865,1200000,1200000
2022-04-06 14:38:00.892000,1.23869,1.23865,1670000,1200000
2022-04-06 14:38:03.174000,1.23868,1.23865,3540000,1200000
2022-04-06 14:38:03.225000,1.23866,1.23863,1200000,1200000
2022-04-06 14:38:03.482000,1.23864,1.2386,1670000,6380000
2022-04-06 14:38:03.635000,1.23866,1.23861,5660000,1200000
2022-04-06 14:38:03.686000,1.23866,1.23864,4040000,1200000
2022-04-06 14:38:03.788000,1.23867,1.23864,1440000,1200000
2022-04-06 14:38:10.429000,1.23868,1.23865,1920000,1200000
2022-04-06 14:38:12.283000,1.23868,1.23864,1440000,1800000
2022-04-06 14:38:12.385000,1.23869,1.23864,1440000,1200000
2022-04-06 14:38:12.547000,1.23869,1.23866,1670000,1200000
2022-04-06 14:38:13.361000,1.23871,1.23868,1440000,1200000
2022-04-06 14:38:13.464000,1.23875,1.23871,2700000,1200000
2022-04-06 14:38:13.565000,1.23875,1.23872,1200000,1200000
2022-04-06 14:38:13.769000,1.23874,1.23871,1500000,1800000
2022-04-06 14:38:13.871000,1.23873,1.2387,1440000,1200000
2022-04-06 14:38:14.117000,1.23873,1.2387,2640000,1200000
2022-04-06 14:38:14.219000,1.23872,1.23869,1500000,1800000
2022-04-06 14:38:14.422000,1.23871,1.23868,1500000,1200000
2022-04-06 14:38:14.676000,1.23873,1.2387,3470000,1200000
2022-04-06 14:38:14.778000,1.23873,1.23869,1670000,1800000
2022-04-06 14:38:16.665000,1.23873,1.2387,1440000,1200000
2022-04-06 14:38:17.189000,1.23873,1.23869,1670000,1800000
2022-04-06 14:38:17.491000,1.23873,1.2387,1440000,1200000
2022-04-06 14:38:17.598000,1.23876,1.23871,1440000,1200000
2022-04-06 14:38:19.223000,1.23877,1.23872,1440000,1200000
2022-04-06 14:38:19.584000,1.23878,1.23874,1440000,3140000
2022-04-06 14:38:19.635000,1.23879,1.23876,1440000,1200000
2022-04-06 14:38:19.737000,1.23881,1.23878,1440000,1200000
2022-04-06 14:38:20.664000,1.2388,1.23877,1200000,1800000
2022-04-06 14:38:20.918000,1.23878,1.23875,2640000,1200000
2022-04-06 14:38:20.969000,1.23877,1.23873,2640000,1200000
2022-04-06 14:38:21.071000,1.23875,1.23873,1440000,1200000
2022-04-06 14:38:21.173000,1.23875,1.23872,1440000,1200000
2022-04-06 14:38:21.592000,1.23876,1.23873,1920000,1200000
2022-04-06 14:38:21.993000,1.23878,1.23875,1200000,1320000
2022-04-06 14:38:22.096000,1.2388,1.23877,1440000,1200000
2022-04-06 14:38:22.720000,1.2388,1.23876,1440000,2340000
2022-04-06 14:38:23.341000,1.2388,1.23877,1670000,1200000
2022-04-06 14:38:24.434000,1.23879,1.23876,1440000,1800000
2022-04-06 14:38:25.044000,1.23878,1.23875,1200000,1200000
2022-04-06 14:38:25.602000,1.23878,1.23873,1440000,1800000
2022-04-06 14:38:25.755000,1.23878,1.23875,1440000,1200000
2022-04-06 14:38:26.760000,1.2388,1.23876,2640000,1880000
2022-04-06 14:38:26.862000,1.2388,1.23876,1440000,1880000
2022-04-06 14:38:26.964000,1.23882,1.23876,2220000,1800000
2022-04-06 14:38:28.066000,1.23881,1.23877,1440000,2240000
2022-04-06 14:38:28.168000,1.23883,1.23879,2820000,1800000
2022-04-06 14:38:29.149000,1.23883,1.23879,2820000,1800000
2022-04-06 14:38:29.588000,1.23881,1.23878,1440000,1200000
2022-04-06 14:38:29.745000,1.23883,1.23878,1670000,1200000
2022-04-06 14:38:31.334000,1.23883,1.2388,1200000,1200000
2022-04-06 14:38:31.902000,1.23882,1.23879,1200000,1440000
2022-04-06 14:38:32.055000,1.23884,1.23878,1440000,3010000
2022-04-06 14:38:34.483000,1.23881,1.23878,1200000,1460000
2022-04-06 14:38:34.635000,1.23882,1.23879,1200000,1440000
2022-04-06 14:38:34.737000,1.23882,1.23879,1200000,4550000
2022-04-06 14:38:36.234000,1.23885,1.23881,1200000,2570000
2022-04-06 14:38:37.275000,1.23885,1.23881,1200000,2220000
2022-04-06 14:38:37.662000,1.23891,1.23885,2240000,1460000
2022-04-06 14:38:37.866000,1.23889,1.23885,1200000,2780000
2022-04-06 14:38:38.424000,1.23887,1.23884,1200000,1800000
2022-04-06 14:38:38.526000,1.23886,1.23883,1200000,1320000
2022-04-06 14:38:39.058000,1.23883,1.23881,1200000,1200000
2022-04-06 14:38:39.160000,1.23883,1.2388,1200000,1200000
2022-04-06 14:38:41.023000,1.23883,1.23879,1200000,1880000
2022-04-06 14:38:41.465000,1.23884,1.23881,1200000,1320000
2022-04-06 14:38:41.567000,1.23887,1.23884,1200000,1440000
2022-04-06 14:38:42.176000,1.23887,1.23883,1200000,1340000
2022-04-06 14:38:42.278000,1.23886,1.23882,1200000,2940000
2022-04-06 14:38:42.380000,1.23886,1.23882,1200000,3010000
2022-04-06 14:38:42.483000,1.23886,1.23883,1200000,1200000
2022-04-06 14:38:43.226000,1.23887,1.23883,1200000,1200000
2022-04-06 14:38:43.892000,1.23886,1.23883,1200000,1500000
2022-04-06 14:38:44.552000,1.23883,1.23881,1200000,1340000
2022-04-06 14:38:44.654000,1.23882,1.23879,1200000,1920000
2022-04-06 14:38:45.110000,1.23882,1.23879,1200000,1340000
2022-04-06 14:38:45.915000,1.23883,1.23879,1200000,1880000
2022-04-06 14:38:47.553000,1.23883,1.2388,1200000,2030000
2022-04-06 14:38:48.069000,1.23883,1.23879,1200000,1880000
2022-04-06 14:38:48.326000,1.23883,1.2388,1200000,1200000
2022-04-06 14:38:48.630000,1.23883,1.23879,1200000,1880000
2022-04-06 14:38:48.833000,1.23883,1.23879,1200000,1920000
2022-04-06 14:38:50.142000,1.23883,1.23879,1200000,1440000
2022-04-06 14:38:50.611000,1.23882,1.23878,1200000,2780000
2022-04-06 14:38:51.580000,1.23883,1.23879,1200000,3840000
2022-04-06 14:38:52.852000,1.23884,1.2388,1200000,1340000
2022-04-06 14:38:54.936000,1.23887,1.23881,1200000,1440000
2022-04-06 14:38:55.708000,1.23887,1.23884,1200000,1340000
2022-04-06 14:38:55.810000,1.23888,1.23884,1200000,1440000
2022-04-06 14:38:59.305000,1.23887,1.23882,2240000,1920000
2022-04-06 14:38:59.356000,1.23884,1.2388,1200000,1200000
2022-04-06 14:39:00.813000,1.23882,1.23879,1200000,1440000
2022-04-06 14:39:00.915000,1.23882,1.23878,1200000,1880000
2022-04-06 14:39:01.474000,1.23883,1.2388,1200000,1340000
2022-04-06 14:39:05.840000,1.23881,1.23878,1200000,2340000
2022-04-06 14:39:05.942000,1.2388,1.23875,1200000,1440000
2022-04-06 14:39:06.094000,1.2388,1.23876,1200000,1440000
2022-04-06 14:39:06.334000,1.2388,1.23877,1200000,1200000
2022-04-06 14:39:07.115000,1.23882,1.23878,1440000,1200000
2022-04-06 14:39:10.193000,1.23885,1.23882,1200000,2110000
2022-04-06 14:39:10.346000,1.23888,1.23882,1200000,2110000
2022-04-06 14:39:11.116000,1.23886,1.23882,1200000,2480000
2022-04-06 14:39:11.218000,1.23885,1.23881,1200000,1880000
2022-04-06 14:39:15.355000,1.23885,1.2388,1200000,2110000
2022-04-06 14:39:15.457000,1.23885,1.23881,1200000,1440000
2022-04-06 14:39:15.559000,1.23883,1.2388,1200000,1880000
2022-04-06 14:39:16.953000,1.23882,1.23879,1200000,1340000
2022-04-06 14:39:17.258000,1.23882,1.23878,1200000,1440000
2022-04-06 14:39:17.360000,1.2388,1.23877,1200000,1200000
2022-04-06 14:39:17.563000,1.23883,1.23879,1440000,1200000
2022-04-06 14:39:18.185000,1.23884,1.2388,1200000,1340000
2022-04-06 14:39:18.490000,1.23883,1.2388,1200000,1340000
2022-04-06 14:39:19.605000,1.2388,1.23877,1200000,1800000
2022-04-06 14:39:19.707000,1.23879,1.23876,1200000,1340000
2022-04-06 14:39:25.130000,1.23878,1.23874,1200000,6840000
2022-04-06 14:39:25.182000,1.23871,1.2387,1200000,1200000
2022-04-06 14:39:25.233000,1.2387,1.23867,1440000,2240000
2022-04-06 14:39:25.285000,1.23868,1.23865,1200000,1800000
2022-04-06 14:39:25.387000,1.23869,1.23864,1440000,1800000
2022-04-06 14:39:25.488000,1.23867,1.23864,1200000,1200000
2022-04-06 14:39:26.029000,1.23868,1.23864,1200000,1200000
2022-04-06 14:39:26.384000,1.23868,1.23865,1200000,1200000
2022-04-06 14:39:30.175000,1.2387,1.23864,1200000,1340000
2022-04-06 14:39:30.437000,1.23868,1.23863,1200000,1800000
2022-04-06 14:39:30.539000,1.23867,1.23863,1200000,1200000
2022-04-06 14:39:30.590000,1.23866,1.23862,1200000,1670000
2022-04-06 14:39:31.671000,1.23866,1.23863,1200000,1200000
2022-04-06 14:39:31.920000,1.23868,1.23864,1200000,2100000
2022-04-06 14:39:32.022000,1.23869,1.23863,1200000,1340000
2022-04-06 14:39:35.326000,1.23867,1.23864,1200000,1500000
2022-04-06 14:39:37.031000,1.23868,1.23864,1200000,1570000
2022-04-06 14:39:38.597000,1.23869,1.23863,1200000,2540000
2022-04-06 14:39:42.400000,1.23865,1.23864,1200000,1200000
2022-04-06 14:39:42.451000,1.23865,1.23862,1200000,1200000
2022-04-06 14:39:44.627000,1.23865,1.23861,1200000,1570000
2022-04-06 14:39:45.630000,1.23861,1.23859,1200000,1200000
2022-04-06 14:39:45.681000,1.23861,1.23857,1200000,1200000
2022-04-06 14:39:45.783000,1.23859,1.23855,1200000,1340000
2022-04-06 14:39:45.885000,1.2386,1.23857,1200000,1200000
2022-04-06 14:39:46.189000,1.2386,1.23856,1200000,1340000
2022-04-06 14:39:46.291000,1.23859,1.23855,1200000,1200000
2022-04-06 14:39:46.726000,1.2386,1.23856,1200000,1340000
2022-04-06 14:39:46.828000,1.2386,1.23857,1200000,1340000
2022-04-06 14:39:47.656000,1.23861,1.23858,1200000,2240000
2022-04-06 14:39:47.757000,1.23862,1.23859,1200000,1200000
2022-04-06 14:39:48.679000,1.23862,1.23858,1200000,1340000
2022-04-06 14:39:51.868000,1.23863,1.23859,1200000,1800000
2022-04-06 14:39:54.619000,1.23866,1.23864,4040000,1500000
2022-04-06 14:39:54.670000,1.23868,1.23865,1200000,1500000
2022-04-06 14:39:54.772000,1.23869,1.23865,1440000,1340000
2022-04-06 14:39:54.874000,1.2387,1.23865,1200000,1200000
2022-04-06 14:39:56.113000,1.23869,1.23865,1200000,1340000
2022-04-06 14:39:56.216000,1.23866,1.23863,1200000,1800000
2022-04-06 14:39:56.267000,1.23866,1.23862,1200000,1800000
2022-04-06 14:39:56.420000,1.23866,1.23861,1200000,1200000
2022-04-06 14:39:57.275000,1.23866,1.23862,1800000,1200000
2022-04-06 14:39:57.377000,1.23865,1.23862,1200000,1200000
2022-04-06 14:39:58.522000,1.23866,1.23862,1800000,1200000
2022-04-06 14:39:59.256000,1.23866,1.23863,1200000,1200000
2022-04-06 14:40:01.616000,1.23867,1.23863,1440000,1200000
2022-04-06 14:40:01.769000,1.23869,1.23864,1440000,1200000
2022-04-06 14:40:01.921000,1.23867,1.23863,1200000,2780000
2022-04-06 14:40:02.023000,1.23867,1.23864,1200000,1200000
2022-04-06 14:40:02.533000,1.23866,1.23863,1200000,1200000
2022-04-06 14:40:02.635000,1.23866,1.23862,1440000,1200000
2022-04-06 14:40:03.798000,1.23868,1.23864,1880000,1200000
2022-04-06 14:40:03.900000,1.23867,1.23863,1440000,1200000
2022-04-06 14:40:04.002000,1.23866,1.23862,1440000,1200000
2022-04-06 14:40:05.700000,1.23865,1.23859,1200000,1200000
2022-04-06 14:40:05.802000,1.23863,1.2386,1200000,1200000
2022-04-06 14:40:05.904000,1.23864,1.2386,1200000,1200000
2022-04-06 14:40:06.006000,1.23866,1.23862,2480000,1200000
2022-04-06 14:40:06.108000,1.23866,1.23862,1440000,1200000
2022-04-06 14:40:07.647000,1.23868,1.23863,1200000,1200000
2022-04-06 14:40:07.789000,1.23867,1.23863,1880000,1200000
2022-04-06 14:40:11.122000,1.23868,1.23864,2520000,1200000
2022-04-06 14:40:11.224000,1.23868,1.23864,1440000,1200000
2022-04-06 14:40:12.278000,1.2387,1.23864,1440000,1200000
2022-04-06 14:40:13.684000,1.23867,1.23864,1200000,1200000
2022-04-06 14:40:13.735000,1.23866,1.23862,1200000,1200000
2022-04-06 14:40:13.837000,1.23865,1.23861,1200000,1200000
2022-04-06 14:40:14.839000,1.23863,1.2386,1200000,1200000
2022-04-06 14:40:14.941000,1.23865,1.23861,1440000,1200000
2022-04-06 14:40:15.042000,1.23866,1.23862,1880000,1200000
2022-04-06 14:40:15.195000,1.23862,1.23858,1440000,1200000
2022-04-06 14:40:15.297000,1.23861,1.23858,1340000,1200000
2022-04-06 14:40:16.040000,1.23861,1.23857,1340000,1200000
2022-04-06 14:40:16.395000,1.23862,1.23858,2340000,1200000
2022-04-06 14:40:16.875000,1.23865,1.23862,1440000,1200000
2022-04-06 14:40:17.587000,1.23865,1.23862,1320000,1200000
2022-04-06 14:40:17.790000,1.23865,1.23862,1200000,1200000
2022-04-06 14:40:18.095000,1.23865,1.23861,1440000,1200000
2022-04-06 14:40:19.450000,1.23863,1.23859,1440000,1200000
2022-04-06 14:40:19.551000,1.23862,1.23858,1440000,1200000
2022-04-06 14:40:20.658000,1.23863,1.23859,1440000,1200000
2022-04-06 14:40:21.071000,1.23865,1.23861,1440000,1200000
2022-04-06 14:40:21.173000,1.23867,1.23863,1880000,1200000
2022-04-06 14:40:21.655000,1.23866,1.23862,1200000,1200000
2022-04-06 14:40:25.366000,1.23867,1.23863,1440000,1200000
2022-04-06 14:40:25.936000,1.23867,1.23863,1920000,1200000
2022-04-06 14:40:26.386000,1.23866,1.23862,1440000,1200000
2022-04-06 14:40:26.766000,1.23868,1.23865,1200000,1500000
2022-04-06 14:40:26.868000,1.23869,1.23863,1200000,1440000
2022-04-06 14:40:27.965000,1.23867,1.23863,1440000,1200000
2022-04-06 14:40:28.371000,1.23869,1.23864,1200000,1500000
2022-04-06 14:40:28.746000,1.23873,1.23869,1200000,1570000
2022-04-06 14:40:28.797000,1.23874,1.23871,1440000,1200000
2022-04-06 14:40:28.899000,1.23875,1.23871,1440000,1320000
2022-04-06 14:40:29.001000,1.23874,1.2387,1200000,1920000
2022-04-06 14:40:29.306000,1.23876,1.23872,1440000,1440000
2022-04-06 14:40:30.143000,1.23876,1.23872,2960000,1200000
2022-04-06 14:40:30.245000,1.23874,1.2387,1200000,1880000
2022-04-06 14:40:32.640000,1.23875,1.23871,1440000,1200000
2022-04-06 14:40:32.747000,1.23875,1.23871,1200000,2150000
2022-04-06 14:40:34.628000,1.23877,1.23874,1200000,4440000
2022-04-06 14:40:34.730000,1.23877,1.23874,1200000,2780000
2022-04-06 14:40:35.499000,1.2388,1.23877,1200000,2590000
2022-04-06 14:40:35.550000,1.23882,1.23878,1440000,1320000
2022-04-06 14:40:35.652000,1.23882,1.23878,1200000,2520000
2022-04-06 14:40:36.007000,1.23882,1.23878,1200000,1880000
2022-04-06 14:40:36.210000,1.23882,1.23878,1920000,1200000
2022-04-06 14:40:36.312000,1.23882,1.23878,1920000,1200000
2022-04-06 14:40:36.863000,1.23881,1.23875,1440000,1200000
2022-04-06 14:40:37.067000,1.23877,1.23873,1440000,1440000
2022-04-06 14:40:37.169000,1.23874,1.2387,1440000,1800000
2022-04-06 14:40:37.220000,1.23869,1.23867,1440000,1800000
2022-04-06 14:40:37.271000,1.23868,1.23864,1200000,1880000
2022-04-06 14:40:37.373000,1.2387,1.23865,1200000,1320000
2022-04-06 14:40:37.425000,1.23871,1.23867,1880000,1200000
2022-04-06 14:40:37.527000,1.23874,1.2387,1880000,1200000
2022-04-06 14:40:38.646000,1.23873,1.23869,1440000,1200000
2022-04-06 14:40:40.360000,1.23872,1.23868,1200000,1320000
2022-04-06 14:40:40.665000,1.2387,1.23866,1200000,2340000
2022-04-06 14:40:40.767000,1.23869,1.23865,1200000,2780000
2022-04-06 14:40:42.873000,1.23867,1.23863,1200000,1880000
2022-04-06 14:40:43.180000,1.23865,1.23861,1200000,2340000
2022-04-06 14:40:43.282000,1.23869,1.23863,2340000,1340000
2022-04-06 14:40:43.384000,1.23869,1.23864,1200000,1200000
2022-04-06 14:40:45.310000,1.23868,1.23864,1200000,1440000
2022-04-06 14:40:45.966000,1.23868,1.23862,1200000,1440000
2022-04-06 14:40:46.068000,1.23866,1.23862,1200000,3190000
2022-04-06 14:40:46.170000,1.23866,1.23862,1200000,3010000
2022-04-06 14:40:47.851000,1.23867,1.23862,1200000,1440000
2022-04-06 14:40:51.177000,1.23864,1.2386,1200000,3380000
2022-04-06 14:40:51.279000,1.23864,1.2386,1200000,2340000
2022-04-06 14:40:51.381000,1.23864,1.2386,1200000,4160000
2022-04-06 14:40:51.483000,1.23866,1.23863,1200000,1200000
2022-04-06 14:40:51.907000,1.23865,1.23861,1200000,1920000
2022-04-06 14:40:52.008000,1.23865,1.23861,1200000,1440000
2022-04-06 14:40:52.776000,1.23865,1.23861,1200000,2820000
2022-04-06 14:40:52.878000,1.23867,1.23864,1200000,1440000
2022-04-06 14:40:53.998000,1.23868,1.23864,1200000,1670000
2022-04-06 14:40:54.202000,1.23868,1.23865,1200000,1200000
2022-04-06 14:40:54.362000,1.23869,1.23863,1200000,3240000
2022-04-06 14:40:54.667000,1.23868,1.23865,1200000,1880000
2022-04-06 14:40:55.242000,1.23868,1.23866,1200000,1200000
2022-04-06 14:40:55.351000,1.23868,1.23864,1200000,2780000
2022-04-06 14:40:56.040000,1.23867,1.23864,1200000,1440000
2022-04-06 14:40:58.948000,1.23867,1.23863,1200000,1440000
2022-04-06 14:41:00.638000,1.23865,1.23862,1200000,1340000
2022-04-06 14:41:01.054000,1.23865,1.23861,1200000,1880000
2022-04-06 14:41:02.065000,1.23864,1.2386,1340000,1440000
2022-04-06 14:41:02.167000,1.23863,1.23859,1200000,2780000
2022-04-06 14:41:02.269000,1.23863,1.2386,1200000,1200000
2022-04-06 14:41:07.655000,1.23864,1.2386,1320000,1500000
2022-04-06 14:41:09.168000,1.23863,1.2386,1200000,2110000
2022-04-06 14:41:09.552000,1.23863,1.23859,1200000,3240000
2022-04-06 14:41:09.654000,1.23864,1.2386,1200000,1440000
2022-04-06 14:41:12.138000,1.23863,1.23859,1200000,1920000
2022-04-06 14:41:12.349000,1.23863,1.23859,1200000,1440000
2022-04-06 14:41:12.700000,1.23862,1.23858,1200000,2060000
2022-04-06 14:41:12.802000,1.23862,1.23858,1200000,1880000
2022-04-06 14:41:13.162000,1.23862,1.23859,1200000,1500000
2022-04-06 14:41:14.626000,1.23862,1.23858,1200000,2340000
2022-04-06 14:41:16.690000,1.2386,1.23857,1200000,2960000
2022-04-06 14:41:16.792000,1.2386,1.23856,1200000,2750000
2022-04-06 14:41:18.208000,1.23861,1.23859,1200000,1500000
2022-04-06 14:41:18.311000,1.23862,1.23859,1880000,1500000
2022-04-06 14:41:18.415000,1.2386,1.23857,1200000,3240000
2022-04-06 14:41:19.019000,1.2385,1.23848,1200000,2700000
2022-04-06 14:41:19.071000,1.23845,1.23841,1200000,3670000
2022-04-06 14:41:19.122000,1.23845,1.23841,1940000,2700000
2022-04-06 14:41:19.224000,1.23845,1.23841,1800000,1200000
2022-04-06 14:41:20.631000,1.23844,1.23841,1200000,1200000
2022-04-06 14:41:21.360000,1.23842,1.23838,2780000,1200000
2022-04-06 14:41:21.412000,1.2384,1.23836,2100000,1820000
2022-04-06 14:41:21.463000,1.2384,1.23834,1200000,1200000
2022-04-06 14:41:21.514000,1.23837,1.23834,1200000,1200000
2022-04-06 14:41:21.565000,1.23832,1.23829,1500000,5400000
2022-04-06 14:41:21.667000,1.23836,1.23833,1440000,1200000
2022-04-06 14:41:21.769000,1.23838,1.23834,1670000,1200000
2022-04-06 14:41:22.328000,1.23838,1.23835,1200000,1200000
2022-04-06 14:41:22.480000,1.23839,1.23835,1200000,1500000
2022-04-06 14:41:23.234000,1.23838,1.23834,1200000,1200000
2022-04-06 14:41:24.079000,1.23839,1.23836,1200000,1200000
2022-04-06 14:41:24.461000,1.23839,1.23835,1440000,1200000
2022-04-06 14:41:24.564000,1.23838,1.23834,1200000,1200000
2022-04-06 14:41:25.230000,1.23836,1.23832,1200000,2700000
2022-04-06 14:41:25.383000,1.23835,1.23832,1200000,1200000
2022-04-06 14:41:28.057000,1.23836,1.23833,1200000,2640000
2022-04-06 14:41:28.108000,1.23838,1.23835,1800000,1200000
2022-04-06 14:41:28.210000,1.23839,1.23835,2340000,1200000
2022-04-06 14:41:29.242000,1.23838,1.23835,1200000,1200000
2022-04-06 14:41:29.395000,1.23836,1.23833,1500000,1200000
2022-04-06 14:41:32.584000,1.23836,1.23832,2340000,1200000
2022-04-06 14:41:32.788000,1.23836,1.23833,1200000,1440000
2022-04-06 14:41:32.890000,1.23837,1.23833,1200000,1440000
2022-04-06 14:41:33.608000,1.23837,1.23834,1200000,1200000
2022-04-06 14:41:34.001000,1.23838,1.23835,1200000,1200000
2022-04-06 14:41:34.408000,1.23839,1.23836,1200000,1340000
2022-04-06 14:41:34.510000,1.2384,1.23836,1200000,1880000
2022-04-06 14:41:34.714000,1.23839,1.23836,1200000,1440000
2022-04-06 14:41:35.384000,1.23839,1.23836,1200000,4990000
2022-04-06 14:41:35.436000,1.23841,1.23838,1200000,1440000
2022-04-06 14:41:35.539000,1.23844,1.23838,1800000,1320000
2022-04-06 14:41:35.951000,1.23844,1.23841,1800000,1200000
2022-04-06 14:41:36.863000,1.23842,1.23838,1200000,3240000
2022-04-06 14:41:36.975000,1.23841,1.23837,1200000,2340000
2022-04-06 14:41:37.280000,1.23842,1.23838,2570000,1200000
2022-04-06 14:41:37.331000,1.23843,1.23839,1200000,2110000
2022-04-06 14:41:37.383000,1.23845,1.23841,1200000,1320000
2022-04-06 14:41:37.535000,1.23844,1.23841,1200000,1200000
2022-04-06 14:41:37.637000,1.23845,1.23839,1200000,1880000
2022-04-06 14:41:37.739000,1.23844,1.23841,1200000,1320000
2022-04-06 14:41:37.841000,1.23846,1.2384,1200000,1440000
2022-04-06 14:41:38.147000,1.23846,1.23842,1200000,1440000
2022-04-06 14:41:38.249000,1.23847,1.23843,1200000,1440000
2022-04-06 14:41:39.379000,1.23846,1.23843,1200000,1880000
2022-04-06 14:41:39.430000,1.23848,1.23844,1200000,1320000
2022-04-06 14:41:39.532000,1.23847,1.23844,1200000,1320000
2022-04-06 14:41:40.738000,1.23846,1.23842,1200000,1440000
2022-04-06 14:41:41.941000,1.23844,1.23841,1200000,1320000
2022-04-06 14:41:42.044000,1.23844,1.2384,1200000,1320000
2022-04-06 14:41:42.474000,1.23843,1.23839,1440000,1200000
2022-04-06 14:41:42.576000,1.23842,1.23839,1200000,1200000
2022-04-06 14:41:43.289000,1.23846,1.23841,1200000,1200000
2022-04-06 14:41:43.391000,1.23846,1.23842,1200000,2340000
2022-04-06 14:41:44.919000,1.23844,1.2384,1200000,1880000
2022-04-06 14:41:45.123000,1.23844,1.23841,1800000,1200000
2022-04-06 14:41:45.225000,1.23846,1.2384,2340000,1200000
2022-04-06 14:41:45.991000,1.23844,1.23841,1200000,1200000
2022-04-06 14:41:46.124000,1.23845,1.23841,2340000,1200000
2022-04-06 14:41:46.658000,1.23845,1.23842,1800000,1200000
2022-04-06 14:41:47.544000,1.23845,1.23841,1670000,1200000
2022-04-06 14:41:47.645000,1.23844,1.23841,1200000,1200000
2022-04-06 14:41:47.747000,1.23845,1.23841,2570000,1200000
2022-04-06 14:41:48.826000,1.23845,1.23842,1800000,1200000
2022-04-06 14:41:49.030000,1.23846,1.23842,2570000,1200000
2022-04-06 14:41:49.132000,1.23845,1.23842,1800000,1200000
2022-04-06 14:41:49.234000,1.23845,1.2384,1800000,1200000
2022-04-06 14:41:50.326000,1.23844,1.2384,2340000,1200000
2022-04-06 14:41:51.254000,1.23842,1.23839,2100000,1200000
2022-04-06 14:41:51.306000,1.2384,1.23836,1500000,2780000
2022-04-06 14:41:51.408000,1.23839,1.23836,1800000,1200000
2022-04-06 14:41:51.510000,1.23839,1.23835,1800000,1320000
2022-04-06 14:41:52.167000,1.2384,1.23836,2570000,1200000
2022-04-06 14:41:52.269000,1.2384,1.23835,1200000,1200000
2022-04-06 14:41:53.518000,1.23839,1.23835,1500000,1320000
2022-04-06 14:41:53.620000,1.23838,1.23835,1200000,1200000
2022-04-06 14:41:55.770000,1.23839,1.23835,1670000,1200000
2022-04-06 14:42:01.359000,1.23833,1.2383,1200000,5240000
2022-04-06 14:42:01.461000,1.23831,1.23828,1500000,1340000
2022-04-06 14:42:01.614000,1.23833,1.2383,1670000,1200000
2022-04-06 14:42:01.716000,1.23836,1.23833,1210000,1200000
2022-04-06 14:42:01.818000,1.23835,1.23833,1500000,1200000
2022-04-06 14:42:01.922000,1.23835,1.23832,2100000,1320000
2022-04-06 14:42:02.921000,1.23833,1.23829,1670000,1320000
2022-04-06 14:42:02.972000,1.23832,1.23828,2640000,1200000
2022-04-06 14:42:03.074000,1.23832,1.23828,1880000,1200000
2022-04-06 14:42:03.227000,1.23832,1.23828,2870000,1200000
2022-04-06 14:42:03.928000,1.23832,1.23828,2780000,1200000
2022-04-06 14:42:04.030000,1.23832,1.23828,2640000,1200000
2022-04-06 14:42:05.547000,1.23829,1.23826,1200000,1200000
2022-04-06 14:42:06.371000,1.23831,1.23827,1880000,1200000
2022-04-06 14:42:06.423000,1.23833,1.23829,2100000,1200000
2022-04-06 14:42:06.474000,1.23833,1.23829,1500000,1200000
2022-04-06 14:42:07.122000,1.23831,1.23828,1200000,1200000
2022-04-06 14:42:09.439000,1.23831,1.23828,2100000,1200000
2022-04-06 14:42:09.541000,1.2383,1.23827,1200000,1200000
2022-04-06 14:42:09.643000,1.23831,1.23827,1500000,1200000
2022-04-06 14:42:10.965000,1.23828,1.23825,1500000,1440000
2022-04-06 14:42:11.067000,1.2383,1.23827,1670000,1200000
2022-04-06 14:42:11.169000,1.23831,1.23827,1500000,1200000
2022-04-06 14:42:12.444000,1.2383,1.23827,1500000,1200000
2022-04-06 14:42:12.546000,1.2383,1.23826,2100000,1200000
2022-04-06 14:42:14.233000,1.23828,1.23824,1200000,1920000
2022-04-06 14:42:14.335000,1.23828,1.23824,1670000,1440000
2022-04-06 14:42:14.437000,1.23824,1.23822,1200000,2720000
2022-04-06 14:42:14.489000,1.23822,1.23819,1200000,1440000
2022-04-06 14:42:14.591000,1.23821,1.23818,1200000,1440000
2022-04-06 14:42:16.208000,1.23821,1.23818,2100000,1440000
2022-04-06 14:42:16.445000,1.23821,1.23818,1200000,1440000
2022-04-06 14:42:16.496000,1.23818,1.23815,1200000,5630000
2022-04-06 14:42:16.598000,1.23818,1.23814,2100000,1200000
2022-04-06 14:42:16.700000,1.23817,1.23815,1200000,1200000
2022-04-06 14:42:17.322000,1.23818,1.23815,1440000,1800000
2022-04-06 14:42:17.424000,1.23816,1.23815,1200000,1200000
2022-04-06 14:42:18.085000,1.23809,1.23807,1200000,4500000
2022-04-06 14:42:18.136000,1.23808,1.23805,3080000,1200000
2022-04-06 14:42:18.238000,1.23808,1.23804,3080000,1200000
2022-04-06 14:42:18.340000,1.23809,1.23804,1440000,1200000
2022-04-06 14:42:18.798000,1.23811,1.23809,1670000,1200000
2022-04-06 14:42:18.900000,1.23811,1.23808,2570000,1200000
2022-04-06 14:42:19.002000,1.23809,1.23804,1200000,1340000
2022-04-06 14:42:19.104000,1.23806,1.23802,1200000,1640000
2022-04-06 14:42:19.206000,1.23803,1.238,1200000,3320000
2022-04-06 14:42:19.308000,1.238,1.23796,1440000,1800000
2022-04-06 14:42:19.410000,1.238,1.23794,1440000,1200000
2022-04-06 14:42:19.512000,1.23798,1.23792,1200000,1200000
2022-04-06 14:42:20.445000,1.23798,1.23794,1440000,1200000
2022-04-06 14:42:20.801000,1.23798,1.23794,1440000,1200000
2022-04-06 14:42:20.903000,1.238,1.23796,1440000,3600000
2022-04-06 14:42:20.954000,1.23802,1.238,1200000,8360000
2022-04-06 14:42:21.056000,1.23803,1.238,1440000,8360000
2022-04-06 14:42:21.209000,1.23802,1.238,1200000,2420000
2022-04-06 14:42:21.312000,1.23803,1.238,1200000,2420000
2022-04-06 14:42:21.718000,1.23802,1.238,1200000,2420000
2022-04-06 14:42:21.770000,1.238,1.23797,1200000,1200000
2022-04-06 14:42:21.922000,1.23804,1.23802,1200000,1200000
2022-04-06 14:42:22.025000,1.23806,1.23802,1920000,1200000
2022-04-06 14:42:22.380000,1.23804,1.23801,1200000,5940000
2022-04-06 14:42:22.483000,1.23803,1.238,1200000,3320000
2022-04-06 14:42:22.869000,1.23805,1.238,1200000,1200000
2022-04-06 14:42:23.123000,1.23804,1.238,1200000,3780000
2022-04-06 14:42:23.276000,1.23804,1.23801,1200000,1200000
2022-04-06 14:42:23.479000,1.23803,1.238,1200000,3780000
2022-04-06 14:42:23.815000,1.23802,1.238,1200000,2420000
2022-04-06 14:42:24.273000,1.238,1.23796,1200000,1740000
2022-04-06 14:42:24.375000,1.238,1.23796,1200000,1500000
2022-04-06 14:42:24.606000,1.23799,1.23796,1200000,1200000
2022-04-06 14:42:24.810000,1.238,1.23796,1200000,1200000
2022-04-06 14:42:24.912000,1.238,1.23797,1200000,1200000
2022-04-06 14:42:25.649000,1.23797,1.23791,1200000,1340000
2022-04-06 14:42:25.751000,1.23795,1.23792,1200000,1200000
2022-04-06 14:42:25.853000,1.23796,1.23792,1200000,1200000
2022-04-06 14:42:26.005000,1.23795,1.23792,1200000,1200000
2022-04-06 14:42:26.163000,1.23797,1.23794,1200000,1200000
2022-04-06 14:42:26.265000,1.23798,1.23794,1200000,3600000
2022-04-06 14:42:26.367000,1.23797,1.23794,1200000,1200000
2022-04-06 14:42:26.469000,1.23797,1.23793,1440000,1200000
2022-04-06 14:42:26.571000,1.23798,1.23793,1200000,1200000
2022-04-06 14:42:29.104000,1.238,1.23797,1440000,1200000
2022-04-06 14:42:29.307000,1.23799,1.23796,1200000,1200000
2022-04-06 14:42:30.939000,1.23799,1.23795,1440000,1340000
2022-04-06 14:42:32.164000,1.23798,1.23794,1200000,3600000
2022-04-06 14:42:33.160000,1.23795,1.23792,1500000,2240000
2022-04-06 14:42:33.262000,1.23794,1.23792,1500000,1200000
2022-04-06 14:42:33.465000,1.23794,1.23791,2570000,1200000
2022-04-06 14:42:36.805000,1.23794,1.2379,1670000,1200000
2022-04-06 14:42:36.906000,1.23793,1.2379,1500000,1200000
2022-04-06 14:42:37.269000,1.23794,1.2379,1670000,1200000
2022-04-06 14:42:37.371000,1.23793,1.2379,1500000,1200000
2022-04-06 14:42:37.834000,1.23794,1.2379,2570000,1200000
2022-04-06 14:42:38.156000,1.23793,1.2379,1500000,1200000
2022-04-06 14:42:39.980000,1.23794,1.2379,1440000,1500000
2022-04-06 14:42:40.335000,1.23793,1.2379,1200000,1200000
2022-04-06 14:42:42.067000,1.23789,1.23787,1200000,1340000
2022-04-06 14:42:42.118000,1.23788,1.23784,2640000,1200000
2022-04-06 14:42:42.170000,1.23786,1.23782,1200000,3600000
2022-04-06 14:42:42.272000,1.23786,1.23783,1500000,1200000
2022-04-06 14:42:42.323000,1.23784,1.23782,1200000,1200000
2022-04-06 14:42:42.374000,1.23784,1.2378,1200000,1200000
2022-04-06 14:42:42.476000,1.23783,1.2378,1200000,1200000
2022-04-06 14:42:43.009000,1.23784,1.23781,2030000,1200000
2022-04-06 14:42:43.336000,1.23787,1.23782,1320000,1440000
2022-04-06 14:42:43.388000,1.23789,1.23785,4140000,1200000
2022-04-06 14:42:44.009000,1.23788,1.23784,1200000,1440000
2022-04-06 14:42:44.112000,1.23787,1.23784,1200000,1200000
2022-04-06 14:42:44.439000,1.23785,1.23782,1500000,1200000
2022-04-06 14:42:44.541000,1.23786,1.2378,1200000,1440000
2022-04-06 14:42:45.194000,1.23788,1.23784,4140000,1200000
2022-04-06 14:42:45.296000,1.23788,1.23785,1200000,1200000
2022-04-06 14:42:45.449000,1.23788,1.23784,1670000,1200000
2022-04-06 14:42:47.097000,1.23787,1.23781,1200000,1200000
2022-04-06 14:42:47.199000,1.23785,1.2378,1200000,1200000
2022-04-06 14:42:47.251000,1.23783,1.23779,1200000,1340000
2022-04-06 14:42:48.999000,1.23783,1.2378,1440000,1200000
2022-04-06 14:42:49.101000,1.23783,1.23779,2180000,1200000
2022-04-06 14:42:49.254000,1.23783,1.23779,3010000,1200000
2022-04-06 14:42:49.361000,1.23782,1.23778,1800000,1200000
2022-04-06 14:42:49.463000,1.23783,1.23778,1200000,1200000
2022-04-06 14:42:49.565000,1.23783,1.23779,1440000,1200000
2022-04-06 14:42:50.243000,1.23783,1.2378,1800000,1200000
2022-04-06 14:42:50.396000,1.23784,1.23781,1440000,1200000
2022-04-06 14:42:50.799000,1.23783,1.2378,1200000,1200000
2022-04-06 14:42:51.095000,1.23778,1.23775,1200000,4680000
2022-04-06 14:42:51.197000,1.23781,1.23777,1440000,1200000
2022-04-06 14:42:51.299000,1.23782,1.23778,1440000,1200000
2022-04-06 14:42:51.401000,1.23782,1.23779,1440000,1200000
2022-04-06 14:42:51.589000,1.23791,1.23787,9240000,1200000
2022-04-06 14:42:51.691000,1.23792,1.23788,6540000,1200000
2022-04-06 14:42:51.743000,1.23792,1.23788,5940000,1200000
2022-04-06 14:42:51.896000,1.23791,1.23787,1200000,1320000
2022-04-06 14:42:51.998000,1.2379,1.23786,1200000,1440000
2022-04-06 14:42:52.049000,1.23792,1.23787,5940000,1200000
2022-04-06 14:42:52.151000,1.23792,1.23788,1200000,1440000
2022-04-06 14:42:52.254000,1.23797,1.23794,1200000,1200000
2022-04-06 14:42:52.356000,1.23796,1.23793,1200000,1200000
2022-04-06 14:42:52.559000,1.23798,1.23792,1200000,1670000
2022-04-06 14:42:52.661000,1.23797,1.23794,5480000,1200000
2022-04-06 14:42:52.713000,1.23796,1.23792,1200000,1440000
2022-04-06 14:42:53.273000,1.23796,1.23793,1200000,1500000
2022-04-06 14:42:53.324000,1.23798,1.23795,1200000,1200000
2022-04-06 14:42:53.427000,1.23799,1.23795,5940000,1500000
2022-04-06 14:42:53.529000,1.23798,1.23795,1200000,1200000
2022-04-06 14:42:53.732000,1.23795,1.2379,1200000,2040000
2022-04-06 14:42:53.834000,1.23793,1.2379,5480000,1200000
2022-04-06 14:42:55.133000,1.23793,1.23789,1200000,1440000
2022-04-06 14:42:55.453000,1.23792,1.23788,5710000,1200000
2022-04-06 14:42:55.689000,1.2379,1.23786,5480000,1200000
2022-04-06 14:42:55.791000,1.2379,1.23787,5480000,1200000
2022-04-06 14:42:55.994000,1.23792,1.23788,1800000,1440000
2022-04-06 14:42:56.908000,1.23792,1.23789,1200000,2100000
2022-04-06 14:42:56.959000,1.23795,1.23791,1200000,1200000
