time,ask,bid,ask_volume,bid_volume
2022-04-26 13:55:00.290000,1.27093,1.27089,3420000,1500000
2022-04-26 13:55:00.392000,1.27095,1.27092,1440000,1200000
2022-04-26 13:55:00.444000,1.27098,1.27094,1340000,2030000
2022-04-26 13:55:00.880000,1.271,1.27096,3240000,1200000
2022-04-26 13:55:00.982000,1.27102,1.27098,1440000,1200000
2022-04-26 13:55:01.084000,1.27101,1.27098,1200000,1200000
2022-04-26 13:55:01.186000,1.27101,1.27097,1440000,1200000
2022-04-26 13:55:01.389000,1.27101,1.27097,1920000,1200000
2022-04-26 13:55:02.149000,1.271,1.27095,1200000,1200000
2022-04-26 13:55:02.362000,1.271,1.27096,1440000,1200000
2022-04-26 13:55:03.571000,1.27101,1.27097,1670000,1200000
2022-04-26 13:55:03.673000,1.27102,1.27098,1440000,1200000
2022-04-26 13:55:03.776000,1.27101,1.27097,1200000,1200000
2022-04-26 13:55:04.619000,1.27101,1.27095,1440000,1200000
2022-04-26 13:55:04.881000,1.27099,1.27096,1200000,1200000
2022-04-26 13:55:05.280000,1.271,1.27098,1320000,1200000
2022-04-26 13:55:06.466000,1.27099,1.27095,1320000,1200000
2022-04-26 13:55:06.942000,1.271,1.27098,1200000,1200000
2022-04-26 13:55:07.044000,1.27103,1.27097,1740000,1200000
2022-04-26 13:55:07.400000,1.27102,1.27098,1320000,1200000
2022-04-26 13:55:07.501000,1.27102,1.27098,2060000,1200000
2022-04-26 13:55:07.604000,1.27101,1.27098,2060000,1200000
2022-04-26 13:55:07.756000,1.27103,1.27098,4510000,1670000
2022-04-26 13:55:07.808000,1.27104,1.27101,1500000,1800000
2022-04-26 13:55:07.859000,1.27104,1.27099,3260000,1200000
2022-04-26 13:55:07.910000,1.27103,1.27098,1970000,1440000
2022-04-26 13:55:07.962000,1.27104,1.27098,4390000,1440000
2022-04-26 13:55:08.429000,1.27104,1.27097,2060000,1200000
2022-04-26 13:55:09.532000,1.27102,1.27098,2060000,1200000
2022-04-26 13:55:09.837000,1.271,1.27097,1880000,1200000
2022-04-26 13:55:09.888000,1.27098,1.27095,1320000,1200000
2022-04-26 13:55:10.094000,1.27098,1.27095,1320000,1200000
2022-04-26 13:55:10.399000,1.27099,1.27095,1340000,1440000
2022-04-26 13:55:10.450000,1.271,1.27097,1320000,1200000
2022-04-26 13:55:10.603000,1.27098,1.27095,2060000,1200000
2022-04-26 13:55:11.976000,1.27099,1.27095,1320000,1200000
2022-04-26 13:55:12.427000,1.27099,1.27095,2520000,1200000
2022-04-26 13:55:12.989000,1.271,1.27096,1800000,1670000
2022-04-26 13:55:13.041000,1.27107,1.27103,4990000,1200000
2022-04-26 13:55:13.143000,1.27107,1.27103,2960000,1200000
2022-04-26 13:55:14.192000,1.27106,1.27101,3190000,1200000
2022-04-26 13:55:14.310000,1.27105,1.27102,2360000,1200000
2022-04-26 13:55:14.986000,1.27106,1.27102,3260000,1200000
2022-04-26 13:55:15.649000,1.27106,1.27103,1880000,1200000
2022-04-26 13:55:16.485000,1.27107,1.27103,1880000,1200000
2022-04-26 13:55:16.948000,1.2711,1.27108,1500000,1200000
2022-04-26 13:55:17.050000,1.27112,1.27108,2220000,1200000
2022-04-26 13:55:17.152000,1.27111,1.27108,1500000,1200000
2022-04-26 13:55:17.203000,1.27114,1.27108,5270000,2640000
2022-04-26 13:55:17.255000,1.27113,1.27108,1500000,2340000
2022-04-26 13:55:17.306000,1.27114,1.27108,3680000,3540000
2022-04-26 13:55:17.357000,1.27114,1.27111,1200000,1670000
2022-04-26 13:55:17.459000,1.27112,1.27108,1500000,1800000
2022-04-26 13:55:17.764000,1.27114,1.27107,3370000,1200000
2022-04-26 13:55:17.815000,1.27112,1.27108,2060000,1200000
2022-04-26 13:55:17.917000,1.27113,1.27107,1340000,1200000
2022-04-26 13:55:18.222000,1.27112,1.27108,2590000,1200000
2022-04-26 13:55:19.519000,1.27111,1.27108,1500000,1200000
2022-04-26 13:55:19.928000,1.27111,1.27108,1200000,1200000
2022-04-26 13:55:20.081000,1.27111,1.27108,2360000,1200000
2022-04-26 13:55:20.183000,1.27111,1.27108,1800000,1200000
2022-04-26 13:55:20.285000,1.27111,1.27108,1500000,1200000
2022-04-26 13:55:21.311000,1.27111,1.27108,1500000,1200000
2022-04-26 13:55:21.763000,1.27111,1.27108,1500000,1200000
2022-04-26 13:55:22.562000,1.27113,1.27107,1640000,1200000
2022-04-26 13:55:25.708000,1.27113,1.27108,2700000,1200000
2022-04-26 13:55:26.190000,1.27113,1.27111,1200000,1500000
2022-04-26 13:55:26.242000,1.27116,1.27112,1340000,1200000
2022-04-26 13:55:26.344000,1.27114,1.27108,4730000,3540000
2022-04-26 13:55:26.446000,1.27113,1.27108,1500000,1200000
2022-04-26 13:55:26.764000,1.27112,1.27108,1500000,1200000
2022-04-26 13:55:29.010000,1.27113,1.27108,3080000,1200000
2022-04-26 13:55:29.163000,1.27114,1.27111,1340000,1200000
2022-04-26 13:55:29.214000,1.27117,1.27115,1200000,1200000
2022-04-26 13:55:29.266000,1.27121,1.27117,2880000,1200000
2022-04-26 13:55:29.369000,1.27124,1.2712,1200000,1500000
2022-04-26 13:55:29.471000,1.27126,1.27123,1320000,1200000
2022-04-26 13:55:29.573000,1.27129,1.27125,2360000,1200000
2022-04-26 13:55:29.676000,1.27131,1.27127,1800000,1200000
2022-04-26 13:55:29.778000,1.27134,1.2713,3860000,1200000
2022-04-26 13:55:29.880000,1.27136,1.27131,1460000,1200000
2022-04-26 13:55:29.982000,1.27136,1.27133,3420000,1200000
2022-04-26 13:55:30.718000,1.27132,1.27128,1320000,1200000
2022-04-26 13:55:30.820000,1.27133,1.27129,1460000,1200000
2022-04-26 13:55:30.922000,1.27134,1.2713,2780000,1200000
2022-04-26 13:55:31.126000,1.27136,1.2713,1200000,1670000
2022-04-26 13:55:31.177000,1.27137,1.27135,1200000,1200000
2022-04-26 13:55:31.280000,1.27137,1.27134,1320000,1200000
2022-04-26 13:55:32.268000,1.27136,1.27133,2960000,1200000
2022-04-26 13:55:33.308000,1.27132,1.27128,4020000,1200000
2022-04-26 13:55:34.163000,1.27129,1.27126,1320000,1200000
2022-04-26 13:55:34.265000,1.27129,1.27125,2060000,1200000
2022-04-26 13:55:35.966000,1.27122,1.2712,1200000,4500000
2022-04-26 13:55:36.068000,1.27123,1.2712,1880000,1200000
2022-04-26 13:55:37.295000,1.27128,1.27125,2240000,1200000
2022-04-26 13:55:37.668000,1.27129,1.27126,4580000,1200000
2022-04-26 13:55:38.356000,1.27129,1.27126,1460000,1200000
2022-04-26 13:55:38.666000,1.27128,1.27125,1320000,1200000
2022-04-26 13:55:38.768000,1.27124,1.2712,1200000,4580000
2022-04-26 13:55:38.870000,1.27124,1.27121,1800000,1200000
2022-04-26 13:55:38.973000,1.27123,1.27119,1440000,1200000
2022-04-26 13:55:39.074000,1.27123,1.27119,2060000,1200000
2022-04-26 13:55:40.001000,1.27121,1.27119,1320000,1200000
2022-04-26 13:55:40.229000,1.27122,1.27119,1320000,1200000
2022-04-26 13:55:46.052000,1.27122,1.27118,3980000,1200000
2022-04-26 13:55:46.662000,1.27121,1.27118,2640000,1200000
2022-04-26 13:55:47.175000,1.27121,1.27117,2640000,1200000
2022-04-26 13:55:48.285000,1.27121,1.27117,1670000,1200000
2022-04-26 13:55:48.818000,1.27121,1.27117,2270000,1200000
2022-04-26 13:55:48.920000,1.27116,1.27114,2240000,1500000
2022-04-26 13:55:48.971000,1.27115,1.27111,1200000,1200000
2022-04-26 13:55:49.074000,1.27116,1.27113,1880000,1200000
2022-04-26 13:55:49.380000,1.27117,1.27114,1320000,1200000
2022-04-26 13:55:50.543000,1.27119,1.27116,1340000,1200000
2022-04-26 13:55:50.645000,1.2712,1.27116,1320000,1200000
2022-04-26 13:55:50.747000,1.27121,1.27117,1920000,1200000
2022-04-26 13:55:51.833000,1.27118,1.27115,2780000,1200000
2022-04-26 13:55:52.315000,1.27119,1.27116,1320000,1200000
2022-04-26 13:55:52.417000,1.2712,1.27116,1200000,1200000
2022-04-26 13:55:52.722000,1.27119,1.27115,2780000,1200000
2022-04-26 13:55:52.824000,1.27119,1.27115,3860000,1200000
2022-04-26 13:55:53.383000,1.27119,1.27115,1440000,1200000
2022-04-26 13:55:53.586000,1.27119,1.27115,3720000,1200000
2022-04-26 13:55:54.444000,1.27119,1.27116,2240000,1200000
2022-04-26 13:55:54.546000,1.2712,1.27116,1880000,1200000
2022-04-26 13:55:55.635000,1.27121,1.27117,2750000,1200000
2022-04-26 13:55:57.343000,1.27117,1.27114,3680000,1200000
2022-04-26 13:55:58.484000,1.27116,1.27114,1200000,1200000
2022-04-26 13:55:58.586000,1.27115,1.27111,2780000,1200000
2022-04-26 13:55:58.688000,1.27114,1.27111,1880000,1200000
2022-04-26 13:55:59.145000,1.27113,1.2711,1320000,1800000
2022-04-26 13:56:02.027000,1.27116,1.2711,2040000,1200000
2022-04-26 13:56:06.366000,1.27115,1.27109,1340000,1200000
2022-04-26 13:56:10.936000,1.27114,1.27111,1880000,1200000
2022-04-26 13:56:11.140000,1.27117,1.27115,5460000,1200000
2022-04-26 13:56:11.243000,1.27121,1.27117,2040000,1200000
2022-04-26 13:56:14.855000,1.27122,1.27118,1800000,1200000
2022-04-26 13:56:14.957000,1.27122,1.27118,1340000,1200000
2022-04-26 13:56:21.349000,1.27123,1.27118,1440000,1200000
2022-04-26 13:56:21.917000,1.27124,1.27117,4580000,1200000
2022-04-26 13:56:22.070000,1.27123,1.27118,3060000,1200000
2022-04-26 13:56:22.835000,1.27123,1.27118,5040000,1200000
2022-04-26 13:56:27.716000,1.27123,1.27118,1670000,1200000
2022-04-26 13:56:29.109000,1.27123,1.27118,2270000,1200000
2022-04-26 13:56:30.159000,1.27123,1.27118,2110000,1200000
2022-04-26 13:56:30.362000,1.27123,1.27118,6290000,1200000
2022-04-26 13:56:30.616000,1.27123,1.27118,2110000,1200000
2022-04-26 13:56:30.932000,1.27123,1.27118,3650000,1200000
2022-04-26 13:56:32.141000,1.27122,1.27118,1640000,1200000
2022-04-26 13:56:33.335000,1.27124,1.27122,1200000,1880000
2022-04-26 13:56:33.438000,1.27124,1.2712,2770000,4500000
2022-04-26 13:56:33.489000,1.27122,1.27118,1500000,1200000
2022-04-26 13:56:35.931000,1.27124,1.27118,4550000,1500000
2022-04-26 13:56:36.033000,1.27129,1.27125,3840000,1200000
2022-04-26 13:56:36.136000,1.27131,1.27125,2940000,1200000
2022-04-26 13:56:36.556000,1.2713,1.27126,2940000,1200000
2022-04-26 13:56:37.613000,1.2713,1.27127,1320000,1200000
2022-04-26 13:56:38.529000,1.27127,1.27124,4160000,1200000
2022-04-26 13:56:38.682000,1.27126,1.27123,1210000,1200000
2022-04-26 13:56:39.390000,1.27126,1.27123,1440000,1200000
2022-04-26 13:56:40.074000,1.27127,1.27124,1320000,1800000
2022-04-26 13:56:40.177000,1.2713,1.27127,1320000,1200000
2022-04-26 13:56:40.310000,1.27128,1.27124,2780000,1200000
2022-04-26 13:56:40.361000,1.27128,1.27124,3860000,1200000
2022-04-26 13:56:40.941000,1.27129,1.27124,2240000,1200000
2022-04-26 13:56:43.352000,1.27126,1.27123,1320000,1200000
2022-04-26 13:56:43.505000,1.27127,1.27123,1880000,1200000
2022-04-26 13:56:44.693000,1.27126,1.27123,1570000,1200000
2022-04-26 13:56:44.745000,1.27122,1.27116,1920000,1800000
2022-04-26 13:56:44.847000,1.2712,1.27117,3860000,1200000
2022-04-26 13:56:44.899000,1.27119,1.27115,3420000,1200000
2022-04-26 13:56:44.951000,1.27115,1.27112,1880000,1200000
2022-04-26 13:56:45.053000,1.27116,1.27113,1440000,1200000
2022-04-26 13:56:45.155000,1.27116,1.27114,1200000,1200000
2022-04-26 13:56:45.359000,1.27118,1.27113,1320000,1200000
2022-04-26 13:56:47.161000,1.27118,1.27113,1320000,1200000
2022-04-26 13:56:48.262000,1.27118,1.27114,1920000,1200000
2022-04-26 13:56:48.799000,1.27118,1.27114,1340000,1200000
2022-04-26 13:56:48.900000,1.27119,1.27115,2040000,1200000
2022-04-26 13:56:56.507000,1.2712,1.27116,2520000,1200000
2022-04-26 13:56:56.711000,1.27119,1.27115,1440000,1200000
2022-04-26 13:56:58.223000,1.2712,1.27114,1920000,1200000
2022-04-26 13:57:02.345000,1.27117,1.27115,1320000,1200000
2022-04-26 13:57:02.548000,1.27116,1.27112,1320000,1200000
2022-04-26 13:57:03.245000,1.27115,1.27112,2290000,1200000
2022-04-26 13:57:03.348000,1.27112,1.2711,1320000,1200000
2022-04-26 13:57:03.399000,1.27111,1.27107,2060000,1200000
2022-04-26 13:57:03.521000,1.27112,1.27108,2060000,1200000
2022-04-26 13:57:06.701000,1.27108,1.27104,1880000,2700000
2022-04-26 13:57:08.262000,1.27103,1.271,1320000,1500000
2022-04-26 13:57:08.365000,1.27104,1.271,3650000,1200000
2022-04-26 13:57:08.416000,1.27102,1.27098,1500000,1500000
2022-04-26 13:57:08.518000,1.27101,1.27098,4340000,1200000
2022-04-26 13:57:08.684000,1.271,1.27096,1440000,1200000
2022-04-26 13:57:10.024000,1.27098,1.27094,1200000,1340000
2022-04-26 13:57:10.126000,1.27099,1.27094,1200000,1200000
2022-04-26 13:57:11.456000,1.271,1.27097,1320000,1200000
2022-04-26 13:57:11.558000,1.27102,1.27098,2520000,1200000
2022-04-26 13:57:11.660000,1.27102,1.27099,1440000,1200000
2022-04-26 13:57:11.763000,1.27105,1.27101,4090000,1200000
2022-04-26 13:57:12.170000,1.27105,1.27101,2110000,1200000
2022-04-26 13:57:12.559000,1.27104,1.271,1200000,1200000
2022-04-26 13:57:13.070000,1.27105,1.27101,1880000,1200000
2022-04-26 13:57:13.224000,1.27106,1.27102,1440000,1200000
2022-04-26 13:57:15.550000,1.27107,1.27101,1920000,1200000
2022-04-26 13:57:17.279000,1.27106,1.27102,1340000,1200000
2022-04-26 13:57:17.636000,1.27108,1.27106,1200000,1200000
2022-04-26 13:57:17.738000,1.2711,1.27104,1340000,1200000
2022-04-26 13:57:18.169000,1.27108,1.27104,1200000,1440000
2022-04-26 13:57:19.579000,1.27107,1.27104,1880000,1200000
2022-04-26 13:57:19.731000,1.27107,1.27103,1880000,1200000
2022-04-26 13:57:20.755000,1.27106,1.27103,1320000,1200000
2022-04-26 13:57:24.145000,1.27106,1.27102,1440000,1200000
2022-04-26 13:57:25.729000,1.27106,1.27102,1920000,1200000
2022-04-26 13:57:30.197000,1.27106,1.27102,2780000,1200000
2022-04-26 13:57:32.910000,1.27107,1.27104,1320000,1200000
2022-04-26 13:57:33.337000,1.27109,1.27105,3260000,1200000
2022-04-26 13:57:33.810000,1.27111,1.27106,1640000,1200000
2022-04-26 13:57:35.146000,1.27109,1.27107,1640000,1200000
2022-04-26 13:57:35.197000,1.27108,1.27104,3080000,2700000
2022-04-26 13:57:35.716000,1.27106,1.27102,1200000,1880000
2022-04-26 13:57:36.091000,1.27107,1.27103,1200000,1200000
2022-04-26 13:57:36.193000,1.27106,1.27102,1200000,1880000
2022-04-26 13:57:36.552000,1.27108,1.27102,1500000,1200000
2022-04-26 13:57:36.822000,1.27106,1.27102,1200000,1880000
2022-04-26 13:57:38.954000,1.27105,1.27101,1500000,1200000
2022-04-26 13:57:39.107000,1.27103,1.27099,3240000,1800000
2022-04-26 13:57:39.158000,1.27099,1.27095,2100000,5400000
2022-04-26 13:57:39.260000,1.27104,1.271,3260000,1200000
2022-04-26 13:57:39.362000,1.27104,1.27101,1210000,1200000
2022-04-26 13:57:40.795000,1.27104,1.27101,2180000,1200000
2022-04-26 13:57:41.267000,1.27105,1.271,1210000,1200000
2022-04-26 13:57:41.452000,1.27104,1.27101,1620000,1200000
2022-04-26 13:57:41.627000,1.27104,1.27101,1210000,1200000
2022-04-26 13:57:42.618000,1.27108,1.27105,1200000,1200000
2022-04-26 13:57:42.873000,1.2711,1.27106,3260000,1200000
2022-04-26 13:57:48.809000,1.27109,1.27106,3080000,1200000
2022-04-26 13:57:49.500000,1.27108,1.27104,2180000,1200000
2022-04-26 13:57:49.602000,1.27108,1.27104,1210000,1200000
2022-04-26 13:57:49.840000,1.27108,1.27105,1210000,1200000
2022-04-26 13:57:50.923000,1.27117,1.27115,2100000,1200000
2022-04-26 13:57:50.975000,1.27127,1.27124,3170000,1200000
2022-04-26 13:57:51.026000,1.27129,1.27125,2520000,1200000
2022-04-26 13:57:51.129000,1.27129,1.27125,1200000,1200000
2022-04-26 13:57:51.231000,1.27133,1.2713,2700000,1320000
2022-04-26 13:57:51.351000,1.27134,1.27131,1200000,1200000
2022-04-26 13:57:51.403000,1.27129,1.27126,1200000,2240000
2022-04-26 13:57:51.505000,1.27129,1.27125,1200000,1200000
2022-04-26 13:57:51.608000,1.27128,1.27124,1800000,1200000
2022-04-26 13:57:51.710000,1.27132,1.27129,1460000,1200000
2022-04-26 13:57:51.761000,1.27135,1.27133,1200000,1200000
2022-04-26 13:57:51.813000,1.27137,1.27133,1200000,1200000
2022-04-26 13:57:52.492000,1.2714,1.27138,1200000,1200000
2022-04-26 13:57:52.594000,1.27141,1.27136,1200000,1440000
2022-04-26 13:57:52.746000,1.27143,1.27139,1440000,1200000
2022-04-26 13:57:52.848000,1.27146,1.2714,1200000,1200000
2022-04-26 13:57:53.759000,1.2715,1.27146,5660000,1200000
2022-04-26 13:57:53.861000,1.27154,1.2715,1440000,1200000
2022-04-26 13:57:54.226000,1.27156,1.27152,1200000,1200000
2022-04-26 13:57:54.329000,1.27159,1.27156,1320000,1200000
2022-04-26 13:57:54.684000,1.2716,1.27156,3260000,1200000
2022-04-26 13:57:54.787000,1.27159,1.27155,3240000,1200000
2022-04-26 13:57:54.889000,1.27155,1.27151,1200000,1800000
2022-04-26 13:57:54.940000,1.27155,1.27151,1200000,1200000
2022-04-26 13:57:55.135000,1.27153,1.2715,1200000,1200000
2022-04-26 13:57:55.237000,1.2716,1.27156,1800000,1200000
2022-04-26 13:57:55.339000,1.27161,1.27157,1200000,1200000
2022-04-26 13:57:56.396000,1.2716,1.27156,1200000,1440000
2022-04-26 13:57:56.498000,1.27158,1.27152,1200000,1320000
2022-04-26 13:57:56.600000,1.27154,1.27152,1200000,1200000
2022-04-26 13:57:57.008000,1.27155,1.27152,1200000,1200000
2022-04-26 13:57:58.938000,1.27154,1.27152,1340000,1200000
2022-04-26 13:57:58.990000,1.27149,1.27144,2960000,5400000
2022-04-26 13:57:59.785000,1.27147,1.27143,1200000,5940000
2022-04-26 13:58:00.113000,1.27146,1.27142,1200000,5480000
2022-04-26 13:58:02.533000,1.27145,1.27141,1880000,5400000
2022-04-26 13:58:13.116000,1.27144,1.2714,1200000,5940000
2022-04-26 13:58:13.623000,1.27143,1.27139,1200000,1320000
2022-04-26 13:58:13.674000,1.2714,1.27137,1200000,5940000
2022-04-26 13:58:13.777000,1.27139,1.27135,1200000,5040000
2022-04-26 13:58:14.805000,1.27137,1.27133,1200000,6120000
2022-04-26 13:58:15.060000,1.27137,1.27133,1200000,5040000
2022-04-26 13:58:15.669000,1.2714,1.27134,1200000,5040000
2022-04-26 13:58:25.942000,1.27141,1.27138,2110000,1200000
2022-04-26 13:58:25.993000,1.27146,1.27143,2270000,1340000
2022-04-26 13:58:26.132000,1.27152,1.27149,1800000,1200000
2022-04-26 13:58:26.189000,1.27158,1.27154,1200000,1440000
2022-04-26 13:58:26.240000,1.27161,1.27157,1440000,1200000
2022-04-26 13:58:28.493000,1.27161,1.27155,8540000,1200000
2022-04-26 13:58:28.901000,1.27154,1.2715,8540000,2340000
2022-04-26 13:58:29.003000,1.27153,1.27147,8540000,1440000
2022-04-26 13:58:32.767000,1.27153,1.27149,9080000,1200000
2022-04-26 13:58:33.859000,1.27152,1.27148,8540000,1440000
2022-04-26 13:58:34.887000,1.27153,1.27147,8540000,1460000
2022-04-26 13:58:35.661000,1.27153,1.27149,8540000,1320000
2022-04-26 13:58:35.763000,1.27157,1.27153,9080000,1200000
2022-04-26 13:58:35.967000,1.27155,1.27152,8540000,1200000
2022-04-26 13:58:36.070000,1.27154,1.2715,8540000,2060000
2022-04-26 13:58:36.274000,1.27154,1.2715,8540000,1200000
2022-04-26 13:58:37.341000,1.27153,1.27149,8540000,1440000
2022-04-26 13:58:39.157000,1.27154,1.2715,9000000,1200000
2022-04-26 13:58:39.259000,1.27153,1.27149,8540000,1440000
2022-04-26 13:58:44.818000,1.27154,1.2715,8540000,2780000
2022-04-26 13:58:44.920000,1.27156,1.27152,9080000,1200000
2022-04-26 13:58:45.366000,1.27155,1.27151,8540000,1880000
2022-04-26 13:58:50.084000,1.27154,1.2715,8540000,1440000
2022-04-26 13:58:53.222000,1.27153,1.27149,8540000,1340000
2022-04-26 13:58:55.025000,1.27149,1.27146,1200000,2400000
2022-04-26 13:58:55.128000,1.27148,1.27146,1200000,1200000
2022-04-26 13:58:55.231000,1.27146,1.27142,1440000,1200000
2022-04-26 13:58:55.333000,1.27146,1.27142,1920000,1200000
2022-04-26 13:58:55.436000,1.27146,1.27142,1320000,1200000
2022-04-26 13:58:59.807000,1.27149,1.27144,1340000,1200000
2022-04-26 13:58:59.909000,1.27152,1.27148,8540000,1200000
2022-04-26 13:59:08.511000,1.27152,1.27148,8540000,2060000
2022-04-26 13:59:08.613000,1.27153,1.27149,8540000,1440000
2022-04-26 13:59:09.624000,1.27154,1.2715,8770000,1200000
2022-04-26 13:59:14.625000,1.27155,1.27151,8540000,1440000
2022-04-26 13:59:16,1.27154,1.2715,8770000,1340000
2022-04-26 13:59:17.351000,1.27153,1.27149,8540000,1200000
2022-04-26 13:59:18.176000,1.27154,1.2715,8540000,1340000
2022-04-26 13:59:24.469000,1.27154,1.27148,8540000,1340000
2022-04-26 13:59:24.571000,1.27158,1.27154,12550000,1200000
2022-04-26 13:59:24.623000,1.27159,1.27155,9080000,1200000
2022-04-26 13:59:24.844000,1.27161,1.27157,9910000,1200000
2022-04-26 13:59:24.997000,1.27161,1.27157,9770000,1200000
2022-04-26 13:59:25.151000,1.27163,1.27158,9720000,1340000
2022-04-26 13:59:25.253000,1.27163,1.27158,9080000,1340000
2022-04-26 13:59:25.869000,1.27163,1.27159,9080000,1200000
2022-04-26 13:59:25.971000,1.27163,1.27157,8640000,1200000
2022-04-26 13:59:26.074000,1.27163,1.27159,8540000,1200000
2022-04-26 13:59:30.071000,1.27165,1.27161,1200000,1320000
2022-04-26 13:59:30.173000,1.27162,1.2716,1200000,1800000
2022-04-26 13:59:30.275000,1.27162,1.27157,1320000,1880000
2022-04-26 13:59:30.378000,1.27163,1.27159,1500000,1200000
2022-04-26 13:59:30.683000,1.27164,1.2716,1200000,3540000
2022-04-26 13:59:30.785000,1.27161,1.27157,1200000,1920000
2022-04-26 13:59:30.836000,1.27163,1.27159,1440000,1200000
2022-04-26 13:59:30.939000,1.27164,1.2716,1440000,1200000
2022-04-26 13:59:31.041000,1.27163,1.27159,1200000,1340000
2022-04-26 13:59:31.601000,1.27162,1.27158,1200000,1200000
2022-04-26 13:59:33.135000,1.27161,1.27157,1200000,1200000
2022-04-26 13:59:34.363000,1.27161,1.27155,1200000,1340000
2022-04-26 13:59:36.335000,1.27159,1.27155,1200000,1200000
2022-04-26 13:59:38.418000,1.27159,1.27155,1200000,2940000
2022-04-26 13:59:38.470000,1.27163,1.27159,1800000,1440000
2022-04-26 13:59:38.572000,1.27163,1.27157,1200000,1460000
2022-04-26 13:59:39.404000,1.27162,1.27157,1200000,1200000
2022-04-26 13:59:40.217000,1.27163,1.27159,1200000,1440000
2022-04-26 13:59:40.789000,1.27164,1.2716,1200000,1880000
2022-04-26 13:59:42.736000,1.27165,1.27158,1200000,1440000
2022-04-26 13:59:43.553000,1.27165,1.27161,1440000,1340000
2022-04-26 13:59:43.655000,1.27168,1.27164,1880000,1340000
2022-04-26 13:59:43.757000,1.27169,1.27164,1200000,1340000
2022-04-26 13:59:43.961000,1.27169,1.27164,1200000,1800000
2022-04-26 13:59:44.063000,1.27173,1.27169,1200000,1440000
2022-04-26 13:59:44.216000,1.27171,1.27167,1200000,2700000
2022-04-26 13:59:45.054000,1.27174,1.2717,1440000,1200000
2022-04-26 13:59:46.585000,1.27173,1.27169,1200000,1340000
2022-04-26 13:59:47.234000,1.27174,1.2717,1200000,1200000
2022-04-26 13:59:47.336000,1.27173,1.27169,1200000,1340000
2022-04-26 13:59:47.947000,1.27175,1.27171,1320000,1200000
2022-04-26 13:59:47.998000,1.27178,1.27176,1200000,1200000
2022-04-26 13:59:48.050000,1.27184,1.2718,1800000,1200000
2022-04-26 13:59:48.253000,1.27184,1.27179,1200000,1200000
2022-04-26 13:59:48.660000,1.27184,1.2718,1200000,1200000
2022-04-26 13:59:49.639000,1.27183,1.27179,1200000,1200000
2022-04-26 13:59:50.532000,1.27183,1.27179,2960000,1200000
2022-04-26 13:59:50.634000,1.27183,1.27179,1880000,1200000
2022-04-26 13:59:51.157000,1.27184,1.27177,2060000,2690000
2022-04-26 13:59:51.462000,1.27184,1.27174,2960000,2580000
2022-04-26 13:59:52.109000,1.27184,1.27176,1320000,1320000
2022-04-26 13:59:52.312000,1.27185,1.27176,2060000,1880000
2022-04-26 13:59:52.799000,1.27185,1.27176,2060000,4840000
2022-04-26 13:59:53.281000,1.27185,1.27176,2060000,4920000
2022-04-26 13:59:53.536000,1.27179,1.27175,1200000,1440000
2022-04-26 13:59:53.587000,1.27181,1.27173,1440000,2520000
2022-04-26 13:59:54.012000,1.27179,1.27173,1440000,2040000
2022-04-26 13:59:54.133000,1.27179,1.27173,1440000,1440000
2022-04-26 13:59:55.058000,1.2718,1.27169,2060000,3480000
2022-04-26 13:59:55.160000,1.27177,1.2717,1440000,2580000
2022-04-26 13:59:55.668000,1.27176,1.2717,1460000,1860000
2022-04-26 13:59:55.719000,1.27178,1.27166,2520000,2580000
2022-04-26 13:59:55.822000,1.27178,1.27168,2060000,1320000
2022-04-26 13:59:56.026000,1.27175,1.27168,1320000,1320000
2022-04-26 13:59:56.128000,1.27175,1.27168,1320000,1320000
2022-04-26 13:59:56.230000,1.27174,1.27164,1920000,4380000
2022-04-26 13:59:56.332000,1.27175,1.27164,1200000,2760000
2022-04-26 13:59:56.434000,1.27176,1.27165,1800000,1340000
2022-04-26 13:59:56.748000,1.27174,1.27165,1200000,2320000
2022-04-26 13:59:56.850000,1.27174,1.27164,1200000,1200000
2022-04-26 13:59:58.164000,1.27176,1.27164,1340000,1860000
2022-04-26 13:59:58.266000,1.27176,1.27166,1800000,1860000
2022-04-26 13:59:58.368000,1.27176,1.27165,1800000,1860000
2022-04-26 13:59:58.470000,1.27173,1.27163,1200000,3660000
2022-04-26 13:59:58.623000,1.27174,1.27164,1200000,1860000
2022-04-26 13:59:58.724000,1.27175,1.27165,1340000,1860000
2022-04-26 13:59:59.018000,1.27175,1.27164,1340000,3220000
2022-04-26 13:59:59.120000,1.27174,1.27164,1200000,1200000
2022-04-26 13:59:59.223000,1.2717,1.2716,1200000,1860000
2022-04-26 13:59:59.274000,1.27171,1.27161,1340000,1860000
2022-04-26 13:59:59.376000,1.27171,1.2716,2240000,1800000
2022-04-26 13:59:59.694000,1.2717,1.2716,1200000,1200000
2022-04-26 14:00:00.004000,1.27173,1.2716,1200000,1200000
2022-04-26 14:00:00.106000,1.27175,1.27164,2400000,1880000
2022-04-26 14:00:00.360000,1.27175,1.27162,4200000,1800000
2022-04-26 14:00:00.812000,1.27176,1.27164,5940000,1200000
2022-04-26 14:00:00.863000,1.27173,1.27162,1200000,1860000
2022-04-26 14:00:00.965000,1.2717,1.27162,1200000,1200000
2022-04-26 14:00:01.016000,1.27172,1.27159,1200000,1800000
2022-04-26 14:00:01.118000,1.27172,1.2716,3540000,4560000
2022-04-26 14:00:01.220000,1.27172,1.27161,3540000,1200000
2022-04-26 14:00:01.322000,1.27174,1.2716,2240000,4500000
2022-04-26 14:00:01.374000,1.27172,1.27161,2640000,4560000
2022-04-26 14:00:01.425000,1.27175,1.27161,2400000,1800000
2022-04-26 14:00:01.528000,1.27174,1.27162,3080000,1860000
2022-04-26 14:00:01.630000,1.27175,1.27161,1800000,1200000
2022-04-26 14:00:01.732000,1.27175,1.27161,1800000,1800000
2022-04-26 14:00:01.834000,1.27176,1.27161,1200000,4720000
2022-04-26 14:00:02.746000,1.27178,1.27163,2840000,2700000
2022-04-26 14:00:03.101000,1.27178,1.27173,2640000,1200000
2022-04-26 14:00:03.152000,1.27179,1.27169,5780000,1860000
2022-04-26 14:00:03.305000,1.27181,1.2717,1200000,1200000
2022-04-26 14:00:03.356000,1.27182,1.27172,5400000,1200000
2022-04-26 14:00:03.627000,1.27182,1.27173,1200000,2760000
2022-04-26 14:00:03.882000,1.27183,1.27174,1800000,1200000
2022-04-26 14:00:03.933000,1.27184,1.27171,1800000,3660000
2022-04-26 14:00:04.035000,1.27182,1.27172,1200000,2760000
2022-04-26 14:00:04.137000,1.27181,1.27172,1340000,1200000
2022-04-26 14:00:04.340000,1.27181,1.27171,1340000,1200000
2022-04-26 14:00:04.442000,1.27183,1.27171,1200000,1200000
2022-04-26 14:00:04.544000,1.27181,1.27172,1200000,2760000
2022-04-26 14:00:04.977000,1.27181,1.27173,1200000,1200000
2022-04-26 14:00:05.079000,1.2718,1.27172,1800000,2760000
2022-04-26 14:00:05.130000,1.27175,1.27168,2400000,1860000
2022-04-26 14:00:05.181000,1.27176,1.27166,2840000,1200000
2022-04-26 14:00:05.283000,1.27177,1.27169,2400000,1860000
2022-04-26 14:00:05.582000,1.27175,1.27169,1200000,2320000
2022-04-26 14:00:05.735000,1.27175,1.27166,1200000,1200000
2022-04-26 14:00:05.786000,1.27178,1.27169,1200000,1200000
2022-04-26 14:00:05.888000,1.27181,1.27172,3540000,1200000
2022-04-26 14:00:06.350000,1.2718,1.27172,1200000,1860000
2022-04-26 14:00:06.452000,1.27179,1.27171,1200000,2240000
2022-04-26 14:00:06.605000,1.27174,1.27166,1200000,2460000
2022-04-26 14:00:06.656000,1.27175,1.27165,3080000,2460000
2022-04-26 14:00:06.758000,1.27174,1.27164,1200000,1800000
2022-04-26 14:00:06.885000,1.27174,1.27164,1200000,1200000
2022-04-26 14:00:06.987000,1.27174,1.27165,1200000,1200000
2022-04-26 14:00:07.089000,1.27177,1.27166,1340000,1340000
2022-04-26 14:00:07.191000,1.27179,1.2717,1340000,1200000
2022-04-26 14:00:07.293000,1.27179,1.2717,2060000,1920000
2022-04-26 14:00:07.395000,1.27179,1.2717,1340000,3420000
2022-04-26 14:00:07.599000,1.27179,1.27171,1200000,2520000
2022-04-26 14:00:07.701000,1.27181,1.2717,1340000,2520000
2022-04-26 14:00:09.487000,1.2718,1.27172,1940000,1320000
2022-04-26 14:00:09.690000,1.2718,1.27171,2520000,1320000
2022-04-26 14:00:09.742000,1.27179,1.27171,1320000,1320000
2022-04-26 14:00:09.844000,1.27181,1.27176,1800000,2060000
2022-04-26 14:00:09.946000,1.27186,1.27179,1340000,1320000
2022-04-26 14:00:10.049000,1.27189,1.27187,1200000,1200000
2022-04-26 14:00:10.100000,1.27195,1.27187,4440000,2060000
2022-04-26 14:00:10.152000,1.27197,1.27188,1200000,2060000
2022-04-26 14:00:10.305000,1.27199,1.27191,1200000,2060000
2022-04-26 14:00:10.407000,1.272,1.27192,1800000,1320000
2022-04-26 14:00:10.610000,1.272,1.27192,1340000,2060000
2022-04-26 14:00:10.733000,1.27202,1.27194,1880000,1320000
2022-04-26 14:00:10.835000,1.27203,1.27195,1880000,1320000
2022-04-26 14:00:11.090000,1.27205,1.27197,1320000,2060000
2022-04-26 14:00:11.192000,1.272,1.27196,1200000,1920000
2022-04-26 14:00:11.243000,1.27203,1.27199,1200000,1320000
2022-04-26 14:00:11.346000,1.27204,1.272,1200000,1320000
2022-04-26 14:00:11.499000,1.27201,1.27197,1200000,2060000
2022-04-26 14:00:11.652000,1.27202,1.27199,1200000,2340000
2022-04-26 14:00:11.755000,1.27201,1.27199,1200000,1800000
2022-04-26 14:00:11.857000,1.27201,1.27197,1200000,1320000
2022-04-26 14:00:12.009000,1.27202,1.27197,1200000,1920000
2022-04-26 14:00:12.483000,1.27202,1.27197,1200000,1440000
2022-04-26 14:00:12.585000,1.27197,1.27194,1440000,1200000
2022-04-26 14:00:12.687000,1.27195,1.2719,1440000,1200000
2022-04-26 14:00:12.789000,1.27196,1.27189,2520000,1200000
2022-04-26 14:00:12.840000,1.27195,1.27191,1440000,1200000
2022-04-26 14:00:12.942000,1.27194,1.2719,1320000,1200000
2022-04-26 14:00:13.602000,1.27192,1.27187,1200000,1200000
2022-04-26 14:00:13.705000,1.27193,1.27188,2340000,1200000
2022-04-26 14:00:13.965000,1.27192,1.27187,1200000,1200000
2022-04-26 14:00:14.219000,1.27192,1.27187,1200000,3420000
2022-04-26 14:00:14.322000,1.27193,1.27189,1200000,1920000
2022-04-26 14:00:14.956000,1.27193,1.27188,1200000,2060000
2022-04-26 14:00:15.058000,1.27193,1.27188,1200000,1920000
2022-04-26 14:00:15.635000,1.27193,1.27188,1200000,1440000
2022-04-26 14:00:15.737000,1.27191,1.27186,1440000,1200000
2022-04-26 14:00:15.891000,1.27191,1.27186,1200000,2040000
2022-04-26 14:00:15.942000,1.27193,1.27188,1200000,1440000
2022-04-26 14:00:16.045000,1.27193,1.27188,1200000,1920000
2022-04-26 14:00:16.464000,1.27198,1.27194,3600000,1440000
2022-04-26 14:00:16.516000,1.272,1.27195,1200000,1440000
2022-04-26 14:00:16.618000,1.27196,1.27191,1200000,1800000
2022-04-26 14:00:16.720000,1.27194,1.27187,1200000,1440000
2022-04-26 14:00:17.025000,1.27194,1.2719,1440000,1200000
2022-04-26 14:00:17.350000,1.27198,1.27195,2700000,1440000
2022-04-26 14:00:17.452000,1.27201,1.27196,1200000,1440000
2022-04-26 14:00:17.625000,1.27201,1.27197,1200000,1200000
2022-04-26 14:00:17.989000,1.27202,1.27197,1200000,1440000
2022-04-26 14:00:18.092000,1.27202,1.27197,2520000,1200000
2022-04-26 14:00:18.143000,1.27199,1.27194,1200000,1920000
2022-04-26 14:00:18.296000,1.27201,1.27197,1200000,1200000
2022-04-26 14:00:18.348000,1.27203,1.27198,1200000,1440000
2022-04-26 14:00:18.500000,1.27202,1.27198,1440000,1200000
2022-04-26 14:00:18.603000,1.27203,1.27196,2340000,1200000
2022-04-26 14:00:18.654000,1.27199,1.27194,1200000,1440000
2022-04-26 14:00:18.807000,1.27198,1.27194,1200000,1440000
2022-04-26 14:00:18.909000,1.27201,1.27196,1200000,1440000
2022-04-26 14:00:19.165000,1.27201,1.27196,1200000,1920000
2022-04-26 14:00:19.267000,1.27202,1.27197,1200000,1920000
2022-04-26 14:00:19.369000,1.27203,1.27196,1200000,1440000
2022-04-26 14:00:19.471000,1.27203,1.27196,1200000,1920000
2022-04-26 14:00:19.623000,1.27202,1.27197,1200000,1920000
2022-04-26 14:00:19.725000,1.27202,1.27197,1200000,1920000
2022-04-26 14:00:19.979000,1.27202,1.27197,1200000,1920000
2022-04-26 14:00:20.544000,1.27202,1.27197,1200000,1920000
2022-04-26 14:00:20.761000,1.27203,1.27198,1200000,1460000
2022-04-26 14:00:20.914000,1.27207,1.27203,2700000,1460000
2022-04-26 14:00:20.966000,1.27211,1.27206,1200000,1200000
2022-04-26 14:00:21.132000,1.27211,1.27206,1200000,2520000
2022-04-26 14:00:21.234000,1.27216,1.27211,2810000,1200000
2022-04-26 14:00:21.337000,1.27214,1.2721,1200000,1320000
2022-04-26 14:00:21.388000,1.27213,1.27208,1200000,1200000
2022-04-26 14:00:21.490000,1.27212,1.27207,1200000,1320000
2022-04-26 14:00:21.643000,1.27211,1.27206,1200000,1200000
2022-04-26 14:00:22.101000,1.2721,1.27205,1200000,1200000
2022-04-26 14:00:22.254000,1.27207,1.27202,1200000,1320000
2022-04-26 14:00:22.356000,1.27203,1.27198,1200000,2340000
2022-04-26 14:00:22.459000,1.27206,1.27202,3600000,1200000
2022-04-26 14:00:22.561000,1.27203,1.27198,1200000,1920000
2022-04-26 14:00:22.663000,1.27204,1.27197,1200000,1440000
2022-04-26 14:00:22.816000,1.27206,1.27202,1800000,1200000
2022-04-26 14:00:22.868000,1.27208,1.27203,1200000,1200000
2022-04-26 14:00:23.021000,1.27209,1.27207,1800000,3600000
2022-04-26 14:00:23.072000,1.27214,1.27209,5400000,1320000
2022-04-26 14:00:23.543000,1.27213,1.27208,5400000,3010000
2022-04-26 14:00:23.594000,1.27215,1.2721,5400000,1440000
2022-04-26 14:00:24.403000,1.27213,1.27209,5400000,1440000
2022-04-26 14:00:24.556000,1.27212,1.27208,5400000,1440000
2022-04-26 14:00:24.658000,1.2721,1.27207,1200000,1880000
2022-04-26 14:00:25.522000,1.27212,1.27209,5400000,1500000
2022-04-26 14:00:25.573000,1.27218,1.27213,7250000,1440000
2022-04-26 14:00:25.828000,1.27222,1.2722,4500000,2030000
2022-04-26 14:00:25.930000,1.2722,1.27217,6840000,2240000
2022-04-26 14:00:25.982000,1.27217,1.27212,5400000,4550000
2022-04-26 14:00:26.033000,1.2722,1.27216,1200000,1200000
2022-04-26 14:00:26.135000,1.27221,1.27216,5480000,1200000
2022-04-26 14:00:26.237000,1.2722,1.27215,5400000,1440000
2022-04-26 14:00:26.487000,1.27221,1.27216,5480000,1200000
2022-04-26 14:00:26.589000,1.27222,1.27216,5400000,1200000
2022-04-26 14:00:26.691000,1.27221,1.27216,5960000,1200000
2022-04-26 14:00:26.793000,1.27221,1.27216,5480000,1200000
2022-04-26 14:00:26.895000,1.2722,1.27216,5400000,1200000
2022-04-26 14:00:27.602000,1.27221,1.27216,5400000,1200000
2022-04-26 14:00:27.856000,1.27222,1.27217,5400000,1200000
2022-04-26 14:00:27.958000,1.2722,1.27216,5400000,1200000
2022-04-26 14:00:28.009000,1.27222,1.27217,5480000,1200000
2022-04-26 14:00:28.112000,1.27223,1.27219,5400000,1440000
2022-04-26 14:00:28.214000,1.27224,1.27219,5400000,1440000
2022-04-26 14:00:28.607000,1.27225,1.2722,6170000,1200000
2022-04-26 14:00:29.205000,1.27224,1.27219,5400000,1200000
2022-04-26 14:00:29.714000,1.27224,1.2722,5400000,1200000
2022-04-26 14:00:30.386000,1.27228,1.27221,5630000,1200000
2022-04-26 14:00:30.489000,1.27229,1.27225,5400000,1200000
2022-04-26 14:00:30.692000,1.27228,1.27223,5400000,1440000
2022-04-26 14:00:30.947000,1.27229,1.27224,5400000,1200000
2022-04-26 14:00:31.505000,1.2723,1.27225,5400000,1200000
2022-04-26 14:00:31.557000,1.27231,1.27227,5400000,1200000
2022-04-26 14:00:31.710000,1.27234,1.27229,6020000,1320000
2022-04-26 14:00:31.761000,1.27234,1.27229,5400000,1880000
2022-04-26 14:00:32.004000,1.27233,1.27229,5400000,1320000
2022-04-26 14:00:32.106000,1.27234,1.2723,5400000,1200000
2022-04-26 14:00:32.309000,1.27235,1.2723,5400000,1200000
2022-04-26 14:00:32.572000,1.27238,1.27234,4550000,2780000
2022-04-26 14:00:32.674000,1.27241,1.27236,4730000,1200000
2022-04-26 14:00:33.095000,1.27239,1.27235,6120000,1200000
2022-04-26 14:00:33.197000,1.2724,1.27235,7340000,1200000
2022-04-26 14:00:33.350000,1.2724,1.27235,5400000,1800000
2022-04-26 14:00:33.604000,1.27239,1.27235,5400000,1200000
2022-04-26 14:00:33.706000,1.27239,1.27234,5400000,1340000
2022-04-26 14:00:33.859000,1.27238,1.27234,5400000,1200000
2022-04-26 14:00:34.114000,1.27236,1.27233,5400000,1880000
2022-04-26 14:00:34.579000,1.27236,1.27232,5400000,1880000
2022-04-26 14:00:34.943000,1.27236,1.27233,5400000,1200000
2022-04-26 14:00:35.166000,1.27237,1.27233,5400000,1200000
2022-04-26 14:00:35.268000,1.27235,1.27233,5400000,1200000
2022-04-26 14:00:35.421000,1.27236,1.27233,5400000,1200000
2022-04-26 14:00:35.472000,1.27235,1.2723,5940000,1200000
2022-04-26 14:00:35.574000,1.27234,1.27232,5400000,1200000
2022-04-26 14:00:35.626000,1.27236,1.27232,1200000,1200000
2022-04-26 14:00:35.677000,1.27232,1.27229,5400000,4090000
2022-04-26 14:00:36.179000,1.27229,1.27224,1200000,2570000
2022-04-26 14:00:36.230000,1.27227,1.27224,1200000,1800000
2022-04-26 14:00:36.282000,1.27223,1.27219,5400000,2750000
2022-04-26 14:00:36.384000,1.27222,1.27219,5400000,1440000
2022-04-26 14:00:36.436000,1.27221,1.27217,5940000,1800000
2022-04-26 14:00:36.487000,1.27218,1.27213,1800000,1320000
2022-04-26 14:00:36.590000,1.27219,1.27211,1800000,2220000
2022-04-26 14:00:36.692000,1.27215,1.27212,5400000,1500000
2022-04-26 14:00:36.795000,1.27214,1.27211,5400000,2820000
2022-04-26 14:00:36.998000,1.27216,1.27212,5400000,1570000
2022-04-26 14:00:37.100000,1.27215,1.27211,5400000,2820000
2022-04-26 14:00:37.202000,1.27214,1.27211,5400000,2820000
2022-04-26 14:00:37.616000,1.27215,1.27212,5400000,1670000
2022-04-26 14:00:38.725000,1.27214,1.27211,5400000,2820000
2022-04-26 14:00:38.777000,1.27213,1.27209,6380000,1800000
2022-04-26 14:00:38.828000,1.27211,1.27206,1200000,4200000
2022-04-26 14:00:38.879000,1.27209,1.27206,1200000,2340000
2022-04-26 14:00:39.083000,1.27209,1.27207,1200000,1200000
2022-04-26 14:00:39.135000,1.27215,1.27211,5840000,1670000
2022-04-26 14:00:39.339000,1.27215,1.27211,5400000,2220000
2022-04-26 14:00:39.441000,1.27216,1.27211,5400000,2220000
2022-04-26 14:00:40.318000,1.27216,1.27212,5400000,2220000
2022-04-26 14:00:40.420000,1.27215,1.2721,5400000,5740000
2022-04-26 14:00:40.522000,1.27215,1.27211,5400000,3760000
2022-04-26 14:00:40.934000,1.27214,1.2721,5400000,2520000
2022-04-26 14:00:41.342000,1.27216,1.27211,5400000,5400000
2022-04-26 14:00:41.394000,1.27218,1.27212,5040000,2630000
2022-04-26 14:00:41.445000,1.27216,1.27212,5400000,1670000
2022-04-26 14:00:42.145000,1.27214,1.27209,5400000,5280000
2022-04-26 14:00:42.247000,1.27215,1.27211,5400000,1670000
2022-04-26 14:00:42.349000,1.27216,1.27212,5400000,1440000
2022-04-26 14:00:42.451000,1.27217,1.27212,5400000,3650000
2022-04-26 14:00:43.421000,1.27218,1.27211,6380000,2440000
2022-04-26 14:00:43.472000,1.27215,1.27211,5400000,3560000
2022-04-26 14:00:44.231000,1.27216,1.27209,5400000,5950000
2022-04-26 14:00:44.485000,1.27217,1.27212,5400000,5050000
2022-04-26 14:00:45.214000,1.27221,1.27217,5400000,1440000
2022-04-26 14:00:45.316000,1.2722,1.27216,5400000,1880000
2022-04-26 14:00:45.418000,1.27223,1.27217,5400000,2100000
2022-04-26 14:00:45.520000,1.27224,1.27217,1200000,1910000
2022-04-26 14:00:45.576000,1.27222,1.27217,5630000,3240000
2022-04-26 14:00:45.678000,1.27222,1.27218,5400000,1500000
2022-04-26 14:00:45.780000,1.27223,1.27218,1500000,1880000
2022-04-26 14:00:45.883000,1.27223,1.27217,1500000,6670000
2022-04-26 14:00:45.985000,1.27222,1.27215,1200000,4380000
2022-04-26 14:00:46.087000,1.27219,1.27215,5400000,1440000
2022-04-26 14:00:46.341000,1.27221,1.27215,5480000,1860000
2022-04-26 14:00:46.392000,1.27218,1.27214,5400000,1440000
2022-04-26 14:00:46.494000,1.27217,1.27213,5400000,3300000
2022-04-26 14:00:47.210000,1.27217,1.27213,5400000,3480000
2022-04-26 14:00:47.300000,1.2722,1.27214,5400000,1200000
2022-04-26 14:00:47.453000,1.27217,1.27213,5400000,1440000
2022-04-26 14:00:48.115000,1.27213,1.27209,5940000,2700000
2022-04-26 14:00:48.218000,1.27209,1.27205,1200000,1440000
2022-04-26 14:00:48.624000,1.2721,1.27203,2340000,1200000
2022-04-26 14:00:51.338000,1.27209,1.27204,1200000,2060000
2022-04-26 14:00:51.440000,1.27211,1.27205,2520000,1860000
2022-04-26 14:00:51.542000,1.27209,1.27204,1200000,3300000
2022-04-26 14:00:51.898000,1.27207,1.27203,1440000,2760000
2022-04-26 14:00:52.153000,1.27203,1.27201,1200000,1800000
2022-04-26 14:00:52.255000,1.27204,1.27199,1440000,1200000
2022-04-26 14:00:53.674000,1.27203,1.27198,1200000,2150000
2022-04-26 14:00:53.878000,1.27202,1.27197,1200000,4960000
2022-04-26 14:00:53.980000,1.27203,1.27198,1200000,2990000
2022-04-26 14:00:54.081000,1.27205,1.27199,2060000,1860000
2022-04-26 14:00:54.225000,1.27203,1.27198,1200000,2990000
2022-04-26 14:00:54.429000,1.27202,1.27197,1200000,1670000
2022-04-26 14:00:54.685000,1.27201,1.27197,1200000,3530000
2022-04-26 14:00:54.787000,1.27201,1.27196,1200000,2110000
2022-04-26 14:00:54.940000,1.27201,1.27196,1200000,3080000
2022-04-26 14:00:55.632000,1.27204,1.27199,1880000,1200000
2022-04-26 14:00:55.785000,1.27202,1.27198,1200000,1440000
2022-04-26 14:00:56.686000,1.27206,1.27204,1800000,1200000
2022-04-26 14:00:56.788000,1.27208,1.27204,1200000,1200000
2022-04-26 14:00:59.034000,1.27208,1.27203,1200000,1440000
2022-04-26 14:00:59.136000,1.27208,1.27204,1200000,1200000
2022-04-26 14:00:59.319000,1.27207,1.27203,1200000,1200000
2022-04-26 14:01:00.261000,1.27207,1.27201,1200000,1440000
2022-04-26 14:01:00.312000,1.27208,1.27204,1200000,1200000
2022-04-26 14:01:01.922000,1.27206,1.27201,3240000,3760000
2022-04-26 14:01:01.974000,1.27203,1.27201,1200000,1800000
2022-04-26 14:01:02.025000,1.27201,1.27196,1200000,4310000
2022-04-26 14:01:02.229000,1.27202,1.27197,1440000,1210000
2022-04-26 14:01:02.331000,1.27201,1.27197,1200000,1210000
2022-04-26 14:01:03.299000,1.27201,1.27196,1440000,1340000
2022-04-26 14:01:04.669000,1.272,1.27196,1200000,1200000
2022-04-26 14:01:06.124000,1.27197,1.27193,2960000,1800000
2022-04-26 14:01:06.176000,1.27195,1.27189,2060000,3300000
2022-04-26 14:01:06.278000,1.27194,1.27188,1200000,1320000
2022-04-26 14:01:08.480000,1.27195,1.27192,1200000,1200000
2022-04-26 14:01:08.582000,1.27193,1.27188,1200000,3480000
2022-04-26 14:01:08.735000,1.27193,1.27188,1200000,1440000
2022-04-26 14:01:09.556000,1.27193,1.27188,1200000,1920000
2022-04-26 14:01:09.709000,1.27197,1.27193,3140000,1200000
2022-04-26 14:01:09.812000,1.27198,1.27194,1200000,1440000
2022-04-26 14:01:10.169000,1.272,1.27194,1200000,1200000
2022-04-26 14:01:10.271000,1.272,1.27196,1200000,1200000
2022-04-26 14:01:10.576000,1.27199,1.27195,1200000,1320000
2022-04-26 14:01:10.678000,1.27201,1.27197,2060000,1200000
2022-04-26 14:01:11.044000,1.27202,1.27198,2960000,1200000
2022-04-26 14:01:11.146000,1.27201,1.27197,1440000,1200000
2022-04-26 14:01:11.248000,1.27201,1.27197,1920000,1200000
2022-04-26 14:01:12.094000,1.272,1.27197,2060000,1200000
2022-04-26 14:01:12.196000,1.27199,1.27196,1320000,1200000
2022-04-26 14:01:12.350000,1.27198,1.27193,3380000,1320000
2022-04-26 14:01:12.454000,1.27197,1.27195,1320000,1200000
2022-04-26 14:01:12.556000,1.27199,1.27196,1920000,1200000
2022-04-26 14:01:12.760000,1.27202,1.27196,3260000,1200000
2022-04-26 14:01:12.913000,1.27201,1.27197,1440000,1200000
2022-04-26 14:01:13.468000,1.27201,1.27197,1920000,1200000
2022-04-26 14:01:13.825000,1.27198,1.27196,1320000,1200000
2022-04-26 14:01:14.860000,1.27198,1.27195,1320000,1200000
2022-04-26 14:01:16.070000,1.272,1.27198,1320000,1200000
2022-04-26 14:01:16.172000,1.27202,1.27198,3420000,1200000
2022-04-26 14:01:18.556000,1.27199,1.27194,2540000,2580000
2022-04-26 14:01:18.607000,1.27189,1.27183,2960000,6590000
2022-04-26 14:01:18.659000,1.27192,1.27189,2290000,1200000
2022-04-26 14:01:18.710000,1.27194,1.2719,1200000,1200000
2022-04-26 14:01:18.762000,1.27191,1.27186,1320000,1200000
2022-04-26 14:01:18.864000,1.2719,1.27186,1320000,1200000
2022-04-26 14:01:18.967000,1.27192,1.27189,1200000,1200000
2022-04-26 14:01:19.069000,1.27192,1.27188,1200000,1200000
2022-04-26 14:01:19.171000,1.27192,1.27186,1920000,1200000
2022-04-26 14:01:19.905000,1.27192,1.27188,2040000,1200000
2022-04-26 14:01:20.007000,1.27192,1.27188,1880000,1200000
2022-04-26 14:01:20.232000,1.27193,1.27187,2040000,1200000
2022-04-26 14:01:20.283000,1.27189,1.27183,2060000,1320000
2022-04-26 14:01:20.335000,1.2719,1.27186,2040000,1200000
2022-04-26 14:01:20.437000,1.27189,1.27186,1320000,1200000
2022-04-26 14:01:20.539000,1.2719,1.27186,1880000,1200000
2022-04-26 14:01:21.556000,1.27188,1.27184,1440000,1200000
2022-04-26 14:01:21.658000,1.27187,1.27183,1880000,1200000
2022-04-26 14:01:21.760000,1.27186,1.27183,1320000,1200000
2022-04-26 14:01:21.964000,1.27184,1.2718,1440000,1200000
2022-04-26 14:01:22.016000,1.27174,1.27171,3140000,10850000
2022-04-26 14:01:22.270000,1.27174,1.2717,2060000,1200000
2022-04-26 14:01:22.322000,1.27176,1.27173,1920000,1200000
2022-04-26 14:01:22.424000,1.27177,1.27173,3840000,1200000
2022-04-26 14:01:22.527000,1.27175,1.27171,2340000,1200000
2022-04-26 14:01:22.865000,1.27176,1.27171,3170000,1200000
2022-04-26 14:01:23.586000,1.27176,1.27172,2720000,1200000
2022-04-26 14:01:23.638000,1.27178,1.27174,1820000,1200000
2022-04-26 14:01:23.689000,1.27178,1.27174,1200000,1200000
2022-04-26 14:01:23.842000,1.2718,1.27176,1800000,1200000
2022-04-26 14:01:23.894000,1.27182,1.27178,2240000,1200000
2022-04-26 14:01:24.938000,1.27183,1.27178,1800000,1200000
2022-04-26 14:01:26.938000,1.27183,1.27178,2180000,1200000
2022-04-26 14:01:26.990000,1.27182,1.27178,1200000,1200000
2022-04-26 14:01:27.143000,1.27181,1.27178,1500000,1200000
2022-04-26 14:01:27.194000,1.27182,1.27178,1500000,1200000
2022-04-26 14:01:27.246000,1.27181,1.27178,1500000,1200000
2022-04-26 14:01:28.004000,1.27182,1.27178,1200000,1970000
2022-04-26 14:01:28.056000,1.27186,1.27182,2820000,1200000
2022-04-26 14:01:28.158000,1.27189,1.27185,4040000,2030000
2022-04-26 14:01:28.261000,1.2719,1.27186,1200000,1200000
2022-04-26 14:01:28.711000,1.27188,1.27184,1200000,1200000
2022-04-26 14:01:29.067000,1.27187,1.27183,1200000,1200000
2022-04-26 14:01:30.657000,1.27188,1.27182,2520000,1200000
2022-04-26 14:01:30.810000,1.27185,1.27182,1200000,1200000
2022-04-26 14:01:31.146000,1.27186,1.27182,1880000,1200000
2022-04-26 14:01:31.808000,1.2718,1.27178,1200000,1700000
2022-04-26 14:01:32.353000,1.27184,1.2718,1920000,1200000
2022-04-26 14:01:32.506000,1.27184,1.2718,1440000,1200000
2022-04-26 14:01:34.417000,1.27188,1.27182,2780000,1200000
2022-04-26 14:01:34.626000,1.27185,1.27182,1440000,1200000
2022-04-26 14:01:34.779000,1.27187,1.27181,1320000,1200000
2022-04-26 14:01:35.097000,1.27186,1.27182,1920000,1200000
2022-04-26 14:01:35.374000,1.27186,1.27182,1440000,1200000
2022-04-26 14:01:36.783000,1.27188,1.27186,1340000,1200000
2022-04-26 14:01:36.834000,1.2719,1.27187,1200000,1200000
2022-04-26 14:01:36.886000,1.2719,1.27189,1200000,2760000
2022-04-26 14:01:36.937000,1.27193,1.27189,5400000,1320000
2022-04-26 14:01:38.004000,1.27195,1.27191,6380000,1800000
2022-04-26 14:01:38.207000,1.27194,1.2719,5400000,1320000
2022-04-26 14:01:39.895000,1.27193,1.27189,5400000,1460000
2022-04-26 14:01:40.098000,1.27193,1.27189,5400000,1440000
2022-04-26 14:01:40.200000,1.27191,1.27189,1200000,1440000
2022-04-26 14:01:40.353000,1.27193,1.27189,1200000,1440000
2022-04-26 14:01:42.444000,1.27192,1.27188,1200000,1340000
2022-04-26 14:01:42.706000,1.27189,1.27185,1200000,2750000
2022-04-26 14:01:42.909000,1.27189,1.27185,1200000,2760000
2022-04-26 14:01:46.983000,1.2719,1.27186,1200000,1200000
2022-04-26 14:01:47.136000,1.27192,1.27188,1200000,1320000
2022-04-26 14:01:48.108000,1.27192,1.27186,1880000,2110000
2022-04-26 14:01:48.160000,1.27189,1.27182,1200000,3240000
2022-04-26 14:01:48.262000,1.27188,1.27183,1200000,3610000
2022-04-26 14:01:48.364000,1.27186,1.27182,1200000,2480000
2022-04-26 14:01:48.723000,1.27185,1.27181,1200000,1500000
2022-04-26 14:01:48.826000,1.27182,1.27178,1200000,1200000
2022-04-26 14:01:48.928000,1.27181,1.27177,1200000,1320000
2022-04-26 14:01:51.078000,1.27177,1.27173,1200000,1500000
2022-04-26 14:01:51.231000,1.27176,1.27172,2940000,1200000
2022-04-26 14:01:51.282000,1.27175,1.27169,1340000,1200000
2022-04-26 14:01:51.436000,1.27173,1.27168,1200000,2760000
2022-04-26 14:01:51.642000,1.27173,1.27167,2780000,1860000
2022-04-26 14:01:51.693000,1.2717,1.27166,1200000,1500000
2022-04-26 14:01:51.745000,1.27169,1.27164,1200000,3760000
2022-04-26 14:01:52.152000,1.27173,1.27167,1200000,1200000
2022-04-26 14:01:52.304000,1.27173,1.27168,1200000,1200000
2022-04-26 14:01:53.528000,1.27173,1.27169,1200000,1200000
2022-04-26 14:01:53.630000,1.27175,1.27171,1200000,1200000
2022-04-26 14:01:53.783000,1.27174,1.2717,1200000,1200000
2022-04-26 14:01:54.163000,1.27175,1.27171,1200000,1200000
2022-04-26 14:01:55.602000,1.27174,1.2717,1200000,1200000
2022-04-26 14:01:58.734000,1.27171,1.27167,1200000,1500000
2022-04-26 14:01:58.837000,1.27173,1.27169,1200000,1200000
2022-04-26 14:01:58.939000,1.27177,1.27172,2340000,1200000
2022-04-26 14:01:59.041000,1.27179,1.27175,1340000,1200000
2022-04-26 14:01:59.144000,1.27175,1.27172,1200000,3960000
2022-04-26 14:01:59.196000,1.27177,1.27174,1200000,1200000
2022-04-26 14:01:59.298000,1.27178,1.27174,1880000,1200000
2022-04-26 14:01:59.400000,1.27177,1.27173,1340000,1200000
2022-04-26 14:01:59.553000,1.27176,1.27172,1340000,1200000
2022-04-26 14:01:59.858000,1.27178,1.27174,1440000,1200000
2022-04-26 14:01:59.961000,1.27179,1.27172,1200000,1200000
2022-04-26 14:02:00.317000,1.27178,1.27174,1440000,1200000
2022-04-26 14:02:00.999000,1.27182,1.27178,1200000,1200000
2022-04-26 14:02:02.139000,1.27184,1.27177,1880000,1200000
2022-04-26 14:02:02.241000,1.27183,1.27179,1880000,1200000
2022-04-26 14:02:02.343000,1.27187,1.27183,2400000,2780000
2022-04-26 14:02:02.395000,1.27191,1.27187,1460000,1200000
2022-04-26 14:02:02.446000,1.27192,1.27187,1440000,1200000
2022-04-26 14:02:04.001000,1.27192,1.27187,2040000,1200000
2022-04-26 14:02:04.053000,1.27193,1.27189,1440000,1200000
2022-04-26 14:02:05.031000,1.27193,1.27188,2940000,1200000
2022-04-26 14:02:05.133000,1.27193,1.27189,1460000,1200000
2022-04-26 14:02:05.973000,1.27192,1.27187,1440000,1340000
2022-04-26 14:02:06.075000,1.27192,1.27188,1320000,1200000
2022-04-26 14:02:06.771000,1.27192,1.27188,2360000,1200000
2022-04-26 14:02:06.873000,1.27192,1.27188,1320000,1200000
2022-04-26 14:02:08.276000,1.27192,1.27187,1320000,1440000
2022-04-26 14:02:09.042000,1.27192,1.27185,1200000,1340000
2022-04-26 14:02:09.217000,1.27186,1.27182,1200000,1340000
2022-04-26 14:02:09.675000,1.27186,1.27181,1200000,1340000
2022-04-26 14:02:10.063000,1.27182,1.27176,1320000,3660000
2022-04-26 14:02:10.165000,1.27181,1.27176,1320000,1320000
2022-04-26 14:02:10.267000,1.27182,1.27178,1440000,1200000
2022-04-26 14:02:11.241000,1.27182,1.27177,1320000,1440000
2022-04-26 14:02:11.639000,1.27179,1.27174,1200000,3960000
2022-04-26 14:02:11.742000,1.27178,1.27174,1200000,1200000
2022-04-26 14:02:11.996000,1.27181,1.27177,1200000,1200000
2022-04-26 14:02:13.065000,1.27179,1.27174,1440000,1200000
2022-04-26 14:02:13.167000,1.27175,1.27171,1440000,1200000
2022-04-26 14:02:13.320000,1.27174,1.2717,1200000,1200000
2022-04-26 14:02:13.422000,1.27174,1.2717,1460000,1200000
2022-04-26 14:02:13.533000,1.27173,1.27168,1320000,1320000
2022-04-26 14:02:13.635000,1.27172,1.27168,1200000,1320000
2022-04-26 14:02:14.149000,1.27171,1.27167,1200000,1500000
2022-04-26 14:02:14.201000,1.27169,1.27165,1340000,1200000
2022-04-26 14:02:14.303000,1.27166,1.27161,1200000,1500000
2022-04-26 14:02:14.405000,1.27168,1.27163,1460000,1200000
2022-04-26 14:02:14.610000,1.27167,1.27162,1880000,1200000
2022-04-26 14:02:14.763000,1.27166,1.27161,1200000,1320000
2022-04-26 14:02:15.095000,1.27166,1.27162,1200000,1200000
2022-04-26 14:02:15.201000,1.27167,1.27163,1200000,1200000
2022-04-26 14:02:15.824000,1.27164,1.27158,1200000,2220000
2022-04-26 14:02:15.926000,1.27162,1.27157,1320000,1200000
2022-04-26 14:02:16.029000,1.27164,1.27157,1440000,1200000
2022-04-26 14:02:16.131000,1.27163,1.27159,1440000,1200000
2022-04-26 14:02:16.334000,1.27163,1.27158,1200000,1440000
2022-04-26 14:02:16.760000,1.27165,1.27161,1440000,1200000
2022-04-26 14:02:16.862000,1.27166,1.27162,1440000,1200000
2022-04-26 14:02:18.994000,1.27167,1.27162,1880000,1200000
2022-04-26 14:02:19.197000,1.27169,1.27165,2060000,1200000
2022-04-26 14:02:19.300000,1.27168,1.27164,1440000,1200000
2022-04-26 14:02:19.402000,1.27165,1.27161,2820000,1500000
2022-04-26 14:02:19.504000,1.27165,1.2716,1690000,1500000
2022-04-26 14:02:20.063000,1.27168,1.27163,2060000,1200000
2022-04-26 14:02:20.216000,1.27168,1.27164,1920000,1200000
2022-04-26 14:02:21.177000,1.27167,1.27163,1440000,1200000
2022-04-26 14:02:24.662000,1.27168,1.27164,1320000,1200000
2022-04-26 14:02:24.764000,1.27169,1.27164,1570000,1200000
2022-04-26 14:02:26.914000,1.27171,1.27166,2340000,1200000
2022-04-26 14:02:27.169000,1.27171,1.27166,1340000,1920000
2022-04-26 14:02:27.657000,1.27172,1.27167,1200000,1440000
2022-04-26 14:02:27.759000,1.27171,1.27167,1200000,1200000
2022-04-26 14:02:27.980000,1.2717,1.27166,1200000,1440000
2022-04-26 14:02:28.082000,1.27171,1.27166,1880000,1200000
2022-04-26 14:02:28.184000,1.27171,1.27167,1440000,1200000
2022-04-26 14:02:28.865000,1.27171,1.27166,1440000,1200000
2022-04-26 14:02:29.272000,1.27172,1.27167,1920000,1200000
2022-04-26 14:02:29.374000,1.27174,1.2717,1440000,1200000
2022-04-26 14:02:29.476000,1.27173,1.27168,2340000,1200000
2022-04-26 14:02:29.732000,1.27173,1.27168,1920000,1200000
2022-04-26 14:02:30.456000,1.27173,1.27168,1440000,1200000
2022-04-26 14:02:30.609000,1.27173,1.27169,1440000,1200000
2022-04-26 14:02:30.661000,1.27183,1.2718,1200000,1200000
2022-04-26 14:02:30.712000,1.2719,1.27188,1200000,1200000
2022-04-26 14:02:30.764000,1.27195,1.27191,1200000,1200000
2022-04-26 14:02:30.866000,1.27195,1.27191,1440000,1200000
2022-04-26 14:02:31.121000,1.27195,1.27191,1920000,1200000
2022-04-26 14:02:32.109000,1.27194,1.2719,1920000,1200000
2022-04-26 14:02:32.701000,1.27188,1.27184,1440000,1200000
2022-04-26 14:02:32.803000,1.27188,1.27183,1440000,1200000
2022-04-26 14:02:32.905000,1.27186,1.27182,1200000,1200000
2022-04-26 14:02:33.261000,1.27186,1.27182,1920000,1200000
2022-04-26 14:02:33.363000,1.27186,1.27182,1920000,1200000
2022-04-26 14:02:33.576000,1.27182,1.27178,1440000,1200000
2022-04-26 14:02:33.728000,1.27182,1.27178,1920000,1200000
2022-04-26 14:02:33.830000,1.27182,1.27178,1440000,1200000
2022-04-26 14:02:34.061000,1.27184,1.27178,1920000,1200000
2022-04-26 14:02:34.470000,1.27183,1.27179,1440000,1200000
2022-04-26 14:02:34.904000,1.27183,1.27179,1920000,1200000
2022-04-26 14:02:35.006000,1.27182,1.27178,1440000,1200000
2022-04-26 14:02:35.210000,1.27184,1.2718,2520000,1200000
2022-04-26 14:02:35.464000,1.27184,1.2718,1440000,1200000
2022-04-26 14:02:35.981000,1.27182,1.27178,1200000,1200000
2022-04-26 14:02:36.095000,1.27181,1.27177,1200000,1200000
2022-04-26 14:02:36.350000,1.27182,1.27178,1200000,1200000
2022-04-26 14:02:36.503000,1.27183,1.27178,1440000,1200000
2022-04-26 14:02:36.664000,1.27183,1.27179,1440000,1200000
2022-04-26 14:02:37.755000,1.27179,1.27175,1200000,1500000
2022-04-26 14:02:37.857000,1.27179,1.27175,1200000,1200000
2022-04-26 14:02:38.010000,1.2718,1.27176,1200000,1200000
2022-04-26 14:02:38.214000,1.27182,1.27177,2700000,3300000
2022-04-26 14:02:38.316000,1.27182,1.27178,1200000,1200000
2022-04-26 14:02:38.418000,1.27183,1.27178,1440000,1200000
2022-04-26 14:02:39.188000,1.27181,1.27176,1200000,1440000
2022-04-26 14:02:39.721000,1.2718,1.27176,1440000,1200000
2022-04-26 14:02:40.091000,1.27181,1.27177,1340000,1200000
2022-04-26 14:02:40.264000,1.27182,1.27177,2340000,1200000
2022-04-26 14:02:40.476000,1.27183,1.27178,1880000,1200000
2022-04-26 14:02:40.578000,1.27183,1.27177,1200000,1200000
2022-04-26 14:02:40.680000,1.27183,1.27179,1440000,1200000
2022-04-26 14:02:40.832000,1.27185,1.2718,2780000,1200000
2022-04-26 14:02:40.934000,1.27185,1.27181,1200000,1200000
2022-04-26 14:02:41.036000,1.27184,1.27179,1440000,1200000
2022-04-26 14:02:41.138000,1.27184,1.27179,2060000,1200000
2022-04-26 14:02:43.375000,1.27184,1.2718,1440000,1200000
2022-04-26 14:02:43.579000,1.27184,1.2718,2060000,1200000
2022-04-26 14:02:43.681000,1.27184,1.2718,1440000,1200000
2022-04-26 14:02:43.783000,1.27185,1.27181,1880000,1200000
2022-04-26 14:02:43.885000,1.27186,1.27182,1880000,1200000
2022-04-26 14:02:44.462000,1.27187,1.27182,1440000,1200000
2022-04-26 14:02:44.514000,1.27184,1.2718,1340000,1200000
2022-04-26 14:02:44.616000,1.27186,1.27181,2940000,1320000
2022-04-26 14:02:44.718000,1.27187,1.27182,2290000,1200000
2022-04-26 14:02:45.586000,1.27187,1.27183,2060000,1200000
2022-04-26 14:02:45.789000,1.27187,1.27183,1440000,1200000
2022-04-26 14:02:45.993000,1.27187,1.27183,2060000,1200000
2022-04-26 14:02:46.044000,1.27188,1.27183,1340000,1200000
2022-04-26 14:02:46.146000,1.2719,1.27184,1340000,1200000
2022-04-26 14:02:47.540000,1.2719,1.27185,1340000,1200000
2022-04-26 14:02:47.642000,1.27193,1.27189,2240000,1200000
2022-04-26 14:02:47.795000,1.27193,1.27189,1920000,1200000
2022-04-26 14:02:47.897000,1.27193,1.27189,1440000,1200000
2022-04-26 14:02:47.999000,1.27191,1.27187,1320000,1200000
2022-04-26 14:02:48.101000,1.27191,1.27187,1320000,1200000
2022-04-26 14:02:48.203000,1.27193,1.27188,2040000,1200000
2022-04-26 14:02:48.305000,1.27193,1.27188,2040000,1200000
2022-04-26 14:02:48.407000,1.27193,1.27189,1880000,1200000
2022-04-26 14:02:49.430000,1.27194,1.2719,2570000,1200000
2022-04-26 14:02:49.856000,1.27191,1.27187,1740000,1200000
2022-04-26 14:02:50.797000,1.27191,1.27187,1440000,1500000
2022-04-26 14:02:50.899000,1.27192,1.27188,2030000,1200000
2022-04-26 14:02:51.011000,1.27191,1.27186,1200000,2640000
2022-04-26 14:02:51.594000,1.27196,1.27193,1800000,1340000
2022-04-26 14:02:51.697000,1.27198,1.27194,1200000,1200000
2022-04-26 14:02:51.748000,1.272,1.27195,2340000,1200000
2022-04-26 14:02:51.850000,1.27201,1.27196,1340000,1440000
2022-04-26 14:02:51.952000,1.272,1.27196,1880000,1200000
2022-04-26 14:02:52.207000,1.27201,1.27197,2060000,1200000
2022-04-26 14:02:52.258000,1.27202,1.27197,1800000,1440000
2022-04-26 14:02:52.360000,1.27203,1.27198,1340000,1440000
2022-04-26 14:02:52.614000,1.27202,1.27198,1200000,1320000
2022-04-26 14:02:53.185000,1.272,1.27195,1440000,1320000
2022-04-26 14:02:53.439000,1.27199,1.27194,2780000,1320000
2022-04-26 14:02:53.592000,1.272,1.27195,2520000,1200000
2022-04-26 14:02:53.846000,1.272,1.27195,1880000,1200000
2022-04-26 14:02:54.101000,1.27199,1.27195,1200000,1200000
2022-04-26 14:02:56.036000,1.272,1.27196,1340000,1200000
2022-04-26 14:02:56.290000,1.27201,1.27196,1800000,1200000
2022-04-26 14:02:56.847000,1.272,1.27196,1920000,1500000
2022-04-26 14:02:56.949000,1.27201,1.27195,1320000,1500000
2022-04-26 14:02:57.254000,1.27201,1.27197,1570000,1200000
2022-04-26 14:02:59.055000,1.27201,1.27198,1500000,1200000
2022-04-26 14:03:00.527000,1.27204,1.27198,1810000,2180000
2022-04-26 14:03:00.579000,1.27208,1.27205,1320000,1200000
2022-04-26 14:03:00.630000,1.2721,1.27205,1320000,1200000
2022-04-26 14:03:00.732000,1.27211,1.27206,3860000,1200000
2022-04-26 14:03:01.326000,1.27212,1.27207,6240000,1200000
2022-04-26 14:03:01.479000,1.2721,1.27207,1320000,1200000
2022-04-26 14:03:01.581000,1.27209,1.27206,1320000,1200000
2022-04-26 14:03:01.844000,1.27209,1.27206,1320000,1200000
2022-04-26 14:03:02.052000,1.27211,1.27207,7550000,1200000
2022-04-26 14:03:02.154000,1.27212,1.27208,1320000,1200000
2022-04-26 14:03:02.715000,1.27216,1.27213,2240000,1200000
2022-04-26 14:03:02.766000,1.2722,1.27216,6840000,1200000
2022-04-26 14:03:02.869000,1.27221,1.27217,3840000,1200000
2022-04-26 14:03:02.920000,1.27228,1.27224,4740000,1200000
2022-04-26 14:03:03.022000,1.27231,1.27223,2960000,1320000
2022-04-26 14:03:03.160000,1.27232,1.27228,3260000,1200000
2022-04-26 14:03:03.313000,1.27233,1.27229,7020000,1200000
2022-04-26 14:03:03.770000,1.27232,1.27228,1460000,1200000
2022-04-26 14:03:03.872000,1.27232,1.27228,1200000,1200000
2022-04-26 14:03:03.975000,1.27232,1.27228,2520000,1200000
2022-04-26 14:03:04.026000,1.27231,1.27226,3260000,1200000
2022-04-26 14:03:04.078000,1.27224,1.27221,1200000,1800000
2022-04-26 14:03:04.180000,1.27224,1.2722,2520000,1200000
2022-04-26 14:03:04.282000,1.27225,1.27222,3600000,1200000
2022-04-26 14:03:04.384000,1.27226,1.27222,1440000,1200000
2022-04-26 14:03:04.604000,1.27223,1.27219,2520000,1340000
2022-04-26 14:03:04.706000,1.27223,1.27219,1440000,1200000
2022-04-26 14:03:04.808000,1.27224,1.27221,2340000,1200000
2022-04-26 14:03:04.859000,1.27222,1.27218,1320000,1500000
2022-04-26 14:03:04.961000,1.27222,1.27217,1500000,1200000
2022-04-26 14:03:05.064000,1.27221,1.27217,3240000,1200000
2022-04-26 14:03:05.165000,1.2722,1.27216,1200000,1340000
2022-04-26 14:03:05.923000,1.27221,1.27218,1800000,1500000
2022-04-26 14:03:06.025000,1.27222,1.27218,1200000,1500000
2022-04-26 14:03:06.449000,1.27227,1.27223,1200000,1200000
2022-04-26 14:03:06.551000,1.2723,1.27226,1200000,1200000
2022-04-26 14:03:06.653000,1.27232,1.27228,3240000,1200000
2022-04-26 14:03:06.755000,1.27231,1.27227,1440000,1200000
2022-04-26 14:03:08.194000,1.27234,1.2723,1200000,1200000
2022-04-26 14:03:08.296000,1.27235,1.27231,1200000,1740000
2022-04-26 14:03:08.348000,1.27234,1.2723,1200000,1200000
2022-04-26 14:03:08.450000,1.27233,1.27229,1440000,1200000
2022-04-26 14:03:08.501000,1.27231,1.27227,1200000,1200000
2022-04-26 14:03:08.604000,1.27232,1.27228,1200000,1200000
2022-04-26 14:03:09.010000,1.27231,1.27227,1200000,1500000
2022-04-26 14:03:09.113000,1.27229,1.27225,1200000,1670000
2022-04-26 14:03:09.216000,1.27226,1.27222,1200000,1200000
2022-04-26 14:03:09.674000,1.27225,1.27221,1200000,1200000
2022-04-26 14:03:09.776000,1.27223,1.27217,1200000,1200000
2022-04-26 14:03:09.879000,1.27218,1.27214,1200000,1740000
2022-04-26 14:03:10.032000,1.27219,1.27215,1200000,1670000
2022-04-26 14:03:10.185000,1.27222,1.27218,1200000,1200000
2022-04-26 14:03:10.724000,1.2722,1.27216,1440000,1500000
2022-04-26 14:03:10.776000,1.27221,1.27215,2060000,4790000
2022-04-26 14:03:10.894000,1.27217,1.27211,1200000,4380000
2022-04-26 14:03:10.997000,1.27215,1.27211,1200000,2340000
2022-04-26 14:03:11.150000,1.27213,1.2721,1200000,1200000
2022-04-26 14:03:11.252000,1.27213,1.27209,1200000,1440000
2022-04-26 14:03:11.354000,1.27214,1.2721,1440000,1200000
2022-04-26 14:03:12.393000,1.27213,1.27209,1460000,1800000
2022-04-26 14:03:12.495000,1.27211,1.27207,1800000,1200000
2022-04-26 14:03:12.597000,1.27211,1.27207,2360000,1200000
2022-04-26 14:03:12.648000,1.27211,1.27208,1200000,3830000
2022-04-26 14:03:12.700000,1.27214,1.2721,1200000,1200000
2022-04-26 14:03:12.802000,1.27219,1.27215,1200000,1200000
2022-04-26 14:03:12.904000,1.27221,1.27217,1200000,1200000
2022-04-26 14:03:13.006000,1.27224,1.2722,2780000,1200000
2022-04-26 14:03:13.456000,1.27224,1.2722,4320000,1200000
2022-04-26 14:03:13.507000,1.27224,1.2722,4140000,1200000
2022-04-26 14:03:13.813000,1.27221,1.27217,3470000,1200000
2022-04-26 14:03:13.915000,1.2722,1.27216,2360000,1200000
2022-04-26 14:03:14.073000,1.27218,1.27214,2520000,1200000
2022-04-26 14:03:14.226000,1.27217,1.27213,1440000,1200000
2022-04-26 14:03:14.379000,1.27217,1.27213,1920000,1200000
2022-04-26 14:03:15.073000,1.27215,1.27211,2340000,1200000
2022-04-26 14:03:15.226000,1.27216,1.27212,1200000,1200000
2022-04-26 14:03:15.328000,1.27217,1.27213,1200000,1200000
2022-04-26 14:03:15.430000,1.27216,1.27212,3240000,1200000
2022-04-26 14:03:15.532000,1.27215,1.27212,1460000,1200000
2022-04-26 14:03:16.366000,1.27216,1.27212,1440000,1200000
2022-04-26 14:03:17.121000,1.27214,1.2721,1320000,1200000
2022-04-26 14:03:17.224000,1.27213,1.27209,1460000,1200000
2022-04-26 14:03:17.275000,1.27215,1.27208,4440000,2290000
2022-04-26 14:03:17.326000,1.27217,1.27211,5480000,1200000
2022-04-26 14:03:17.429000,1.27215,1.27212,1320000,1200000
2022-04-26 14:03:17.480000,1.27214,1.2721,1440000,1800000
2022-04-26 14:03:18.030000,1.27216,1.2721,1200000,1200000
2022-04-26 14:03:19.115000,1.27217,1.27212,1800000,1320000
2022-04-26 14:03:19.217000,1.27222,1.27219,1800000,1200000
2022-04-26 14:03:19.319000,1.27223,1.27219,1320000,1200000
2022-04-26 14:03:19.573000,1.27224,1.2722,1460000,1200000
2022-04-26 14:03:20.728000,1.27221,1.27217,1920000,1800000
2022-04-26 14:03:20.830000,1.27222,1.27218,2700000,1200000
2022-04-26 14:03:20.933000,1.27223,1.27219,1440000,1200000
2022-04-26 14:03:21.086000,1.27222,1.27216,1920000,1200000
2022-04-26 14:03:21.188000,1.27221,1.27217,1320000,1200000
2022-04-26 14:03:21.510000,1.2722,1.27216,1920000,1200000
2022-04-26 14:03:21.933000,1.27219,1.27216,2100000,1200000
2022-04-26 14:03:21.985000,1.27217,1.27213,2040000,1200000
2022-04-26 14:03:22.087000,1.27215,1.27212,1320000,1200000
2022-04-26 14:03:22.189000,1.27217,1.27213,3240000,1200000
2022-04-26 14:03:22.291000,1.27216,1.27213,1320000,1200000
2022-04-26 14:03:22.971000,1.27218,1.27214,4580000,1200000
2022-04-26 14:03:23.975000,1.2722,1.27216,1440000,1200000
2022-04-26 14:03:24.077000,1.27222,1.27216,1440000,1200000
2022-04-26 14:03:24.179000,1.27217,1.27214,1320000,1800000
2022-04-26 14:03:24.281000,1.27216,1.27213,1320000,1200000
2022-04-26 14:03:25.710000,1.27218,1.27215,1440000,1200000
2022-04-26 14:03:25.812000,1.2722,1.27214,1880000,1200000
2022-04-26 14:03:26.954000,1.27218,1.27214,1340000,1200000
2022-04-26 14:03:27.056000,1.27219,1.27213,2040000,1200000
2022-04-26 14:03:27.158000,1.27217,1.27213,1340000,1200000
2022-04-26 14:03:27.361000,1.27218,1.27215,1200000,1200000
2022-04-26 14:03:27.464000,1.27221,1.27217,1800000,1670000
2022-04-26 14:03:27.566000,1.27222,1.27217,1340000,1210000
2022-04-26 14:03:27.769000,1.27224,1.27219,2240000,1200000
2022-04-26 14:03:27.871000,1.27224,1.2722,1200000,1200000
2022-04-26 14:03:28.495000,1.27226,1.27222,2240000,1200000
2022-04-26 14:03:28.597000,1.27227,1.27223,1340000,1200000
2022-04-26 14:03:28.852000,1.27226,1.27223,1320000,1200000
2022-04-26 14:03:29.005000,1.27227,1.27223,2240000,1200000
2022-04-26 14:03:29.107000,1.27229,1.27227,2240000,1200000
2022-04-26 14:03:29.209000,1.2723,1.27226,1800000,1320000
2022-04-26 14:03:29.362000,1.27229,1.27225,1880000,1200000
2022-04-26 14:03:29.464000,1.27228,1.27224,1440000,1200000
2022-04-26 14:03:29.873000,1.27229,1.27225,1800000,1210000
2022-04-26 14:03:29.975000,1.27231,1.27228,1800000,1200000
2022-04-26 14:03:30.026000,1.27233,1.27229,2780000,1200000
2022-04-26 14:03:30.128000,1.27233,1.27229,1920000,1200000
2022-04-26 14:03:30.231000,1.27229,1.27226,1200000,1200000
2022-04-26 14:03:30.282000,1.27227,1.27224,1440000,1200000
2022-04-26 14:03:30.486000,1.27229,1.27226,1800000,1200000
2022-04-26 14:03:30.588000,1.27231,1.27227,1340000,1200000
2022-04-26 14:03:30.932000,1.27228,1.27224,1440000,1500000
2022-04-26 14:03:31.509000,1.27228,1.27224,2060000,1200000
2022-04-26 14:03:32.015000,1.27228,1.27224,1200000,1500000
2022-04-26 14:03:32.066000,1.27227,1.27223,1200000,2030000
2022-04-26 14:03:32.169000,1.27229,1.27227,3600000,2760000
2022-04-26 14:03:32.220000,1.27228,1.27224,1920000,1200000
2022-04-26 14:03:32.474000,1.27224,1.2722,1800000,1800000
2022-04-26 14:03:32.577000,1.27221,1.27217,1200000,1200000
2022-04-26 14:03:32.679000,1.27223,1.2722,1340000,1200000
2022-04-26 14:03:32.781000,1.27225,1.27222,1200000,1200000
2022-04-26 14:03:33.035000,1.27225,1.27221,1800000,1200000
2022-04-26 14:03:34.359000,1.27225,1.27221,2360000,1200000
2022-04-26 14:03:35.458000,1.27227,1.27225,2240000,2760000
2022-04-26 14:03:35.561000,1.27229,1.27225,4320000,1200000
2022-04-26 14:03:35.663000,1.27225,1.27222,1440000,1200000
2022-04-26 14:03:35.766000,1.27222,1.27218,1440000,1200000
2022-04-26 14:03:36.053000,1.27225,1.27223,1320000,1200000
2022-04-26 14:03:36.155000,1.27227,1.27223,2340000,1200000
2022-04-26 14:03:36.257000,1.27224,1.2722,1440000,1200000
2022-04-26 14:03:36.359000,1.27225,1.27221,3240000,1200000
2022-04-26 14:03:36.462000,1.27225,1.27221,3420000,1200000
2022-04-26 14:03:36.794000,1.27225,1.27221,1200000,1200000
2022-04-26 14:03:36.896000,1.27226,1.27222,2520000,1200000
2022-04-26 14:03:37.100000,1.27227,1.27223,2520000,1200000
2022-04-26 14:03:37.303000,1.27224,1.27221,1440000,1200000
2022-04-26 14:03:37.405000,1.27224,1.27221,1920000,1200000
2022-04-26 14:03:37.609000,1.27224,1.27221,1320000,1200000
2022-04-26 14:03:37.711000,1.27226,1.27223,2240000,1200000
2022-04-26 14:03:37.864000,1.27227,1.27223,2780000,1200000
2022-04-26 14:03:37.915000,1.27222,1.27219,1800000,1200000
2022-04-26 14:03:38.017000,1.27225,1.27221,2520000,1200000
2022-04-26 14:03:38.545000,1.27223,1.27219,2060000,1200000
2022-04-26 14:03:38.647000,1.27223,1.27219,2340000,1200000
2022-04-26 14:03:39.276000,1.27224,1.2722,1440000,1200000
2022-04-26 14:03:41.611000,1.2722,1.27216,1200000,1570000
2022-04-26 14:03:42.474000,1.27217,1.27213,1440000,3660000
2022-04-26 14:03:42.577000,1.27214,1.27211,1200000,1200000
2022-04-26 14:03:42.679000,1.27215,1.27211,1440000,1200000
2022-04-26 14:03:42.832000,1.27214,1.27211,1200000,1200000
2022-04-26 14:03:42.934000,1.27215,1.27211,1880000,1200000
2022-04-26 14:03:42.985000,1.27211,1.27205,1440000,2700000
2022-04-26 14:03:43.088000,1.27208,1.27204,1440000,1200000
2022-04-26 14:03:47.441000,1.27206,1.27202,1440000,1200000
2022-04-26 14:03:47.543000,1.27205,1.27201,1200000,1320000
2022-04-26 14:03:47.646000,1.27206,1.27202,1440000,1340000
2022-04-26 14:03:47.748000,1.27209,1.27206,1340000,1500000
2022-04-26 14:03:47.850000,1.2721,1.27206,1320000,1500000
2022-04-26 14:03:47.953000,1.27208,1.27204,1200000,1210000
2022-04-26 14:03:48.320000,1.27211,1.27209,1200000,1340000
2022-04-26 14:03:48.423000,1.27213,1.27209,1200000,1200000
2022-04-26 14:03:48.524000,1.27215,1.27209,1200000,1200000
2022-04-26 14:03:49.664000,1.27215,1.27211,1200000,1200000
2022-04-26 14:03:49.766000,1.27217,1.27213,1200000,1200000
2022-04-26 14:03:50.248000,1.27218,1.27214,1320000,1200000
2022-04-26 14:03:50.680000,1.27214,1.2721,1200000,1320000
2022-04-26 14:03:51.122000,1.27215,1.27211,1440000,1200000
2022-04-26 14:03:51.224000,1.27217,1.27213,1340000,1200000
2022-04-26 14:03:51.428000,1.27216,1.27212,1440000,1200000
2022-04-26 14:03:51.635000,1.27217,1.27213,1920000,1200000
2022-04-26 14:03:52.042000,1.27217,1.27213,1200000,1200000
2022-04-26 14:03:52.144000,1.27213,1.27208,1440000,1210000
2022-04-26 14:03:52.246000,1.27213,1.27209,1200000,1320000
2022-04-26 14:03:54.491000,1.27215,1.27209,1440000,1200000
2022-04-26 14:03:56.766000,1.27215,1.27211,2060000,1200000
2022-04-26 14:03:57.643000,1.27216,1.27212,1200000,1200000
2022-04-26 14:03:57.694000,1.27218,1.27214,1200000,1200000
2022-04-26 14:03:57.796000,1.27217,1.27214,1320000,1200000
2022-04-26 14:03:57.847000,1.27215,1.27211,1440000,1500000
2022-04-26 14:03:57.949000,1.27213,1.27209,1440000,1500000
2022-04-26 14:03:58.204000,1.27215,1.27212,1200000,1200000
2022-04-26 14:03:58.255000,1.27216,1.27212,1440000,1200000
2022-04-26 14:03:58.357000,1.27216,1.27213,1440000,1200000
2022-04-26 14:03:58.571000,1.27217,1.27214,1320000,1200000
2022-04-26 14:03:58.673000,1.27219,1.27214,2480000,1800000
2022-04-26 14:03:58.776000,1.27226,1.27222,3470000,1200000
2022-04-26 14:03:58.878000,1.27226,1.27223,1200000,1200000
2022-04-26 14:03:58.981000,1.27227,1.27223,1440000,1200000
2022-04-26 14:03:59.723000,1.27225,1.27222,1740000,2760000
2022-04-26 14:03:59.774000,1.27221,1.27219,1670000,1200000
2022-04-26 14:03:59.826000,1.27224,1.27218,1340000,1620000
2022-04-26 14:03:59.877000,1.27224,1.2722,1200000,2640000
2022-04-26 14:03:59.929000,1.27227,1.27223,1440000,1200000
2022-04-26 14:04:00.488000,1.27228,1.27224,2340000,1200000
2022-04-26 14:04:01.027000,1.27236,1.27233,1800000,1200000
2022-04-26 14:04:01.129000,1.27239,1.27235,1460000,1200000
2022-04-26 14:04:01.181000,1.2724,1.27235,2780000,1340000
2022-04-26 14:04:01.232000,1.27243,1.27239,1200000,1200000
2022-04-26 14:04:01.334000,1.27243,1.27238,1200000,1200000
2022-04-26 14:04:01.961000,1.27241,1.27237,2360000,1200000
2022-04-26 14:04:02.013000,1.27242,1.27238,1800000,1200000
2022-04-26 14:04:02.115000,1.27243,1.27238,2340000,1200000
2022-04-26 14:04:02.816000,1.27235,1.27233,1500000,3220000
2022-04-26 14:04:02.918000,1.27236,1.27232,1440000,1340000
2022-04-26 14:04:03.071000,1.27238,1.27235,2340000,1200000
2022-04-26 14:04:03.173000,1.2724,1.27234,1200000,1200000
2022-04-26 14:04:03.275000,1.27242,1.27238,1940000,1200000
2022-04-26 14:04:03.378000,1.27239,1.27236,1440000,1200000
2022-04-26 14:04:03.480000,1.27239,1.27235,1440000,1200000
2022-04-26 14:04:03.582000,1.2724,1.27236,1200000,1200000
2022-04-26 14:04:03.684000,1.27242,1.27237,1200000,1200000
2022-04-26 14:04:03.785000,1.27242,1.27238,1200000,1200000
2022-04-26 14:04:04.196000,1.27246,1.27242,4740000,1200000
2022-04-26 14:04:04.298000,1.27248,1.27244,3420000,1800000
2022-04-26 14:04:04.350000,1.27252,1.27248,1880000,1200000
2022-04-26 14:04:04.920000,1.27251,1.27247,1200000,1200000
2022-04-26 14:04:05.104000,1.27254,1.27251,3600000,1670000
2022-04-26 14:04:05.206000,1.27259,1.27255,1200000,1200000
2022-04-26 14:04:05.308000,1.27258,1.27252,1200000,1200000
2022-04-26 14:04:05.614000,1.27256,1.27252,1320000,1200000
2022-04-26 14:04:05.716000,1.27253,1.27249,1440000,1700000
2022-04-26 14:04:05.818000,1.27254,1.27249,5040000,1200000
2022-04-26 14:04:06.225000,1.27253,1.27249,1920000,1200000
2022-04-26 14:04:06.327000,1.27252,1.27248,1440000,1200000
2022-04-26 14:04:06.808000,1.27251,1.27247,1200000,1200000
2022-04-26 14:04:06.910000,1.27252,1.27248,1200000,1200000
2022-04-26 14:04:07.318000,1.27252,1.27247,1440000,1200000
2022-04-26 14:04:08.806000,1.27249,1.27245,4500000,1200000
2022-04-26 14:04:08.908000,1.27246,1.27242,1200000,1200000
2022-04-26 14:04:09.011000,1.27247,1.27243,1200000,1340000
2022-04-26 14:04:09.113000,1.27249,1.27245,1200000,1200000
2022-04-26 14:04:09.265000,1.2725,1.27246,1320000,1200000
2022-04-26 14:04:09.367000,1.27249,1.27245,1200000,1200000
2022-04-26 14:04:09.470000,1.27248,1.27244,1200000,1200000
2022-04-26 14:04:09.928000,1.27247,1.27243,1200000,1200000
2022-04-26 14:04:10.030000,1.27244,1.2724,1200000,1200000
2022-04-26 14:04:10.438000,1.27243,1.27239,1440000,1200000
2022-04-26 14:04:10.541000,1.2724,1.27233,1920000,2760000
2022-04-26 14:04:10.643000,1.27238,1.27233,1200000,1200000
2022-04-26 14:04:10.745000,1.27238,1.27234,1200000,1200000
2022-04-26 14:04:12.064000,1.27235,1.27231,1440000,1200000
2022-04-26 14:04:13.403000,1.27235,1.2723,1200000,1200000
2022-04-26 14:04:14.654000,1.27234,1.2723,1200000,1640000
2022-04-26 14:04:14.705000,1.27238,1.27234,1200000,1200000
2022-04-26 14:04:14.858000,1.27239,1.27235,1200000,1200000
2022-04-26 14:04:16.018000,1.27236,1.27232,1440000,1200000
2022-04-26 14:04:16.813000,1.27241,1.27239,1200000,1500000
2022-04-26 14:04:16.864000,1.27245,1.27241,1800000,1200000
2022-04-26 14:04:17.601000,1.27244,1.2724,1880000,1200000
2022-04-26 14:04:17.704000,1.27242,1.27238,1200000,1200000
2022-04-26 14:04:17.806000,1.2724,1.27236,1320000,1200000
2022-04-26 14:04:18.408000,1.27242,1.27238,2060000,1200000
2022-04-26 14:04:18.962000,1.27242,1.27238,1200000,1200000
2022-04-26 14:04:19.898000,1.27243,1.27239,1440000,1200000
2022-04-26 14:04:20.217000,1.27246,1.27242,1200000,1200000
2022-04-26 14:04:20.320000,1.27248,1.27243,1320000,1200000
2022-04-26 14:04:20.422000,1.27249,1.27244,2340000,1200000
2022-04-26 14:04:20.833000,1.27249,1.27245,1440000,1200000
2022-04-26 14:04:22.244000,1.27254,1.27251,2480000,1200000
2022-04-26 14:04:22.346000,1.27254,1.27251,5040000,1200000
2022-04-26 14:04:22.561000,1.27256,1.27252,3420000,1200000
2022-04-26 14:04:22.663000,1.27256,1.27252,3420000,1200000
2022-04-26 14:04:22.765000,1.27259,1.27255,1920000,1200000
2022-04-26 14:04:23.701000,1.27259,1.27255,1440000,1200000
2022-04-26 14:04:23.804000,1.27261,1.27257,1320000,1200000
2022-04-26 14:04:23.906000,1.2726,1.27256,1440000,1200000
2022-04-26 14:04:24.193000,1.27258,1.27254,1200000,1200000
2022-04-26 14:04:24.296000,1.27259,1.27254,1320000,1200000
2022-04-26 14:04:24.398000,1.27259,1.27254,1920000,1200000
2022-04-26 14:04:24.791000,1.27259,1.27255,1920000,1200000
2022-04-26 14:04:24.893000,1.27258,1.27254,1920000,1200000
2022-04-26 14:04:24.995000,1.27259,1.27253,1440000,1200000
2022-04-26 14:04:25.097000,1.27259,1.27255,1440000,1200000
2022-04-26 14:04:25.199000,1.27259,1.27255,1920000,1200000
2022-04-26 14:04:25.402000,1.2726,1.27256,2060000,1200000
2022-04-26 14:04:25.579000,1.27261,1.27257,1920000,1200000
2022-04-26 14:04:25.680000,1.27262,1.27257,5450000,1500000
2022-04-26 14:04:25.782000,1.27262,1.27257,7320000,1200000
2022-04-26 14:04:25.885000,1.27262,1.27258,4140000,1200000
2022-04-26 14:04:25.987000,1.27262,1.27258,4320000,1200000
2022-04-26 14:04:26.195000,1.27262,1.27258,3240000,1200000
2022-04-26 14:04:26.584000,1.27262,1.27259,1800000,1200000
2022-04-26 14:04:26.686000,1.27263,1.2726,1200000,1340000
2022-04-26 14:04:26.737000,1.27266,1.27262,3780000,3080000
2022-04-26 14:04:26.840000,1.27269,1.27265,2520000,1200000
2022-04-26 14:04:30.421000,1.27269,1.27264,1920000,1200000
2022-04-26 14:04:31.517000,1.27269,1.27264,2520000,1200000
2022-04-26 14:04:32.688000,1.27266,1.27263,1320000,1200000
2022-04-26 14:04:32.739000,1.27262,1.27259,3420000,1340000
2022-04-26 14:04:32.790000,1.2726,1.27257,1340000,1200000
2022-04-26 14:04:33.349000,1.27259,1.27256,1320000,1200000
2022-04-26 14:04:33.553000,1.27261,1.27255,2780000,1200000
2022-04-26 14:04:35.934000,1.27261,1.27257,1440000,1200000
2022-04-26 14:04:37.025000,1.27264,1.27261,1200000,1500000
2022-04-26 14:04:37.128000,1.27263,1.27259,1200000,1320000
2022-04-26 14:04:37.665000,1.2726,1.27256,1200000,2340000
2022-04-26 14:04:38.579000,1.27262,1.27258,7280000,2100000
2022-04-26 14:04:38.630000,1.2726,1.27256,1200000,1800000
2022-04-26 14:04:39.513000,1.27262,1.27256,1440000,1200000
2022-04-26 14:04:40.333000,1.2726,1.27256,1200000,3540000
2022-04-26 14:04:40.435000,1.2726,1.27256,1200000,1800000
2022-04-26 14:04:43.506000,1.27261,1.27257,2240000,1500000
2022-04-26 14:04:43.557000,1.27261,1.27258,1800000,1500000
2022-04-26 14:04:43.710000,1.27261,1.27258,1200000,2570000
2022-04-26 14:04:43.813000,1.27266,1.27263,1200000,1500000
2022-04-26 14:04:43.864000,1.27269,1.27265,6300000,1200000
2022-04-26 14:04:43.916000,1.2727,1.27266,5400000,4440000
2022-04-26 14:04:44.018000,1.27268,1.27265,5400000,1200000
2022-04-26 14:04:44.120000,1.27268,1.27264,5400000,1800000
2022-04-26 14:04:44.663000,1.27268,1.27264,6120000,1800000
2022-04-26 14:04:45.358000,1.27267,1.27263,7280000,1200000
2022-04-26 14:04:45.461000,1.27266,1.27262,5840000,1200000
2022-04-26 14:04:45.563000,1.27265,1.27261,5400000,1200000
2022-04-26 14:04:46.599000,1.27267,1.27263,7740000,1200000
2022-04-26 14:04:46.714000,1.27265,1.27261,5400000,1200000
2022-04-26 14:04:47.737000,1.27266,1.27262,6540000,1200000
2022-04-26 14:04:47.839000,1.27266,1.27262,5400000,1200000
2022-04-26 14:04:48.296000,1.27265,1.27261,5940000,1500000
2022-04-26 14:04:48.399000,1.27266,1.27262,5480000,1200000
2022-04-26 14:04:48.822000,1.27268,1.27265,1200000,2100000
2022-04-26 14:04:48.924000,1.27269,1.27265,5400000,1440000
2022-04-26 14:04:49.027000,1.27267,1.27263,5940000,1500000
2022-04-26 14:04:49.180000,1.27266,1.27262,5400000,1500000
2022-04-26 14:04:49.282000,1.27267,1.27263,5940000,1200000
2022-04-26 14:04:50.149000,1.27267,1.27264,5480000,1200000
2022-04-26 14:04:50.944000,1.27267,1.27263,6420000,1200000
2022-04-26 14:04:51.097000,1.27265,1.27261,5480000,1200000
2022-04-26 14:04:51.875000,1.27267,1.27263,6440000,1200000
2022-04-26 14:04:51.977000,1.27267,1.27261,6840000,1200000
2022-04-26 14:04:52.079000,1.27266,1.27262,7460000,1200000
2022-04-26 14:04:52.401000,1.27267,1.27263,6080000,1200000
2022-04-26 14:04:52.553000,1.27267,1.27261,6080000,2220000
2022-04-26 14:04:52.671000,1.27267,1.27261,5940000,2220000
2022-04-26 14:04:52.773000,1.27265,1.27261,5400000,3120000
2022-04-26 14:04:52.925000,1.27266,1.27261,5400000,2360000
2022-04-26 14:04:53.441000,1.27266,1.2726,5400000,5880000
2022-04-26 14:04:54.220000,1.27265,1.27262,1200000,1740000
2022-04-26 14:04:54.323000,1.27265,1.27261,1200000,4010000
2022-04-26 14:04:55.583000,1.27262,1.27259,1340000,1500000
2022-04-26 14:04:55.686000,1.27264,1.2726,1200000,3080000
2022-04-26 14:04:55.788000,1.27265,1.27261,1200000,1670000
2022-04-26 14:04:55.942000,1.27264,1.2726,1200000,3080000
2022-04-26 14:04:56.044000,1.27264,1.2726,1200000,1500000
2022-04-26 14:04:56.146000,1.27265,1.27261,1200000,1670000
2022-04-26 14:04:56.248000,1.27265,1.27262,1200000,1670000
2022-04-26 14:04:56.600000,1.27267,1.27263,1340000,1200000
2022-04-26 14:04:57.057000,1.27269,1.27266,1200000,2540000
2022-04-26 14:04:57.159000,1.27271,1.27267,1200000,4500000
2022-04-26 14:04:57.617000,1.27274,1.2727,1800000,1200000
2022-04-26 14:04:57.719000,1.27273,1.27269,1440000,1200000
2022-04-26 14:04:58.709000,1.27272,1.27269,1200000,1200000
2022-04-26 14:04:58.811000,1.27273,1.27269,1200000,1320000
2022-04-26 14:04:58.914000,1.27274,1.2727,1200000,1200000
2022-04-26 14:05:00.229000,1.27273,1.27269,1440000,1200000
2022-04-26 14:05:00.331000,1.27272,1.27268,1200000,1210000
2022-04-26 14:05:00.534000,1.27271,1.27267,1200000,1320000
2022-04-26 14:05:00.586000,1.27269,1.27265,1200000,2180000
2022-04-26 14:05:00.688000,1.27272,1.27265,3860000,4060000
2022-04-26 14:05:02.018000,1.2727,1.27266,1320000,1500000
2022-04-26 14:05:02.123000,1.2727,1.27266,1440000,1200000
2022-04-26 14:05:02.357000,1.27269,1.27265,1880000,1200000
2022-04-26 14:05:02.640000,1.27265,1.27262,2400000,5400000
2022-04-26 14:05:02.691000,1.27264,1.27261,2240000,1500000
2022-04-26 14:05:02.793000,1.27265,1.27261,2240000,1200000
2022-04-26 14:05:02.895000,1.27264,1.2726,1500000,1320000
2022-04-26 14:05:03.450000,1.27259,1.27257,1200000,1200000
2022-04-26 14:05:03.552000,1.27259,1.27256,1320000,1200000
2022-04-26 14:05:03.654000,1.27259,1.27255,1320000,1200000
2022-04-26 14:05:03.959000,1.27259,1.27255,1200000,2640000
2022-04-26 14:05:04.264000,1.27259,1.27255,1200000,1200000
2022-04-26 14:05:04.366000,1.27258,1.27255,1200000,1500000
2022-04-26 14:05:04.778000,1.27258,1.27255,1200000,1500000
2022-04-26 14:05:04.830000,1.27261,1.27257,1340000,1670000
2022-04-26 14:05:05.036000,1.27262,1.27258,1200000,2640000
2022-04-26 14:05:05.137000,1.27262,1.27258,1200000,1440000
2022-04-26 14:05:05.394000,1.2726,1.27256,1440000,1200000
2022-04-26 14:05:05.496000,1.27259,1.27253,1200000,1500000
2022-04-26 14:05:05.752000,1.27258,1.27252,1200000,1200000
2022-04-26 14:05:05.956000,1.27257,1.27254,1200000,1200000
2022-04-26 14:05:06.159000,1.27261,1.27257,1340000,2640000
2022-04-26 14:05:07.405000,1.27262,1.27258,1200000,1440000
2022-04-26 14:05:08.058000,1.27262,1.27259,1200000,1200000
2022-04-26 14:05:08.647000,1.27262,1.27258,1200000,1440000
2022-04-26 14:05:09.859000,1.27262,1.27259,1200000,1500000
2022-04-26 14:05:10.113000,1.27264,1.2726,1910000,1200000
2022-04-26 14:05:10.215000,1.27264,1.27261,1200000,1200000
2022-04-26 14:05:10.498000,1.27267,1.27263,1460000,1200000
2022-04-26 14:05:10.601000,1.27267,1.27263,1200000,1200000
2022-04-26 14:05:10.753000,1.2727,1.27266,1320000,1500000
2022-04-26 14:05:11.037000,1.27269,1.27266,1800000,1200000
2022-04-26 14:05:11.139000,1.27269,1.27266,1200000,2100000
2022-04-26 14:05:11.241000,1.2727,1.27266,1200000,2640000
2022-04-26 14:05:12.312000,1.27271,1.27267,1200000,1200000
2022-04-26 14:05:13.613000,1.27271,1.27268,1200000,1200000
2022-04-26 14:05:14.587000,1.27274,1.27272,1920000,1200000
2022-04-26 14:05:14.639000,1.27276,1.2727,1460000,2100000
2022-04-26 14:05:14.741000,1.27276,1.27272,1200000,1200000
2022-04-26 14:05:16.338000,1.27276,1.27272,2040000,1200000
2022-04-26 14:05:18.756000,1.27276,1.27272,2340000,1200000
2022-04-26 14:05:18.909000,1.27279,1.27277,1940000,1200000
2022-04-26 14:05:18.960000,1.27282,1.27279,1440000,1200000
2022-04-26 14:05:19.164000,1.2728,1.27276,1880000,2030000
2022-04-26 14:05:19.764000,1.27281,1.27277,1200000,1500000
2022-04-26 14:05:20.300000,1.27282,1.27278,1200000,1500000
2022-04-26 14:05:21.149000,1.27282,1.27278,1460000,1200000
2022-04-26 14:05:22.123000,1.27278,1.27274,1800000,1340000
2022-04-26 14:05:22.255000,1.27276,1.27273,1200000,1200000
2022-04-26 14:05:22.357000,1.27276,1.27272,1200000,1200000
2022-04-26 14:05:24.845000,1.27275,1.27272,1200000,1200000
2022-04-26 14:05:28.935000,1.27275,1.27271,1200000,1670000
2022-04-26 14:05:31.934000,1.27276,1.27272,1800000,1200000
2022-04-26 14:05:33.001000,1.27277,1.27271,1940000,1200000
2022-04-26 14:05:33.338000,1.27269,1.27264,1920000,2240000
2022-04-26 14:05:33.390000,1.27267,1.27264,2780000,1200000
2022-04-26 14:05:33.441000,1.27267,1.27265,2780000,1500000
2022-04-26 14:05:33.492000,1.27267,1.27264,1200000,1200000
2022-04-26 14:05:34.433000,1.2727,1.27266,2240000,3190000
2022-04-26 14:05:34.536000,1.27271,1.27268,1200000,3300000
2022-04-26 14:05:34.638000,1.27271,1.27267,1200000,1440000
2022-04-26 14:05:35.683000,1.27268,1.27264,1440000,3140000
2022-04-26 14:05:35.836000,1.27267,1.27264,1200000,1200000
2022-04-26 14:05:36.977000,1.27267,1.27263,1880000,1200000
2022-04-26 14:05:37.029000,1.27262,1.27258,1200000,1500000
2022-04-26 14:05:37.131000,1.27257,1.27254,1200000,1200000
2022-04-26 14:05:37.233000,1.27257,1.27253,1440000,1200000
2022-04-26 14:05:37.285000,1.27255,1.27251,1440000,1200000
2022-04-26 14:05:37.387000,1.27256,1.27252,1440000,1200000
2022-04-26 14:05:37.501000,1.27255,1.27252,1200000,1200000
2022-04-26 14:05:37.610000,1.27256,1.27252,1320000,1200000
2022-04-26 14:05:37.713000,1.27257,1.27253,1880000,1200000
2022-04-26 14:05:37.816000,1.27259,1.27253,1200000,1440000
2022-04-26 14:05:38.019000,1.27257,1.27254,1200000,1200000
2022-04-26 14:05:38.223000,1.2726,1.27256,2840000,1340000
2022-04-26 14:05:38.274000,1.27263,1.27259,1340000,1200000
2022-04-26 14:05:38.325000,1.27265,1.27261,1920000,1500000
2022-04-26 14:05:38.428000,1.27264,1.2726,1200000,1200000
2022-04-26 14:05:38.479000,1.27268,1.27264,1940000,2640000
2022-04-26 14:05:38.530000,1.27264,1.27259,1200000,1200000
2022-04-26 14:05:38.633000,1.27264,1.2726,2700000,2100000
2022-04-26 14:05:38.684000,1.27266,1.27263,1340000,1200000
2022-04-26 14:05:38.736000,1.27265,1.27261,1200000,1200000
2022-04-26 14:05:38.787000,1.27259,1.27257,1200000,1320000
2022-04-26 14:05:38.889000,1.27259,1.27256,1200000,1200000
2022-04-26 14:05:40.138000,1.27255,1.27252,1200000,2340000
2022-04-26 14:05:40.753000,1.27256,1.27252,1200000,1500000
2022-04-26 14:05:40.856000,1.27257,1.27253,1200000,1500000
2022-04-26 14:05:41.354000,1.27256,1.27253,1200000,1200000
2022-04-26 14:05:41.406000,1.27256,1.27251,1920000,1800000
2022-04-26 14:05:41.508000,1.27254,1.27249,1440000,3300000
2022-04-26 14:05:41.610000,1.27254,1.27248,1200000,1440000
2022-04-26 14:05:42.403000,1.27255,1.27251,1340000,1670000
2022-04-26 14:05:42.506000,1.27256,1.27252,1440000,1200000
2022-04-26 14:05:43.115000,1.27255,1.27252,1200000,1200000
2022-04-26 14:05:44.263000,1.27256,1.27253,1200000,1200000
2022-04-26 14:05:46.036000,1.27255,1.27252,1200000,1200000
2022-04-26 14:05:46.138000,1.27253,1.27249,1440000,1500000
2022-04-26 14:05:46.742000,1.27254,1.27251,1200000,1500000
2022-04-26 14:05:47.048000,1.27254,1.27251,6000000,1200000
2022-04-26 14:05:47.099000,1.27252,1.27249,1440000,1200000
2022-04-26 14:05:47.150000,1.27249,1.27246,1200000,1200000
2022-04-26 14:05:47.303000,1.27249,1.27244,1200000,1200000
2022-04-26 14:05:47.780000,1.27248,1.27244,1200000,1200000
2022-04-26 14:05:48.371000,1.2725,1.27247,1200000,3540000
2022-04-26 14:05:48.524000,1.27251,1.27248,1200000,1210000
2022-04-26 14:05:48.627000,1.27252,1.27249,1200000,3000000
2022-04-26 14:05:49.212000,1.27252,1.27249,1200000,1500000
2022-04-26 14:05:49.264000,1.27254,1.27248,1880000,2640000
2022-04-26 14:05:49.315000,1.27251,1.27247,1200000,3540000
2022-04-26 14:05:49.620000,1.27252,1.27248,1200000,1500000
2022-04-26 14:05:49.722000,1.27253,1.27249,1200000,2110000
2022-04-26 14:05:49.922000,1.27253,1.27249,1200000,3080000
2022-04-26 14:05:52.050000,1.27254,1.2725,1200000,2930000
2022-04-26 14:05:53.645000,1.27258,1.27252,2060000,3050000
2022-04-26 14:05:53.697000,1.27264,1.27258,1200000,1500000
2022-04-26 14:05:53.748000,1.27264,1.27262,2700000,1200000
2022-04-26 14:05:53.850000,1.27265,1.27261,1440000,1200000
2022-04-26 14:05:53.953000,1.27266,1.27263,2340000,1200000
2022-04-26 14:05:54.055000,1.27264,1.27261,1200000,1200000
2022-04-26 14:05:54.354000,1.2726,1.27257,1200000,1200000
2022-04-26 14:05:54.459000,1.2726,1.27255,1200000,1500000
2022-04-26 14:05:56.058000,1.27262,1.27256,1440000,1500000
2022-04-26 14:05:56.211000,1.27262,1.27258,1200000,2180000
2022-04-26 14:05:56.313000,1.27264,1.27261,1200000,1200000
2022-04-26 14:05:56.415000,1.27265,1.27261,1440000,1500000
2022-04-26 14:05:56.519000,1.27265,1.27262,1200000,1210000
2022-04-26 14:05:56.621000,1.27266,1.27263,1200000,1200000
2022-04-26 14:05:56.888000,1.27267,1.27264,1440000,1200000
2022-04-26 14:05:56.990000,1.27264,1.27261,1200000,1200000
2022-04-26 14:05:57.093000,1.27265,1.27261,1200000,1210000
2022-04-26 14:05:57.195000,1.27264,1.2726,1200000,1200000
2022-04-26 14:05:57.348000,1.27264,1.27261,1200000,1200000
2022-04-26 14:05:57.450000,1.27264,1.2726,1200000,1320000
2022-04-26 14:05:57.592000,1.27262,1.27258,1200000,3600000
2022-04-26 14:05:57.745000,1.27261,1.27258,1200000,1200000
2022-04-26 14:05:58.363000,1.27258,1.27254,1200000,1440000
2022-04-26 14:05:58.617000,1.27258,1.27252,1200000,1200000
2022-04-26 14:05:58.873000,1.27253,1.2725,1200000,1340000
2022-04-26 14:05:58.976000,1.27253,1.27249,1200000,1200000
2022-04-26 14:05:59.078000,1.27252,1.27249,1200000,1200000
2022-04-26 14:05:59.180000,1.27256,1.27252,2340000,1500000
2022-04-26 14:05:59.282000,1.27257,1.27253,1200000,1200000
2022-04-26 14:05:59.384000,1.27257,1.27253,1200000,1460000
2022-04-26 14:05:59.486000,1.27253,1.27251,1200000,1500000
2022-04-26 14:05:59.639000,1.27251,1.27247,1200000,1670000
2022-04-26 14:05:59.792000,1.27251,1.27247,1200000,2220000
2022-04-26 14:05:59.894000,1.27251,1.27247,1200000,1670000
2022-04-26 14:05:59.945000,1.27252,1.27247,1200000,1760000
2022-04-26 14:06:00.048000,1.27254,1.27248,1200000,2220000
2022-04-26 14:06:00.251000,1.27253,1.27249,1200000,2290000
2022-04-26 14:06:00.303000,1.27255,1.27251,1200000,1320000
2022-04-26 14:06:00.405000,1.27254,1.2725,1200000,1460000
2022-04-26 14:06:00.456000,1.27256,1.27249,2060000,3530000
2022-04-26 14:06:00.508000,1.27254,1.27251,1200000,1440000
2022-04-26 14:06:01.059000,1.27254,1.27249,1440000,1800000
2022-04-26 14:06:01.111000,1.27252,1.27248,1200000,1800000
2022-04-26 14:06:01.213000,1.27252,1.27248,1200000,1500000
2022-04-26 14:06:01.707000,1.27252,1.27249,1200000,2220000
2022-04-26 14:06:02.105000,1.27249,1.27247,1200000,1200000
2022-04-26 14:06:02.207000,1.27249,1.27245,1200000,1670000
2022-04-26 14:06:03.399000,1.2725,1.27247,1200000,1320000
2022-04-26 14:06:03.451000,1.27253,1.27249,1200000,1320000
2022-04-26 14:06:03.604000,1.27252,1.27247,1200000,1500000
2022-04-26 14:06:03.880000,1.27253,1.27248,1200000,1320000
2022-04-26 14:06:04.084000,1.27253,1.27249,1200000,1210000
2022-04-26 14:06:05.413000,1.27251,1.27247,1200000,1200000
2022-04-26 14:06:05.515000,1.2725,1.27247,1200000,1200000
2022-04-26 14:06:05.720000,1.27248,1.27244,1440000,1200000
2022-04-26 14:06:06.031000,1.27249,1.27245,2060000,1200000
2022-04-26 14:06:06.291000,1.27249,1.27245,1880000,1200000
2022-04-26 14:06:07.350000,1.27248,1.27245,1200000,1200000
2022-04-26 14:06:07.663000,1.27249,1.27246,1200000,1320000
2022-04-26 14:06:08.108000,1.27248,1.27245,1200000,1200000
2022-04-26 14:06:09.104000,1.27249,1.27245,1200000,1690000
2022-04-26 14:06:09.739000,1.27248,1.27245,1200000,1200000
2022-04-26 14:06:09.841000,1.27248,1.27243,1200000,1200000
2022-04-26 14:06:09.893000,1.27246,1.27242,1440000,1200000
2022-04-26 14:06:10.147000,1.27244,1.27241,1880000,1200000
2022-04-26 14:06:10.249000,1.27243,1.27239,1200000,2180000
2022-04-26 14:06:10.352000,1.27245,1.27242,1200000,1740000
2022-04-26 14:06:10.403000,1.27247,1.27243,1880000,1500000
2022-04-26 14:06:11.595000,1.27244,1.2724,3680000,1200000
2022-04-26 14:06:11.702000,1.2724,1.27237,1440000,1200000
2022-04-26 14:06:11.976000,1.27241,1.27236,2040000,1200000
2022-04-26 14:06:12.622000,1.27242,1.27239,2060000,1200000
2022-04-26 14:06:12.724000,1.27242,1.27238,1200000,1440000
2022-04-26 14:06:12.978000,1.27243,1.2724,1440000,1200000
2022-04-26 14:06:13.080000,1.27242,1.2724,1320000,1200000
2022-04-26 14:06:13.182000,1.27241,1.27238,1320000,1200000
2022-04-26 14:06:14.947000,1.27238,1.27236,1320000,1200000
2022-04-26 14:06:14.998000,1.27238,1.27232,1320000,2220000
2022-04-26 14:06:15.542000,1.27238,1.27235,1320000,1200000
2022-04-26 14:06:15.785000,1.27239,1.27235,2520000,1200000
2022-04-26 14:06:16.489000,1.27241,1.27235,2780000,1200000
2022-04-26 14:06:16.591000,1.2724,1.27236,2940000,1200000
2022-04-26 14:06:16.694000,1.27239,1.27235,1340000,1440000
2022-04-26 14:06:16.796000,1.27239,1.27235,2040000,1200000
2022-04-26 14:06:17.090000,1.27241,1.27235,3860000,1200000
2022-04-26 14:06:17.634000,1.27239,1.27236,1320000,1200000
2022-04-26 14:06:17.916000,1.2724,1.27237,1320000,1200000
2022-04-26 14:06:18.018000,1.2724,1.27237,1320000,1200000
2022-04-26 14:06:18.069000,1.2724,1.27234,1320000,1920000
2022-04-26 14:06:18.172000,1.2724,1.27234,2340000,2220000
2022-04-26 14:06:18.274000,1.27241,1.27235,1320000,2660000
2022-04-26 14:06:18.688000,1.27242,1.27239,1320000,1200000
2022-04-26 14:06:19.384000,1.27242,1.27238,2040000,1200000
2022-04-26 14:06:19.486000,1.2724,1.27237,2040000,1200000
2022-04-26 14:06:19.952000,1.27238,1.27234,1880000,1200000
2022-04-26 14:06:20.004000,1.27233,1.27229,2940000,1200000
2022-04-26 14:06:20.107000,1.27234,1.27228,2340000,1200000
2022-04-26 14:06:20.260000,1.27234,1.2723,1440000,1200000
2022-04-26 14:06:21.089000,1.27235,1.27231,1440000,1500000
2022-04-26 14:06:21.191000,1.27237,1.27233,2780000,1500000
2022-04-26 14:06:25.516000,1.27236,1.27232,1800000,1320000
2022-04-26 14:06:25.720000,1.27234,1.27231,1200000,1620000
2022-04-26 14:06:25.977000,1.27235,1.27231,1200000,2820000
2022-04-26 14:06:26.088000,1.27235,1.27232,1200000,2640000
2022-04-26 14:06:26.190000,1.27235,1.27231,1200000,2220000
2022-04-26 14:06:26.394000,1.27234,1.2723,1340000,3080000
2022-04-26 14:06:27.943000,1.27235,1.27229,1880000,2030000
2022-04-26 14:06:28.096000,1.27233,1.2723,1200000,2640000
2022-04-26 14:06:30.394000,1.27236,1.27232,1200000,3720000
2022-04-26 14:06:30.699000,1.27236,1.27233,1200000,1740000
2022-04-26 14:06:32.436000,1.27237,1.27231,1200000,3260000
2022-04-26 14:06:36.034000,1.2724,1.27237,3260000,1210000
2022-04-26 14:06:36.136000,1.27242,1.27239,1200000,1880000
2022-04-26 14:06:36.289000,1.27242,1.27239,1200000,5400000
2022-04-26 14:06:37.549000,1.27245,1.27241,1200000,1670000
2022-04-26 14:06:37.905000,1.27242,1.27238,1200000,4810000
2022-04-26 14:06:38.008000,1.27243,1.27239,1200000,2640000
2022-04-26 14:06:40.043000,1.27244,1.2724,1880000,1200000
2022-04-26 14:06:40.643000,1.27244,1.2724,2040000,1200000
2022-04-26 14:06:41.576000,1.27246,1.27243,2340000,1200000
2022-04-26 14:06:41.678000,1.27247,1.27243,2780000,1200000
2022-04-26 14:06:42.015000,1.27245,1.27243,1340000,1200000
2022-04-26 14:06:42.067000,1.27245,1.27241,1200000,2340000
2022-04-26 14:06:42.291000,1.27246,1.27242,1440000,1200000
2022-04-26 14:06:43.057000,1.27248,1.27244,2240000,1440000
2022-04-26 14:06:44.554000,1.27247,1.27243,1200000,2340000
2022-04-26 14:06:44.998000,1.27246,1.27242,1200000,2340000
2022-04-26 14:06:47.472000,1.27249,1.27243,1340000,1440000
2022-04-26 14:06:47.593000,1.27247,1.27243,1200000,2290000
2022-04-26 14:06:48.055000,1.27249,1.27243,1340000,1440000
2022-04-26 14:06:48.157000,1.27248,1.27245,1200000,1200000
2022-04-26 14:06:48.309000,1.27248,1.27244,1200000,2340000
2022-04-26 14:06:50.159000,1.27249,1.27245,1880000,1200000
2022-04-26 14:06:52.539000,1.27252,1.27247,1200000,1440000
2022-04-26 14:06:52.641000,1.27252,1.27248,1200000,1440000
2022-04-26 14:06:53.443000,1.27253,1.2725,1200000,1200000
2022-04-26 14:06:53.596000,1.27252,1.27249,1200000,1200000
2022-04-26 14:06:53.715000,1.27252,1.27248,1200000,2470000
2022-04-26 14:06:54.120000,1.27252,1.27248,2040000,1800000
2022-04-26 14:06:54.222000,1.27252,1.27248,1880000,1800000
2022-04-26 14:06:56.233000,1.27251,1.27247,1880000,1200000
2022-04-26 14:06:56.335000,1.27251,1.27245,1340000,1800000
2022-04-26 14:06:57.787000,1.27251,1.27248,1200000,1200000
2022-04-26 14:06:57.838000,1.27254,1.27248,1200000,1880000
2022-04-26 14:06:57.991000,1.27252,1.27249,2480000,1200000
2022-04-26 14:06:58.042000,1.27251,1.27247,1340000,1200000
2022-04-26 14:06:59.086000,1.2725,1.27247,1200000,1200000
2022-04-26 14:06:59.952000,1.27253,1.27249,2240000,2180000
2022-04-26 14:07:00.060000,1.27253,1.27249,1340000,1880000
2022-04-26 14:07:00.396000,1.27252,1.27249,1200000,1880000
2022-04-26 14:07:00.600000,1.27253,1.27249,1880000,1800000
2022-04-26 14:07:00.702000,1.27252,1.27249,1340000,1200000
2022-04-26 14:07:01.707000,1.27252,1.27248,1200000,1800000
2022-04-26 14:07:01.809000,1.27251,1.27247,1880000,1500000
2022-04-26 14:07:01.972000,1.27252,1.27248,1440000,1200000
2022-04-26 14:07:02.074000,1.27253,1.27249,1880000,1800000
2022-04-26 14:07:02.277000,1.27255,1.27253,1880000,2240000
2022-04-26 14:07:02.329000,1.27258,1.27255,1800000,1500000
2022-04-26 14:07:02.431000,1.2726,1.27254,1200000,1670000
2022-04-26 14:07:04.103000,1.27259,1.27256,1200000,1200000
2022-04-26 14:07:04.315000,1.27261,1.27257,1200000,1320000
2022-04-26 14:07:05.648000,1.27261,1.27257,1200000,3080000
2022-04-26 14:07:05.700000,1.27264,1.27261,2870000,2100000
2022-04-26 14:07:05.751000,1.27267,1.27263,1440000,1500000
2022-04-26 14:07:05.803000,1.27268,1.27266,2110000,1200000
2022-04-26 14:07:05.905000,1.27269,1.27266,1200000,1200000
2022-04-26 14:07:06.007000,1.27271,1.27267,1440000,1200000
2022-04-26 14:07:06.109000,1.2727,1.27266,2060000,1200000
2022-04-26 14:07:06.161000,1.27267,1.27263,1200000,1440000
2022-04-26 14:07:06.263000,1.27272,1.27266,2700000,1200000
2022-04-26 14:07:06.416000,1.27271,1.27267,1920000,1200000
2022-04-26 14:07:06.518000,1.27269,1.27265,1440000,1200000
2022-04-26 14:07:06.569000,1.27267,1.27263,1440000,1200000
2022-04-26 14:07:06.671000,1.27267,1.27263,1920000,1200000
2022-04-26 14:07:06.773000,1.27267,1.27263,1440000,1200000
2022-04-26 14:07:06.926000,1.27271,1.27267,1880000,1200000
2022-04-26 14:07:07.079000,1.27272,1.27268,1200000,1440000
2022-04-26 14:07:07.182000,1.27275,1.27271,1320000,1200000
2022-04-26 14:07:07.641000,1.27276,1.27272,1440000,1200000
2022-04-26 14:07:08.740000,1.27279,1.27275,1800000,1200000
2022-04-26 14:07:08.842000,1.27279,1.27275,1440000,1200000
2022-04-26 14:07:09.096000,1.27279,1.27275,1920000,1200000
2022-04-26 14:07:09.782000,1.27281,1.27278,3680000,1200000
2022-04-26 14:07:09.884000,1.2728,1.27276,1200000,1440000
2022-04-26 14:07:09.986000,1.27282,1.27278,1320000,1200000
2022-04-26 14:07:10.139000,1.27284,1.2728,1200000,1440000
2022-04-26 14:07:10.241000,1.27285,1.27281,1440000,1200000
2022-04-26 14:07:10.344000,1.27287,1.27283,1440000,1200000
2022-04-26 14:07:10.496000,1.27287,1.27283,1200000,1920000
2022-04-26 14:07:10.598000,1.27287,1.27283,1200000,1440000
2022-04-26 14:07:10.700000,1.27287,1.27283,1200000,1920000
2022-04-26 14:07:10.802000,1.27287,1.27283,1200000,1440000
2022-04-26 14:07:10.905000,1.27285,1.27282,2340000,1200000
2022-04-26 14:07:10.956000,1.27282,1.27278,1200000,1440000
2022-04-26 14:07:12.264000,1.27281,1.27278,1200000,1200000
2022-04-26 14:07:12.366000,1.27281,1.27277,1440000,1200000
2022-04-26 14:07:12.468000,1.2728,1.27276,1200000,1200000
2022-04-26 14:07:12.570000,1.27277,1.27274,1440000,1200000
2022-04-26 14:07:12.672000,1.27277,1.27273,1440000,1200000
2022-04-26 14:07:12.775000,1.27281,1.27277,2240000,1440000
2022-04-26 14:07:12.877000,1.27281,1.27275,1200000,1200000
2022-04-26 14:07:13.378000,1.27275,1.27273,1200000,2340000
2022-04-26 14:07:13.480000,1.27276,1.27272,1200000,1440000
2022-04-26 14:07:14.292000,1.27274,1.2727,1200000,1200000
2022-04-26 14:07:14.699000,1.27276,1.27272,1560000,1200000
2022-04-26 14:07:14.903000,1.27279,1.27273,1800000,1200000
2022-04-26 14:07:15.876000,1.27278,1.27274,1460000,1200000
2022-04-26 14:07:15.978000,1.27277,1.27273,1200000,1200000
2022-04-26 14:07:16.222000,1.27277,1.27273,1460000,1200000
2022-04-26 14:07:16.393000,1.27277,1.27273,1200000,1200000
2022-04-26 14:07:16.495000,1.27281,1.27277,1200000,1440000
2022-04-26 14:07:16.597000,1.27282,1.27278,1200000,2520000
2022-04-26 14:07:16.700000,1.27286,1.2728,1440000,1200000
2022-04-26 14:07:17.834000,1.27282,1.27278,1200000,2340000
2022-04-26 14:07:17.937000,1.27278,1.27274,1440000,1200000
2022-04-26 14:07:18.090000,1.27277,1.27271,1320000,1200000
2022-04-26 14:07:18.192000,1.27276,1.2727,1320000,1200000
2022-04-26 14:07:18.650000,1.27274,1.2727,1200000,1200000
2022-04-26 14:07:18.950000,1.27275,1.27271,1800000,1440000
2022-04-26 14:07:19.103000,1.27274,1.2727,1440000,1800000
2022-04-26 14:07:19.611000,1.27269,1.27265,1200000,2040000
2022-04-26 14:07:19.663000,1.27269,1.27265,1200000,1440000
2022-04-26 14:07:20.201000,1.27268,1.27264,1440000,1800000
2022-04-26 14:07:20.304000,1.27268,1.27264,2820000,1200000
2022-04-26 14:07:21.060000,1.27268,1.27264,1200000,1200000
2022-04-26 14:07:21.314000,1.27269,1.27265,1200000,1200000
2022-04-26 14:07:21.753000,1.27273,1.27269,1200000,1440000
2022-04-26 14:07:21.855000,1.27274,1.2727,1200000,1200000
2022-04-26 14:07:22.109000,1.27274,1.27268,1200000,1440000
2022-04-26 14:07:22.212000,1.2727,1.27266,1320000,3600000
2022-04-26 14:07:22.314000,1.27269,1.27265,1320000,1200000
2022-04-26 14:07:22.569000,1.27267,1.27263,1200000,2340000
2022-04-26 14:07:22.671000,1.27267,1.27263,1200000,1920000
2022-04-26 14:07:23.077000,1.27267,1.27263,1200000,1440000
