time,ask,bid,ask_volume,bid_volume
2022-03-30 14:25:00.844000,1.21767,1.21761,2470000,3600000
2022-03-30 14:25:00.896000,1.21764,1.21761,2480000,4500000
2022-03-30 14:25:01.099000,1.21761,1.21755,1200000,1340000
2022-03-30 14:25:01.505000,1.2176,1.21754,2110000,3000000
2022-03-30 14:25:01.607000,1.2176,1.21754,1880000,1500000
2022-03-30 14:25:01.709000,1.2176,1.21754,1880000,2100000
2022-03-30 14:25:02.073000,1.2176,1.21755,1340000,1500000
2022-03-30 14:25:02.183000,1.21761,1.21757,1200000,3680000
2022-03-30 14:25:02.336000,1.21761,1.21756,1200000,3910000
2022-03-30 14:25:02.606000,1.21763,1.21757,2480000,1320000
2022-03-30 14:25:02.708000,1.21763,1.21758,1200000,1620000
2022-03-30 14:25:03.040000,1.21763,1.21757,1200000,3240000
2022-03-30 14:25:03.762000,1.21764,1.21756,1200000,2110000
2022-03-30 14:25:03.914000,1.21763,1.21758,1200000,1200000
2022-03-30 14:25:05.338000,1.2177,1.21767,1500000,1200000
2022-03-30 14:25:05.389000,1.21773,1.21768,4940000,1200000
2022-03-30 14:25:05.491000,1.21775,1.21769,2100000,1440000
2022-03-30 14:25:05.795000,1.21774,1.21768,1500000,1880000
2022-03-30 14:25:06.299000,1.21776,1.21771,1320000,1200000
2022-03-30 14:25:06.401000,1.21778,1.2177,2060000,1200000
2022-03-30 14:25:06.503000,1.21775,1.21769,2100000,1440000
2022-03-30 14:25:06.909000,1.21775,1.21769,1200000,1440000
2022-03-30 14:25:07.112000,1.21776,1.2177,1340000,2360000
2022-03-30 14:25:07.214000,1.21778,1.2177,1200000,1920000
2022-03-30 14:25:07.316000,1.21781,1.21774,5160000,1200000
2022-03-30 14:25:07.418000,1.2178,1.21774,1200000,1440000
2022-03-30 14:25:07.875000,1.21779,1.21773,1200000,2520000
2022-03-30 14:25:07.977000,1.21779,1.21773,1200000,1320000
2022-03-30 14:25:08.952000,1.2178,1.21775,1200000,1200000
2022-03-30 14:25:10.393000,1.21781,1.21775,1340000,1440000
2022-03-30 14:25:10.496000,1.21783,1.21777,2100000,1440000
2022-03-30 14:25:10.598000,1.21782,1.21776,1340000,1200000
2022-03-30 14:25:11.369000,1.21779,1.21774,1200000,2240000
2022-03-30 14:25:11.471000,1.21777,1.21771,1440000,2100000
2022-03-30 14:25:11.573000,1.21777,1.21771,1440000,1500000
2022-03-30 14:25:11.725000,1.21776,1.2177,2640000,1500000
2022-03-30 14:25:12.081000,1.21777,1.21769,1440000,1500000
2022-03-30 14:25:12.183000,1.21778,1.21772,3470000,1200000
2022-03-30 14:25:12.538000,1.21778,1.21772,2340000,1200000
2022-03-30 14:25:13.661000,1.21779,1.21774,1320000,1200000
2022-03-30 14:25:13.763000,1.2178,1.21774,1440000,2240000
2022-03-30 14:25:13.865000,1.21781,1.21775,1880000,1200000
2022-03-30 14:25:14.118000,1.21781,1.21775,2520000,1200000
2022-03-30 14:25:14.239000,1.2178,1.21774,1440000,1200000
2022-03-30 14:25:15.794000,1.21778,1.21772,1440000,2240000
2022-03-30 14:25:17.031000,1.21778,1.21772,2060000,1200000
2022-03-30 14:25:17.133000,1.21776,1.2177,2640000,1500000
2022-03-30 14:25:17.438000,1.21776,1.2177,1880000,1200000
2022-03-30 14:25:17.641000,1.21777,1.21769,3080000,1500000
2022-03-30 14:25:18.379000,1.21774,1.21769,2060000,2100000
2022-03-30 14:25:19.433000,1.21774,1.21769,1880000,1500000
2022-03-30 14:25:20.167000,1.21776,1.2177,2220000,2570000
2022-03-30 14:25:20.269000,1.21777,1.21771,1500000,3680000
2022-03-30 14:25:20.574000,1.21777,1.21771,1200000,4510000
2022-03-30 14:25:20.676000,1.21777,1.21772,1200000,2100000
2022-03-30 14:25:20.727000,1.21782,1.2178,1200000,1320000
2022-03-30 14:25:20.778000,1.21784,1.2178,1200000,1320000
2022-03-30 14:25:20.829000,1.21786,1.2178,1440000,1200000
2022-03-30 14:25:20.931000,1.21787,1.21781,2060000,1200000
2022-03-30 14:25:21.033000,1.21787,1.21781,1320000,1200000
2022-03-30 14:25:21.135000,1.21787,1.21781,1200000,2710000
2022-03-30 14:25:21.237000,1.21788,1.21782,1670000,1340000
2022-03-30 14:25:21.288000,1.21791,1.21785,3470000,1200000
2022-03-30 14:25:21.492000,1.2179,1.21785,1200000,1200000
2022-03-30 14:25:21.594000,1.2179,1.21784,2340000,1200000
2022-03-30 14:25:22.131000,1.2179,1.21785,1340000,1200000
2022-03-30 14:25:22.487000,1.21789,1.21783,1500000,2700000
2022-03-30 14:25:24.283000,1.21784,1.2178,1200000,1340000
2022-03-30 14:25:26.278000,1.21783,1.2178,1320000,1200000
2022-03-30 14:25:26.329000,1.21782,1.21774,2060000,1570000
2022-03-30 14:25:26.431000,1.2178,1.21775,1620000,1200000
2022-03-30 14:25:26.634000,1.21779,1.21775,1500000,1200000
2022-03-30 14:25:26.685000,1.21779,1.21773,2820000,2030000
2022-03-30 14:25:27.392000,1.21782,1.21778,2340000,1200000
2022-03-30 14:25:27.950000,1.21782,1.2178,1500000,1200000
2022-03-30 14:25:28.052000,1.2178,1.21773,1500000,10810000
2022-03-30 14:25:28.103000,1.21779,1.21773,2570000,3000000
2022-03-30 14:25:29.292000,1.21779,1.21773,4090000,2540000
2022-03-30 14:25:29.394000,1.21779,1.21773,2110000,2540000
2022-03-30 14:25:29.547000,1.21779,1.21773,3190000,2540000
2022-03-30 14:25:30.025000,1.21776,1.21771,1500000,1940000
2022-03-30 14:25:30.077000,1.21775,1.2177,1440000,1800000
2022-03-30 14:25:30.179000,1.21775,1.21769,1200000,7510000
2022-03-30 14:25:30.331000,1.21776,1.2177,2570000,1200000
2022-03-30 14:25:31.039000,1.21777,1.21772,2640000,1200000
2022-03-30 14:25:32.297000,1.2177,1.21768,1500000,1340000
2022-03-30 14:25:32.348000,1.2177,1.21765,1880000,1200000
2022-03-30 14:25:32.551000,1.21772,1.21764,3010000,1200000
2022-03-30 14:25:32.704000,1.21771,1.21766,1570000,1200000
2022-03-30 14:25:32.857000,1.21774,1.21768,1880000,5480000
2022-03-30 14:25:34.588000,1.21773,1.21768,1500000,1200000
2022-03-30 14:25:34.690000,1.21773,1.2177,1500000,3600000
2022-03-30 14:25:36.143000,1.2177,1.21764,1500000,2240000
2022-03-30 14:25:36.297000,1.21772,1.21764,1440000,2470000
2022-03-30 14:25:36.348000,1.21772,1.2177,2030000,3600000
2022-03-30 14:25:36.450000,1.21774,1.21771,3720000,3600000
2022-03-30 14:25:37.112000,1.21775,1.21771,3240000,3600000
2022-03-30 14:25:37.163000,1.21777,1.21771,3080000,5840000
2022-03-30 14:25:37.215000,1.2178,1.21774,4970000,1200000
2022-03-30 14:25:37.317000,1.21777,1.21771,2640000,4940000
2022-03-30 14:25:37.420000,1.21776,1.21771,3080000,4040000
2022-03-30 14:25:37.885000,1.21776,1.2177,3540000,1200000
2022-03-30 14:25:40.593000,1.2177,1.21767,1200000,1800000
2022-03-30 14:25:40.645000,1.21771,1.21764,2110000,1200000
2022-03-30 14:25:40.746000,1.2177,1.21764,1880000,1500000
2022-03-30 14:25:41.552000,1.21772,1.21768,1560000,2480000
2022-03-30 14:25:41.603000,1.21776,1.21772,1200000,1340000
2022-03-30 14:25:41.655000,1.21779,1.21772,2030000,1200000
2022-03-30 14:25:41.757000,1.21779,1.21774,1440000,1200000
2022-03-30 14:25:43.181000,1.21779,1.21773,1440000,2780000
2022-03-30 14:25:43.919000,1.21779,1.21773,1200000,3720000
2022-03-30 14:25:44.021000,1.21778,1.21773,1500000,3950000
2022-03-30 14:25:44.123000,1.21777,1.21772,1200000,1340000
2022-03-30 14:25:45.130000,1.21776,1.21771,1500000,2340000
2022-03-30 14:25:45.233000,1.21777,1.21771,3260000,1340000
2022-03-30 14:25:45.996000,1.2177,1.21767,1200000,2840000
2022-03-30 14:25:46.047000,1.2177,1.21767,1440000,1800000
2022-03-30 14:25:46.098000,1.2177,1.21764,1440000,2110000
2022-03-30 14:25:46.352000,1.21771,1.21765,2340000,1500000
2022-03-30 14:25:46.454000,1.21771,1.21765,1440000,2170000
2022-03-30 14:25:46.556000,1.21772,1.21766,1670000,1340000
2022-03-30 14:25:47.335000,1.21773,1.21765,2640000,2240000
2022-03-30 14:25:49.714000,1.21775,1.21769,2480000,1880000
2022-03-30 14:25:49.765000,1.21775,1.21769,1880000,1440000
2022-03-30 14:25:49.817000,1.21773,1.21768,1800000,1200000
2022-03-30 14:25:49.919000,1.2177,1.21764,1440000,1500000
2022-03-30 14:25:50.737000,1.2177,1.21764,1200000,2270000
2022-03-30 14:25:50.919000,1.21771,1.21765,2110000,1340000
2022-03-30 14:25:52.006000,1.21774,1.21768,2160000,1440000
2022-03-30 14:25:52.108000,1.21774,1.21768,1200000,2340000
2022-03-30 14:25:52.421000,1.21775,1.21769,1880000,1200000
2022-03-30 14:25:54.833000,1.21777,1.21771,2940000,1440000
2022-03-30 14:25:54.935000,1.21777,1.21771,1880000,1440000
2022-03-30 14:25:55.037000,1.21777,1.21771,2060000,1200000
2022-03-30 14:25:55.301000,1.21776,1.2177,2340000,1200000
2022-03-30 14:25:55.402000,1.21775,1.2177,1200000,1200000
2022-03-30 14:25:56.356000,1.2177,1.21767,1200000,3140000
2022-03-30 14:25:56.458000,1.2177,1.21765,2520000,1500000
2022-03-30 14:25:56.560000,1.21769,1.21764,2340000,1500000
2022-03-30 14:25:57.192000,1.21767,1.21764,1200000,1500000
2022-03-30 14:25:57.244000,1.21767,1.21761,1800000,2710000
2022-03-30 14:25:57.346000,1.21766,1.21761,1200000,1500000
2022-03-30 14:25:57.650000,1.21766,1.2176,1200000,3680000
2022-03-30 14:25:58.057000,1.21767,1.21761,1200000,2710000
2022-03-30 14:25:58.412000,1.21767,1.21761,2110000,2240000
2022-03-30 14:25:59.547000,1.21766,1.21761,1320000,2240000
2022-03-30 14:26:00.474000,1.21766,1.21761,3170000,1800000
2022-03-30 14:26:00.525000,1.21764,1.21758,1440000,4730000
2022-03-30 14:26:00.880000,1.21765,1.21757,1440000,2100000
2022-03-30 14:26:00.983000,1.21765,1.21759,1880000,1500000
2022-03-30 14:26:01.186000,1.21767,1.21761,3540000,1200000
2022-03-30 14:26:01.389000,1.21767,1.21761,2570000,1200000
2022-03-30 14:26:01.592000,1.21767,1.21761,2030000,1460000
2022-03-30 14:26:01.745000,1.21767,1.21762,1200000,2360000
2022-03-30 14:26:01.999000,1.2177,1.21762,1570000,2060000
2022-03-30 14:26:02.101000,1.21768,1.21762,2030000,1340000
2022-03-30 14:26:02.203000,1.21768,1.21762,2750000,1340000
2022-03-30 14:26:02.305000,1.21767,1.21761,2220000,1800000
2022-03-30 14:26:02.610000,1.21768,1.2176,1670000,1800000
2022-03-30 14:26:02.712000,1.21768,1.21761,1200000,1320000
2022-03-30 14:26:02.864000,1.21769,1.21764,1200000,1200000
2022-03-30 14:26:02.966000,1.21771,1.21766,1500000,1200000
2022-03-30 14:26:03.017000,1.21774,1.21769,1200000,1440000
2022-03-30 14:26:04.105000,1.21775,1.21769,1200000,2340000
2022-03-30 14:26:04.359000,1.21775,1.21771,1200000,4140000
2022-03-30 14:26:04.410000,1.21779,1.21774,1200000,1440000
2022-03-30 14:26:04.512000,1.21781,1.21775,1500000,1440000
2022-03-30 14:26:04.614000,1.21781,1.21775,1200000,2940000
2022-03-30 14:26:04.868000,1.21782,1.21776,1200000,2340000
2022-03-30 14:26:05.394000,1.21782,1.21776,2540000,1880000
2022-03-30 14:26:05.597000,1.21783,1.21775,1200000,2340000
2022-03-30 14:26:06.003000,1.21782,1.21776,1200000,4090000
2022-03-30 14:26:06.156000,1.21785,1.21779,2660000,4040000
2022-03-30 14:26:06.207000,1.21786,1.2178,1200000,1800000
2022-03-30 14:26:07.416000,1.21788,1.21782,2100000,1440000
2022-03-30 14:26:07.518000,1.21787,1.21781,1200000,1440000
2022-03-30 14:26:09.346000,1.21786,1.2178,1200000,1320000
2022-03-30 14:26:10.259000,1.21791,1.21785,1340000,3010000
2022-03-30 14:26:10.361000,1.21793,1.21787,1200000,2520000
2022-03-30 14:26:10.463000,1.21793,1.21785,1440000,1440000
2022-03-30 14:26:11.954000,1.21792,1.21786,2400000,1200000
2022-03-30 14:26:12.310000,1.21792,1.21786,1200000,2520000
2022-03-30 14:26:12.412000,1.21792,1.21786,1200000,2340000
2022-03-30 14:26:12.564000,1.21794,1.21789,2240000,3240000
2022-03-30 14:26:12.666000,1.21797,1.21791,1200000,1800000
2022-03-30 14:26:13.259000,1.218,1.21794,2240000,1200000
2022-03-30 14:26:13.564000,1.21799,1.21793,1200000,1440000
2022-03-30 14:26:13.970000,1.21796,1.21793,1200000,1200000
2022-03-30 14:26:14.021000,1.21795,1.21789,2240000,3780000
2022-03-30 14:26:14.073000,1.21792,1.21786,2780000,1440000
2022-03-30 14:26:14.503000,1.21793,1.21787,1200000,1320000
2022-03-30 14:26:14.605000,1.21792,1.21786,1200000,1200000
2022-03-30 14:26:15.251000,1.21793,1.21787,2030000,1200000
2022-03-30 14:26:15.352000,1.21792,1.21786,1200000,1340000
2022-03-30 14:26:16.749000,1.2179,1.21785,1200000,1320000
2022-03-30 14:26:16.851000,1.21791,1.21783,1200000,1880000
2022-03-30 14:26:17.356000,1.21789,1.21784,1200000,1320000
2022-03-30 14:26:18.505000,1.2179,1.21784,1340000,2780000
2022-03-30 14:26:18.911000,1.2179,1.21784,3000000,2340000
2022-03-30 14:26:19.700000,1.21785,1.21783,1800000,1200000
2022-03-30 14:26:20.763000,1.21787,1.21784,3840000,1200000
2022-03-30 14:26:20.865000,1.2179,1.21785,1880000,1200000
2022-03-30 14:26:20.967000,1.21789,1.21785,1210000,1200000
2022-03-30 14:26:21.069000,1.21789,1.21784,2110000,1200000
2022-03-30 14:26:24.633000,1.2179,1.21785,1320000,1200000
2022-03-30 14:26:25.805000,1.21792,1.21786,3490000,1200000
2022-03-30 14:26:25.907000,1.21792,1.21787,1440000,1200000
2022-03-30 14:26:26.060000,1.21793,1.21785,3420000,1200000
2022-03-30 14:26:26.276000,1.2179,1.21785,1340000,1200000
2022-03-30 14:26:26.378000,1.21789,1.21785,1500000,1200000
2022-03-30 14:26:26.480000,1.21789,1.21784,2570000,1200000
2022-03-30 14:26:26.895000,1.2179,1.21783,3170000,1200000
2022-03-30 14:26:27.630000,1.21789,1.21784,1200000,1320000
2022-03-30 14:26:27.732000,1.21789,1.21785,1200000,1200000
2022-03-30 14:26:28.662000,1.2179,1.21785,2340000,1200000
2022-03-30 14:26:28.815000,1.2179,1.21785,3540000,1200000
2022-03-30 14:26:29.374000,1.2179,1.21785,2340000,1200000
2022-03-30 14:26:31.237000,1.2179,1.21784,3680000,1320000
2022-03-30 14:26:34.011000,1.21792,1.21785,2110000,2400000
2022-03-30 14:26:34.113000,1.21795,1.21792,1980000,1200000
2022-03-30 14:26:34.165000,1.21797,1.21792,2780000,1200000
2022-03-30 14:26:34.267000,1.21792,1.21789,2940000,2700000
2022-03-30 14:26:34.369000,1.21791,1.21786,1320000,1200000
2022-03-30 14:26:34.470000,1.2179,1.21785,1200000,1340000
2022-03-30 14:26:36.746000,1.2179,1.21784,3010000,1340000
2022-03-30 14:26:40.403000,1.2179,1.21785,2340000,1200000
2022-03-30 14:26:40.454000,1.21791,1.21788,1340000,1200000
2022-03-30 14:26:41.443000,1.21791,1.21789,1200000,1200000
2022-03-30 14:26:42.044000,1.21797,1.21791,6980000,1200000
2022-03-30 14:26:42.146000,1.21798,1.21792,6380000,2030000
2022-03-30 14:26:42.197000,1.21795,1.21792,3600000,2030000
2022-03-30 14:26:42.763000,1.21796,1.21794,3600000,2470000
2022-03-30 14:26:42.916000,1.21795,1.21792,3600000,2930000
2022-03-30 14:26:43.018000,1.21796,1.21793,3600000,1200000
2022-03-30 14:26:43.119000,1.21796,1.21793,3600000,2540000
2022-03-30 14:26:43.221000,1.21796,1.21793,3600000,1340000
2022-03-30 14:26:44.136000,1.21801,1.21799,1200000,1200000
2022-03-30 14:26:44.187000,1.21802,1.21799,1800000,1200000
2022-03-30 14:26:44.239000,1.21804,1.21799,4140000,1200000
2022-03-30 14:26:44.341000,1.21805,1.21799,5480000,1200000
2022-03-30 14:26:44.882000,1.21804,1.21799,5040000,1200000
2022-03-30 14:26:46.252000,1.21805,1.218,5040000,1200000
2022-03-30 14:26:46.607000,1.21808,1.21804,1800000,1500000
2022-03-30 14:26:46.709000,1.21809,1.21804,1200000,1500000
2022-03-30 14:26:46.811000,1.2181,1.21804,5040000,2030000
2022-03-30 14:26:47.021000,1.2181,1.21805,1200000,1340000
2022-03-30 14:26:47.479000,1.21811,1.21805,1200000,1440000
2022-03-30 14:26:47.632000,1.2181,1.21805,1200000,1200000
2022-03-30 14:26:48.001000,1.21807,1.21802,5040000,2170000
2022-03-30 14:26:48.104000,1.21807,1.21802,5480000,1500000
2022-03-30 14:26:48.467000,1.21809,1.21803,7740000,2570000
2022-03-30 14:26:48.578000,1.21809,1.21804,5480000,1200000
2022-03-30 14:26:48.731000,1.21811,1.21807,1340000,1500000
2022-03-30 14:26:48.833000,1.21812,1.21807,5040000,2100000
2022-03-30 14:26:49.674000,1.21813,1.21807,5480000,1210000
2022-03-30 14:26:49.776000,1.21813,1.21807,5480000,2180000
2022-03-30 14:26:50.030000,1.21814,1.21808,5940000,1320000
2022-03-30 14:26:50.132000,1.21813,1.21808,1200000,1440000
2022-03-30 14:26:50.354000,1.21813,1.21807,5480000,1210000
2022-03-30 14:26:52.796000,1.21816,1.21811,9080000,1200000
2022-03-30 14:26:52.898000,1.21814,1.21809,4140000,1200000
2022-03-30 14:26:52.999000,1.21817,1.21812,5480000,1570000
2022-03-30 14:26:53.101000,1.21817,1.21813,4580000,1200000
2022-03-30 14:26:53.812000,1.21816,1.21812,4140000,1200000
2022-03-30 14:26:54.016000,1.21817,1.21812,4580000,1200000
2022-03-30 14:26:54.758000,1.21816,1.21812,4140000,1200000
2022-03-30 14:26:54.860000,1.21817,1.21812,4140000,1200000
2022-03-30 14:26:56.966000,1.21818,1.21812,5940000,1200000
2022-03-30 14:26:57.068000,1.21822,1.21815,5180000,1200000
2022-03-30 14:26:57.119000,1.21821,1.21816,3680000,1200000
2022-03-30 14:26:57.701000,1.21822,1.21817,1880000,2100000
2022-03-30 14:26:57.803000,1.21823,1.21818,1320000,1500000
2022-03-30 14:26:57.854000,1.21823,1.21815,1880000,2470000
2022-03-30 14:26:57.956000,1.21822,1.21816,1880000,3440000
2022-03-30 14:26:58.210000,1.21823,1.21815,2060000,3440000
2022-03-30 14:26:58.312000,1.21822,1.21816,3420000,1500000
2022-03-30 14:26:58.414000,1.21822,1.21816,3420000,2100000
2022-03-30 14:26:58.733000,1.21823,1.21818,1940000,1500000
2022-03-30 14:26:58.785000,1.21826,1.21818,1920000,1340000
2022-03-30 14:26:58.887000,1.21826,1.2182,2960000,1200000
2022-03-30 14:26:58.989000,1.21828,1.21822,2520000,1500000
2022-03-30 14:26:59.091000,1.21828,1.21822,1440000,2030000
2022-03-30 14:26:59.582000,1.21829,1.21824,1440000,1200000
2022-03-30 14:26:59.786000,1.2183,1.21825,7380000,1200000
2022-03-30 14:26:59.888000,1.21831,1.21826,8720000,1200000
2022-03-30 14:27:00.195000,1.21834,1.21829,4940000,1200000
2022-03-30 14:27:00.246000,1.21836,1.2183,8720000,1200000
2022-03-30 14:27:00.450000,1.21836,1.21829,6920000,1200000
2022-03-30 14:27:01.109000,1.21836,1.2183,9180000,1200000
2022-03-30 14:27:01.599000,1.21836,1.21831,1200000,1500000
2022-03-30 14:27:01.752000,1.21836,1.2183,1200000,1200000
2022-03-30 14:27:02.997000,1.21837,1.2183,2240000,1500000
2022-03-30 14:27:03.150000,1.21835,1.21829,1200000,1200000
2022-03-30 14:27:04.470000,1.2183,1.21826,5400000,4640000
2022-03-30 14:27:04.521000,1.21829,1.21826,5400000,3600000
2022-03-30 14:27:04.572000,1.21826,1.21824,1560000,1200000
2022-03-30 14:27:05.925000,1.21826,1.21823,1560000,1880000
2022-03-30 14:27:08.016000,1.21827,1.21823,1560000,1880000
2022-03-30 14:27:08.401000,1.2183,1.21824,1200000,2590000
2022-03-30 14:27:09.152000,1.21831,1.21826,1340000,1200000
2022-03-30 14:27:09.305000,1.21834,1.21828,2170000,1200000
2022-03-30 14:27:09.357000,1.21835,1.21829,3320000,1200000
2022-03-30 14:27:10.191000,1.21835,1.21831,1440000,1200000
2022-03-30 14:27:10.765000,1.21835,1.21829,2420000,1880000
2022-03-30 14:27:12.173000,1.21835,1.2183,1980000,1200000
2022-03-30 14:27:16.893000,1.21832,1.2183,1200000,1200000
2022-03-30 14:27:16.944000,1.21831,1.21827,2820000,1340000
2022-03-30 14:27:16.996000,1.21828,1.21824,1920000,1800000
2022-03-30 14:27:17.098000,1.21828,1.21823,2400000,1800000
2022-03-30 14:27:17.809000,1.21828,1.21823,2480000,1200000
2022-03-30 14:27:20.253000,1.21824,1.21822,1340000,1200000
2022-03-30 14:27:20.305000,1.21823,1.21815,1200000,2030000
2022-03-30 14:27:20.407000,1.21821,1.21815,2480000,1200000
2022-03-30 14:27:20.509000,1.2182,1.21814,1340000,5940000
2022-03-30 14:27:20.611000,1.2182,1.21814,2480000,1200000
2022-03-30 14:27:20.820000,1.2182,1.21814,2480000,1200000
2022-03-30 14:27:22.423000,1.2182,1.21813,2340000,5480000
2022-03-30 14:27:23.222000,1.21821,1.21812,1880000,1800000
2022-03-30 14:27:23.324000,1.21821,1.21815,2340000,1200000
2022-03-30 14:27:23.426000,1.2182,1.21814,1880000,1340000
2022-03-30 14:27:24.484000,1.21821,1.21814,2340000,1800000
2022-03-30 14:27:25.144000,1.21821,1.21815,2340000,1340000
2022-03-30 14:27:25.246000,1.21821,1.21815,1440000,2170000
2022-03-30 14:27:25.348000,1.21821,1.21815,1880000,1800000
2022-03-30 14:27:25.824000,1.21821,1.21815,2480000,1200000
2022-03-30 14:27:27.513000,1.21819,1.21813,1340000,1340000
2022-03-30 14:27:27.615000,1.21821,1.21813,2340000,1200000
2022-03-30 14:27:29.710000,1.21822,1.21813,2340000,6380000
2022-03-30 14:27:29.812000,1.21821,1.21814,1880000,6540000
2022-03-30 14:27:30.294000,1.21821,1.21814,2340000,6380000
2022-03-30 14:27:30.576000,1.21819,1.21813,1340000,1340000
2022-03-30 14:27:30.678000,1.21819,1.21813,2710000,1200000
2022-03-30 14:27:30.981000,1.21817,1.21813,1200000,1200000
2022-03-30 14:27:31.083000,1.21819,1.21813,2480000,1200000
2022-03-30 14:27:31.622000,1.21817,1.21811,1570000,1340000
2022-03-30 14:27:32.183000,1.21816,1.2181,2220000,1800000
2022-03-30 14:27:33.123000,1.21815,1.21808,1320000,2120000
2022-03-30 14:27:37.430000,1.21811,1.21807,1200000,1940000
2022-03-30 14:27:37.532000,1.21812,1.21806,2110000,2400000
2022-03-30 14:27:38.427000,1.21815,1.21809,3610000,2100000
2022-03-30 14:27:38.529000,1.21815,1.21809,2570000,3000000
2022-03-30 14:27:38.631000,1.21817,1.21811,1880000,1800000
2022-03-30 14:27:38.733000,1.21818,1.21811,1440000,1500000
2022-03-30 14:27:39.393000,1.21815,1.21809,2060000,1940000
2022-03-30 14:27:39.495000,1.21814,1.21809,1440000,1200000
2022-03-30 14:27:42.150000,1.21814,1.21807,1880000,6840000
2022-03-30 14:27:44.667000,1.21814,1.21808,2340000,1340000
2022-03-30 14:27:44.769000,1.21816,1.21811,1200000,6080000
2022-03-30 14:27:44.820000,1.21819,1.21814,3780000,4580000
2022-03-30 14:27:44.922000,1.2182,1.21814,1880000,5940000
2022-03-30 14:27:45.381000,1.21821,1.21815,2940000,5480000
2022-03-30 14:27:45.840000,1.21821,1.21815,2340000,5480000
2022-03-30 14:27:46.483000,1.21823,1.21815,1880000,4580000
2022-03-30 14:27:46.585000,1.21822,1.21815,2060000,1340000
2022-03-30 14:27:47.585000,1.21821,1.21815,2520000,1200000
2022-03-30 14:27:47.688000,1.21819,1.21813,1570000,6840000
2022-03-30 14:27:47.789000,1.21819,1.21814,2110000,3600000
2022-03-30 14:27:47.955000,1.21816,1.21813,2340000,3600000
2022-03-30 14:27:48.962000,1.21817,1.21814,1880000,3600000
2022-03-30 14:27:49.217000,1.21821,1.21813,3170000,4040000
2022-03-30 14:27:49.268000,1.2182,1.21814,2110000,4500000
2022-03-30 14:27:49.782000,1.21819,1.21814,1210000,3600000
2022-03-30 14:27:50.147000,1.21816,1.21813,2780000,3600000
2022-03-30 14:27:50.249000,1.21816,1.21813,2520000,3600000
2022-03-30 14:27:50.351000,1.21816,1.21813,2340000,3600000
2022-03-30 14:27:50.453000,1.21817,1.21813,3420000,3600000
2022-03-30 14:27:50.571000,1.21816,1.21813,2340000,3600000
2022-03-30 14:27:50.774000,1.21816,1.21813,3420000,3600000
2022-03-30 14:27:50.876000,1.21816,1.21813,1800000,3600000
2022-03-30 14:27:51.039000,1.21816,1.2181,2700000,1340000
2022-03-30 14:27:52.524000,1.21817,1.21811,1800000,1880000
2022-03-30 14:27:52.575000,1.21819,1.21814,1340000,1200000
2022-03-30 14:27:52.677000,1.2182,1.21814,1800000,1440000
2022-03-30 14:27:52.779000,1.21821,1.21815,2840000,1670000
2022-03-30 14:27:53.034000,1.21821,1.21815,2700000,2110000
2022-03-30 14:27:57.094000,1.21821,1.21815,3420000,1340000
2022-03-30 14:27:57.711000,1.21821,1.21815,3240000,1440000
2022-03-30 14:27:58.953000,1.21821,1.21816,1200000,1340000
2022-03-30 14:27:59.056000,1.21828,1.21822,2570000,1200000
2022-03-30 14:27:59.158000,1.21829,1.21823,1340000,1440000
2022-03-30 14:28:02.438000,1.21828,1.21822,1440000,1800000
2022-03-30 14:28:05.785000,1.21827,1.21822,1200000,1340000
2022-03-30 14:28:05.837000,1.21824,1.2182,3080000,1340000
2022-03-30 14:28:05.939000,1.21821,1.21818,2480000,1200000
2022-03-30 14:28:06.798000,1.21821,1.21818,1880000,1200000
2022-03-30 14:28:07.002000,1.21823,1.2182,1880000,1200000
2022-03-30 14:28:07.054000,1.21825,1.2182,1440000,1200000
2022-03-30 14:28:07.669000,1.21824,1.2182,1880000,1200000
2022-03-30 14:28:07.720000,1.21822,1.21819,1440000,1200000
2022-03-30 14:28:09.733000,1.21823,1.2182,2780000,1200000
2022-03-30 14:28:09.886000,1.21824,1.2182,1880000,1200000
2022-03-30 14:28:10.148000,1.21823,1.2182,1880000,1200000
2022-03-30 14:28:10.250000,1.21822,1.21819,1200000,1200000
2022-03-30 14:28:10.606000,1.21823,1.2182,1880000,1200000
2022-03-30 14:28:10.708000,1.21821,1.21818,1880000,1200000
2022-03-30 14:28:12.239000,1.21822,1.21819,1440000,1200000
2022-03-30 14:28:13.071000,1.21823,1.2182,2340000,1200000
2022-03-30 14:28:13.189000,1.21822,1.21819,1880000,1200000
2022-03-30 14:28:13.291000,1.21824,1.2182,3380000,1200000
2022-03-30 14:28:13.393000,1.21822,1.21819,1880000,1200000
2022-03-30 14:28:13.495000,1.21822,1.21819,2060000,1200000
2022-03-30 14:28:15.220000,1.21821,1.21815,1320000,1500000
2022-03-30 14:28:15.483000,1.21822,1.21814,1440000,1570000
2022-03-30 14:28:15.586000,1.21819,1.21814,3170000,1200000
2022-03-30 14:28:15.637000,1.2182,1.21814,1880000,1200000
2022-03-30 14:28:15.891000,1.21821,1.21815,2780000,1200000
2022-03-30 14:28:17.281000,1.21822,1.21816,1200000,2470000
2022-03-30 14:28:17.382000,1.21822,1.21817,1440000,1500000
2022-03-30 14:28:17.484000,1.21822,1.21816,1440000,1340000
2022-03-30 14:28:17.586000,1.21822,1.21816,2520000,1200000
2022-03-30 14:28:18.594000,1.21822,1.21816,1200000,2170000
2022-03-30 14:28:18.646000,1.21824,1.21818,5220000,2470000
2022-03-30 14:28:18.697000,1.21827,1.21823,1440000,1500000
2022-03-30 14:28:18.799000,1.21829,1.21822,1440000,1640000
2022-03-30 14:28:19.017000,1.21828,1.21824,1440000,1500000
2022-03-30 14:28:19.321000,1.21828,1.21823,1440000,1640000
2022-03-30 14:28:19.423000,1.21828,1.21822,1440000,2540000
2022-03-30 14:28:20.091000,1.21828,1.21825,1440000,1500000
2022-03-30 14:28:20.193000,1.21833,1.2183,2700000,1340000
2022-03-30 14:28:20.245000,1.21836,1.21831,1460000,1500000
2022-03-30 14:28:20.499000,1.21836,1.2183,2750000,2100000
2022-03-30 14:28:20.601000,1.21835,1.21829,2150000,1440000
2022-03-30 14:28:22.459000,1.21835,1.2183,3420000,1500000
2022-03-30 14:28:22.713000,1.21836,1.21828,2960000,2470000
2022-03-30 14:28:24.745000,1.21835,1.21829,1880000,2030000
2022-03-30 14:28:25.623000,1.21835,1.21829,2290000,1200000
2022-03-30 14:28:26.130000,1.21835,1.21829,1800000,2570000
2022-03-30 14:28:26.609000,1.21835,1.21828,4070000,3010000
2022-03-30 14:28:29.333000,1.2183,1.21828,1200000,1500000
2022-03-30 14:28:29.384000,1.21826,1.21821,1500000,1200000
2022-03-30 14:28:29.487000,1.21825,1.21822,2040000,1500000
2022-03-30 14:28:29.588000,1.21825,1.2182,1320000,2100000
2022-03-30 14:28:29.690000,1.21823,1.2182,1920000,1500000
2022-03-30 14:28:29.742000,1.21825,1.21821,1200000,1500000
2022-03-30 14:28:30.278000,1.21826,1.21821,1800000,1500000
2022-03-30 14:28:30.380000,1.21828,1.21823,1200000,1500000
2022-03-30 14:28:33.218000,1.21828,1.21822,1200000,2780000
2022-03-30 14:28:38.195000,1.21826,1.21821,2100000,1800000
2022-03-30 14:28:38.246000,1.21826,1.2182,1800000,2110000
2022-03-30 14:28:40.797000,1.21825,1.21819,1500000,4440000
2022-03-30 14:28:41.759000,1.21823,1.21819,1200000,1500000
2022-03-30 14:28:42.186000,1.21823,1.21817,3440000,1880000
2022-03-30 14:28:42.288000,1.2182,1.21815,2700000,1800000
2022-03-30 14:28:42.390000,1.21819,1.21814,1200000,1200000
2022-03-30 14:28:43.304000,1.21819,1.21814,1200000,1200000
2022-03-30 14:28:44.424000,1.2182,1.21814,2700000,1440000
2022-03-30 14:28:47.030000,1.21821,1.21815,2700000,2640000
2022-03-30 14:28:48.259000,1.21821,1.21815,1800000,2570000
2022-03-30 14:28:50.590000,1.21818,1.21812,1340000,2270000
2022-03-30 14:28:50.692000,1.21818,1.21812,1800000,1500000
2022-03-30 14:28:50.946000,1.21817,1.21812,1800000,1200000
2022-03-30 14:28:50.997000,1.21814,1.21806,1200000,2780000
2022-03-30 14:28:54.491000,1.21812,1.21807,1200000,1340000
2022-03-30 14:28:55.032000,1.21811,1.21804,1200000,2110000
2022-03-30 14:28:55.387000,1.2181,1.21805,1340000,3260000
2022-03-30 14:28:55.489000,1.21811,1.21805,1340000,3980000
2022-03-30 14:28:55.591000,1.2181,1.21805,1200000,3080000
2022-03-30 14:28:55.693000,1.2181,1.21806,1800000,2180000
2022-03-30 14:28:55.744000,1.21815,1.21811,1800000,1200000
2022-03-30 14:28:55.846000,1.21816,1.21812,1800000,1200000
2022-03-30 14:28:55.897000,1.21819,1.21814,1200000,1320000
2022-03-30 14:28:55.999000,1.21819,1.21814,1200000,1320000
2022-03-30 14:28:56.101000,1.21819,1.21814,1200000,1320000
2022-03-30 14:28:56.876000,1.21813,1.2181,1200000,1940000
2022-03-30 14:28:56.927000,1.21813,1.21809,1200000,1200000
2022-03-30 14:28:57.029000,1.21814,1.21807,1200000,1320000
2022-03-30 14:28:57.131000,1.21812,1.21806,1200000,4620000
2022-03-30 14:28:58.013000,1.21812,1.21807,1200000,3080000
2022-03-30 14:28:58.318000,1.21814,1.21808,1200000,1670000
2022-03-30 14:28:58.571000,1.21816,1.2181,1800000,3260000
2022-03-30 14:28:58.623000,1.21818,1.21812,1940000,1210000
2022-03-30 14:28:58.674000,1.21821,1.21813,2420000,2780000
2022-03-30 14:28:58.928000,1.2182,1.21815,1200000,1320000
2022-03-30 14:28:59.081000,1.2182,1.21814,1200000,2780000
2022-03-30 14:28:59.233000,1.2182,1.21815,1200000,1620000
2022-03-30 14:28:59.489000,1.21821,1.21816,1340000,1210000
2022-03-30 14:28:59.744000,1.21821,1.21815,1340000,2780000
2022-03-30 14:28:59.846000,1.2182,1.21814,1200000,2340000
2022-03-30 14:28:59.958000,1.2182,1.21814,1200000,3420000
2022-03-30 14:29:00.065000,1.21817,1.21811,1200000,2960000
2022-03-30 14:29:00.116000,1.21815,1.2181,1200000,2570000
2022-03-30 14:29:00.218000,1.21815,1.21809,1800000,1320000
2022-03-30 14:29:00.373000,1.21814,1.21808,1340000,1440000
2022-03-30 14:29:01.285000,1.21814,1.21808,2520000,1200000
2022-03-30 14:29:02.225000,1.21813,1.21807,2360000,1340000
2022-03-30 14:29:02.428000,1.2181,1.21804,1200000,6600000
2022-03-30 14:29:02.962000,1.21808,1.21804,1200000,1500000
2022-03-30 14:29:03.851000,1.21809,1.21801,1200000,1800000
2022-03-30 14:29:03.902000,1.21806,1.218,1200000,4040000
2022-03-30 14:29:04.004000,1.21806,1.218,1920000,1200000
2022-03-30 14:29:04.258000,1.21807,1.21799,2290000,1200000
2022-03-30 14:29:04.421000,1.21806,1.218,2060000,1200000
2022-03-30 14:29:05.190000,1.21805,1.21799,1920000,2240000
2022-03-30 14:29:05.545000,1.21805,1.21799,1440000,2240000
2022-03-30 14:29:05.647000,1.21807,1.21799,1440000,2930000
2022-03-30 14:29:05.800000,1.21807,1.21801,1440000,1340000
2022-03-30 14:29:06.697000,1.2181,1.21802,2060000,1200000
2022-03-30 14:29:06.799000,1.2181,1.21804,2520000,1200000
2022-03-30 14:29:06.952000,1.21809,1.21803,1440000,1800000
2022-03-30 14:29:07.054000,1.21807,1.21801,1440000,3140000
2022-03-30 14:29:08.268000,1.21806,1.218,1440000,1340000
2022-03-30 14:29:08.770000,1.21805,1.21799,1200000,1340000
2022-03-30 14:29:08.973000,1.21805,1.21799,1200000,2400000
2022-03-30 14:29:09.075000,1.21806,1.218,1320000,1340000
2022-03-30 14:29:13.380000,1.21807,1.21801,4550000,1200000
2022-03-30 14:29:14.210000,1.21808,1.21802,2110000,2960000
2022-03-30 14:29:14.312000,1.21811,1.21806,1740000,1440000
2022-03-30 14:29:14.414000,1.21812,1.21807,2290000,1200000
2022-03-30 14:29:14.617000,1.21813,1.21807,1880000,2700000
2022-03-30 14:29:17.083000,1.21814,1.21808,1880000,1800000
2022-03-30 14:29:18.967000,1.21804,1.21801,1200000,1640000
2022-03-30 14:29:19.018000,1.21802,1.21799,1800000,2420000
2022-03-30 14:29:19.070000,1.218,1.21797,1440000,2700000
2022-03-30 14:29:19.121000,1.218,1.21794,2480000,1800000
2022-03-30 14:29:19.375000,1.21799,1.21793,1880000,1200000
2022-03-30 14:29:19.426000,1.21798,1.21792,2540000,1200000
2022-03-30 14:29:19.528000,1.21798,1.21792,3010000,1200000
2022-03-30 14:29:20.456000,1.21798,1.21792,3650000,1200000
2022-03-30 14:29:20.711000,1.21792,1.21789,1200000,2240000
2022-03-30 14:29:20.813000,1.21791,1.21785,1340000,1200000
2022-03-30 14:29:20.864000,1.21787,1.2178,1200000,1200000
2022-03-30 14:29:20.966000,1.21784,1.21778,1440000,1200000
2022-03-30 14:29:21.119000,1.21786,1.2178,1440000,1200000
2022-03-30 14:29:21.272000,1.21787,1.21781,1440000,1200000
2022-03-30 14:29:23.002000,1.21788,1.21782,1200000,1200000
2022-03-30 14:29:23.053000,1.21791,1.21784,1440000,1440000
2022-03-30 14:29:23.105000,1.21798,1.21792,1200000,1200000
2022-03-30 14:29:23.156000,1.21799,1.21793,1440000,1200000
2022-03-30 14:29:23.720000,1.21798,1.21792,2030000,1800000
2022-03-30 14:29:23.822000,1.21798,1.21792,2030000,1200000
2022-03-30 14:29:27.837000,1.218,1.21794,1920000,1200000
2022-03-30 14:29:27.940000,1.21798,1.21793,1500000,1800000
2022-03-30 14:29:28.143000,1.21799,1.21793,2110000,1200000
2022-03-30 14:29:29.844000,1.218,1.21793,2340000,1340000
2022-03-30 14:29:31.088000,1.218,1.21794,1880000,1200000
2022-03-30 14:29:31.922000,1.21799,1.21793,3310000,1200000
2022-03-30 14:29:32.024000,1.21797,1.21792,1500000,1340000
2022-03-30 14:29:33.158000,1.21794,1.21789,3610000,2400000
2022-03-30 14:29:33.260000,1.21792,1.21784,1200000,2240000
2022-03-30 14:29:33.514000,1.21792,1.21786,3240000,1200000
2022-03-30 14:29:33.971000,1.21793,1.21787,1880000,1340000
2022-03-30 14:29:34.428000,1.21793,1.21787,2520000,1200000
2022-03-30 14:29:34.530000,1.21794,1.21786,1200000,2240000
2022-03-30 14:29:34.632000,1.21794,1.21788,1440000,1200000
2022-03-30 14:29:34.989000,1.21797,1.21792,2340000,1200000
2022-03-30 14:29:35.409000,1.21799,1.21793,2520000,1200000
2022-03-30 14:29:36.336000,1.21797,1.21792,1880000,1200000
2022-03-30 14:29:36.388000,1.21793,1.21786,1340000,3140000
2022-03-30 14:29:36.439000,1.21791,1.21786,1200000,1340000
2022-03-30 14:29:36.693000,1.21791,1.21785,1200000,1800000
2022-03-30 14:29:37.099000,1.21792,1.21786,1440000,1200000
2022-03-30 14:29:37.404000,1.21791,1.21785,1200000,2240000
2022-03-30 14:29:37.506000,1.2179,1.21785,1200000,1200000
2022-03-30 14:29:37.710000,1.21785,1.21782,1200000,2400000
2022-03-30 14:29:37.812000,1.21783,1.21777,1200000,1800000
2022-03-30 14:29:38.730000,1.21782,1.21776,1200000,1340000
2022-03-30 14:29:39.200000,1.21785,1.2178,2100000,1200000
2022-03-30 14:29:39.251000,1.21786,1.2178,1200000,1800000
2022-03-30 14:29:39.353000,1.21789,1.21784,1800000,1200000
2022-03-30 14:29:39.455000,1.2179,1.21784,1880000,1200000
2022-03-30 14:29:39.557000,1.2179,1.21784,1460000,1200000
2022-03-30 14:29:39.659000,1.21792,1.21784,1440000,1200000
2022-03-30 14:29:39.812000,1.21792,1.21786,1440000,1200000
2022-03-30 14:29:40.705000,1.21792,1.21784,1200000,1340000
2022-03-30 14:29:40.858000,1.21788,1.21782,1200000,3300000
2022-03-30 14:29:40.909000,1.21791,1.21785,1440000,1200000
2022-03-30 14:29:41.011000,1.2179,1.21784,1200000,1200000
2022-03-30 14:29:41.114000,1.21785,1.21779,1200000,1340000
2022-03-30 14:29:41.216000,1.21786,1.2178,1320000,1200000
2022-03-30 14:29:41.318000,1.21785,1.21779,2100000,1200000
2022-03-30 14:29:41.522000,1.21785,1.21778,2540000,1200000
2022-03-30 14:29:41.624000,1.21787,1.21781,1920000,1340000
2022-03-30 14:29:41.726000,1.21789,1.21782,1880000,1340000
2022-03-30 14:29:41.879000,1.21789,1.21783,1200000,1800000
2022-03-30 14:29:41.930000,1.21791,1.21785,1440000,1200000
2022-03-30 14:29:43.778000,1.21784,1.21782,1200000,1800000
2022-03-30 14:29:43.829000,1.21784,1.21778,1500000,1200000
2022-03-30 14:29:43.931000,1.21787,1.2178,2060000,1200000
2022-03-30 14:29:44.033000,1.21785,1.21778,1570000,1200000
2022-03-30 14:29:44.135000,1.21786,1.21779,1880000,1200000
2022-03-30 14:29:44.237000,1.21785,1.21778,1340000,1200000
2022-03-30 14:29:44.340000,1.21785,1.21779,1340000,1200000
2022-03-30 14:29:44.746000,1.21786,1.21779,1440000,1340000
2022-03-30 14:29:44.965000,1.21784,1.21778,1500000,1200000
2022-03-30 14:29:46.012000,1.21785,1.21779,1200000,1800000
2022-03-30 14:29:46.114000,1.21786,1.2178,1200000,1340000
2022-03-30 14:29:47.227000,1.21787,1.21781,1440000,1200000
2022-03-30 14:29:47.329000,1.2179,1.21784,1320000,1200000
2022-03-30 14:29:47.431000,1.21791,1.21784,1440000,1340000
2022-03-30 14:29:47.786000,1.21791,1.21785,1200000,4200000
2022-03-30 14:29:47.838000,1.21794,1.21788,2520000,1340000
2022-03-30 14:29:47.940000,1.21793,1.21787,1880000,1200000
2022-03-30 14:29:48.042000,1.21792,1.21786,1440000,1200000
2022-03-30 14:29:48.576000,1.21793,1.21786,2780000,1200000
2022-03-30 14:29:48.729000,1.21793,1.21786,2940000,1200000
2022-03-30 14:29:48.882000,1.21791,1.21784,2340000,1340000
2022-03-30 14:29:48.983000,1.21791,1.21784,2960000,1200000
2022-03-30 14:29:49.085000,1.2179,1.21784,2960000,1200000
2022-03-30 14:29:50.169000,1.2179,1.21784,1880000,1200000
2022-03-30 14:29:50.372000,1.2179,1.21783,2780000,1200000
2022-03-30 14:29:52.572000,1.21793,1.21788,1520000,1340000
2022-03-30 14:29:52.674000,1.21798,1.21792,1920000,1200000
2022-03-30 14:29:52.776000,1.21798,1.21792,1440000,1200000
2022-03-30 14:29:53.259000,1.21797,1.21791,1200000,1200000
2022-03-30 14:29:53.412000,1.21797,1.21791,2060000,1200000
2022-03-30 14:29:53.463000,1.21794,1.21785,1440000,1340000
2022-03-30 14:29:53.565000,1.21791,1.21784,1440000,1340000
2022-03-30 14:29:53.717000,1.2179,1.21784,1200000,1340000
2022-03-30 14:29:55.746000,1.21794,1.21791,3440000,1340000
2022-03-30 14:29:55.798000,1.21797,1.21791,1920000,1340000
2022-03-30 14:29:56.079000,1.21798,1.21791,1880000,1340000
2022-03-30 14:29:56.482000,1.21799,1.21792,1200000,1340000
2022-03-30 14:29:56.534000,1.21796,1.21789,2240000,1340000
2022-03-30 14:29:56.636000,1.21795,1.21789,1200000,1340000
2022-03-30 14:29:57.927000,1.21793,1.21787,1200000,1200000
2022-03-30 14:29:58.029000,1.21793,1.21786,1340000,1200000
2022-03-30 14:29:58.130000,1.21792,1.21785,1200000,1340000
2022-03-30 14:29:58.575000,1.21793,1.21786,1200000,2400000
2022-03-30 14:29:58.677000,1.21794,1.21788,1340000,1340000
2022-03-30 14:29:58.880000,1.21792,1.21786,1200000,1340000
2022-03-30 14:29:59.087000,1.21791,1.21785,1200000,1340000
2022-03-30 14:29:59.188000,1.21792,1.21785,1340000,1340000
2022-03-30 14:29:59.290000,1.21791,1.21784,1340000,1340000
2022-03-30 14:29:59.697000,1.21793,1.21787,1940000,1200000
2022-03-30 14:29:59.748000,1.2179,1.21784,1200000,1340000
2022-03-30 14:29:59.901000,1.2179,1.21783,2700000,1200000
2022-03-30 14:30:00.004000,1.21787,1.2178,1200000,1340000
2022-03-30 14:30:00.106000,1.21788,1.21781,1200000,1800000
2022-03-30 14:30:00.209000,1.21789,1.21783,1200000,1200000
2022-03-30 14:30:00.422000,1.21791,1.21783,1200000,1200000
2022-03-30 14:30:00.575000,1.2179,1.21783,1340000,1200000
2022-03-30 14:30:00.778000,1.21789,1.21783,1340000,1200000
2022-03-30 14:30:00.981000,1.21786,1.21779,1200000,1200000
2022-03-30 14:30:01.083000,1.21784,1.21778,1200000,1340000
2022-03-30 14:30:01.236000,1.21783,1.21776,1200000,1340000
2022-03-30 14:30:01.337000,1.21783,1.21776,2100000,1340000
2022-03-30 14:30:01.439000,1.21783,1.21777,2100000,1200000
2022-03-30 14:30:01.541000,1.21783,1.21777,1200000,1200000
2022-03-30 14:30:02.252000,1.21783,1.21775,1200000,1340000
2022-03-30 14:30:02.455000,1.21783,1.21777,1200000,1200000
2022-03-30 14:30:04.275000,1.21785,1.21778,1340000,1200000
2022-03-30 14:30:04.377000,1.21784,1.21777,1200000,1800000
2022-03-30 14:30:04.479000,1.21783,1.21777,1200000,1200000
2022-03-30 14:30:04.631000,1.21784,1.21777,1200000,1200000
2022-03-30 14:30:04.885000,1.21784,1.2178,1200000,1200000
2022-03-30 14:30:05.038000,1.21784,1.21777,1200000,1200000
2022-03-30 14:30:05.444000,1.2178,1.21774,1200000,3830000
2022-03-30 14:30:06.002000,1.21779,1.21773,1800000,2100000
2022-03-30 14:30:06.104000,1.2178,1.21773,1200000,3000000
2022-03-30 14:30:06.206000,1.21782,1.21775,1500000,1500000
2022-03-30 14:30:06.661000,1.21781,1.21775,1200000,1500000
2022-03-30 14:30:07.227000,1.21784,1.21777,1340000,1200000
2022-03-30 14:30:07.329000,1.21783,1.21777,1440000,1320000
2022-03-30 14:30:07.431000,1.21784,1.21775,1460000,1340000
2022-03-30 14:30:07.584000,1.21781,1.21775,1320000,1500000
2022-03-30 14:30:08.428000,1.2178,1.21773,1200000,2540000
2022-03-30 14:30:09.712000,1.21781,1.21774,2340000,1500000
2022-03-30 14:30:10.598000,1.2178,1.21774,1200000,1640000
2022-03-30 14:30:11.214000,1.21777,1.21774,1500000,1340000
2022-03-30 14:30:11.266000,1.21778,1.21773,1440000,1500000
2022-03-30 14:30:11.469000,1.21778,1.21772,1440000,1870000
2022-03-30 14:30:11.571000,1.21778,1.21773,1440000,1500000
2022-03-30 14:30:11.926000,1.21779,1.21773,1440000,2100000
2022-03-30 14:30:12.028000,1.2178,1.21773,2340000,2700000
2022-03-30 14:30:12.477000,1.21778,1.21773,1440000,1640000
2022-03-30 14:30:12.879000,1.21776,1.2177,1340000,3970000
2022-03-30 14:30:12.930000,1.2177,1.21768,1880000,1340000
2022-03-30 14:30:13.033000,1.21769,1.21762,1500000,1200000
2022-03-30 14:30:13.084000,1.21765,1.2176,1200000,3830000
2022-03-30 14:30:13.186000,1.21765,1.21759,1940000,2100000
2022-03-30 14:30:13.440000,1.21762,1.21758,1200000,1200000
2022-03-30 14:30:13.491000,1.21762,1.21756,1200000,1340000
2022-03-30 14:30:13.593000,1.21762,1.21755,1670000,1340000
2022-03-30 14:30:13.695000,1.21761,1.21754,1880000,1340000
2022-03-30 14:30:13.797000,1.21756,1.2175,1440000,1500000
2022-03-30 14:30:13.900000,1.21759,1.21751,1440000,1200000
2022-03-30 14:30:14.002000,1.21758,1.21751,1920000,1200000
2022-03-30 14:30:14.104000,1.21758,1.21752,1440000,1200000
2022-03-30 14:30:14.612000,1.21757,1.21751,1200000,1440000
2022-03-30 14:30:14.713000,1.21758,1.21751,1440000,1440000
2022-03-30 14:30:14.815000,1.21757,1.21751,1200000,1440000
2022-03-30 14:30:15.991000,1.21758,1.21751,1200000,1440000
2022-03-30 14:30:16.144000,1.21755,1.21748,3540000,1880000
2022-03-30 14:30:16.246000,1.21743,1.21741,1200000,2240000
2022-03-30 14:30:16.297000,1.2174,1.21738,1200000,2100000
2022-03-30 14:30:16.399000,1.2174,1.21734,1210000,1440000
2022-03-30 14:30:16.501000,1.21739,1.21733,1340000,1320000
2022-03-30 14:30:16.660000,1.21738,1.21733,3170000,1200000
2022-03-30 14:30:16.762000,1.21733,1.21726,1440000,1800000
2022-03-30 14:30:16.813000,1.21737,1.21731,3680000,1200000
2022-03-30 14:30:16.915000,1.21739,1.21733,1340000,1200000
2022-03-30 14:30:17.017000,1.21736,1.21732,1800000,1200000
2022-03-30 14:30:17.069000,1.21736,1.2173,2340000,2030000
2022-03-30 14:30:17.272000,1.21739,1.21733,3680000,1200000
2022-03-30 14:30:17.629000,1.21737,1.21731,1500000,2400000
2022-03-30 14:30:17.731000,1.21738,1.2173,1670000,1200000
2022-03-30 14:30:17.945000,1.21739,1.21733,1920000,1200000
2022-03-30 14:30:18.149000,1.21739,1.21733,1440000,1200000
2022-03-30 14:30:18.504000,1.21738,1.21732,3080000,1800000
2022-03-30 14:30:18.606000,1.21737,1.21731,1670000,1200000
2022-03-30 14:30:18.759000,1.21739,1.21733,1920000,1200000
2022-03-30 14:30:18.860000,1.21739,1.21733,1440000,1200000
2022-03-30 14:30:19.114000,1.21738,1.21733,1500000,1200000
2022-03-30 14:30:19.165000,1.21739,1.21733,1440000,1200000
2022-03-30 14:30:20.198000,1.21744,1.21739,2700000,1200000
2022-03-30 14:30:20.300000,1.21746,1.21739,2570000,1440000
2022-03-30 14:30:20.453000,1.21746,1.21741,1200000,1320000
2022-03-30 14:30:20.504000,1.21754,1.2175,1800000,1200000
2022-03-30 14:30:20.556000,1.21755,1.21752,1200000,1340000
2022-03-30 14:30:20.658000,1.2176,1.21754,3680000,1340000
2022-03-30 14:30:20.709000,1.21756,1.2175,1440000,3530000
2022-03-30 14:30:20.811000,1.21756,1.2175,1440000,1500000
2022-03-30 14:30:22.358000,1.21756,1.21749,1740000,1800000
2022-03-30 14:30:22.460000,1.21751,1.21745,1500000,1200000
2022-03-30 14:30:23.069000,1.21752,1.21746,2640000,1200000
2022-03-30 14:30:24.687000,1.21748,1.21743,2100000,1220000
2022-03-30 14:30:24.739000,1.21746,1.21741,1200000,1200000
2022-03-30 14:30:24.790000,1.21744,1.21738,1440000,1800000
2022-03-30 14:30:24.842000,1.21747,1.21741,1670000,1200000
2022-03-30 14:30:25.248000,1.21748,1.21742,1200000,1500000
2022-03-30 14:30:25.350000,1.21753,1.21747,2640000,1200000
2022-03-30 14:30:26.077000,1.21752,1.21746,1200000,1200000
2022-03-30 14:30:26.179000,1.21753,1.21747,1500000,1200000
2022-03-30 14:30:26.829000,1.21754,1.21748,1200000,1500000
2022-03-30 14:30:26.932000,1.21757,1.21754,2420000,1200000
2022-03-30 14:30:26.983000,1.2176,1.21754,1200000,1200000
2022-03-30 14:30:27.034000,1.21755,1.21753,1200000,1200000
2022-03-30 14:30:27.085000,1.21754,1.21748,1200000,2050000
2022-03-30 14:30:27.187000,1.21754,1.21748,1200000,1930000
2022-03-30 14:30:27.340000,1.21756,1.2175,1200000,1320000
2022-03-30 14:30:27.442000,1.21755,1.2175,1200000,1340000
2022-03-30 14:30:27.493000,1.21758,1.21752,2640000,1200000
2022-03-30 14:30:27.595000,1.21759,1.21753,2340000,1200000
2022-03-30 14:30:27.697000,1.21762,1.21756,1320000,1200000
2022-03-30 14:30:27.901000,1.21765,1.21759,3240000,1200000
2022-03-30 14:30:28.053000,1.21768,1.2176,1440000,1200000
2022-03-30 14:30:28.155000,1.21768,1.21761,1440000,1200000
2022-03-30 14:30:28.257000,1.21767,1.21762,1460000,1200000
2022-03-30 14:30:28.960000,1.21761,1.21758,5040000,1200000
2022-03-30 14:30:29.011000,1.21761,1.21755,3190000,1200000
2022-03-30 14:30:29.114000,1.2176,1.21754,1440000,1200000
2022-03-30 14:30:29.165000,1.21758,1.21754,1500000,1200000
2022-03-30 14:30:29.216000,1.2176,1.21754,2620000,1200000
2022-03-30 14:30:29.318000,1.2176,1.21754,2800000,1200000
2022-03-30 14:30:29.552000,1.21758,1.21754,1500000,1200000
2022-03-30 14:30:29.962000,1.21754,1.21752,1200000,1800000
2022-03-30 14:30:30.013000,1.21753,1.21747,1200000,1920000
2022-03-30 14:30:30.064000,1.21753,1.21747,1200000,1920000
2022-03-30 14:30:30.167000,1.21753,1.21747,2100000,1920000
2022-03-30 14:30:30.269000,1.21754,1.21749,1500000,1440000
2022-03-30 14:30:30.676000,1.21755,1.21749,1200000,2060000
2022-03-30 14:30:31.031000,1.21756,1.2175,1200000,1920000
2022-03-30 14:30:31.133000,1.21756,1.2175,1440000,1200000
2022-03-30 14:30:32.452000,1.21755,1.21749,1440000,1800000
2022-03-30 14:30:33.415000,1.21756,1.21749,1440000,3240000
2022-03-30 14:30:34.261000,1.21758,1.21752,2820000,1200000
2022-03-30 14:30:34.364000,1.2176,1.21752,2820000,1200000
2022-03-30 14:30:36.068000,1.21759,1.21753,1440000,2030000
2022-03-30 14:30:36.170000,1.21762,1.21754,1440000,1200000
2022-03-30 14:30:36.794000,1.21761,1.21755,3050000,1200000
2022-03-30 14:30:37.135000,1.2176,1.21754,1200000,2340000
2022-03-30 14:30:39.742000,1.2176,1.21755,1340000,1200000
2022-03-30 14:30:40.221000,1.21765,1.21759,1500000,1340000
2022-03-30 14:30:40.273000,1.21765,1.21761,4940000,1320000
2022-03-30 14:30:40.324000,1.21767,1.21761,2340000,1320000
2022-03-30 14:30:40.892000,1.21763,1.21759,3910000,1200000
2022-03-30 14:30:40.943000,1.21763,1.21757,3910000,1200000
2022-03-30 14:30:41.096000,1.21763,1.21757,2540000,1800000
2022-03-30 14:30:41.502000,1.21764,1.21758,2030000,1320000
2022-03-30 14:30:41.604000,1.21765,1.21759,2540000,1500000
2022-03-30 14:30:41.706000,1.21766,1.2176,1200000,1810000
2022-03-30 14:30:41.808000,1.2177,1.21764,1440000,1340000
2022-03-30 14:30:42.943000,1.21772,1.21767,3060000,1200000
2022-03-30 14:30:43.045000,1.21773,1.21767,1200000,1440000
2022-03-30 14:30:43.311000,1.21772,1.21766,2570000,1200000
2022-03-30 14:30:43.515000,1.21773,1.21767,2110000,1200000
2022-03-30 14:30:43.667000,1.21774,1.21768,1880000,1200000
2022-03-30 14:30:46.241000,1.21776,1.2177,2780000,1200000
2022-03-30 14:30:46.343000,1.21782,1.21777,1440000,1200000
2022-03-30 14:30:46.496000,1.21783,1.21777,1880000,1200000
2022-03-30 14:30:46.598000,1.21783,1.21777,1500000,4280000
2022-03-30 14:30:47.967000,1.21784,1.21776,2100000,2780000
2022-03-30 14:30:48.069000,1.21786,1.2178,3920000,1200000
2022-03-30 14:30:48.120000,1.21786,1.2178,1440000,1200000
2022-03-30 14:30:48.425000,1.21787,1.21781,1320000,1200000
2022-03-30 14:30:48.527000,1.21782,1.21778,1440000,2240000
2022-03-30 14:30:48.578000,1.21781,1.21775,2480000,1200000
2022-03-30 14:30:48.680000,1.21782,1.21777,1500000,1200000
2022-03-30 14:30:48.782000,1.21782,1.21776,2030000,1200000
2022-03-30 14:30:48.884000,1.21778,1.2177,1500000,2340000
2022-03-30 14:30:49.443000,1.21779,1.21774,1880000,1200000
2022-03-30 14:30:49.545000,1.2178,1.21774,1440000,1200000
2022-03-30 14:30:50.263000,1.21782,1.21776,2840000,1200000
2022-03-30 14:30:50.365000,1.21782,1.21776,1200000,1200000
2022-03-30 14:30:50.633000,1.21785,1.21778,3380000,3240000
2022-03-30 14:30:50.837000,1.21784,1.21777,1440000,1340000
2022-03-30 14:30:50.990000,1.21784,1.21778,1200000,1440000
2022-03-30 14:30:51.681000,1.2178,1.21774,1500000,7280000
2022-03-30 14:30:51.783000,1.21778,1.21774,1440000,1500000
2022-03-30 14:30:51.834000,1.21779,1.21773,1440000,1200000
2022-03-30 14:30:51.886000,1.21777,1.21771,1200000,1320000
2022-03-30 14:30:52.038000,1.21778,1.21772,1200000,1200000
2022-03-30 14:30:52.140000,1.21779,1.21773,1440000,1200000
2022-03-30 14:30:52.242000,1.21781,1.21776,1320000,1200000
2022-03-30 14:30:52.345000,1.21783,1.21778,1320000,1800000
2022-03-30 14:30:52.649000,1.21784,1.21778,1440000,1340000
2022-03-30 14:30:52.853000,1.21783,1.21777,1200000,1200000
2022-03-30 14:30:52.955000,1.21783,1.21777,1920000,1200000
2022-03-30 14:30:53.880000,1.21785,1.21778,1920000,1800000
2022-03-30 14:30:53.982000,1.21785,1.21778,1920000,3440000
2022-03-30 14:30:54.083000,1.21785,1.21778,1440000,3440000
2022-03-30 14:30:54.185000,1.21785,1.21778,1440000,3600000
2022-03-30 14:30:54.494000,1.21786,1.21778,1440000,2400000
2022-03-30 14:30:54.596000,1.2179,1.21782,1920000,1200000
2022-03-30 14:30:55.019000,1.21785,1.2178,1440000,1370000
2022-03-30 14:30:55.070000,1.21785,1.21778,1440000,1200000
2022-03-30 14:30:55.172000,1.21784,1.21778,1440000,1200000
2022-03-30 14:30:55.441000,1.21782,1.21776,1920000,1340000
2022-03-30 14:30:55.543000,1.21781,1.21775,1440000,1330000
2022-03-30 14:30:56.354000,1.21782,1.21778,2520000,1200000
2022-03-30 14:30:56.405000,1.21785,1.2178,1440000,3140000
2022-03-30 14:30:56.507000,1.21786,1.2178,1200000,3140000
2022-03-30 14:30:56.558000,1.21789,1.21781,2520000,1200000
2022-03-30 14:30:56.711000,1.21789,1.21783,1920000,1200000
2022-03-30 14:30:56.813000,1.2179,1.21784,1440000,1200000
2022-03-30 14:30:57.017000,1.21791,1.21785,1440000,1200000
2022-03-30 14:30:57.794000,1.21788,1.21782,2340000,1340000
2022-03-30 14:30:57.947000,1.21788,1.21783,1440000,1200000
2022-03-30 14:30:58.049000,1.21788,1.21784,1440000,1200000
2022-03-30 14:30:58.150000,1.21788,1.21783,1440000,1200000
2022-03-30 14:30:58.420000,1.21789,1.21781,2340000,1200000
2022-03-30 14:30:58.522000,1.21785,1.21778,1880000,3240000
2022-03-30 14:30:59.012000,1.21786,1.21777,3500000,1880000
2022-03-30 14:30:59.720000,1.21778,1.21773,1200000,3740000
2022-03-30 14:30:59.822000,1.21779,1.21773,1800000,1200000
2022-03-30 14:30:59.925000,1.21778,1.21772,1340000,1200000
2022-03-30 14:31:00.027000,1.21777,1.21771,1440000,2470000
2022-03-30 14:31:00.129000,1.21779,1.21772,3170000,2030000
2022-03-30 14:31:00.231000,1.21779,1.21773,1500000,1200000
2022-03-30 14:31:00.333000,1.21785,1.21779,2340000,1200000
2022-03-30 14:31:00.435000,1.21786,1.2178,1440000,1200000
2022-03-30 14:31:00.791000,1.21785,1.21779,1920000,1800000
2022-03-30 14:31:00.893000,1.21785,1.21779,1440000,1200000
2022-03-30 14:31:01.096000,1.21783,1.21777,1670000,2700000
2022-03-30 14:31:02.529000,1.21783,1.21777,1200000,2220000
2022-03-30 14:31:04.247000,1.21782,1.21776,1440000,2110000
2022-03-30 14:31:04.298000,1.21781,1.21775,2640000,3010000
2022-03-30 14:31:06.572000,1.21778,1.21774,1320000,1500000
2022-03-30 14:31:06.623000,1.21777,1.21771,1200000,3980000
2022-03-30 14:31:07.131000,1.21778,1.21772,1200000,1670000
2022-03-30 14:31:07.283000,1.21777,1.21771,1200000,4440000
2022-03-30 14:31:08.278000,1.21778,1.21773,1200000,1740000
2022-03-30 14:31:08.431000,1.2178,1.21774,1880000,1340000
2022-03-30 14:31:08.482000,1.21782,1.21776,3600000,1500000
2022-03-30 14:31:08.533000,1.21783,1.21777,2570000,1200000
2022-03-30 14:31:08.888000,1.21781,1.21773,2110000,6740000
2022-03-30 14:31:08.991000,1.21779,1.21773,1880000,1500000
2022-03-30 14:31:09.042000,1.21776,1.2177,1800000,2940000
2022-03-30 14:31:09.144000,1.21777,1.21771,1440000,1500000
2022-03-30 14:31:09.398000,1.21777,1.2177,1440000,3240000
2022-03-30 14:31:09.854000,1.21775,1.21769,2700000,1200000
2022-03-30 14:31:09.906000,1.21773,1.21768,1200000,2340000
2022-03-30 14:31:10.008000,1.21774,1.21766,1670000,1440000
2022-03-30 14:31:10.858000,1.21774,1.21766,1500000,4760000
2022-03-30 14:31:11.023000,1.21773,1.21767,1670000,2780000
2022-03-30 14:31:11.433000,1.21771,1.21765,1440000,2180000
2022-03-30 14:31:11.535000,1.2177,1.21764,1440000,3770000
2022-03-30 14:31:11.637000,1.21769,1.21763,3080000,1880000
2022-03-30 14:31:11.840000,1.21768,1.21762,3080000,1440000
2022-03-30 14:31:12.794000,1.21766,1.21759,1880000,2700000
2022-03-30 14:31:12.896000,1.21762,1.21756,1800000,1200000
2022-03-30 14:31:12.998000,1.21761,1.21755,2780000,1200000
2022-03-30 14:31:13.100000,1.21762,1.21756,1200000,1200000
2022-03-30 14:31:13.557000,1.21763,1.21757,2110000,1200000
2022-03-30 14:31:13.811000,1.21765,1.21761,3860000,1200000
2022-03-30 14:31:13.862000,1.21768,1.21762,2640000,1200000
2022-03-30 14:31:13.964000,1.21769,1.21761,1500000,1200000
2022-03-30 14:31:14.066000,1.21768,1.21762,3980000,1200000
2022-03-30 14:31:14.117000,1.21765,1.21761,1200000,1200000
2022-03-30 14:31:14.169000,1.21764,1.21758,1200000,2840000
2022-03-30 14:31:14.221000,1.21763,1.21757,2100000,2700000
2022-03-30 14:31:14.323000,1.21762,1.21756,1440000,1200000
2022-03-30 14:31:15.135000,1.21762,1.21756,2960000,1200000
2022-03-30 14:31:15.237000,1.2176,1.21754,1200000,1940000
2022-03-30 14:31:15.919000,1.2176,1.21754,1200000,1800000
2022-03-30 14:31:16.486000,1.21756,1.2175,1440000,1940000
2022-03-30 14:31:16.538000,1.21754,1.21749,1340000,1800000
2022-03-30 14:31:16.640000,1.21754,1.21748,1200000,1800000
2022-03-30 14:31:17.046000,1.21756,1.2175,1340000,2780000
2022-03-30 14:31:17.148000,1.21758,1.2175,1340000,1200000
2022-03-30 14:31:17.828000,1.21758,1.21753,1500000,2780000
2022-03-30 14:31:17.930000,1.21762,1.21756,2340000,1200000
2022-03-30 14:31:18.234000,1.21762,1.21756,1200000,1920000
2022-03-30 14:31:18.336000,1.21763,1.21757,1200000,1320000
2022-03-30 14:31:18.438000,1.21763,1.21757,1200000,1460000
2022-03-30 14:31:18.540000,1.21763,1.21757,1200000,1320000
2022-03-30 14:31:18.642000,1.21763,1.21757,1800000,2360000
2022-03-30 14:31:18.693000,1.21763,1.21757,1200000,2820000
2022-03-30 14:31:18.795000,1.21763,1.21757,1200000,2240000
2022-03-30 14:31:18.998000,1.21764,1.21758,1670000,1200000
2022-03-30 14:31:19.303000,1.21765,1.21758,2570000,1800000
2022-03-30 14:31:19.659000,1.21764,1.21758,1200000,2240000
2022-03-30 14:31:22.023000,1.21764,1.21758,3080000,2240000
2022-03-30 14:31:22.125000,1.21763,1.21757,1500000,1200000
2022-03-30 14:31:22.480000,1.21763,1.21757,2290000,1200000
2022-03-30 14:31:23.563000,1.2176,1.21755,1440000,1200000
2022-03-30 14:31:23.665000,1.2176,1.21754,3680000,1500000
2022-03-30 14:31:23.912000,1.21756,1.21753,1200000,1500000
2022-03-30 14:31:23.964000,1.21755,1.2175,3240000,3600000
2022-03-30 14:31:24.066000,1.21753,1.21747,4150000,1930000
2022-03-30 14:31:24.523000,1.21753,1.21747,1500000,1440000
2022-03-30 14:31:24.625000,1.21756,1.21754,1200000,1500000
2022-03-30 14:31:24.727000,1.21761,1.21755,1200000,1800000
2022-03-30 14:31:24.829000,1.21761,1.21755,1440000,3740000
2022-03-30 14:31:25.847000,1.21762,1.21756,1500000,1800000
2022-03-30 14:31:25.898000,1.21764,1.21758,1200000,3370000
2022-03-30 14:31:26,1.21761,1.21756,1200000,1200000
2022-03-30 14:31:27.439000,1.21762,1.21756,1200000,1200000
2022-03-30 14:31:28.529000,1.21764,1.21759,1500000,5840000
2022-03-30 14:31:28.580000,1.21767,1.21762,1370000,2240000
2022-03-30 14:31:28.682000,1.21769,1.21763,2100000,1340000
2022-03-30 14:31:28.784000,1.21769,1.21763,1200000,1340000
2022-03-30 14:31:28.886000,1.21769,1.21763,2100000,1340000
2022-03-30 14:31:29.192000,1.2177,1.21762,1200000,1340000
2022-03-30 14:31:30.110000,1.21769,1.21763,4880000,1200000
2022-03-30 14:31:30.212000,1.21769,1.21761,2040000,1200000
2022-03-30 14:31:30.314000,1.21768,1.21762,1500000,1200000
2022-03-30 14:31:30.417000,1.21766,1.2176,1440000,2700000
2022-03-30 14:31:30.519000,1.21767,1.21761,1880000,1200000
2022-03-30 14:31:30.621000,1.21764,1.21759,1200000,1800000
2022-03-30 14:31:30.723000,1.21764,1.21758,1200000,3240000
2022-03-30 14:31:31.424000,1.21763,1.21758,1200000,1200000
2022-03-30 14:31:31.627000,1.21763,1.21757,1200000,2780000
2022-03-30 14:31:31.982000,1.21764,1.21758,1200000,1200000
2022-03-30 14:31:33.042000,1.21764,1.21758,1200000,3840000
2022-03-30 14:31:33.144000,1.21766,1.21758,1200000,1800000
2022-03-30 14:31:34.141000,1.21764,1.21758,1340000,1200000
2022-03-30 14:31:35.061000,1.21763,1.21757,1340000,1200000
2022-03-30 14:31:36.031000,1.21763,1.21758,1200000,1200000
2022-03-30 14:31:36.133000,1.21765,1.21757,1200000,5040000
2022-03-30 14:31:36.671000,1.21765,1.21758,1200000,1200000
2022-03-30 14:31:36.772000,1.21764,1.21758,1200000,5940000
2022-03-30 14:31:37.037000,1.21764,1.21758,1200000,6540000
2022-03-30 14:31:37.843000,1.21767,1.21761,1500000,3140000
2022-03-30 14:31:37.945000,1.21768,1.21761,2540000,4280000
2022-03-30 14:31:38.047000,1.21768,1.21762,1570000,1340000
2022-03-30 14:31:40.982000,1.21768,1.21762,1500000,2840000
2022-03-30 14:31:43.741000,1.21767,1.21762,1200000,1200000
2022-03-30 14:31:43.843000,1.21768,1.2176,1500000,2400000
2022-03-30 14:31:44.138000,1.21769,1.21763,2030000,3000000
2022-03-30 14:31:44.290000,1.21771,1.21767,2040000,3910000
2022-03-30 14:31:44.342000,1.21774,1.21768,2360000,1340000
2022-03-30 14:31:44.494000,1.2177,1.21767,2030000,1800000
2022-03-30 14:31:44.545000,1.2177,1.21764,1500000,3170000
2022-03-30 14:31:44.648000,1.21771,1.21765,1200000,4510000
2022-03-30 14:31:46.238000,1.21774,1.21768,2650000,3080000
2022-03-30 14:31:46.340000,1.21774,1.21769,1200000,1500000
2022-03-30 14:31:46.442000,1.21774,1.2177,1200000,1200000
2022-03-30 14:31:46.544000,1.21774,1.21769,2100000,1920000
2022-03-30 14:31:46.899000,1.21774,1.21769,1200000,1200000
2022-03-30 14:31:47.001000,1.21774,1.21769,2100000,1200000
2022-03-30 14:31:47.053000,1.21773,1.21767,1500000,5640000
2022-03-30 14:31:47.205000,1.21773,1.21767,2700000,1880000
2022-03-30 14:31:48.722000,1.21769,1.21763,2540000,2240000
2022-03-30 14:31:49.769000,1.21768,1.21762,1570000,2700000
2022-03-30 14:31:52.203000,1.21768,1.21762,3000000,2240000
2022-03-30 14:31:52.305000,1.21768,1.21762,1500000,2700000
2022-03-30 14:31:53.185000,1.21768,1.21762,1500000,2840000
2022-03-30 14:31:53.796000,1.21769,1.21764,1200000,1200000
2022-03-30 14:31:53.898000,1.21769,1.21764,1500000,1800000
2022-03-30 14:31:54,1.21769,1.21763,3540000,1340000
2022-03-30 14:31:54.588000,1.21769,1.21763,3470000,1340000
2022-03-30 14:31:54.949000,1.21769,1.21763,1500000,1940000
2022-03-30 14:31:55.152000,1.21769,1.21763,1200000,1800000
2022-03-30 14:31:55.254000,1.21769,1.21763,2540000,1800000
2022-03-30 14:31:56.128000,1.21769,1.21762,5040000,1800000
2022-03-30 14:31:56.861000,1.21769,1.21762,4440000,1940000
2022-03-30 14:31:56.963000,1.21769,1.21763,1200000,2340000
2022-03-30 14:31:57.065000,1.21769,1.21764,1200000,1200000
2022-03-30 14:31:58.111000,1.2177,1.21764,1340000,2400000
2022-03-30 14:31:58.485000,1.2177,1.21763,1200000,1800000
2022-03-30 14:31:59.314000,1.21771,1.21765,1340000,3300000
2022-03-30 14:32:00.118000,1.21772,1.21765,2340000,4040000
2022-03-30 14:32:01.135000,1.21772,1.21766,2710000,1200000
2022-03-30 14:32:01.236000,1.21771,1.21765,1800000,1570000
2022-03-30 14:32:02.924000,1.21772,1.21765,3170000,3070000
2022-03-30 14:32:05.073000,1.21772,1.21766,1800000,2110000
2022-03-30 14:32:05.581000,1.21772,1.21766,2630000,1880000
2022-03-30 14:32:05.633000,1.21769,1.21765,1500000,2240000
2022-03-30 14:32:05.735000,1.21769,1.21763,2030000,4500000
2022-03-30 14:32:05.837000,1.21769,1.21763,3170000,3000000
2022-03-30 14:32:06.192000,1.21763,1.2176,1500000,1500000
2022-03-30 14:32:06.243000,1.21762,1.21756,1500000,5180000
2022-03-30 14:32:06.295000,1.21761,1.21755,2340000,1200000
2022-03-30 14:32:06.346000,1.2176,1.21755,1200000,1200000
2022-03-30 14:32:06.802000,1.21761,1.21755,3240000,1200000
2022-03-30 14:32:08.193000,1.21761,1.21756,1340000,2220000
2022-03-30 14:32:08.295000,1.21762,1.21756,1200000,3070000
2022-03-30 14:32:09.469000,1.21762,1.21756,1570000,1800000
2022-03-30 14:32:09.875000,1.21761,1.21756,1340000,1340000
2022-03-30 14:32:09.977000,1.21761,1.21755,2700000,1570000
2022-03-30 14:32:11.080000,1.21761,1.21755,2400000,1500000
2022-03-30 14:32:11.283000,1.2176,1.21754,3440000,2030000
2022-03-30 14:32:12.880000,1.21761,1.21755,3240000,1570000
2022-03-30 14:32:16.077000,1.21762,1.21756,3470000,1200000
2022-03-30 14:32:16.649000,1.21759,1.21756,2030000,1200000
2022-03-30 14:32:18.619000,1.21759,1.21755,2470000,1200000
2022-03-30 14:32:18.721000,1.21757,1.21753,2540000,1200000
2022-03-30 14:32:18.772000,1.21756,1.21751,2110000,1200000
2022-03-30 14:32:20.169000,1.21757,1.21751,2570000,2240000
2022-03-30 14:32:21.421000,1.21757,1.21751,1340000,3530000
2022-03-30 14:32:24.143000,1.21757,1.21751,2030000,2700000
2022-03-30 14:32:24.549000,1.21756,1.21751,1500000,1800000
2022-03-30 14:32:25.032000,1.21756,1.21751,2100000,1800000
2022-03-30 14:32:25.236000,1.21757,1.21751,2940000,2470000
2022-03-30 14:32:25.337000,1.21757,1.21751,2340000,2930000
2022-03-30 14:32:26.331000,1.21757,1.21751,3170000,2700000
2022-03-30 14:32:27.895000,1.21756,1.21751,1200000,1340000
2022-03-30 14:32:28.118000,1.21756,1.21751,1200000,1340000
2022-03-30 14:32:28.326000,1.21757,1.21751,2480000,2100000
2022-03-30 14:32:28.428000,1.21759,1.21754,2200000,1440000
2022-03-30 14:32:28.531000,1.21764,1.21757,1670000,1340000
2022-03-30 14:32:28.582000,1.21763,1.2176,1200000,1200000
2022-03-30 14:32:28.633000,1.21765,1.2176,1670000,1340000
2022-03-30 14:32:28.794000,1.21767,1.21762,2120000,1200000
2022-03-30 14:32:28.845000,1.21769,1.21761,2240000,1570000
2022-03-30 14:32:28.947000,1.21768,1.21762,1200000,4430000
2022-03-30 14:32:29.100000,1.21771,1.21766,1620000,1340000
2022-03-30 14:32:29.202000,1.21772,1.21766,2110000,1340000
2022-03-30 14:32:29.861000,1.21772,1.21765,1670000,1200000
2022-03-30 14:32:29.963000,1.2177,1.21765,1500000,1800000
2022-03-30 14:32:31.750000,1.21771,1.21765,2650000,1880000
2022-03-30 14:32:31.852000,1.21773,1.21765,3540000,1340000
2022-03-30 14:32:34.395000,1.21771,1.21765,3720000,1200000
2022-03-30 14:32:34.497000,1.21771,1.21765,2030000,1440000
2022-03-30 14:32:35.800000,1.21771,1.21765,4580000,1440000
2022-03-30 14:32:35.902000,1.2177,1.21763,1210000,1500000
2022-03-30 14:32:36.803000,1.21764,1.21761,1340000,1200000
2022-03-30 14:32:36.854000,1.21763,1.2176,1200000,1200000
2022-03-30 14:32:36.956000,1.21763,1.21757,2270000,1440000
2022-03-30 14:32:37.565000,1.21763,1.21757,1570000,1880000
2022-03-30 14:32:38.514000,1.21763,1.21757,1570000,2060000
2022-03-30 14:32:39.382000,1.21765,1.2176,3550000,2040000
2022-03-30 14:32:39.433000,1.21767,1.21761,1500000,2520000
2022-03-30 14:32:39.485000,1.21769,1.21763,3910000,1440000
2022-03-30 14:32:39.586000,1.21769,1.21763,3080000,1440000
2022-03-30 14:32:41.288000,1.2177,1.21764,2340000,1340000
2022-03-30 14:32:41.800000,1.21772,1.21767,3370000,1800000
2022-03-30 14:32:42.246000,1.21773,1.21769,1500000,1200000
2022-03-30 14:32:43.238000,1.21775,1.21768,1500000,1200000
2022-03-30 14:32:43.823000,1.21774,1.21767,2540000,1340000
2022-03-30 14:32:43.874000,1.21772,1.21766,1340000,1440000
2022-03-30 14:32:43.925000,1.2177,1.21765,1800000,1200000
2022-03-30 14:32:44.027000,1.21771,1.21763,1800000,1200000
2022-03-30 14:32:50.615000,1.21771,1.21765,1800000,1200000
2022-03-30 14:32:50.818000,1.2177,1.21765,1340000,1200000
2022-03-30 14:32:50.920000,1.2177,1.21764,1340000,1340000
2022-03-30 14:32:51.293000,1.21769,1.21764,1640000,1200000
2022-03-30 14:32:51.396000,1.21768,1.21762,3000000,1200000
2022-03-30 14:32:51.497000,1.21768,1.21763,1200000,1200000
2022-03-30 14:32:51.783000,1.21768,1.21762,2340000,1200000
2022-03-30 14:32:52.196000,1.21767,1.21762,2270000,1200000
2022-03-30 14:32:52.298000,1.21763,1.21757,1200000,1800000
2022-03-30 14:32:52.552000,1.21764,1.21759,1340000,1200000
2022-03-30 14:32:53.109000,1.21763,1.21757,1200000,2840000
2022-03-30 14:32:53.316000,1.21767,1.21759,2340000,1200000
2022-03-30 14:32:54.773000,1.21766,1.2176,2520000,1200000
2022-03-30 14:32:55.523000,1.21762,1.21757,1200000,3300000
2022-03-30 14:32:55.624000,1.21762,1.21757,1200000,1340000
2022-03-30 14:32:57.259000,1.21762,1.21757,2180000,1200000
2022-03-30 14:32:57.311000,1.21761,1.21755,2340000,1570000
2022-03-30 14:32:57.564000,1.21762,1.21757,2570000,1200000
2022-03-30 14:32:58.577000,1.21762,1.21757,3170000,1200000
2022-03-30 14:32:59.325000,1.21762,1.21756,2570000,1340000
2022-03-30 14:32:59.478000,1.21762,1.21756,1200000,2630000
2022-03-30 14:33:00.827000,1.2176,1.21756,1500000,1200000
2022-03-30 14:33:00.929000,1.21761,1.21756,2630000,1200000
2022-03-30 14:33:01.030000,1.21761,1.21756,1500000,1200000
2022-03-30 14:33:01.453000,1.2176,1.21755,1640000,1200000
2022-03-30 14:33:01.607000,1.2176,1.21754,3000000,2030000
2022-03-30 14:33:01.709000,1.21757,1.21752,1570000,1570000
2022-03-30 14:33:01.812000,1.21756,1.21751,1500000,1800000
2022-03-30 14:33:01.913000,1.21755,1.2175,1200000,1340000
2022-03-30 14:33:02.015000,1.21755,1.21749,1440000,1340000
2022-03-30 14:33:02.573000,1.21756,1.2175,1440000,1340000
2022-03-30 14:33:02.675000,1.21755,1.21749,1200000,1800000
2022-03-30 14:33:04.004000,1.21754,1.21749,1320000,1200000
2022-03-30 14:33:04.157000,1.21753,1.21748,1500000,1340000
2022-03-30 14:33:04.635000,1.21753,1.21747,2100000,1940000
2022-03-30 14:33:04.686000,1.21751,1.21745,1440000,2170000
2022-03-30 14:33:04.788000,1.2175,1.21745,1640000,1200000
2022-03-30 14:33:05.042000,1.21752,1.21744,2480000,1500000
2022-03-30 14:33:05.144000,1.2175,1.21745,1640000,1200000
2022-03-30 14:33:05.246000,1.2175,1.21743,1500000,1570000
2022-03-30 14:33:06.135000,1.21748,1.21742,1440000,2470000
2022-03-30 14:33:06.186000,1.21746,1.21741,1200000,1450000
2022-03-30 14:33:06.288000,1.21744,1.21738,1200000,2700000
2022-03-30 14:33:06.390000,1.21745,1.2174,1880000,1200000
2022-03-30 14:33:06.492000,1.21746,1.21741,1340000,1200000
2022-03-30 14:33:07.609000,1.21747,1.21741,2110000,1200000
2022-03-30 14:33:08.433000,1.21746,1.21741,1500000,1200000
2022-03-30 14:33:08.586000,1.21745,1.21741,1500000,1200000
2022-03-30 14:33:08.637000,1.21745,1.21739,2540000,1340000
2022-03-30 14:33:08.739000,1.21743,1.21737,1200000,3070000
2022-03-30 14:33:08.898000,1.21742,1.21737,1670000,1200000
2022-03-30 14:33:08.949000,1.21745,1.21742,1200000,1200000
2022-03-30 14:33:09,1.21755,1.21751,4340000,2030000
2022-03-30 14:33:09.052000,1.21755,1.21751,1800000,1940000
2022-03-30 14:33:09.103000,1.21757,1.21752,1200000,1800000
2022-03-30 14:33:09.205000,1.21759,1.21754,1200000,1940000
2022-03-30 14:33:09.307000,1.2176,1.21756,2100000,1200000
2022-03-30 14:33:09.512000,1.2176,1.21754,2100000,3070000
2022-03-30 14:33:10.002000,1.2176,1.21754,2100000,1670000
2022-03-30 14:33:10.104000,1.2176,1.21755,1500000,2030000
2022-03-30 14:33:10.257000,1.2176,1.21755,1200000,3000000
2022-03-30 14:33:10.359000,1.2176,1.21755,2030000,2030000
2022-03-30 14:33:10.997000,1.21759,1.21753,1200000,3190000
2022-03-30 14:33:11.099000,1.2176,1.21754,2030000,1640000
2022-03-30 14:33:13.515000,1.21763,1.2176,1850000,1340000
2022-03-30 14:33:13.567000,1.21769,1.21765,2030000,1200000
2022-03-30 14:33:13.618000,1.21772,1.21769,1200000,1340000
2022-03-30 14:33:13.670000,1.21775,1.21769,1200000,1340000
2022-03-30 14:33:13.771000,1.21775,1.2177,1200000,1200000
2022-03-30 14:33:13.873000,1.21776,1.21771,1200000,1340000
2022-03-30 14:33:14.390000,1.21778,1.21775,1200000,1200000
2022-03-30 14:33:14.442000,1.2178,1.21776,1800000,1440000
2022-03-30 14:33:14.493000,1.2178,1.21774,1200000,1440000
2022-03-30 14:33:14.621000,1.21779,1.21774,1200000,1440000
2022-03-30 14:33:15.182000,1.21776,1.21771,1200000,1880000
2022-03-30 14:33:15.286000,1.21775,1.2177,1200000,1440000
2022-03-30 14:33:16.098000,1.2178,1.21776,1800000,1500000
2022-03-30 14:33:16.149000,1.21782,1.21776,1800000,1670000
2022-03-30 14:33:16.251000,1.21782,1.21776,2100000,1440000
2022-03-30 14:33:16.353000,1.21782,1.21776,1500000,1440000
2022-03-30 14:33:16.657000,1.21783,1.21778,1200000,1440000
2022-03-30 14:33:16.709000,1.21785,1.21779,1200000,1200000
2022-03-30 14:33:16.912000,1.21783,1.21778,1200000,1440000
2022-03-30 14:33:17.283000,1.21782,1.21777,1500000,1340000
2022-03-30 14:33:17.385000,1.21781,1.21775,2100000,1340000
2022-03-30 14:33:17.487000,1.21781,1.21775,1500000,1200000
2022-03-30 14:33:17.589000,1.21782,1.21776,1740000,1200000
2022-03-30 14:33:18.902000,1.21782,1.21776,1500000,1440000
2022-03-30 14:33:19.537000,1.21781,1.21776,1200000,1440000
2022-03-30 14:33:19.812000,1.21782,1.21776,1500000,1440000
2022-03-30 14:33:19.965000,1.21781,1.21776,1200000,1440000
2022-03-30 14:33:20.270000,1.21782,1.21776,1500000,1440000
2022-03-30 14:33:20.573000,1.2178,1.21773,1500000,1320000
2022-03-30 14:33:20.624000,1.2178,1.21775,2240000,1200000
2022-03-30 14:33:20.726000,1.21782,1.21774,1500000,1200000
2022-03-30 14:33:20.983000,1.21785,1.21779,1940000,2340000
2022-03-30 14:33:21.085000,1.21785,1.21779,1200000,1440000
2022-03-30 14:33:21.187000,1.21786,1.21781,1200000,1340000
2022-03-30 14:33:21.289000,1.21787,1.21781,1200000,1200000
2022-03-30 14:33:22.052000,1.21787,1.21782,1200000,1200000
2022-03-30 14:33:22.966000,1.21788,1.21782,1200000,1460000
2022-03-30 14:33:23.017000,1.21795,1.21793,1200000,2780000
2022-03-30 14:33:23.069000,1.21799,1.21796,3600000,8640000
2022-03-30 14:33:23.120000,1.21806,1.218,1800000,1440000
2022-03-30 14:33:23.171000,1.21804,1.21799,1500000,1800000
2022-03-30 14:33:23.273000,1.21805,1.21799,1640000,1200000
2022-03-30 14:33:23.375000,1.21805,1.21799,1200000,1440000
2022-03-30 14:33:23.477000,1.21808,1.21804,1200000,2340000
2022-03-30 14:33:23.528000,1.21812,1.21807,1200000,1200000
2022-03-30 14:33:23.630000,1.21811,1.21806,1200000,1200000
2022-03-30 14:33:23.732000,1.21812,1.21807,1200000,1200000
2022-03-30 14:33:23.986000,1.21813,1.21805,1200000,1320000
2022-03-30 14:33:24.124000,1.21811,1.21806,1200000,1320000
2022-03-30 14:33:24.480000,1.21812,1.21806,1800000,1200000
2022-03-30 14:33:24.532000,1.21811,1.21806,2100000,1200000
2022-03-30 14:33:24.634000,1.21808,1.21802,1570000,1200000
2022-03-30 14:33:24.736000,1.21807,1.21801,1200000,1500000
2022-03-30 14:33:24.838000,1.21805,1.218,2100000,1200000
2022-03-30 14:33:24.940000,1.21806,1.218,2240000,1200000
2022-03-30 14:33:25.042000,1.21805,1.218,1200000,1200000
2022-03-30 14:33:25.296000,1.21804,1.21798,1800000,1200000
2022-03-30 14:33:25.347000,1.218,1.21795,1200000,2640000
2022-03-30 14:33:25.398000,1.21802,1.21796,2700000,1500000
2022-03-30 14:33:25.500000,1.21802,1.21797,1200000,1200000
2022-03-30 14:33:25.602000,1.21803,1.21797,1500000,1200000
2022-03-30 14:33:25.805000,1.21803,1.21796,1200000,1200000
2022-03-30 14:33:25.958000,1.21803,1.21797,1500000,1200000
2022-03-30 14:33:26.059000,1.21802,1.21796,1200000,1210000
2022-03-30 14:33:26.465000,1.21803,1.21797,1200000,1500000
2022-03-30 14:33:26.568000,1.21805,1.21799,1200000,1670000
2022-03-30 14:33:26.872000,1.21804,1.21798,1200000,2570000
2022-03-30 14:33:28.364000,1.21809,1.21806,1200000,1200000
2022-03-30 14:33:28.415000,1.21811,1.21806,1800000,1200000
2022-03-30 14:33:29.379000,1.21813,1.21809,1200000,1200000
2022-03-30 14:33:29.431000,1.21815,1.21809,1200000,1440000
2022-03-30 14:33:30.220000,1.21813,1.21808,1200000,1200000
2022-03-30 14:33:30.322000,1.21813,1.21807,1200000,2570000
2022-03-30 14:33:30.838000,1.21813,1.2181,1200000,1640000
2022-03-30 14:33:30.889000,1.21815,1.2181,1200000,4090000
2022-03-30 14:33:30.941000,1.21819,1.21817,1200000,1200000
2022-03-30 14:33:31.043000,1.21824,1.21818,1800000,1200000
2022-03-30 14:33:31.144000,1.21823,1.21818,1200000,1200000
2022-03-30 14:33:31.601000,1.21811,1.21808,1200000,2780000
2022-03-30 14:33:31.652000,1.21803,1.21798,1940000,2570000
2022-03-30 14:33:31.704000,1.218,1.21795,1440000,1800000
2022-03-30 14:33:31.755000,1.218,1.21795,2340000,1200000
2022-03-30 14:33:31.806000,1.21802,1.21797,1800000,1500000
2022-03-30 14:33:31.908000,1.21801,1.21796,1570000,1500000
2022-03-30 14:33:32.010000,1.21801,1.21796,1340000,2100000
2022-03-30 14:33:32.214000,1.21802,1.21795,1570000,1500000
2022-03-30 14:33:32.265000,1.21803,1.21798,1940000,1570000
2022-03-30 14:33:32.316000,1.21805,1.218,3780000,1200000
2022-03-30 14:33:32.367000,1.21804,1.21798,1800000,1440000
2022-03-30 14:33:32.419000,1.21802,1.21798,1200000,1880000
2022-03-30 14:33:33.486000,1.21802,1.218,1200000,1200000
2022-03-30 14:33:33.538000,1.21804,1.21801,1200000,1640000
2022-03-30 14:33:33.589000,1.21809,1.21803,1200000,1320000
2022-03-30 14:33:33.691000,1.21808,1.21803,1200000,1320000
2022-03-30 14:33:35.667000,1.21806,1.21801,1200000,1200000
2022-03-30 14:33:35.920000,1.21806,1.218,1200000,1440000
2022-03-30 14:33:36.022000,1.21805,1.218,1200000,1200000
2022-03-30 14:33:36.225000,1.21805,1.218,1800000,1200000
2022-03-30 14:33:36.327000,1.21805,1.218,1200000,1200000
2022-03-30 14:33:36.857000,1.21805,1.21801,1200000,1200000
2022-03-30 14:33:36.908000,1.21804,1.21799,1800000,1200000
2022-03-30 14:33:37.010000,1.21803,1.21801,1340000,1200000
2022-03-30 14:33:37.061000,1.21806,1.21801,1200000,1200000
2022-03-30 14:33:38.333000,1.21805,1.218,1340000,1200000
2022-03-30 14:33:38.435000,1.21805,1.21799,1800000,1200000
2022-03-30 14:33:39.113000,1.21804,1.21798,1320000,1200000
2022-03-30 14:33:39.215000,1.21805,1.218,1800000,1200000
2022-03-30 14:33:39.723000,1.21804,1.21798,1200000,1440000
2022-03-30 14:33:39.774000,1.21803,1.21795,1340000,1200000
2022-03-30 14:33:39.876000,1.21801,1.21796,1200000,1200000
2022-03-30 14:33:39.978000,1.21799,1.21794,1200000,1200000
2022-03-30 14:33:41.006000,1.21798,1.21793,1200000,1320000
2022-03-30 14:33:41.178000,1.21799,1.21793,1200000,1320000
2022-03-30 14:33:41.331000,1.21798,1.21793,1200000,1320000
2022-03-30 14:33:42.006000,1.21796,1.21792,1200000,1500000
2022-03-30 14:33:42.058000,1.21796,1.21791,1200000,1500000
2022-03-30 14:33:42.159000,1.21793,1.21787,1200000,3980000
2022-03-30 14:33:42.682000,1.21794,1.21788,1200000,2110000
2022-03-30 14:33:44.565000,1.21792,1.21785,1200000,1200000
2022-03-30 14:33:45.126000,1.21791,1.21785,1200000,1440000
2022-03-30 14:33:46.262000,1.21793,1.21788,1340000,1500000
2022-03-30 14:33:47.628000,1.21793,1.21788,2400000,1500000
2022-03-30 14:33:50.707000,1.21792,1.21786,2400000,1500000
2022-03-30 14:33:50.981000,1.21792,1.21787,1940000,1500000
2022-03-30 14:33:51.032000,1.21794,1.21786,1340000,3080000
2022-03-30 14:33:51.134000,1.21792,1.21788,1340000,1500000
2022-03-30 14:33:51.237000,1.21795,1.21788,1340000,1200000
2022-03-30 14:33:51.491000,1.21795,1.21791,1800000,1500000
2022-03-30 14:33:55.152000,1.21796,1.21794,1370000,1500000
2022-03-30 14:33:55.203000,1.21798,1.21793,1200000,2110000
2022-03-30 14:33:55.305000,1.21799,1.21793,1340000,2110000
2022-03-30 14:33:55.458000,1.21798,1.21792,1340000,3080000
2022-03-30 14:33:55.560000,1.21798,1.21792,2240000,1670000
2022-03-30 14:33:55.763000,1.21796,1.21791,1200000,1500000
2022-03-30 14:33:55.865000,1.21796,1.21791,1200000,1500000
2022-03-30 14:33:56.068000,1.21796,1.21791,1200000,2100000
2022-03-30 14:33:56.286000,1.21796,1.21791,1200000,1500000
2022-03-30 14:33:56.439000,1.21797,1.21792,1940000,1500000
2022-03-30 14:33:56.491000,1.21802,1.218,1200000,1500000
2022-03-30 14:33:56.593000,1.21806,1.21801,1200000,1880000
2022-03-30 14:33:56.812000,1.21809,1.21803,2700000,1340000
2022-03-30 14:33:56.914000,1.21809,1.21802,1200000,1200000
2022-03-30 14:33:57.016000,1.21809,1.21803,3140000,1440000
2022-03-30 14:33:57.118000,1.21809,1.21802,1200000,1440000
2022-03-30 14:33:57.373000,1.21809,1.21803,1200000,1440000
2022-03-30 14:33:57.475000,1.21809,1.21804,1200000,1200000
2022-03-30 14:33:57.576000,1.21809,1.21803,1200000,1440000
2022-03-30 14:34:00.034000,1.21808,1.21803,1200000,1440000
2022-03-30 14:34:00.136000,1.21807,1.21802,1200000,1440000
2022-03-30 14:34:00.317000,1.21807,1.21801,1800000,2640000
2022-03-30 14:34:00.422000,1.21807,1.21801,1340000,3980000
2022-03-30 14:34:01.864000,1.21809,1.21804,3300000,2100000
2022-03-30 14:34:01.915000,1.21809,1.21803,1340000,1670000
2022-03-30 14:34:04.374000,1.21809,1.21803,1800000,1440000
2022-03-30 14:34:04.476000,1.21809,1.21803,1340000,1880000
2022-03-30 14:34:05.175000,1.21808,1.21802,1570000,1880000
2022-03-30 14:34:05.277000,1.21808,1.21802,2170000,1320000
2022-03-30 14:34:05.379000,1.21809,1.21803,4200000,1440000
2022-03-30 14:34:05.490000,1.21809,1.21803,1340000,1440000
2022-03-30 14:34:05.693000,1.21807,1.21802,1340000,1500000
2022-03-30 14:34:06.922000,1.21806,1.21799,1340000,1440000
2022-03-30 14:34:07.024000,1.21804,1.21799,1340000,1460000
2022-03-30 14:34:08.073000,1.21802,1.21797,1340000,1210000
2022-03-30 14:34:08.175000,1.21806,1.21799,1340000,1200000
2022-03-30 14:34:08.277000,1.21807,1.21801,1340000,1200000
2022-03-30 14:34:08.429000,1.21805,1.21799,1340000,2940000
2022-03-30 14:34:08.532000,1.21804,1.21799,1570000,1340000
2022-03-30 14:34:09.189000,1.21804,1.21798,1570000,1440000
2022-03-30 14:34:09.443000,1.21803,1.21798,1340000,1200000
2022-03-30 14:34:09.546000,1.21803,1.21797,1340000,2470000
2022-03-30 14:34:10.360000,1.21802,1.21796,3240000,1200000
2022-03-30 14:34:10.512000,1.218,1.21797,1200000,1200000
2022-03-30 14:34:10.614000,1.21799,1.21795,1800000,1200000
2022-03-30 14:34:10.665000,1.21798,1.21792,1940000,5940000
2022-03-30 14:34:10.869000,1.21797,1.21791,1340000,5940000
2022-03-30 14:34:10.971000,1.21797,1.21791,1940000,5940000
2022-03-30 14:34:11.123000,1.21797,1.21792,1200000,1200000
2022-03-30 14:34:11.175000,1.21798,1.21796,1340000,1200000
2022-03-30 14:34:11.378000,1.21798,1.21791,1200000,5940000
2022-03-30 14:34:13.660000,1.21798,1.21796,1800000,1200000
2022-03-30 14:34:14.370000,1.21799,1.21796,1800000,1200000
2022-03-30 14:34:15.370000,1.21798,1.21792,1940000,5940000
2022-03-30 14:34:15.422000,1.21798,1.21795,1800000,1200000
2022-03-30 14:34:16.364000,1.218,1.21797,2840000,1200000
2022-03-30 14:34:16.466000,1.218,1.21797,1340000,1200000
2022-03-30 14:34:16.670000,1.21799,1.21797,1340000,1200000
2022-03-30 14:34:16.873000,1.21798,1.21796,1200000,1200000
2022-03-30 14:34:17.386000,1.21797,1.21792,1200000,6380000
2022-03-30 14:34:17.488000,1.21798,1.21795,1800000,1200000
2022-03-30 14:34:17.640000,1.21793,1.21788,1800000,1200000
2022-03-30 14:34:17.691000,1.21792,1.21787,2170000,5940000
2022-03-30 14:34:17.743000,1.21786,1.2178,1200000,7880000
2022-03-30 14:34:17.794000,1.21785,1.2178,1800000,6840000
2022-03-30 14:34:17.997000,1.21786,1.21781,1940000,1200000
2022-03-30 14:34:18.150000,1.21786,1.21781,1200000,1500000
2022-03-30 14:34:18.252000,1.21791,1.21786,1340000,1200000
2022-03-30 14:34:18.455000,1.21791,1.21785,1340000,1340000
2022-03-30 14:34:18.557000,1.21791,1.21788,1340000,3600000
2022-03-30 14:34:18.831000,1.2179,1.21788,1200000,3600000
2022-03-30 14:34:19.336000,1.21791,1.21788,1200000,3600000
2022-03-30 14:34:19.489000,1.2179,1.21788,1200000,3600000
2022-03-30 14:34:19.811000,1.21791,1.21788,1800000,3600000
2022-03-30 14:34:19.913000,1.21792,1.21788,1340000,3600000
2022-03-30 14:34:20.167000,1.21792,1.21786,1340000,1880000
2022-03-30 14:34:20.743000,1.21792,1.21786,2400000,1200000
2022-03-30 14:34:20.845000,1.21792,1.21787,1200000,1200000
2022-03-30 14:34:20.998000,1.21792,1.21786,1200000,1440000
2022-03-30 14:34:21.269000,1.21791,1.21786,1200000,1440000
2022-03-30 14:34:22.480000,1.21792,1.21784,1200000,1880000
2022-03-30 14:34:22.632000,1.21792,1.21785,1200000,1200000
2022-03-30 14:34:23.515000,1.21788,1.21783,1200000,3540000
2022-03-30 14:34:23.617000,1.21787,1.2178,1340000,1440000
2022-03-30 14:34:23.668000,1.21784,1.2178,1200000,1800000
2022-03-30 14:34:23.719000,1.21784,1.21778,2240000,1200000
2022-03-30 14:34:24.607000,1.21783,1.21778,1200000,1200000
2022-03-30 14:34:26.384000,1.21785,1.21779,3170000,2100000
2022-03-30 14:34:26.511000,1.21785,1.21779,2110000,2100000
2022-03-30 14:34:27.554000,1.21784,1.21778,2180000,1340000
2022-03-30 14:34:27.909000,1.21784,1.21778,2570000,1200000
2022-03-30 14:34:28.062000,1.21785,1.21779,2640000,1500000
2022-03-30 14:34:28.171000,1.21786,1.21781,2340000,1200000
2022-03-30 14:34:30.173000,1.21786,1.2178,2040000,1500000
2022-03-30 14:34:30.734000,1.21785,1.21778,1200000,3000000
2022-03-30 14:34:34.492000,1.21781,1.21776,1200000,2470000
2022-03-30 14:34:34.544000,1.21782,1.21778,1200000,1570000
2022-03-30 14:34:34.646000,1.21785,1.21781,1340000,1500000
2022-03-30 14:34:34.748000,1.21786,1.21781,2340000,1500000
2022-03-30 14:34:35.583000,1.21785,1.21779,1340000,1340000
2022-03-30 14:34:35.736000,1.21784,1.21779,1200000,1200000
2022-03-30 14:34:37.918000,1.21785,1.2178,1340000,1640000
2022-03-30 14:34:38.020000,1.21786,1.21781,1800000,1500000
2022-03-30 14:34:39.368000,1.21789,1.21785,1220000,1500000
2022-03-30 14:34:39.419000,1.21794,1.21792,7380000,1800000
2022-03-30 14:34:39.470000,1.21797,1.21795,2700000,1200000
2022-03-30 14:34:39.572000,1.218,1.21793,1200000,1940000
2022-03-30 14:34:39.725000,1.21799,1.21794,1200000,1940000
2022-03-30 14:34:39.877000,1.21799,1.21794,1200000,1340000
2022-03-30 14:34:40.030000,1.21799,1.21793,1670000,1200000
2022-03-30 14:34:40.284000,1.21793,1.21791,1200000,1200000
2022-03-30 14:34:40.335000,1.21793,1.21788,1200000,1520000
2022-03-30 14:34:40.437000,1.21793,1.21787,1440000,1340000
2022-03-30 14:34:40.590000,1.21794,1.21788,2060000,1200000
2022-03-30 14:34:40.844000,1.21794,1.21788,1440000,1200000
2022-03-30 14:34:40.946000,1.21795,1.21789,1440000,1340000
2022-03-30 14:34:42.011000,1.21797,1.21791,1880000,1200000
2022-03-30 14:34:42.164000,1.21797,1.21792,1440000,1200000
2022-03-30 14:34:42.372000,1.21798,1.21793,1670000,1200000
2022-03-30 14:34:43.507000,1.21795,1.2179,1200000,2340000
2022-03-30 14:34:44.663000,1.21795,1.21789,1340000,1440000
2022-03-30 14:34:45.497000,1.21795,1.21789,1200000,1920000
2022-03-30 14:34:45.751000,1.21797,1.21792,1880000,1340000
2022-03-30 14:34:45.853000,1.21799,1.21791,1440000,1340000
2022-03-30 14:34:45.955000,1.21798,1.21793,1440000,1200000
2022-03-30 14:34:46.623000,1.21798,1.21792,2340000,1340000
2022-03-30 14:34:46.725000,1.21797,1.21791,2340000,1340000
2022-03-30 14:34:47.547000,1.21798,1.2179,1440000,1800000
2022-03-30 14:34:49.432000,1.21797,1.21791,1340000,1200000
2022-03-30 14:34:49.534000,1.21795,1.2179,1200000,1800000
2022-03-30 14:34:49.636000,1.21796,1.2179,1880000,1800000
2022-03-30 14:34:50.158000,1.21795,1.2179,1200000,1340000
2022-03-30 14:34:50.260000,1.21796,1.2179,2340000,1340000
2022-03-30 14:34:50.362000,1.21795,1.2179,1340000,1200000
2022-03-30 14:34:50.464000,1.21792,1.21786,1200000,5720000
2022-03-30 14:34:50.566000,1.21793,1.21785,1880000,2240000
2022-03-30 14:34:50.922000,1.21791,1.21786,1880000,1200000
2022-03-30 14:34:51.074000,1.2179,1.21785,1920000,1200000
2022-03-30 14:34:51.176000,1.21787,1.21785,1340000,1200000
2022-03-30 14:34:52.507000,1.21785,1.21779,1340000,2030000
2022-03-30 14:34:52.609000,1.21785,1.21779,1340000,2540000
2022-03-30 14:34:53.335000,1.21785,1.21779,2270000,2100000
2022-03-30 14:34:53.949000,1.21786,1.2178,2480000,1500000
2022-03-30 14:34:54.051000,1.21787,1.2178,1800000,1200000
2022-03-30 14:34:54.523000,1.21789,1.21784,1800000,1500000
2022-03-30 14:34:54.574000,1.21791,1.21785,1990000,1340000
2022-03-30 14:34:55.513000,1.21788,1.21783,1440000,1340000
2022-03-30 14:34:55.615000,1.21788,1.21781,1670000,1200000
2022-03-30 14:34:55.768000,1.21789,1.21784,1210000,1200000
2022-03-30 14:34:55.971000,1.21789,1.21784,2220000,1200000
2022-03-30 14:34:56.174000,1.21791,1.21788,2030000,1200000
2022-03-30 14:34:56.225000,1.21796,1.21793,3600000,1800000
2022-03-30 14:34:56.327000,1.21799,1.21793,1440000,2040000
2022-03-30 14:34:56.632000,1.21798,1.21792,1320000,1940000
2022-03-30 14:34:56.734000,1.21798,1.21792,1200000,3170000
2022-03-30 14:34:57.092000,1.21799,1.21791,1440000,1200000
2022-03-30 14:34:57.194000,1.21798,1.21792,1920000,1200000
2022-03-30 14:34:57.753000,1.21795,1.2179,1440000,1800000
2022-03-30 14:34:57.855000,1.21795,1.21789,2340000,1200000
2022-03-30 14:34:58.109000,1.21795,1.21789,2520000,1200000
2022-03-30 14:34:58.312000,1.21795,1.21789,2520000,1200000
2022-03-30 14:34:58.414000,1.21794,1.21788,2060000,1200000
2022-03-30 14:35:00.987000,1.21795,1.2179,1920000,1800000
2022-03-30 14:35:01.039000,1.21798,1.21792,1880000,1440000
2022-03-30 14:35:01.613000,1.21797,1.21791,1880000,1800000
2022-03-30 14:35:01.715000,1.21797,1.21791,1440000,1940000
2022-03-30 14:35:01.817000,1.21798,1.21792,2110000,1440000
2022-03-30 14:35:02.274000,1.21798,1.21792,1200000,3080000
2022-03-30 14:35:02.376000,1.218,1.21794,2340000,1320000
2022-03-30 14:35:02.477000,1.21799,1.21794,1210000,1200000
2022-03-30 14:35:03.335000,1.21801,1.21793,2340000,1200000
2022-03-30 14:35:03.559000,1.21802,1.21797,3840000,2030000
2022-03-30 14:35:03.612000,1.21799,1.21793,1670000,1340000
2022-03-30 14:35:04.653000,1.21799,1.21793,2290000,1200000
2022-03-30 14:35:04.754000,1.21799,1.21793,2110000,1200000
2022-03-30 14:35:04.806000,1.21797,1.21792,1440000,1200000
2022-03-30 14:35:04.908000,1.21796,1.2179,1440000,1570000
2022-03-30 14:35:05.010000,1.21797,1.21791,2520000,1200000
2022-03-30 14:35:05.416000,1.21798,1.21792,2290000,1200000
2022-03-30 14:35:06.137000,1.21797,1.21791,2290000,1340000
2022-03-30 14:35:06.391000,1.21797,1.21792,1320000,1200000
2022-03-30 14:35:06.613000,1.21798,1.21792,2340000,1340000
2022-03-30 14:35:10.614000,1.21803,1.21799,2100000,1500000
2022-03-30 14:35:10.716000,1.21806,1.21803,1200000,1340000
2022-03-30 14:35:10.767000,1.21809,1.21803,9470000,1340000
2022-03-30 14:35:10.869000,1.21809,1.21803,6610000,1340000
2022-03-30 14:35:11.141000,1.21809,1.21802,5040000,1340000
2022-03-30 14:35:11.349000,1.21809,1.21803,6610000,1340000
2022-03-30 14:35:11.502000,1.21804,1.21801,1200000,2470000
2022-03-30 14:35:11.654000,1.21804,1.21802,1200000,1200000
2022-03-30 14:35:11.807000,1.21804,1.21801,1200000,2030000
2022-03-30 14:35:13.426000,1.21807,1.21801,1880000,2030000
2022-03-30 14:35:14.584000,1.21806,1.21801,1440000,1200000
2022-03-30 14:35:14.896000,1.21809,1.21803,2700000,2360000
2022-03-30 14:35:14.998000,1.21809,1.21803,1880000,1340000
2022-03-30 14:35:15.670000,1.21809,1.21803,2060000,1340000
2022-03-30 14:35:17.048000,1.21809,1.21803,1440000,1920000
2022-03-30 14:35:17.150000,1.21811,1.21806,1440000,1200000
2022-03-30 14:35:17.252000,1.2181,1.21803,1440000,1340000
2022-03-30 14:35:17.708000,1.21808,1.21802,1340000,2040000
2022-03-30 14:35:17.810000,1.21808,1.21802,1880000,1200000
2022-03-30 14:35:17.913000,1.21813,1.21807,1340000,2110000
2022-03-30 14:35:18.015000,1.21814,1.21808,1440000,1800000
2022-03-30 14:35:18.218000,1.21814,1.21808,2290000,1340000
2022-03-30 14:35:18.320000,1.21811,1.21806,1440000,1200000
2022-03-30 14:35:18.524000,1.21812,1.21806,1880000,1340000
2022-03-30 14:35:18.660000,1.21811,1.21806,1200000,1340000
2022-03-30 14:35:18.863000,1.21812,1.21806,1880000,1440000
2022-03-30 14:35:18.965000,1.21814,1.21806,2630000,1440000
2022-03-30 14:35:19.067000,1.21813,1.21807,1570000,1880000
2022-03-30 14:35:19.465000,1.21813,1.21807,1200000,3380000
2022-03-30 14:35:19.567000,1.21814,1.21808,1340000,2340000
2022-03-30 14:35:20.509000,1.21814,1.21808,1200000,2360000
2022-03-30 14:35:20.843000,1.21813,1.21808,1200000,1800000
2022-03-30 14:35:20.945000,1.21812,1.21806,1440000,1340000
2022-03-30 14:35:20.997000,1.21811,1.21805,2960000,1340000
2022-03-30 14:35:21.099000,1.2181,1.21805,1920000,1200000
2022-03-30 14:35:21.767000,1.21811,1.21804,1440000,1200000
2022-03-30 14:35:21.869000,1.2181,1.21805,1920000,1200000
2022-03-30 14:35:22.072000,1.21807,1.21801,1200000,2940000
2022-03-30 14:35:22.747000,1.21807,1.21801,1880000,1200000
2022-03-30 14:35:23.961000,1.21808,1.218,2060000,1340000
2022-03-30 14:35:24.601000,1.21807,1.21801,1880000,1340000
2022-03-30 14:35:25.447000,1.21806,1.218,1440000,2100000
2022-03-30 14:35:25.651000,1.21806,1.218,1880000,1340000
2022-03-30 14:35:25.702000,1.21804,1.21799,1200000,1500000
2022-03-30 14:35:25.804000,1.21804,1.21799,1200000,2100000
2022-03-30 14:35:25.957000,1.21805,1.21799,1340000,3540000
2022-03-30 14:35:27.948000,1.21805,1.21799,2520000,2100000
2022-03-30 14:35:28.050000,1.21805,1.21799,2340000,2100000
2022-03-30 14:35:28.608000,1.21805,1.21799,2520000,2100000
2022-03-30 14:35:28.709000,1.21805,1.21799,2340000,2540000
2022-03-30 14:35:29.155000,1.21801,1.21796,1200000,3020000
2022-03-30 14:35:29.257000,1.21801,1.21795,1200000,4040000
2022-03-30 14:35:29.359000,1.21805,1.218,1800000,1340000
2022-03-30 14:35:29.461000,1.21806,1.218,1880000,1340000
2022-03-30 14:35:29.563000,1.21805,1.21799,1200000,1800000
2022-03-30 14:35:30.284000,1.21805,1.21799,1200000,2840000
2022-03-30 14:35:31.316000,1.21807,1.218,1200000,4040000
2022-03-30 14:35:31.368000,1.21812,1.21806,1440000,1880000
2022-03-30 14:35:31.419000,1.21813,1.21809,1200000,1640000
2022-03-30 14:35:31.521000,1.21814,1.21809,1200000,1640000
2022-03-30 14:35:31.674000,1.21814,1.21808,1200000,1940000
2022-03-30 14:35:31.776000,1.21812,1.21807,1200000,1200000
2022-03-30 14:35:31.827000,1.21812,1.21806,1200000,2930000
2022-03-30 14:35:31.929000,1.21815,1.21809,2940000,1200000
2022-03-30 14:35:32.031000,1.21815,1.21809,1200000,1200000
2022-03-30 14:35:32.758000,1.21815,1.2181,1200000,1200000
2022-03-30 14:35:33.382000,1.21815,1.21809,1340000,1340000
2022-03-30 14:35:34.808000,1.21815,1.21809,1200000,1940000
2022-03-30 14:35:34.910000,1.21817,1.21812,1880000,1200000
2022-03-30 14:35:35.639000,1.21819,1.21815,1340000,1320000
2022-03-30 14:35:35.893000,1.21819,1.21814,1200000,1340000
2022-03-30 14:35:36.299000,1.21818,1.21813,1200000,1200000
2022-03-30 14:35:36.401000,1.21818,1.21812,1440000,1800000
2022-03-30 14:35:37.553000,1.21815,1.2181,1440000,1340000
2022-03-30 14:35:37.655000,1.21815,1.21809,2340000,1200000
2022-03-30 14:35:38.137000,1.21815,1.21809,1340000,1920000
2022-03-30 14:35:38.239000,1.21816,1.2181,1880000,1440000
2022-03-30 14:35:38.544000,1.21816,1.2181,2520000,1200000
2022-03-30 14:35:38.595000,1.21814,1.21808,1200000,2340000
2022-03-30 14:35:39.223000,1.21814,1.21809,1200000,2040000
2022-03-30 14:35:39.275000,1.21816,1.2181,1200000,2360000
2022-03-30 14:35:39.478000,1.21814,1.21808,1440000,2240000
2022-03-30 14:35:39.529000,1.21812,1.21808,2110000,1200000
2022-03-30 14:35:39.580000,1.21812,1.21806,1880000,1800000
2022-03-30 14:35:40.272000,1.21812,1.21806,2060000,1800000
2022-03-30 14:35:40.697000,1.21809,1.21805,1440000,1200000
2022-03-30 14:35:40.799000,1.21807,1.21804,1880000,1200000
2022-03-30 14:35:41.657000,1.21809,1.21806,2780000,1200000
2022-03-30 14:35:41.759000,1.21814,1.21807,2290000,1200000
2022-03-30 14:35:41.810000,1.21814,1.21807,1670000,1200000
2022-03-30 14:35:42.368000,1.21814,1.21808,1440000,1880000
2022-03-30 14:35:42.470000,1.21815,1.21809,1440000,1440000
2022-03-30 14:35:42.723000,1.21814,1.21809,1440000,1200000
2022-03-30 14:35:42.825000,1.21813,1.21808,1200000,1200000
2022-03-30 14:35:43.853000,1.21811,1.21806,1200000,2840000
2022-03-30 14:35:43.905000,1.21811,1.21805,1440000,1340000
2022-03-30 14:35:44.007000,1.2181,1.21804,1440000,1800000
2022-03-30 14:35:44.805000,1.21811,1.21805,2060000,1200000
2022-03-30 14:35:44.857000,1.21812,1.21806,1880000,1340000
2022-03-30 14:35:44.959000,1.21813,1.21807,2110000,1320000
2022-03-30 14:35:46.744000,1.21816,1.2181,4580000,1880000
2022-03-30 14:35:47.113000,1.21815,1.21808,1200000,2240000
2022-03-30 14:35:47.215000,1.21814,1.21808,1440000,1340000
2022-03-30 14:35:47.585000,1.21814,1.21809,1200000,1320000
2022-03-30 14:35:47.799000,1.21816,1.2181,3240000,1320000
2022-03-30 14:35:48.418000,1.21819,1.21812,1220000,1320000
2022-03-30 14:35:48.469000,1.21819,1.21813,1500000,1920000
2022-03-30 14:35:48.897000,1.21824,1.21818,1880000,2480000
2022-03-30 14:35:49.050000,1.21823,1.21815,1440000,3300000
2022-03-30 14:35:49.152000,1.21822,1.21816,1440000,1340000
2022-03-30 14:35:50.170000,1.21824,1.21818,5040000,1670000
2022-03-30 14:35:51.142000,1.21824,1.21819,1880000,1200000
2022-03-30 14:35:51.244000,1.21825,1.2182,1880000,1200000
2022-03-30 14:35:51.346000,1.21826,1.21818,1880000,3240000
2022-03-30 14:35:51.921000,1.21825,1.2182,1340000,1440000
2022-03-30 14:35:52.328000,1.21828,1.21823,1200000,1440000
2022-03-30 14:35:52.430000,1.21828,1.21823,1200000,1440000
2022-03-30 14:35:52.684000,1.21827,1.21822,1320000,1340000
2022-03-30 14:35:52.786000,1.21824,1.21818,1200000,1800000
2022-03-30 14:35:52.837000,1.21824,1.21816,1880000,2030000
2022-03-30 14:35:53.300000,1.21824,1.21818,1340000,1440000
2022-03-30 14:35:54.208000,1.21823,1.21817,1200000,3010000
2022-03-30 14:35:54.311000,1.21824,1.21818,1800000,1880000
2022-03-30 14:35:55.260000,1.21824,1.21819,1200000,1200000
2022-03-30 14:35:56.834000,1.21828,1.21823,2170000,1200000
2022-03-30 14:35:56.936000,1.21828,1.21822,1200000,1880000
2022-03-30 14:35:58.474000,1.21829,1.21823,1800000,1670000
2022-03-30 14:35:58.627000,1.21829,1.21823,1340000,2110000
2022-03-30 14:35:59.776000,1.21832,1.21827,2630000,1200000
2022-03-30 14:35:59.878000,1.2183,1.21825,1200000,2040000
2022-03-30 14:35:59.980000,1.2183,1.21825,1200000,1440000
2022-03-30 14:36:00.487000,1.21829,1.21824,1200000,1200000
2022-03-30 14:36:00.842000,1.2183,1.21825,1800000,1200000
2022-03-30 14:36:01.288000,1.21833,1.2183,1200000,1200000
2022-03-30 14:36:01.339000,1.21836,1.21831,1200000,1200000
2022-03-30 14:36:01.543000,1.21838,1.21832,1340000,1440000
2022-03-30 14:36:01.798000,1.21839,1.21834,2400000,1800000
2022-03-30 14:36:01.900000,1.21843,1.21837,1200000,1670000
2022-03-30 14:36:02.002000,1.21845,1.21837,2110000,1200000
2022-03-30 14:36:02.255000,1.21845,1.21837,2270000,1200000
2022-03-30 14:36:02.719000,1.21845,1.2184,1200000,2110000
2022-03-30 14:36:02.821000,1.21846,1.2184,1200000,2110000
2022-03-30 14:36:02.923000,1.21846,1.2184,1200000,2290000
2022-03-30 14:36:03.491000,1.21848,1.21842,2720000,1440000
2022-03-30 14:36:03.706000,1.21847,1.21841,1320000,3470000
2022-03-30 14:36:05.566000,1.21848,1.21842,2720000,1440000
2022-03-30 14:36:05.770000,1.21847,1.21841,1200000,2340000
2022-03-30 14:36:05.973000,1.21848,1.21842,1820000,2340000
2022-03-30 14:36:07.171000,1.21851,1.21849,1200000,1500000
2022-03-30 14:36:07.222000,1.21856,1.21851,1800000,1200000
2022-03-30 14:36:07.324000,1.21857,1.21851,1200000,1880000
2022-03-30 14:36:07.426000,1.21857,1.21852,1200000,1200000
2022-03-30 14:36:07.528000,1.21858,1.21853,1200000,1880000
2022-03-30 14:36:07.782000,1.21858,1.21852,2930000,1320000
2022-03-30 14:36:08.036000,1.21858,1.21853,2030000,1440000
2022-03-30 14:36:08.484000,1.21859,1.21857,1200000,1200000
2022-03-30 14:36:08.535000,1.21864,1.21858,2700000,1440000
2022-03-30 14:36:08.586000,1.21864,1.21858,1500000,1880000
2022-03-30 14:36:08.688000,1.21864,1.21858,1500000,2040000
2022-03-30 14:36:09.145000,1.21864,1.21858,1200000,1440000
2022-03-30 14:36:09.247000,1.21859,1.21856,1200000,2940000
2022-03-30 14:36:09.299000,1.21858,1.21853,1800000,1440000
2022-03-30 14:36:09.451000,1.21858,1.21852,2030000,1880000
2022-03-30 14:36:09.756000,1.21857,1.21851,2040000,1800000
2022-03-30 14:36:09.858000,1.21856,1.21851,1340000,1200000
2022-03-30 14:36:10.010000,1.21857,1.21851,2340000,1200000
2022-03-30 14:36:10.315000,1.21856,1.21851,1200000,1200000
2022-03-30 14:36:10.417000,1.21851,1.21846,1200000,1340000
2022-03-30 14:36:10.519000,1.21845,1.21842,1200000,5940000
2022-03-30 14:36:10.621000,1.21846,1.21841,2170000,1200000
2022-03-30 14:36:10.723000,1.21848,1.21845,1800000,1200000
2022-03-30 14:36:10.825000,1.21849,1.21846,1320000,1200000
2022-03-30 14:36:11.079000,1.2185,1.21846,1200000,1200000
2022-03-30 14:36:11.333000,1.21846,1.21841,1340000,4500000
2022-03-30 14:36:11.435000,1.21846,1.2184,2240000,5940000
2022-03-30 14:36:11.638000,1.21845,1.2184,1200000,1200000
2022-03-30 14:36:11.740000,1.21844,1.21839,1200000,1200000
2022-03-30 14:36:11.842000,1.21845,1.21839,1880000,1200000
2022-03-30 14:36:12.402000,1.21844,1.21839,1500000,1200000
2022-03-30 14:36:12.504000,1.21844,1.21838,2100000,5940000
2022-03-30 14:36:12.656000,1.21841,1.21836,1800000,1800000
2022-03-30 14:36:12.758000,1.21841,1.21835,1880000,1340000
2022-03-30 14:36:12.860000,1.2184,1.21835,1200000,1200000
2022-03-30 14:36:14.556000,1.21837,1.21832,1210000,1200000
2022-03-30 14:36:14.658000,1.21837,1.21832,2180000,1200000
2022-03-30 14:36:14.760000,1.21837,1.21831,1210000,5940000
2022-03-30 14:36:15.014000,1.21839,1.21835,1200000,5940000
2022-03-30 14:36:15.065000,1.21841,1.21835,1200000,6170000
2022-03-30 14:36:15.167000,1.21842,1.21837,2030000,1200000
2022-03-30 14:36:15.269000,1.21844,1.21839,1200000,1200000
2022-03-30 14:36:15.564000,1.21845,1.21839,1200000,1200000
2022-03-30 14:36:15.716000,1.21845,1.2184,1200000,1200000
2022-03-30 14:36:17.635000,1.21847,1.21845,1340000,1200000
2022-03-30 14:36:17.737000,1.21848,1.21846,1200000,1200000
2022-03-30 14:36:20.420000,1.21848,1.21846,1500000,1200000
2022-03-30 14:36:20.714000,1.21848,1.21845,1200000,1200000
2022-03-30 14:36:20.816000,1.21847,1.21845,1200000,1200000
2022-03-30 14:36:22.871000,1.21848,1.21845,1440000,1200000
2022-03-30 14:36:22.973000,1.21848,1.21845,1740000,1200000
2022-03-30 14:36:23.802000,1.21848,1.21845,1500000,1200000
2022-03-30 14:36:23.904000,1.21849,1.21846,1340000,1200000
2022-03-30 14:36:24.006000,1.2185,1.21846,1670000,1200000
2022-03-30 14:36:24.108000,1.21849,1.21846,1200000,1200000
2022-03-30 14:36:24.908000,1.21847,1.21845,1500000,1200000
2022-03-30 14:36:25.213000,1.21845,1.21839,1500000,2840000
2022-03-30 14:36:25.315000,1.21845,1.21839,1500000,1200000
2022-03-30 14:36:25.366000,1.21843,1.21838,1200000,1800000
2022-03-30 14:36:25.468000,1.21841,1.21837,1740000,3600000
2022-03-30 14:36:25.570000,1.21841,1.21837,1880000,3600000
2022-03-30 14:36:25.672000,1.21837,1.2183,2040000,1200000
2022-03-30 14:36:25.774000,1.21833,1.21827,1800000,2160000
2022-03-30 14:36:25.876000,1.21831,1.21826,1500000,1200000
2022-03-30 14:36:25.978000,1.2183,1.21826,1200000,1200000
2022-03-30 14:36:26.030000,1.21832,1.21826,1440000,1800000
2022-03-30 14:36:26.131000,1.21833,1.21827,1880000,1200000
2022-03-30 14:36:26.233000,1.21829,1.21824,1200000,1800000
2022-03-30 14:36:27.296000,1.2183,1.21825,1200000,1200000
2022-03-30 14:36:27.398000,1.21832,1.21827,1440000,1200000
2022-03-30 14:36:27.449000,1.21834,1.21828,1880000,1200000
2022-03-30 14:36:27.551000,1.21835,1.21829,2060000,1200000
2022-03-30 14:36:28.844000,1.21834,1.21828,1920000,1340000
2022-03-30 14:36:28.946000,1.2183,1.21826,1200000,1800000
2022-03-30 14:36:28.998000,1.2183,1.21824,1200000,1340000
2022-03-30 14:36:29.100000,1.21832,1.21826,2640000,1200000
2022-03-30 14:36:29.202000,1.21832,1.21826,1440000,1200000
2022-03-30 14:36:29.506000,1.21831,1.21825,1440000,1200000
2022-03-30 14:36:29.608000,1.21829,1.21824,1200000,1200000
2022-03-30 14:36:30.496000,1.21827,1.21821,1200000,2170000
2022-03-30 14:36:30.547000,1.21827,1.21821,1440000,1570000
2022-03-30 14:36:33.154000,1.21827,1.21821,2640000,1200000
2022-03-30 14:36:33.509000,1.21827,1.21819,1500000,1340000
2022-03-30 14:36:33.611000,1.21825,1.21819,1500000,3740000
2022-03-30 14:36:34.176000,1.21822,1.21819,2100000,2240000
2022-03-30 14:36:34.278000,1.21821,1.21816,1200000,1340000
2022-03-30 14:36:34.481000,1.21822,1.21817,1200000,1440000
2022-03-30 14:36:34.583000,1.21823,1.21817,1200000,1880000
2022-03-30 14:36:35.532000,1.21823,1.21817,1200000,2040000
2022-03-30 14:36:36.173000,1.21821,1.21816,1500000,2240000
2022-03-30 14:36:36.478000,1.21821,1.21815,1670000,1200000
2022-03-30 14:36:37.119000,1.21822,1.21816,1200000,2520000
2022-03-30 14:36:37.221000,1.21824,1.21818,1440000,1320000
2022-03-30 14:36:37.323000,1.21824,1.21818,1440000,1920000
2022-03-30 14:36:38.295000,1.21825,1.21818,1200000,1800000
2022-03-30 14:36:38.448000,1.21824,1.21818,1200000,1940000
2022-03-30 14:36:40.866000,1.21826,1.2182,1200000,2060000
2022-03-30 14:36:41.413000,1.21826,1.2182,1200000,2750000
2022-03-30 14:36:41.822000,1.21825,1.2182,1200000,1800000
2022-03-30 14:36:41.924000,1.21826,1.2182,1200000,2480000
2022-03-30 14:36:42.178000,1.21822,1.21819,1200000,3740000
2022-03-30 14:36:42.280000,1.21824,1.21818,1340000,1940000
2022-03-30 14:36:42.534000,1.21825,1.21819,1880000,1800000
2022-03-30 14:36:42.705000,1.21825,1.21819,2340000,1340000
2022-03-30 14:36:42.807000,1.21824,1.21818,1200000,1940000
2022-03-30 14:36:46.232000,1.21827,1.21822,1200000,2100000
2022-03-30 14:36:46.334000,1.21829,1.21823,1440000,1940000
2022-03-30 14:36:47.623000,1.21829,1.21823,2640000,2400000
2022-03-30 14:36:47.826000,1.21827,1.21822,1200000,1320000
2022-03-30 14:36:47.878000,1.21826,1.2182,1200000,3380000
2022-03-30 14:36:48.666000,1.21831,1.21822,1340000,9680000
2022-03-30 14:36:48.717000,1.21843,1.2184,1500000,2570000
2022-03-30 14:36:48.768000,1.21853,1.21851,1200000,1200000
2022-03-30 14:36:48.870000,1.21848,1.21844,1200000,1800000
2022-03-30 14:36:48.972000,1.21849,1.21843,1340000,1940000
2022-03-30 14:36:49.269000,1.21852,1.21848,1200000,1200000
2022-03-30 14:36:49.371000,1.21856,1.2185,1200000,3300000
2022-03-30 14:36:49.574000,1.21854,1.2185,1200000,1200000
2022-03-30 14:36:49.676000,1.21854,1.21849,1200000,1800000
2022-03-30 14:36:50.524000,1.21853,1.21848,1200000,2700000
2022-03-30 14:36:52.155000,1.21854,1.21848,1200000,3140000
2022-03-30 14:36:53.479000,1.21854,1.21848,1200000,3720000
2022-03-30 14:36:53.888000,1.21852,1.21847,1200000,1440000
2022-03-30 14:36:54.345000,1.21852,1.21846,1200000,7540000
2022-03-30 14:36:54.447000,1.21854,1.21849,1200000,1800000
