time,ask,bid,ask_volume,bid_volume
2018-01-03 14:55:03.008000,1.12218,1.12215,2620000,2060000
2018-01-03 14:55:03.061000,1.12217,1.12213,4720000,2440000
2018-01-03 14:55:03.273000,1.12217,1.12214,1370000,2890000
2018-01-03 14:55:03.824000,1.12217,1.12215,1000000,1310000
2018-01-03 14:55:05.482000,1.12217,1.12214,2870000,5440000
2018-01-03 14:55:05.679000,1.12217,1.12215,1000000,1000000
2018-01-03 14:55:06.208000,1.12218,1.12215,1120000,1000000
2018-01-03 14:55:06.774000,1.12218,1.12216,1120000,2620000
2018-01-03 14:55:06.827000,1.12223,1.12221,1000000,1250000
2018-01-03 14:55:07.350000,1.12224,1.12221,1000000,1690000
2018-01-03 14:55:07.858000,1.12224,1.12221,1000000,2890000
2018-01-03 14:55:08.969000,1.12225,1.12222,1000000,2140000
2018-01-03 14:55:26.117000,1.12227,1.12226,1120000,1120000
2018-01-03 14:55:26.183000,1.12228,1.12225,1000000,2320000
2018-01-03 14:55:26.706000,1.12228,1.12224,2690000,2320000
2018-01-03 14:55:26.989000,1.12228,1.12223,10760000,2700000
2018-01-03 14:55:28.260000,1.12228,1.12223,18260000,1570000
2018-01-03 14:55:32.957000,1.12227,1.12224,1120000,1120000
2018-01-03 14:55:33.473000,1.12227,1.12224,1120000,1200000
2018-01-03 14:55:34.012000,1.12227,1.12224,3620000,1570000
2018-01-03 14:55:34.756000,1.12227,1.12225,2250000,1500000
2018-01-03 14:55:35.299000,1.12227,1.12224,2620000,1500000
2018-01-03 14:55:40.018000,1.12228,1.12225,4310000,1000000
2018-01-03 14:55:40.175000,1.12227,1.12223,1870000,4010000
2018-01-03 14:55:42.045000,1.12226,1.12222,3940000,3450000
2018-01-03 14:55:44.018000,1.12226,1.12222,5690000,1570000
2018-01-03 14:55:44.227000,1.12224,1.12221,3190000,1120000
2018-01-03 14:55:46.934000,1.12224,1.1222,6810000,3450000
2018-01-03 14:55:46.987000,1.12224,1.1222,10350000,1200000
2018-01-03 14:55:47.491000,1.12224,1.1222,6070000,3190000
2018-01-03 14:55:47.649000,1.12224,1.1222,3370000,3640000
2018-01-03 14:55:48.172000,1.12224,1.1222,4000000,3640000
2018-01-03 14:55:48.686000,1.12224,1.1222,3750000,3640000
2018-01-03 14:55:49.075000,1.12224,1.12221,3750000,1120000
2018-01-03 14:55:49.617000,1.12224,1.12221,4000000,1120000
2018-01-03 14:55:50.141000,1.12224,1.12222,1000000,1000000
2018-01-03 14:55:51.548000,1.12225,1.12222,2060000,1000000
2018-01-03 14:55:54.627000,1.12228,1.12226,3070000,2120000
2018-01-03 14:55:54.689000,1.12231,1.12228,3640000,1500000
2018-01-03 14:55:55.198000,1.12232,1.12229,1120000,3450000
2018-01-03 14:55:55.511000,1.12232,1.1223,2620000,3000000
2018-01-03 14:55:56.196000,1.12232,1.1223,1000000,1120000
2018-01-03 14:55:59.172000,1.12232,1.12229,3370000,2890000
2018-01-03 14:56:00.079000,1.12232,1.12229,1370000,2700000
2018-01-03 14:56:01.359000,1.12232,1.12229,1870000,3450000
2018-01-03 14:56:01.909000,1.12232,1.12229,1370000,3370000
2018-01-03 14:56:02.585000,1.12232,1.12229,2440000,1200000
2018-01-03 14:56:04.566000,1.12232,1.12228,6490000,1950000
2018-01-03 14:56:05.114000,1.12232,1.12228,6190000,1950000
2018-01-03 14:56:05.689000,1.1223,1.12226,4500000,5510000
2018-01-03 14:56:06.215000,1.12231,1.12228,2440000,1500000
2018-01-03 14:56:08.224000,1.12231,1.12229,2060000,1000000
2018-01-03 14:56:09.942000,1.12232,1.12229,2060000,3450000
2018-01-03 14:56:10.684000,1.12233,1.12229,3190000,3450000
2018-01-03 14:56:20.039000,1.12233,1.1223,4870000,1000000
2018-01-03 14:56:25.973000,1.12234,1.12232,1200000,1500000
2018-01-03 14:56:26.137000,1.12234,1.12233,1250000,1000000
2018-01-03 14:56:26.241000,1.12237,1.12235,1390000,1000000
2018-01-03 14:56:26.763000,1.12238,1.12235,2060000,1500000
2018-01-03 14:56:26.989000,1.12241,1.12238,1690000,3000000
2018-01-03 14:56:27.503000,1.12242,1.12239,2250000,2290000
2018-01-03 14:56:28.042000,1.12243,1.12239,1370000,5550000
2018-01-03 14:56:28.561000,1.12243,1.12239,2060000,3490000
2018-01-03 14:56:29.913000,1.12243,1.12239,4680000,3490000
2018-01-03 14:56:30.117000,1.12242,1.12238,1120000,4010000
2018-01-03 14:56:30.704000,1.12242,1.12238,3180000,1200000
2018-01-03 14:56:31.310000,1.12242,1.12238,2810000,1100000
2018-01-03 14:56:32.171000,1.12242,1.12238,2060000,1100000
2018-01-03 14:56:32.747000,1.12242,1.12238,2810000,1100000
2018-01-03 14:56:35.042000,1.12242,1.12238,1310000,2320000
2018-01-03 14:56:36.702000,1.12242,1.12239,1500000,2660000
2018-01-03 14:56:37.990000,1.12242,1.12239,3060000,1540000
2018-01-03 14:56:40.304000,1.1224,1.12238,2620000,1000000
2018-01-03 14:56:40.357000,1.1224,1.12237,12040000,1570000
2018-01-03 14:56:40.410000,1.12237,1.12234,1120000,5510000
2018-01-03 14:56:40.691000,1.12233,1.12229,3370000,2060000
2018-01-03 14:56:41.209000,1.12233,1.12229,4390000,1120000
2018-01-03 14:56:42.311000,1.12232,1.12228,1310000,1570000
2018-01-03 14:56:42.829000,1.12232,1.12229,3640000,1000000
2018-01-03 14:56:43.411000,1.12232,1.12229,1120000,3940000
2018-01-03 14:56:43.463000,1.12232,1.12229,1870000,5510000
2018-01-03 14:56:44.059000,1.12232,1.12229,2120000,5510000
2018-01-03 14:56:45.936000,1.12232,1.1223,1500000,1120000
2018-01-03 14:56:48.235000,1.12232,1.1223,1500000,1500000
2018-01-03 14:56:49.613000,1.12235,1.12232,2140000,1120000
2018-01-03 14:56:49.665000,1.12235,1.12231,1760000,7390000
2018-01-03 14:56:50.210000,1.12235,1.12233,1000000,3110000
2018-01-03 14:56:53.439000,1.12236,1.12233,2060000,2290000
2018-01-03 14:56:55.937000,1.12236,1.12233,1000000,2660000
2018-01-03 14:56:56.482000,1.12236,1.12232,2880000,1000000
2018-01-03 14:56:57.227000,1.12234,1.12231,1690000,1100000
2018-01-03 14:56:57.550000,1.12235,1.12233,1370000,2620000
2018-01-03 14:56:57.706000,1.12236,1.12233,1120000,2740000
2018-01-03 14:56:58.935000,1.12237,1.12234,1370000,3940000
2018-01-03 14:56:59.510000,1.12237,1.12234,1120000,3560000
2018-01-03 14:57:01.140000,1.12237,1.12235,1000000,6300000
2018-01-03 14:57:01.669000,1.12238,1.12235,1500000,4500000
2018-01-03 14:57:02.210000,1.12238,1.12235,1370000,3750000
2018-01-03 14:57:02.717000,1.12238,1.12235,1120000,2620000
2018-01-03 14:57:03.556000,1.12238,1.12235,1370000,2620000
2018-01-03 14:57:20.346000,1.12238,1.12236,1950000,1370000
2018-01-03 14:57:20.858000,1.12238,1.12236,1950000,1370000
2018-01-03 14:57:34.630000,1.12239,1.12238,3000000,1120000
2018-01-03 14:57:34.684000,1.12242,1.1224,1390000,1000000
2018-01-03 14:57:34.895000,1.12243,1.1224,3260000,1370000
2018-01-03 14:57:35.442000,1.12243,1.1224,4380000,1370000
2018-01-03 14:57:35.991000,1.12242,1.1224,1200000,1000000
2018-01-03 14:57:38.262000,1.12242,1.12238,18820000,2440000
2018-01-03 14:57:38.780000,1.12241,1.12239,3260000,1000000
2018-01-03 14:57:44.465000,1.12241,1.12238,5570000,1310000
2018-01-03 14:57:44.966000,1.12241,1.12239,7100000,1000000
2018-01-03 14:57:45.122000,1.1224,1.12236,2320000,1560000
2018-01-03 14:57:45.546000,1.12237,1.12235,9750000,1120000
2018-01-03 14:57:46.097000,1.12237,1.12235,4010000,2250000
2018-01-03 14:57:46.785000,1.12237,1.12234,19760000,1370000
2018-01-03 14:57:47.308000,1.12237,1.12233,4760000,3000000
2018-01-03 14:57:47.989000,1.12237,1.12233,5890000,2250000
2018-01-03 14:57:49.063000,1.12237,1.12234,7010000,1370000
2018-01-03 14:58:00.207000,1.12237,1.12233,11130000,1870000
2018-01-03 14:58:00.875000,1.12237,1.12234,9260000,1370000
2018-01-03 14:58:02.355000,1.12237,1.12233,10380000,1870000
2018-01-03 14:58:07.112000,1.12237,1.12234,9260000,1120000
2018-01-03 14:58:07.655000,1.12237,1.12233,8880000,2250000
2018-01-03 14:58:08.167000,1.12237,1.12234,6630000,1120000
2018-01-03 14:58:08.719000,1.12237,1.12235,2700000,1870000
2018-01-03 14:58:08.821000,1.1224,1.12239,1000000,1500000
2018-01-03 14:58:08.977000,1.1224,1.12237,1760000,3000000
2018-01-03 14:58:09.237000,1.12239,1.12235,4950000,1500000
2018-01-03 14:58:09.778000,1.12239,1.12235,10380000,1870000
2018-01-03 14:58:10.317000,1.12239,1.12235,8880000,1870000
2018-01-03 14:58:10.642000,1.12239,1.12238,1250000,3000000
2018-01-03 14:58:11.180000,1.12239,1.12238,1690000,1000000
2018-01-03 14:58:11.689000,1.12239,1.12237,1760000,1120000
2018-01-03 14:58:16.471000,1.12239,1.12237,3140000,1000000
2018-01-03 14:58:17.172000,1.12239,1.12236,3140000,2250000
2018-01-03 14:58:18.124000,1.12239,1.12236,1950000,2250000
2018-01-03 14:58:20.908000,1.1224,1.12237,8140000,1000000
2018-01-03 14:58:21.437000,1.12239,1.12235,2810000,3370000
2018-01-03 14:58:22.010000,1.12239,1.12237,1690000,1120000
2018-01-03 14:58:24.157000,1.12239,1.12237,2890000,1120000
2018-01-03 14:58:24.686000,1.12239,1.12236,5890000,1000000
2018-01-03 14:58:25.689000,1.12239,1.12235,7390000,2620000
2018-01-03 14:58:31.457000,1.12239,1.12236,5510000,1500000
2018-01-03 14:58:31.931000,1.12238,1.12234,3190000,3000000
2018-01-03 14:58:32.506000,1.12238,1.12234,7390000,1870000
2018-01-03 14:58:35.322000,1.12237,1.12233,2620000,3750000
2018-01-03 14:58:35.948000,1.12237,1.12233,4190000,3750000
2018-01-03 14:58:36.464000,1.12236,1.12233,1120000,1500000
2018-01-03 14:58:37.164000,1.12236,1.12232,3070000,5250000
2018-01-03 14:58:37.863000,1.12236,1.12233,2700000,5620000
2018-01-03 14:58:38.380000,1.12236,1.12233,2700000,4500000
2018-01-03 14:58:41.017000,1.12236,1.12233,2700000,8250000
2018-01-03 14:58:41.529000,1.12236,1.12233,2700000,7500000
2018-01-03 14:58:44.890000,1.12236,1.12234,2700000,1500000
2018-01-03 14:58:51.058000,1.12236,1.12234,1500000,1120000
2018-01-03 14:58:53.924000,1.12236,1.12234,1000000,1120000
2018-01-03 14:58:56.534000,1.12236,1.12233,4070000,1120000
2018-01-03 14:59:00.541000,1.12236,1.12233,2700000,1120000
2018-01-03 14:59:02.133000,1.12236,1.12233,5700000,1000000
2018-01-03 14:59:02.185000,1.12236,1.12231,10800000,1200000
2018-01-03 14:59:02.241000,1.12234,1.1223,2620000,2320000
2018-01-03 14:59:02.848000,1.12234,1.12229,11920000,1950000
2018-01-03 14:59:03.164000,1.12231,1.12227,1120000,1200000
2018-01-03 14:59:07.801000,1.12231,1.12227,5420000,1500000
2018-01-03 14:59:09.130000,1.1223,1.12226,2620000,3820000
2018-01-03 14:59:10.134000,1.12229,1.12226,3370000,1500000
2018-01-03 14:59:10.652000,1.12229,1.12225,9440000,1000000
2018-01-03 14:59:11.156000,1.12229,1.12226,4850000,1870000
2018-01-03 14:59:11.625000,1.12231,1.1223,9370000,1120000
2018-01-03 14:59:11.731000,1.12232,1.12229,1100000,1500000
2018-01-03 14:59:12.291000,1.12232,1.12229,1100000,1870000
2018-01-03 14:59:12.343000,1.12232,1.12229,1000000,1120000
2018-01-03 14:59:12.396000,1.12232,1.12229,3070000,1000000
2018-01-03 14:59:12.919000,1.12232,1.12228,2870000,3450000
2018-01-03 14:59:16.029000,1.12232,1.12229,2620000,2620000
2018-01-03 14:59:18.120000,1.12232,1.12229,1000000,1500000
2018-01-03 14:59:18.643000,1.12233,1.1223,1120000,1870000
2018-01-03 14:59:21.192000,1.12233,1.1223,2620000,3370000
2018-01-03 14:59:21.297000,1.12235,1.12232,1950000,2250000
2018-01-03 14:59:21.799000,1.12234,1.12229,5550000,3820000
2018-01-03 14:59:22.472000,1.12234,1.1223,6070000,1000000
2018-01-03 14:59:23.003000,1.12233,1.12229,1950000,2250000
2018-01-03 14:59:23.107000,1.12234,1.12231,4950000,1120000
2018-01-03 14:59:23.629000,1.12234,1.12232,1000000,1000000
2018-01-03 14:59:25.064000,1.12235,1.12232,3000000,1000000
2018-01-03 14:59:25.805000,1.12235,1.12232,2250000,1500000
2018-01-03 14:59:26.377000,1.12236,1.12233,1500000,2250000
2018-01-03 14:59:26.914000,1.12237,1.12233,1870000,1950000
2018-01-03 14:59:28.386000,1.12238,1.12234,8550000,1000000
2018-01-03 14:59:28.913000,1.12238,1.12235,7200000,1000000
2018-01-03 14:59:29.830000,1.12238,1.12236,2250000,1000000
2018-01-03 14:59:29.883000,1.1224,1.12237,3000000,1000000
2018-01-03 14:59:30.771000,1.12241,1.12238,1870000,1000000
2018-01-03 14:59:31.088000,1.12243,1.1224,2620000,1000000
2018-01-03 14:59:31.653000,1.12243,1.12241,1000000,1000000
2018-01-03 14:59:32.226000,1.12244,1.12241,1870000,1000000
2018-01-03 14:59:33.627000,1.12245,1.12241,4870000,1000000
2018-01-03 14:59:34.849000,1.12245,1.12241,5120000,1000000
2018-01-03 14:59:34.953000,1.12245,1.12241,4870000,1000000
2018-01-03 14:59:35.484000,1.12245,1.12241,4750000,1000000
2018-01-03 14:59:40.829000,1.12245,1.12241,6250000,1000000
2018-01-03 14:59:40.887000,1.12241,1.12236,1870000,1000000
2018-01-03 14:59:41.407000,1.1224,1.12236,1910000,1000000
2018-01-03 14:59:43.283000,1.1224,1.12235,4410000,1000000
2018-01-03 14:59:43.594000,1.12239,1.12233,1870000,1570000
2018-01-03 14:59:45.110000,1.12239,1.12233,2950000,1000000
2018-01-03 14:59:45.655000,1.12237,1.12232,1200000,1000000
2018-01-03 14:59:45.881000,1.12238,1.12236,1950000,1000000
2018-01-03 14:59:45.937000,1.12238,1.12234,1000000,1000000
2018-01-03 14:59:46.450000,1.12238,1.12233,1000000,1000000
2018-01-03 14:59:46.606000,1.12238,1.12231,2570000,1750000
2018-01-03 14:59:47.236000,1.12238,1.12234,2570000,1000000
2018-01-03 14:59:47.738000,1.12237,1.12233,1120000,1120000
2018-01-03 14:59:48.048000,1.12237,1.12233,4500000,1000000
2018-01-03 14:59:48.903000,1.12236,1.12231,1500000,1500000
2018-01-03 14:59:50.085000,1.12236,1.12231,3250000,1000000
2018-01-03 14:59:50.138000,1.12236,1.12231,1500000,1000000
2018-01-03 14:59:50.574000,1.12236,1.12229,1000000,1500000
2018-01-03 14:59:50.628000,1.12235,1.12228,1990000,1000000
2018-01-03 14:59:50.930000,1.12235,1.12231,1000000,1000000
2018-01-03 14:59:51.354000,1.12238,1.1223,2700000,1000000
2018-01-03 14:59:51.870000,1.12238,1.1223,2700000,1000000
2018-01-03 14:59:52.420000,1.12238,1.12231,2700000,1000000
2018-01-03 14:59:52.966000,1.12238,1.12231,2700000,1000000
2018-01-03 14:59:53.614000,1.12238,1.12231,2970000,1000000
2018-01-03 14:59:54.136000,1.12238,1.12231,2700000,1000000
2018-01-03 14:59:55.067000,1.12238,1.1223,2950000,1500000
2018-01-03 14:59:55.670000,1.12238,1.12229,2950000,2250000
2018-01-03 14:59:56.181000,1.12238,1.1223,2950000,1000000
2018-01-03 14:59:57.315000,1.12238,1.12229,2970000,1500000
2018-01-03 14:59:59.807000,1.12238,1.12229,2700000,1500000
2018-01-03 14:59:59.859000,1.12237,1.12229,1200000,1000000
2018-01-03 14:59:59.912000,1.12235,1.12225,1870000,1000000
2018-01-03 15:00:00.074000,1.12235,1.1223,1000000,4500000
2018-01-03 15:00:00.129000,1.12292,1.12285,1000000,1000000
2018-01-03 15:00:00.189000,1.12314,1.12304,3750000,1500000
2018-01-03 15:00:00.377000,1.12312,1.12309,1120000,1000000
2018-01-03 15:00:00.457000,1.12319,1.12315,1870000,1750000
2018-01-03 15:00:00.521000,1.12332,1.12324,1000000,1000000
2018-01-03 15:00:00.975000,1.12331,1.12324,1000000,1000000
2018-01-03 15:00:01.215000,1.12327,1.12311,1500000,1000000
2018-01-03 15:00:01.485000,1.12326,1.12317,1200000,1000000
2018-01-03 15:00:01.707000,1.12326,1.12318,1200000,1000000
2018-01-03 15:00:01.905000,1.12326,1.1232,1200000,1000000
2018-01-03 15:00:02.111000,1.1233,1.12319,1570000,1000000
2018-01-03 15:00:02.163000,1.1233,1.12317,1200000,1500000
2018-01-03 15:00:02.215000,1.12333,1.12317,2700000,2250000
2018-01-03 15:00:02.479000,1.12327,1.12313,2620000,2250000
2018-01-03 15:00:02.532000,1.12327,1.12313,4190000,1000000
2018-01-03 15:00:03.019000,1.12314,1.12311,1200000,1000000
2018-01-03 15:00:03.076000,1.12314,1.12302,4950000,1500000
2018-01-03 15:00:03.288000,1.12314,1.12311,1000000,1000000
2018-01-03 15:00:03.455000,1.12331,1.12322,1000000,1000000
2018-01-03 15:00:03.510000,1.12341,1.12329,1200000,1000000
2018-01-03 15:00:03.720000,1.12342,1.12331,1710000,1000000
2018-01-03 15:00:03.828000,1.12341,1.12328,1120000,3070000
2018-01-03 15:00:03.883000,1.12341,1.1233,1360000,1000000
2018-01-03 15:00:03.935000,1.1234,1.12328,1870000,1500000
2018-01-03 15:00:04.172000,1.12337,1.12325,1740000,1070000
2018-01-03 15:00:04.328000,1.12336,1.12321,2110000,1570000
2018-01-03 15:00:04.601000,1.12327,1.12321,1500000,1000000
2018-01-03 15:00:04.826000,1.12328,1.1232,1000000,2250000
2018-01-03 15:00:04.879000,1.12329,1.12325,1000000,1000000
2018-01-03 15:00:04.932000,1.12334,1.12325,1120000,1000000
2018-01-03 15:00:05.038000,1.12338,1.12326,1100000,2440000
2018-01-03 15:00:05.148000,1.12339,1.12324,1070000,1100000
2018-01-03 15:00:05.575000,1.12338,1.12324,1500000,1570000
2018-01-03 15:00:05.947000,1.12334,1.12321,3750000,1070000
2018-01-03 15:00:06.262000,1.12324,1.12312,2250000,1570000
2018-01-03 15:00:06.482000,1.12322,1.12309,2500000,1570000
2018-01-03 15:00:06.535000,1.12322,1.12309,5870000,1000000
2018-01-03 15:00:06.795000,1.1232,1.12307,3370000,4570000
2018-01-03 15:00:07.193000,1.12317,1.12306,1000000,1570000
2018-01-03 15:00:07.246000,1.12317,1.12306,1500000,1000000
2018-01-03 15:00:07.352000,1.12316,1.12301,3750000,3450000
2018-01-03 15:00:07.460000,1.12315,1.12303,1500000,1570000
2018-01-03 15:00:07.514000,1.12315,1.12303,1000000,1000000
2018-01-03 15:00:07.619000,1.12315,1.12305,2500000,1000000
2018-01-03 15:00:07.971000,1.12315,1.12303,3320000,1120000
2018-01-03 15:00:08.076000,1.12315,1.12303,2620000,1120000
2018-01-03 15:00:08.128000,1.12315,1.12305,1120000,1000000
2018-01-03 15:00:08.457000,1.12315,1.12305,4120000,1000000
2018-01-03 15:00:08.868000,1.12315,1.12305,1050000,1000000
2018-01-03 15:00:09.252000,1.12315,1.12311,1000000,1000000
2018-01-03 15:00:09.308000,1.12315,1.12307,1000000,1000000
2018-01-03 15:00:09.363000,1.12314,1.12303,1570000,1000000
2018-01-03 15:00:09.692000,1.12318,1.12315,2250000,1000000
2018-01-03 15:00:10.069000,1.12319,1.12314,1950000,1000000
2018-01-03 15:00:10.598000,1.12319,1.12313,4570000,1000000
2018-01-03 15:00:11.091000,1.12321,1.12317,1120000,1000000
2018-01-03 15:00:11.149000,1.12321,1.12319,1000000,1000000
2018-01-03 15:00:11.258000,1.12325,1.1232,1370000,1500000
2018-01-03 15:00:11.311000,1.12326,1.12323,1310000,1000000
2018-01-03 15:00:11.366000,1.12327,1.12324,1570000,1000000
2018-01-03 15:00:11.567000,1.1233,1.12325,4310000,1000000
2018-01-03 15:00:12.248000,1.1233,1.12328,1500000,1000000
2018-01-03 15:00:12.318000,1.12334,1.12329,2140000,1000000
2018-01-03 15:00:12.370000,1.12334,1.12331,1010000,1000000
2018-01-03 15:00:12.476000,1.12337,1.12331,1390000,1870000
2018-01-03 15:00:12.529000,1.12338,1.12335,1100000,1000000
2018-01-03 15:00:12.586000,1.12341,1.12336,1010000,1000000
2018-01-03 15:00:12.789000,1.12343,1.12341,1500000,1500000
2018-01-03 15:00:12.842000,1.12345,1.12341,1000000,1000000
2018-01-03 15:00:12.928000,1.12343,1.1234,2250000,1000000
2018-01-03 15:00:12.981000,1.12343,1.12338,3440000,1000000
2018-01-03 15:00:13.529000,1.12343,1.12338,7760000,1000000
2018-01-03 15:00:13.587000,1.12343,1.12335,6630000,1500000
2018-01-03 15:00:13.692000,1.12343,1.12338,4310000,1000000
2018-01-03 15:00:14.230000,1.12343,1.12337,5130000,1500000
2018-01-03 15:00:14.535000,1.12345,1.12339,2770000,1120000
2018-01-03 15:00:14.606000,1.12346,1.1234,1620000,2620000
2018-01-03 15:00:14.659000,1.12347,1.12341,3560000,1500000
2018-01-03 15:00:14.740000,1.12351,1.12347,1660000,1000000
2018-01-03 15:00:14.913000,1.12351,1.12345,2510000,1120000
2018-01-03 15:00:15.279000,1.12352,1.12348,3190000,1000000
2018-01-03 15:00:15.384000,1.12354,1.12349,2440000,1120000
2018-01-03 15:00:15.440000,1.12354,1.12351,1310000,1000000
2018-01-03 15:00:15.777000,1.1236,1.12356,1000000,2250000
2018-01-03 15:00:15.830000,1.1236,1.12354,1500000,1870000
2018-01-03 15:00:15.885000,1.12359,1.12353,2440000,1870000
2018-01-03 15:00:16.224000,1.12359,1.12356,1280000,1500000
2018-01-03 15:00:16.383000,1.12358,1.12351,3980000,1870000
2018-01-03 15:00:16.442000,1.12356,1.12349,3820000,5250000
2018-01-03 15:00:16.498000,1.12354,1.12349,1570000,1220000
2018-01-03 15:00:16.837000,1.12353,1.12348,1690000,2620000
2018-01-03 15:00:16.891000,1.1235,1.12344,2140000,1370000
2018-01-03 15:00:17.226000,1.12353,1.1235,1570000,1000000
2018-01-03 15:00:17.556000,1.12356,1.12352,1440000,1120000
2018-01-03 15:00:17.610000,1.12357,1.12352,2890000,1120000
2018-01-03 15:00:18.140000,1.12356,1.12352,1200000,1500000
2018-01-03 15:00:18.674000,1.12356,1.12351,1190000,1870000
2018-01-03 15:00:18.833000,1.12355,1.1235,4500000,1000000
2018-01-03 15:00:19.285000,1.12354,1.12349,2250000,1500000
2018-01-03 15:00:19.880000,1.12354,1.12348,2690000,2620000
2018-01-03 15:00:20.249000,1.12354,1.12349,2440000,1120000
2018-01-03 15:00:20.574000,1.12349,1.12346,1160000,3000000
2018-01-03 15:00:20.633000,1.12347,1.12342,1120000,1370000
2018-01-03 15:00:21.264000,1.12346,1.1234,3190000,3450000
2018-01-03 15:00:21.323000,1.12345,1.12338,1690000,1870000
2018-01-03 15:00:21.428000,1.12345,1.12338,5060000,1000000
2018-01-03 15:00:21.832000,1.12337,1.12332,1120000,1470000
2018-01-03 15:00:22.149000,1.12337,1.12331,2680000,1950000
2018-01-03 15:00:22.416000,1.12337,1.12334,1310000,2250000
2018-01-03 15:00:22.784000,1.12336,1.12333,1690000,1000000
2018-01-03 15:00:22.839000,1.12336,1.12331,3190000,1370000
2018-01-03 15:00:22.891000,1.12335,1.12331,3000000,1000000
2018-01-03 15:00:23.431000,1.12332,1.12329,1500000,1120000
2018-01-03 15:00:23.817000,1.12326,1.12324,1500000,1000000
2018-01-03 15:00:24.335000,1.12326,1.12322,2740000,2250000
2018-01-03 15:00:24.996000,1.12326,1.12322,3440000,1500000
2018-01-03 15:00:25.105000,1.12326,1.12322,2430000,2250000
2018-01-03 15:00:25.523000,1.12331,1.12326,1500000,6000000
2018-01-03 15:00:25.632000,1.12331,1.12327,1000000,1370000
2018-01-03 15:00:25.898000,1.1233,1.12326,1690000,1870000
2018-01-03 15:00:26.007000,1.12329,1.12325,1870000,1570000
2018-01-03 15:00:26.282000,1.12329,1.12324,5810000,1000000
2018-01-03 15:00:26.806000,1.12329,1.12324,5060000,1370000
2018-01-03 15:00:27.239000,1.12328,1.12323,1500000,1000000
2018-01-03 15:00:27.760000,1.12328,1.12323,3560000,1500000
2018-01-03 15:00:28.609000,1.12328,1.12323,3120000,1370000
2018-01-03 15:00:29.138000,1.12328,1.12322,5810000,1500000
2018-01-03 15:00:29.606000,1.12324,1.1232,1500000,1000000
2018-01-03 15:00:29.658000,1.12324,1.12321,2000000,1000000
2018-01-03 15:00:29.866000,1.12323,1.12319,1690000,1370000
2018-01-03 15:00:29.974000,1.12322,1.12317,3370000,2250000
2018-01-03 15:00:30.350000,1.1232,1.12316,1200000,1120000
2018-01-03 15:00:31.304000,1.1232,1.12316,1540000,1200000
2018-01-03 15:00:31.830000,1.1232,1.12317,1160000,1000000
2018-01-03 15:00:32.249000,1.12319,1.12315,6370000,1100000
2018-01-03 15:00:32.473000,1.12317,1.12312,2620000,1500000
2018-01-03 15:00:32.632000,1.12318,1.12316,1100000,1500000
2018-01-03 15:00:32.685000,1.1232,1.12317,1250000,1500000
2018-01-03 15:00:32.893000,1.1232,1.12316,1000000,1500000
2018-01-03 15:00:33.225000,1.1232,1.12316,1240000,1500000
2018-01-03 15:00:33.641000,1.1232,1.12315,5510000,1120000
2018-01-03 15:00:33.989000,1.12318,1.12314,2700000,1120000
2018-01-03 15:00:34.049000,1.12318,1.12315,1390000,1120000
2018-01-03 15:00:34.568000,1.12319,1.12316,3070000,1000000
2018-01-03 15:00:34.760000,1.12321,1.12319,1870000,1950000
2018-01-03 15:00:34.919000,1.12325,1.1232,2700000,2060000
2018-01-03 15:00:35.224000,1.12326,1.12322,1850000,1870000
2018-01-03 15:00:35.435000,1.12334,1.12329,5320000,1120000
2018-01-03 15:00:35.898000,1.12332,1.12327,1950000,1570000
2018-01-03 15:00:36.469000,1.12332,1.12328,3750000,1200000
2018-01-03 15:00:36.988000,1.12333,1.12328,3260000,1950000
2018-01-03 15:00:37.528000,1.12334,1.12328,7570000,1950000
2018-01-03 15:00:37.952000,1.12332,1.12327,5060000,1870000
2018-01-03 15:00:38.254000,1.12329,1.12324,5250000,1370000
2018-01-03 15:00:38.639000,1.1233,1.12327,2620000,1950000
2018-01-03 15:00:38.850000,1.12334,1.1233,1200000,1500000
2018-01-03 15:00:38.954000,1.12336,1.12333,2700000,1120000
2018-01-03 15:00:39.059000,1.1234,1.12335,3260000,1500000
2018-01-03 15:00:39.239000,1.1234,1.12337,1200000,1500000
2018-01-03 15:00:39.398000,1.12342,1.12338,1120000,1950000
2018-01-03 15:00:39.716000,1.12344,1.1234,1010000,1870000
2018-01-03 15:00:40.059000,1.12342,1.12337,1200000,1390000
2018-01-03 15:00:40.221000,1.12342,1.12337,4390000,1370000
2018-01-03 15:00:40.388000,1.1234,1.12334,4120000,1950000
2018-01-03 15:00:40.603000,1.12338,1.12333,5810000,1500000
2018-01-03 15:00:40.811000,1.12338,1.12332,9070000,2250000
2018-01-03 15:00:41.176000,1.12335,1.12331,1120000,1570000
2018-01-03 15:00:41.503000,1.12334,1.12329,1390000,1690000
2018-01-03 15:00:42.244000,1.12328,1.12324,3750000,2250000
2018-01-03 15:00:42.669000,1.12328,1.12325,1500000,2060000
2018-01-03 15:00:43.188000,1.12328,1.12324,1390000,1500000
2018-01-03 15:00:43.738000,1.12328,1.12323,4190000,2700000
2018-01-03 15:00:44.108000,1.1233,1.12327,3260000,1120000
2018-01-03 15:00:44.422000,1.12332,1.12329,1100000,1620000
2018-01-03 15:00:44.812000,1.12334,1.1233,2320000,1500000
2018-01-03 15:00:45.492000,1.12335,1.12332,1070000,2620000
2018-01-03 15:00:45.546000,1.12337,1.12334,1690000,1000000
2018-01-03 15:00:45.910000,1.12338,1.12335,1000000,1870000
2018-01-03 15:00:46.463000,1.12338,1.12333,4950000,1200000
2018-01-03 15:00:46.726000,1.12336,1.12331,2510000,1200000
2018-01-03 15:00:46.832000,1.12336,1.12334,1390000,1500000
2018-01-03 15:00:47.109000,1.1234,1.12336,1390000,1370000
2018-01-03 15:00:47.684000,1.12343,1.12339,2890000,1370000
2018-01-03 15:00:47.738000,1.12343,1.12341,1500000,1000000
2018-01-03 15:00:47.792000,1.12343,1.12339,3820000,1120000
2018-01-03 15:00:48.310000,1.12342,1.12338,1570000,1250000
2018-01-03 15:00:48.641000,1.12346,1.12343,1500000,1100000
2018-01-03 15:00:48.694000,1.12346,1.12342,2500000,1760000
2018-01-03 15:00:48.801000,1.12343,1.1234,1870000,1000000
2018-01-03 15:00:49.010000,1.12344,1.12341,3000000,1250000
2018-01-03 15:00:49.344000,1.12342,1.12337,2250000,2700000
2018-01-03 15:00:49.451000,1.1234,1.12336,1570000,1500000
2018-01-03 15:00:49.507000,1.1234,1.12338,1200000,1000000
2018-01-03 15:00:49.926000,1.1234,1.12335,7570000,1500000
2018-01-03 15:00:50.346000,1.1234,1.12338,1870000,1870000
2018-01-03 15:00:50.603000,1.12342,1.12338,1120000,2140000
2018-01-03 15:00:50.764000,1.12341,1.12337,3190000,1500000
2018-01-03 15:00:51.034000,1.12336,1.12332,3000000,1100000
2018-01-03 15:00:51.163000,1.12335,1.12331,2620000,2250000
2018-01-03 15:00:51.216000,1.12334,1.12329,1310000,1370000
2018-01-03 15:00:52.099000,1.12333,1.12328,2140000,1850000
2018-01-03 15:00:52.969000,1.12333,1.12328,4760000,1000000
2018-01-03 15:00:54.581000,1.12333,1.12328,4760000,1100000
2018-01-03 15:00:55.163000,1.12332,1.12328,1690000,1100000
2018-01-03 15:00:55.302000,1.12325,1.12322,3750000,1000000
2018-01-03 15:00:55.358000,1.12325,1.12319,8130000,1200000
2018-01-03 15:00:55.619000,1.12325,1.12321,3560000,1470000
2018-01-03 15:00:55.833000,1.12325,1.12322,1310000,1000000
2018-01-03 15:00:56.483000,1.12325,1.12321,3060000,1570000
2018-01-03 15:00:56.712000,1.12324,1.1232,1950000,1000000
2018-01-03 15:00:56.818000,1.12324,1.12321,1250000,1100000
2018-01-03 15:00:57.379000,1.12324,1.12321,1310000,1000000
2018-01-03 15:00:57.542000,1.12324,1.12319,5210000,1200000
2018-01-03 15:00:58.071000,1.12325,1.12321,3640000,1000000
2018-01-03 15:00:58.386000,1.12328,1.12325,1290000,1000000
2018-01-03 15:00:58.439000,1.1233,1.12326,1250000,4950000
2018-01-03 15:00:58.978000,1.12331,1.12328,1310000,1100000
2018-01-03 15:00:59.737000,1.12331,1.12328,1840000,1200000
2018-01-03 15:01:00.143000,1.12329,1.12325,1950000,1000000
2018-01-03 15:01:00.300000,1.12327,1.12323,1120000,1200000
2018-01-03 15:01:00.861000,1.12327,1.12323,2370000,1200000
2018-01-03 15:01:02.101000,1.12327,1.12322,5140000,1100000
2018-01-03 15:01:02.432000,1.12324,1.1232,2620000,1570000
2018-01-03 15:01:02.952000,1.12323,1.12319,2250000,1100000
2018-01-03 15:01:03.465000,1.12323,1.12319,2440000,2320000
2018-01-03 15:01:03.993000,1.12324,1.12321,2060000,1950000
2018-01-03 15:01:04.411000,1.12324,1.12319,7760000,1650000
2018-01-03 15:01:04.804000,1.12323,1.12318,6370000,2400000
2018-01-03 15:01:05.322000,1.12322,1.12318,3000000,1720000
2018-01-03 15:01:05.680000,1.12322,1.12319,2060000,2100000
2018-01-03 15:01:06.431000,1.12322,1.12319,2440000,2020000
2018-01-03 15:01:06.977000,1.12323,1.12319,3560000,2470000
2018-01-03 15:01:07.526000,1.12323,1.1232,3630000,1000000
2018-01-03 15:01:08.013000,1.12323,1.12321,1250000,1370000
2018-01-03 15:01:08.603000,1.12323,1.1232,2060000,1500000
2018-01-03 15:01:08.969000,1.12326,1.12325,2510000,1870000
2018-01-03 15:01:09.280000,1.1233,1.12328,1000000,3750000
2018-01-03 15:01:09.332000,1.12332,1.12328,3450000,3940000
2018-01-03 15:01:10.750000,1.1233,1.12327,4500000,2700000
2018-01-03 15:01:10.979000,1.1233,1.12327,1250000,1120000
2018-01-03 15:01:11.345000,1.12331,1.12329,1010000,1000000
2018-01-03 15:01:11.855000,1.12333,1.1233,2510000,1000000
2018-01-03 15:01:12.614000,1.12333,1.12329,1690000,1950000
2018-01-03 15:01:13.131000,1.12333,1.12329,3510000,1870000
2018-01-03 15:01:13.455000,1.12325,1.12322,1200000,1000000
2018-01-03 15:01:13.765000,1.12325,1.1232,4010000,2590000
2018-01-03 15:01:14.165000,1.12325,1.12322,1390000,1000000
2018-01-03 15:01:15.511000,1.12326,1.12322,1250000,3450000
2018-01-03 15:01:15.929000,1.1233,1.12328,4870000,1000000
2018-01-03 15:01:16.136000,1.12332,1.12328,1200000,6040000
2018-01-03 15:01:16.655000,1.12333,1.12329,1950000,3190000
2018-01-03 15:01:18.347000,1.12333,1.12329,2320000,3190000
2018-01-03 15:01:18.453000,1.12334,1.12331,5440000,1500000
2018-01-03 15:01:18.747000,1.12338,1.12334,1320000,6000000
2018-01-03 15:01:18.874000,1.12339,1.12337,1200000,1720000
2018-01-03 15:01:19.191000,1.12341,1.12339,1100000,2250000
2018-01-03 15:01:19.525000,1.12341,1.12338,1950000,1250000
2018-01-03 15:01:19.945000,1.1234,1.12336,1570000,3190000
2018-01-03 15:01:21.220000,1.1234,1.12335,10310000,1120000
2018-01-03 15:01:21.958000,1.1234,1.12336,7080000,1000000
2018-01-03 15:01:22.408000,1.1234,1.12337,1100000,1000000
2018-01-03 15:01:22.461000,1.12339,1.12335,4390000,2620000
2018-01-03 15:01:23.145000,1.1234,1.12338,3150000,1000000
2018-01-03 15:01:23.199000,1.12341,1.12339,1000000,1000000
2018-01-03 15:01:23.910000,1.12342,1.12338,2140000,3370000
2018-01-03 15:01:23.962000,1.12342,1.1234,1100000,1000000
2018-01-03 15:01:24.016000,1.12342,1.12338,1100000,4120000
2018-01-03 15:01:24.434000,1.12342,1.1234,2890000,1000000
2018-01-03 15:01:24.692000,1.12342,1.12338,2510000,1120000
2018-01-03 15:01:25.110000,1.12342,1.12339,1390000,5250000
2018-01-03 15:01:25.632000,1.12342,1.12339,1390000,2660000
2018-01-03 15:01:26.159000,1.12343,1.12339,2890000,4870000
2018-01-03 15:01:26.641000,1.12342,1.12339,3110000,1160000
2018-01-03 15:01:26.835000,1.1234,1.12336,2060000,1070000
2018-01-03 15:01:26.887000,1.12339,1.12335,1870000,3750000
2018-01-03 15:01:27.198000,1.12337,1.12335,1120000,1000000
2018-01-03 15:01:27.302000,1.12337,1.12333,2820000,3790000
2018-01-03 15:01:29.188000,1.12337,1.12333,2880000,4910000
2018-01-03 15:01:29.292000,1.12338,1.12336,1200000,1000000
2018-01-03 15:01:29.345000,1.12339,1.12337,1000000,1000000
2018-01-03 15:01:29.856000,1.1234,1.12338,2100000,1100000
2018-01-03 15:01:30.014000,1.12339,1.12335,1310000,1570000
2018-01-03 15:01:30.067000,1.12339,1.12334,2430000,7010000
2018-01-03 15:01:31.039000,1.12338,1.12334,1120000,3450000
2018-01-03 15:01:31.150000,1.12339,1.12337,1250000,1000000
2018-01-03 15:01:31.322000,1.1234,1.12338,3410000,1000000
2018-01-03 15:01:31.380000,1.12343,1.12338,1610000,8510000
2018-01-03 15:01:31.435000,1.12343,1.12339,1500000,1050000
2018-01-03 15:01:31.987000,1.12343,1.12339,1120000,2170000
2018-01-03 15:01:33.044000,1.12343,1.12339,1120000,4010000
2018-01-03 15:01:33.566000,1.12344,1.1234,3190000,1570000
2018-01-03 15:01:33.619000,1.12344,1.12342,1500000,1500000
2018-01-03 15:01:34.151000,1.12345,1.12343,1000000,1120000
2018-01-03 15:01:34.691000,1.12345,1.12342,1000000,2700000
2018-01-03 15:01:35.086000,1.12345,1.1234,3450000,2290000
2018-01-03 15:01:36.278000,1.12345,1.1234,6640000,1350000
2018-01-03 15:01:36.593000,1.12345,1.12342,1000000,1120000
2018-01-03 15:01:37.564000,1.12346,1.12342,2510000,1500000
2018-01-03 15:01:37.974000,1.12344,1.1234,2060000,1570000
2018-01-03 15:01:38.084000,1.12341,1.12336,3450000,2700000
2018-01-03 15:01:38.595000,1.12339,1.12335,1120000,1390000
2018-01-03 15:01:39.548000,1.12339,1.12336,1690000,1000000
2018-01-03 15:01:40.191000,1.1234,1.12336,5140000,1500000
2018-01-03 15:01:40.401000,1.12342,1.1234,5810000,1120000
2018-01-03 15:01:40.687000,1.12345,1.12341,5140000,1000000
2018-01-03 15:01:41.008000,1.12346,1.12342,1200000,2620000
2018-01-03 15:01:41.534000,1.12347,1.12345,1500000,1000000
2018-01-03 15:01:42.132000,1.12348,1.12344,2440000,1100000
2018-01-03 15:01:42.655000,1.12348,1.12343,6450000,1120000
2018-01-03 15:01:43.172000,1.12348,1.12343,11730000,1200000
2018-01-03 15:01:44.567000,1.12348,1.12343,4950000,1950000
2018-01-03 15:01:44.883000,1.12343,1.12339,7200000,1000000
2018-01-03 15:01:45.414000,1.12342,1.12337,4720000,2620000
2018-01-03 15:01:45.468000,1.12341,1.12336,2510000,3820000
2018-01-03 15:01:46.112000,1.1234,1.12336,2620000,2620000
2018-01-03 15:01:46.428000,1.12339,1.12334,8100000,1500000
2018-01-03 15:01:47.130000,1.12338,1.12333,4310000,4500000
2018-01-03 15:01:47.675000,1.12338,1.12333,8140000,3370000
2018-01-03 15:01:48.037000,1.12338,1.12333,8140000,4500000
2018-01-03 15:01:48.570000,1.12339,1.12337,5100000,1000000
2018-01-03 15:01:48.835000,1.12341,1.12339,2620000,1120000
2018-01-03 15:01:48.995000,1.12343,1.12339,4200000,1690000
2018-01-03 15:01:49.504000,1.12343,1.12339,4200000,2060000
2018-01-03 15:01:50.161000,1.12343,1.1234,2320000,1000000
2018-01-03 15:01:50.765000,1.12343,1.1234,2320000,1370000
2018-01-03 15:01:51.547000,1.12343,1.1234,1570000,1000000
2018-01-03 15:01:52.438000,1.12343,1.12339,6890000,1120000
2018-01-03 15:01:52.942000,1.12343,1.1234,2320000,1620000
2018-01-03 15:01:53.152000,1.12346,1.12343,2890000,2250000
2018-01-03 15:01:53.476000,1.12346,1.12341,13760000,2620000
2018-01-03 15:01:53.585000,1.12344,1.12339,8510000,2700000
2018-01-03 15:01:53.743000,1.12344,1.12342,3750000,3370000
2018-01-03 15:01:54.253000,1.12344,1.12341,1120000,1000000
2018-01-03 15:01:54.881000,1.12344,1.1234,4570000,1090000
2018-01-03 15:01:55.411000,1.12342,1.12338,3750000,5660000
2018-01-03 15:01:55.518000,1.12341,1.12336,4310000,1310000
2018-01-03 15:01:56.019000,1.12339,1.12335,2440000,1870000
2018-01-03 15:01:56.531000,1.12339,1.12335,7760000,1000000
2018-01-03 15:01:57.872000,1.12339,1.12335,9260000,1870000
2018-01-03 15:01:57.925000,1.12339,1.12338,3370000,1000000
2018-01-03 15:01:58.083000,1.1234,1.12336,2700000,3000000
2018-01-03 15:01:58.136000,1.1234,1.12336,7950000,1500000
2018-01-03 15:01:58.454000,1.12341,1.12338,3640000,3190000
2018-01-03 15:01:59.030000,1.12343,1.12339,3070000,1000000
2018-01-03 15:01:59.135000,1.12343,1.12341,1250000,1870000
2018-01-03 15:01:59.862000,1.12343,1.1234,1250000,3820000
2018-01-03 15:02:00.019000,1.12342,1.12338,5060000,3820000
2018-01-03 15:02:00.125000,1.1234,1.12335,3940000,2320000
2018-01-03 15:02:00.178000,1.1234,1.12337,6010000,1000000
2018-01-03 15:02:00.340000,1.12341,1.12336,4760000,2510000
2018-01-03 15:02:00.449000,1.1234,1.12336,1390000,1870000
2018-01-03 15:02:00.559000,1.12339,1.12335,3450000,1870000
2018-01-03 15:02:00.722000,1.12339,1.12335,3190000,3070000
2018-01-03 15:02:00.866000,1.12339,1.12335,3810000,2700000
2018-01-03 15:02:01.505000,1.12339,1.12334,7010000,1950000
2018-01-03 15:02:02.126000,1.12338,1.12333,1570000,6450000
2018-01-03 15:02:02.474000,1.12339,1.12338,1950000,1000000
2018-01-03 15:02:02.528000,1.12341,1.12339,4010000,1000000
2018-01-03 15:02:02.585000,1.12341,1.12337,4760000,3370000
2018-01-03 15:02:03.106000,1.12341,1.12338,3370000,2250000
2018-01-03 15:02:03.263000,1.12341,1.12336,9820000,2320000
2018-01-03 15:02:03.549000,1.12341,1.12338,1000000,4500000
2018-01-03 15:02:04.069000,1.12342,1.12338,4010000,3750000
2018-01-03 15:02:04.363000,1.12342,1.1234,1690000,2100000
2018-01-03 15:02:04.887000,1.12343,1.12339,3560000,1950000
2018-01-03 15:02:05.200000,1.12342,1.12337,2440000,7010000
2018-01-03 15:02:05.806000,1.12342,1.12339,3260000,1000000
2018-01-03 15:02:06.324000,1.12342,1.12338,4010000,3000000
2018-01-03 15:02:07.625000,1.12342,1.12338,5760000,3000000
2018-01-03 15:02:08.146000,1.1234,1.12336,3190000,1200000
2018-01-03 15:02:08.683000,1.1234,1.12336,3890000,1500000
2018-01-03 15:02:09.064000,1.12338,1.12334,1500000,4950000
2018-01-03 15:02:09.591000,1.12338,1.12335,1690000,4720000
2018-01-03 15:02:10.129000,1.12339,1.12337,1250000,2250000
2018-01-03 15:02:10.183000,1.12341,1.12338,2060000,3750000
2018-01-03 15:02:10.394000,1.12341,1.12338,2120000,3000000
2018-01-03 15:02:10.672000,1.12342,1.12339,1000000,2620000
2018-01-03 15:02:10.780000,1.12342,1.12339,1000000,1200000
2018-01-03 15:02:11.097000,1.12342,1.12339,1000000,3820000
2018-01-03 15:02:11.639000,1.12342,1.1234,1000000,1000000
2018-01-03 15:02:12.173000,1.12342,1.1234,1000000,1000000
2018-01-03 15:02:12.690000,1.12342,1.1234,1000000,1000000
2018-01-03 15:02:13.234000,1.12342,1.12339,1000000,1200000
2018-01-03 15:02:13.836000,1.12343,1.12341,3340000,2850000
2018-01-03 15:02:13.994000,1.12342,1.12338,3370000,2320000
2018-01-03 15:02:14.369000,1.12339,1.12336,1500000,1000000
2018-01-03 15:02:14.523000,1.12339,1.12335,2500000,1950000
2018-01-03 15:02:15.359000,1.12339,1.12336,2870000,1120000
2018-01-03 15:02:16.187000,1.12338,1.12335,2060000,1000000
2018-01-03 15:02:16.314000,1.12338,1.12334,3060000,5320000
2018-01-03 15:02:16.797000,1.12338,1.12333,6140000,2890000
2018-01-03 15:02:16.903000,1.12337,1.12333,3000000,1470000
2018-01-03 15:02:17.421000,1.12337,1.12333,4250000,2700000
2018-01-03 15:02:17.951000,1.12337,1.12333,3060000,3070000
2018-01-03 15:02:18.397000,1.12337,1.12335,4250000,1120000
2018-01-03 15:02:18.711000,1.12337,1.12335,2060000,2620000
2018-01-03 15:02:19.291000,1.12337,1.12335,1000000,1950000
2018-01-03 15:02:19.804000,1.12337,1.12335,1000000,2700000
2018-01-03 15:02:20.337000,1.12337,1.12335,1000000,1000000
2018-01-03 15:02:20.709000,1.12338,1.12336,2060000,1870000
2018-01-03 15:02:20.975000,1.1234,1.12338,1000000,3370000
2018-01-03 15:02:21.640000,1.12342,1.1234,1000000,3750000
2018-01-03 15:02:21.949000,1.12346,1.12343,1250000,3450000
2018-01-03 15:02:22.022000,1.12351,1.12347,1450000,5290000
2018-01-03 15:02:22.494000,1.12352,1.12349,1120000,1760000
2018-01-03 15:02:22.547000,1.12352,1.12349,1000000,1010000
2018-01-03 15:02:22.670000,1.12353,1.12349,1370000,1010000
2018-01-03 15:02:23.534000,1.12353,1.12348,3320000,5510000
2018-01-03 15:02:23.898000,1.12353,1.12349,4570000,2000000
2018-01-03 15:02:24.729000,1.12354,1.12352,1250000,2250000
2018-01-03 15:02:26.390000,1.12354,1.12352,2690000,1120000
2018-01-03 15:02:26.709000,1.12356,1.12353,3000000,1120000
2018-01-03 15:02:26.761000,1.12355,1.12352,1120000,3940000
2018-01-03 15:02:26.911000,1.12355,1.12353,1310000,2700000
2018-01-03 15:02:27.431000,1.12355,1.12352,3560000,1500000
2018-01-03 15:02:27.702000,1.12354,1.12351,4120000,1200000
2018-01-03 15:02:27.806000,1.12353,1.1235,2810000,1000000
2018-01-03 15:02:28.015000,1.12352,1.12348,2060000,1990000
2018-01-03 15:02:28.172000,1.12352,1.12348,3060000,4620000
2018-01-03 15:02:28.688000,1.12349,1.12345,2810000,4200000
2018-01-03 15:02:28.741000,1.12349,1.12345,3060000,4950000
2018-01-03 15:02:28.906000,1.12348,1.12344,1310000,2700000
2018-01-03 15:02:29.220000,1.12347,1.12343,4760000,1870000
2018-01-03 15:02:29.474000,1.12343,1.1234,1120000,1010000
2018-01-03 15:02:29.736000,1.12343,1.12342,1120000,1870000
2018-01-03 15:02:29.893000,1.12345,1.12343,1000000,1500000
2018-01-03 15:02:30.419000,1.12345,1.12342,1000000,5880000
2018-01-03 15:02:30.957000,1.12345,1.12343,1000000,1000000
2018-01-03 15:02:31.439000,1.12347,1.12344,2700000,3790000
2018-01-03 15:02:31.597000,1.12347,1.12344,1000000,2130000
2018-01-03 15:02:31.755000,1.1235,1.12348,1120000,1000000
2018-01-03 15:02:31.953000,1.12348,1.12345,2470000,1500000
2018-01-03 15:02:32.471000,1.12348,1.12345,1870000,1120000
2018-01-03 15:02:33.116000,1.12348,1.12346,1000000,1000000
2018-01-03 15:02:33.592000,1.1235,1.12348,1950000,1000000
2018-01-03 15:02:33.816000,1.12352,1.1235,2620000,1000000
2018-01-03 15:02:34.384000,1.12353,1.1235,1570000,1120000
2018-01-03 15:02:34.924000,1.12354,1.1235,3190000,3070000
2018-01-03 15:02:35.441000,1.12354,1.1235,5130000,1120000
2018-01-03 15:02:36.070000,1.12354,1.1235,6200000,1000000
2018-01-03 15:02:37.102000,1.12354,1.1235,9640000,1000000
2018-01-03 15:02:37.843000,1.12354,1.12351,3260000,1000000
2018-01-03 15:02:38.468000,1.12354,1.1235,5450000,1120000
2018-01-03 15:02:38.975000,1.12354,1.12351,3640000,1000000
2018-01-03 15:02:39.236000,1.12356,1.12354,2060000,4800000
2018-01-03 15:02:39.448000,1.12358,1.12356,2440000,1100000
2018-01-03 15:02:39.815000,1.12358,1.12354,6120000,1950000
2018-01-03 15:02:40.473000,1.12357,1.12355,3000000,1000000
2018-01-03 15:02:40.997000,1.12357,1.12354,3120000,1000000
2018-01-03 15:02:41.766000,1.12357,1.12353,3950000,2620000
2018-01-03 15:02:42.334000,1.12357,1.12354,3870000,1000000
2018-01-03 15:02:42.852000,1.12357,1.12353,4760000,2250000
2018-01-03 15:02:43.582000,1.12356,1.12352,4500000,2320000
2018-01-03 15:02:44.101000,1.12355,1.12352,2060000,1000000
2018-01-03 15:02:44.874000,1.12355,1.12351,3500000,8550000
2018-01-03 15:02:45.034000,1.12356,1.12353,1190000,1120000
2018-01-03 15:02:45.522000,1.12358,1.12354,2060000,2700000
2018-01-03 15:02:46.403000,1.12357,1.12354,1200000,1120000
2018-01-03 15:02:47.160000,1.12357,1.12352,3260000,4200000
2018-01-03 15:02:47.686000,1.12357,1.12353,5070000,1120000
2018-01-03 15:02:48.198000,1.12357,1.12354,2440000,1000000
2018-01-03 15:02:48.407000,1.12356,1.12352,4870000,1100000
2018-01-03 15:02:49.290000,1.12354,1.12351,1120000,1470000
2018-01-03 15:02:49.815000,1.12354,1.12352,2060000,1000000
2018-01-03 15:02:50.317000,1.12354,1.1235,1690000,3900000
2018-01-03 15:02:51.074000,1.12353,1.12349,1390000,2250000
2018-01-03 15:02:51.441000,1.12353,1.12348,6140000,8890000
2018-01-03 15:02:51.907000,1.12353,1.12351,2430000,1000000
2018-01-03 15:02:52.421000,1.12353,1.1235,1250000,2700000
2018-01-03 15:02:53.021000,1.12354,1.12351,1100000,4350000
2018-01-03 15:02:53.545000,1.12355,1.12353,1310000,1000000
2018-01-03 15:02:54.051000,1.12355,1.12352,1310000,1120000
2018-01-03 15:02:54.392000,1.12354,1.12349,1500000,4200000
2018-01-03 15:02:54.959000,1.12354,1.12351,3060000,1950000
2018-01-03 15:02:55.063000,1.12353,1.12349,1200000,3370000
2018-01-03 15:02:55.835000,1.12353,1.12349,3630000,1370000
2018-01-03 15:02:56.099000,1.12351,1.12347,1120000,4750000
2018-01-03 15:02:56.152000,1.1235,1.12346,3940000,4380000
2018-01-03 15:02:56.464000,1.12351,1.12348,1120000,5320000
2018-01-03 15:02:56.998000,1.12351,1.12348,1870000,3070000
2018-01-03 15:02:57.621000,1.12351,1.12348,2810000,3070000
2018-01-03 15:02:57.826000,1.12349,1.12345,2700000,1870000
2018-01-03 15:02:57.932000,1.12349,1.12347,2810000,2120000
2018-01-03 15:02:58.146000,1.12349,1.12346,3560000,1100000
2018-01-03 15:02:58.201000,1.12348,1.12345,1500000,2620000
2018-01-03 15:02:58.592000,1.12348,1.12347,1690000,1120000
2018-01-03 15:02:58.645000,1.12349,1.12348,1310000,1500000
2018-01-03 15:02:58.750000,1.12348,1.12345,1500000,1500000
2018-01-03 15:02:58.804000,1.12348,1.12346,2440000,1000000
2018-01-03 15:02:59.342000,1.12348,1.12346,2440000,1000000
2018-01-03 15:02:59.917000,1.12348,1.12345,2060000,2850000
2018-01-03 15:03:00.440000,1.12348,1.12345,1690000,1950000
2018-01-03 15:03:00.983000,1.12348,1.12345,3560000,1000000
2018-01-03 15:03:02.124000,1.12347,1.12344,4500000,1000000
2018-01-03 15:03:02.455000,1.12342,1.12337,8920000,2320000
2018-01-03 15:03:02.781000,1.12341,1.12338,7570000,1000000
2018-01-03 15:03:02.835000,1.1234,1.12336,8060000,2700000
2018-01-03 15:03:03.421000,1.1234,1.12336,4180000,2320000
2018-01-03 15:03:04.158000,1.1234,1.12339,2250000,1000000
2018-01-03 15:03:04.330000,1.1234,1.12337,3000000,1570000
2018-01-03 15:03:04.383000,1.1234,1.12338,1000000,1000000
2018-01-03 15:03:04.488000,1.12341,1.12338,2060000,3370000
2018-01-03 15:03:06.037000,1.12342,1.12339,4310000,1000000
2018-01-03 15:03:06.869000,1.12341,1.12338,1120000,3150000
2018-01-03 15:03:07.130000,1.12342,1.12339,3260000,1500000
2018-01-03 15:03:07.637000,1.12343,1.1234,6260000,1000000
2018-01-03 15:03:08.269000,1.12343,1.12341,3560000,1000000
2018-01-03 15:03:08.787000,1.12343,1.1234,2060000,4870000
2018-01-03 15:03:09.335000,1.12343,1.1234,2060000,2250000
2018-01-03 15:03:09.875000,1.12343,1.12339,2440000,4350000
2018-01-03 15:03:10.195000,1.12341,1.12338,6940000,1300000
2018-01-03 15:03:10.250000,1.1234,1.12336,3450000,3000000
2018-01-03 15:03:10.356000,1.1234,1.12339,3000000,1000000
2018-01-03 15:03:10.872000,1.12343,1.1234,2440000,1870000
2018-01-03 15:03:11.081000,1.12343,1.12341,1250000,1000000
2018-01-03 15:03:11.539000,1.12343,1.12339,4310000,2470000
2018-01-03 15:03:11.853000,1.12338,1.12334,1310000,5700000
2018-01-03 15:03:12.267000,1.12337,1.12334,8620000,1500000
2018-01-03 15:03:12.373000,1.12334,1.1233,5890000,1120000
2018-01-03 15:03:12.685000,1.12334,1.12332,2500000,1000000
2018-01-03 15:03:12.739000,1.12334,1.12331,1120000,3000000
2018-01-03 15:03:12.898000,1.12336,1.12333,7200000,1120000
2018-01-03 15:03:13.213000,1.12341,1.12338,1870000,3750000
2018-01-03 15:03:14.399000,1.12341,1.12339,1500000,1500000
2018-01-03 15:03:16.674000,1.1234,1.12337,1500000,2320000
2018-01-03 15:03:16.783000,1.12339,1.12334,4420000,3820000
2018-01-03 15:03:17.393000,1.12338,1.12333,1200000,6820000
2018-01-03 15:03:17.865000,1.12338,1.12335,2810000,1000000
2018-01-03 15:03:21.948000,1.12338,1.12334,2810000,6450000
2018-01-03 15:03:22.496000,1.12337,1.12333,1500000,8510000
2018-01-03 15:03:24.280000,1.12344,1.12342,1000000,2100000
2018-01-03 15:03:24.334000,1.12349,1.12346,3940000,2100000
2018-01-03 15:03:24.395000,1.1235,1.12349,1690000,1500000
2018-01-03 15:03:24.462000,1.12353,1.12351,2810000,1420000
2018-01-03 15:03:24.755000,1.12353,1.12349,1000000,5920000
2018-01-03 15:03:25.281000,1.12353,1.1235,1000000,2920000
2018-01-03 15:03:26.032000,1.12353,1.12349,1000000,4240000
2018-01-03 15:03:26.843000,1.12353,1.12348,3060000,8740000
2018-01-03 15:03:27.364000,1.12353,1.12349,4760000,1000000
2018-01-03 15:03:28.419000,1.12352,1.12348,1310000,5320000
2018-01-03 15:03:28.940000,1.12352,1.12348,3190000,2560000
2018-01-03 15:03:29.460000,1.12351,1.12346,4540000,6870000
2018-01-03 15:03:29.513000,1.12347,1.12342,8850000,2320000
2018-01-03 15:03:29.567000,1.12345,1.12342,1870000,1000000
2018-01-03 15:03:30.106000,1.12345,1.12343,2750000,1000000
2018-01-03 15:03:30.624000,1.12345,1.12344,1000000,1000000
2018-01-03 15:03:31.156000,1.12345,1.12343,1000000,4500000
2018-01-03 15:03:31.597000,1.1235,1.12348,1690000,1370000
2018-01-03 15:03:32.108000,1.1235,1.12348,1690000,1000000
2018-01-03 15:03:33.540000,1.1235,1.12348,1690000,1000000
2018-01-03 15:03:34.057000,1.1235,1.12348,1690000,1000000
2018-01-03 15:03:34.559000,1.1235,1.12347,1690000,3450000
2018-01-03 15:03:35.074000,1.1235,1.12347,1310000,1200000
2018-01-03 15:03:35.508000,1.12353,1.1235,1620000,1800000
2018-01-03 15:03:36.053000,1.12353,1.1235,2060000,1420000
2018-01-03 15:03:36.594000,1.12351,1.12348,1500000,2620000
2018-01-03 15:03:37.116000,1.12351,1.12347,3940000,1950000
2018-01-03 15:03:37.658000,1.12351,1.12348,3190000,1750000
2018-01-03 15:03:38.191000,1.12351,1.12349,2750000,1000000
2018-01-03 15:03:38.607000,1.12353,1.12351,2360000,1000000
2018-01-03 15:03:39.155000,1.12353,1.12351,2440000,1000000
2018-01-03 15:03:39.633000,1.12355,1.12353,2440000,1000000
2018-01-03 15:03:40.162000,1.12357,1.12354,2810000,1000000
2018-01-03 15:03:40.678000,1.12357,1.12354,3120000,1500000
2018-01-03 15:03:41.267000,1.12356,1.12353,3370000,1000000
2018-01-03 15:03:41.323000,1.12354,1.1235,3070000,1120000
2018-01-03 15:03:41.479000,1.12352,1.12349,1120000,1500000
2018-01-03 15:03:42.351000,1.12352,1.12348,3930000,2320000
2018-01-03 15:03:42.869000,1.12352,1.12348,4760000,1120000
2018-01-03 15:03:43.973000,1.12352,1.12347,6260000,3450000
2018-01-03 15:03:44.500000,1.12352,1.12347,5890000,4200000
2018-01-03 15:03:45.882000,1.12352,1.12347,5140000,3450000
2018-01-03 15:03:46.616000,1.12352,1.12348,5140000,1000000
2018-01-03 15:03:47.136000,1.12351,1.12347,2250000,2320000
2018-01-03 15:03:48.177000,1.12351,1.12348,3560000,1000000
2018-01-03 15:03:48.726000,1.12351,1.12347,3940000,3450000
2018-01-03 15:03:50.163000,1.12348,1.12345,5890000,1000000
2018-01-03 15:03:50.270000,1.12345,1.12342,2620000,1000000
2018-01-03 15:03:50.772000,1.12345,1.12342,3190000,1000000
2018-01-03 15:03:51.342000,1.12345,1.12343,1560000,1000000
2018-01-03 15:03:51.884000,1.12345,1.12342,1310000,6070000
2018-01-03 15:03:52.708000,1.12345,1.12343,1310000,1000000
2018-01-03 15:03:54.593000,1.12345,1.12342,1690000,3070000
2018-01-03 15:03:55.112000,1.12345,1.12341,5510000,2250000
2018-01-03 15:03:56.472000,1.12345,1.12341,4310000,4950000
2018-01-03 15:03:57.057000,1.12345,1.12341,5310000,2700000
2018-01-03 15:03:58.159000,1.12342,1.12338,4200000,1870000
2018-01-03 15:03:58.479000,1.1234,1.12337,4870000,1100000
2018-01-03 15:03:58.531000,1.1234,1.12335,8510000,4200000
2018-01-03 15:03:59.488000,1.1234,1.12337,4680000,1350000
2018-01-03 15:03:59.594000,1.12343,1.1234,3560000,1000000
2018-01-03 15:04:00.097000,1.12344,1.1234,3260000,3370000
2018-01-03 15:04:00.825000,1.12346,1.12345,3370000,2250000
2018-01-03 15:04:00.933000,1.12349,1.12346,1310000,2250000
2018-01-03 15:04:01.522000,1.12349,1.12347,1250000,4200000
2018-01-03 15:04:02.051000,1.12349,1.12348,1250000,1000000
2018-01-03 15:04:02.588000,1.1235,1.12347,2060000,1500000
2018-01-03 15:04:03.458000,1.1235,1.12347,3940000,1000000
2018-01-03 15:04:03.986000,1.12349,1.12346,2250000,1870000
2018-01-03 15:04:04.507000,1.12349,1.12346,3560000,1000000
2018-01-03 15:04:05.081000,1.12349,1.12346,6040000,1000000
2018-01-03 15:04:05.139000,1.12347,1.12344,4870000,1100000
2018-01-03 15:04:05.193000,1.12347,1.12342,12260000,1570000
2018-01-03 15:04:05.716000,1.12345,1.12341,1500000,3450000
2018-01-03 15:04:05.952000,1.12351,1.12349,1120000,1000000
2018-01-03 15:04:06.427000,1.12351,1.12348,1310000,1100000
2018-01-03 15:04:06.479000,1.12351,1.12349,1690000,1000000
2018-01-03 15:04:07,1.12352,1.12349,2810000,1000000
2018-01-03 15:04:07.915000,1.12351,1.12348,6070000,2250000
2018-01-03 15:04:08.303000,1.12352,1.12349,5060000,1000000
2018-01-03 15:04:08.356000,1.12352,1.1235,5060000,1000000
2018-01-03 15:04:08.408000,1.12352,1.12349,5060000,1000000
2018-01-03 15:04:10.311000,1.12352,1.12351,4310000,2250000
2018-01-03 15:04:10.422000,1.12356,1.12355,1250000,1120000
2018-01-03 15:04:10.474000,1.12358,1.12355,2510000,1000000
2018-01-03 15:04:10.527000,1.12358,1.12354,8510000,1120000
2018-01-03 15:04:11.054000,1.12357,1.12353,3070000,1000000
2018-01-03 15:04:11.361000,1.12352,1.12349,1310000,2700000
2018-01-03 15:04:11.993000,1.12351,1.12349,1120000,1000000
2018-01-03 15:04:12.495000,1.12351,1.12348,2430000,7570000
2018-01-03 15:04:13.115000,1.1235,1.12347,1500000,1570000
2018-01-03 15:04:13.776000,1.12349,1.12347,1500000,1000000
2018-01-03 15:04:13.881000,1.12349,1.12345,4310000,3820000
2018-01-03 15:04:14.024000,1.12349,1.12346,2810000,1000000
2018-01-03 15:04:14.543000,1.12349,1.12346,2810000,1570000
2018-01-03 15:04:16.291000,1.12349,1.12347,1310000,1000000
2018-01-03 15:04:16.816000,1.12349,1.12347,1690000,1950000
2018-01-03 15:04:17.500000,1.1235,1.12349,2060000,1000000
2018-01-03 15:04:17.556000,1.12354,1.12352,2320000,1120000
2018-01-03 15:04:18.134000,1.12354,1.12352,2250000,1500000
2018-01-03 15:04:18.642000,1.12354,1.12353,1000000,1000000
2018-01-03 15:04:19.217000,1.12354,1.12352,1000000,3820000
2018-01-03 15:04:23.923000,1.12355,1.12352,2440000,3750000
2018-01-03 15:04:24.290000,1.12355,1.12352,4690000,1500000
2018-01-03 15:04:24.561000,1.12352,1.12349,1500000,1120000
2018-01-03 15:04:25.777000,1.12352,1.12349,7010000,1000000
2018-01-03 15:04:26.297000,1.12349,1.12346,7120000,1200000
2018-01-03 15:04:26.597000,1.12349,1.12345,5060000,4570000
2018-01-03 15:04:26.701000,1.12349,1.12347,5810000,1000000
2018-01-03 15:04:27.219000,1.12349,1.12345,3630000,3750000
2018-01-03 15:04:27.669000,1.12349,1.12345,4760000,3000000
2018-01-03 15:04:28.234000,1.12349,1.12346,3630000,1000000
2018-01-03 15:04:28.750000,1.12349,1.12346,3630000,1500000
2018-01-03 15:04:29.348000,1.12349,1.12347,2440000,1870000
2018-01-03 15:04:29.870000,1.12349,1.12347,1120000,3000000
2018-01-03 15:04:30.397000,1.12349,1.12347,1370000,1500000
2018-01-03 15:04:30.918000,1.12349,1.12346,1500000,1950000
2018-01-03 15:04:31.432000,1.12349,1.12346,1870000,1120000
2018-01-03 15:04:31.801000,1.12347,1.12344,3000000,1000000
2018-01-03 15:04:31.855000,1.12345,1.12341,5810000,3450000
2018-01-03 15:04:32.237000,1.12345,1.12341,10380000,1000000
2018-01-03 15:04:33.359000,1.12344,1.12341,1120000,1120000
2018-01-03 15:04:33.935000,1.12344,1.12341,1500000,1000000
2018-01-03 15:04:34.247000,1.12344,1.12342,1120000,1120000
2018-01-03 15:04:34.773000,1.12345,1.12342,1120000,1870000
2018-01-03 15:04:35.295000,1.12345,1.12341,1500000,4200000
2018-01-03 15:04:35.679000,1.12349,1.12345,1690000,5320000
2018-01-03 15:04:36.186000,1.12349,1.12346,1690000,1000000
2018-01-03 15:04:36.474000,1.1235,1.12346,3640000,2250000
2018-01-03 15:04:36.765000,1.1235,1.12346,5890000,1500000
2018-01-03 15:04:37.373000,1.1235,1.12346,7380000,1500000
2018-01-03 15:04:37.897000,1.1235,1.12346,8510000,1120000
2018-01-03 15:04:38.390000,1.1235,1.12348,1570000,1500000
2018-01-03 15:04:38.442000,1.1235,1.12347,2690000,1500000
2018-01-03 15:04:38.496000,1.1235,1.12347,1250000,3750000
2018-01-03 15:04:39.243000,1.1235,1.12347,1250000,2250000
2018-01-03 15:04:45.531000,1.1235,1.12349,1000000,1000000
2018-01-03 15:04:45.639000,1.12354,1.12351,1250000,4850000
2018-01-03 15:04:45.871000,1.12356,1.12353,1870000,1120000
2018-01-03 15:04:47.887000,1.12356,1.12353,1000000,1500000
2018-01-03 15:04:48.431000,1.12356,1.12353,1120000,1500000
2018-01-03 15:04:49.178000,1.12356,1.12352,3180000,8700000
2018-01-03 15:04:50.068000,1.12356,1.12353,1370000,1200000
2018-01-03 15:04:51.655000,1.12356,1.12352,2620000,3640000
2018-01-03 15:04:51.864000,1.12355,1.1235,10540000,5890000
2018-01-03 15:04:52.175000,1.12353,1.12349,3190000,3070000
2018-01-03 15:04:52.348000,1.12353,1.1235,1870000,4120000
2018-01-03 15:04:52.998000,1.12353,1.1235,1000000,2620000
2018-01-03 15:04:53.529000,1.12352,1.12349,1310000,1000000
2018-01-03 15:04:54.079000,1.12352,1.12349,6060000,1000000
2018-01-03 15:04:54.759000,1.12351,1.12347,3820000,2440000
2018-01-03 15:04:55.019000,1.12351,1.12349,3740000,1000000
2018-01-03 15:04:55.569000,1.12351,1.12349,1120000,1000000
2018-01-03 15:04:56.087000,1.12351,1.12348,2500000,1250000
2018-01-03 15:04:56.546000,1.12351,1.12349,1000000,2440000
2018-01-03 15:04:57.188000,1.12351,1.12348,1870000,7010000
2018-01-03 15:04:57.709000,1.12351,1.12347,3620000,2510000
2018-01-03 15:04:58.252000,1.12349,1.12346,2250000,2440000
2018-01-03 15:04:58.771000,1.12349,1.12345,1000000,6260000
2018-01-03 15:04:59.294000,1.12349,1.12346,1000000,4760000
2018-01-03 15:05:00.113000,1.12349,1.12346,1000000,3260000
2018-01-03 15:05:00.713000,1.12349,1.12347,1000000,1250000
2018-01-03 15:05:01.027000,1.12352,1.12351,1100000,2810000
2018-01-03 15:05:01.080000,1.12355,1.12352,2250000,1690000
2018-01-03 15:05:01.704000,1.12355,1.12352,12590000,1250000
2018-01-03 15:05:01.756000,1.12354,1.1235,6220000,2890000
2018-01-03 15:05:02.283000,1.12355,1.12351,4950000,2440000
2018-01-03 15:05:02.707000,1.12353,1.12349,3000000,2890000
2018-01-03 15:05:05.309000,1.12353,1.12349,10950000,2440000
2018-01-03 15:05:06.714000,1.12352,1.12348,1870000,2320000
2018-01-03 15:05:08.462000,1.12352,1.12349,1500000,3000000
2018-01-03 15:05:08.778000,1.12355,1.12351,2060000,5320000
2018-01-03 15:05:09.298000,1.12353,1.1235,1870000,3750000
2018-01-03 15:05:09.352000,1.12352,1.12349,1870000,1000000
2018-01-03 15:05:09.873000,1.12352,1.12348,5990000,2510000
2018-01-03 15:05:10.333000,1.12351,1.12347,6940000,2700000
2018-01-03 15:05:11.103000,1.1235,1.12346,2810000,3070000
2018-01-03 15:05:11.628000,1.1235,1.12347,5810000,1320000
2018-01-03 15:05:12.412000,1.12349,1.12346,3560000,1240000
2018-01-03 15:05:12.919000,1.12349,1.12346,3940000,1120000
2018-01-03 15:05:13.227000,1.1235,1.12347,1310000,1000000
2018-01-03 15:05:13.957000,1.1235,1.12348,2440000,1000000
2018-01-03 15:05:14.010000,1.12354,1.12351,2810000,2250000
2018-01-03 15:05:14.115000,1.12356,1.12352,1500000,3640000
2018-01-03 15:05:16.110000,1.12354,1.12351,3370000,1200000
2018-01-03 15:05:16.163000,1.12353,1.12349,5360000,2250000
2018-01-03 15:05:17.293000,1.12354,1.12351,4390000,3000000
2018-01-03 15:05:17.760000,1.12355,1.12352,4120000,2620000
2018-01-03 15:05:18.298000,1.12355,1.12353,1000000,1000000
2018-01-03 15:05:22.011000,1.12354,1.12352,1500000,1000000
2018-01-03 15:05:22.068000,1.12354,1.12351,7120000,1100000
2018-01-03 15:05:22.583000,1.12354,1.1235,10990000,1870000
2018-01-03 15:05:22.689000,1.12354,1.12352,1000000,1000000
2018-01-03 15:05:23.004000,1.12356,1.12355,3450000,1000000
2018-01-03 15:05:23.332000,1.12356,1.12353,6560000,1100000
2018-01-03 15:05:23.544000,1.12355,1.12351,9220000,2320000
2018-01-03 15:05:24.071000,1.12355,1.12351,4390000,3000000
2018-01-03 15:05:24.647000,1.12353,1.12349,6370000,4760000
2018-01-03 15:05:25.179000,1.12353,1.12349,8510000,1500000
2018-01-03 15:05:25.802000,1.12352,1.12348,1120000,5140000
2018-01-03 15:05:29.023000,1.12352,1.12348,4760000,1000000
2018-01-03 15:05:30.009000,1.12352,1.12347,7760000,3450000
2018-01-03 15:05:30.536000,1.12352,1.12348,7010000,2250000
2018-01-03 15:05:33.656000,1.12352,1.12348,7760000,2620000
2018-01-03 15:05:39.999000,1.12352,1.12349,8510000,1000000
2018-01-03 15:05:41.328000,1.12352,1.12348,11890000,2650000
2018-01-03 15:05:41.877000,1.12351,1.12347,6450000,2250000
2018-01-03 15:05:44.284000,1.12351,1.12347,6190000,3450000
2018-01-03 15:05:47.875000,1.12351,1.12348,4010000,1500000
2018-01-03 15:05:54.265000,1.12351,1.12347,2810000,5020000
2018-01-03 15:05:54.781000,1.12351,1.12347,2440000,5020000
2018-01-03 15:05:55.363000,1.1235,1.12347,2060000,2700000
2018-01-03 15:05:55.920000,1.1235,1.12347,5060000,1200000
2018-01-03 15:05:56.462000,1.1235,1.12346,10240000,2320000
2018-01-03 15:06:01.284000,1.12346,1.12344,1120000,2060000
2018-01-03 15:06:01.338000,1.12346,1.12343,4370000,3000000
2018-01-03 15:06:01.839000,1.12346,1.12342,15110000,1870000
2018-01-03 15:06:02.490000,1.12345,1.12342,2140000,1120000
2018-01-03 15:06:04.722000,1.12344,1.1234,8440000,4950000
2018-01-03 15:06:04.829000,1.12344,1.1234,11360000,3370000
2018-01-03 15:06:07.351000,1.12343,1.12339,7010000,3370000
2018-01-03 15:06:07.560000,1.12342,1.12338,3820000,5440000
2018-01-03 15:06:08.269000,1.12342,1.12339,5320000,1000000
2018-01-03 15:06:09.045000,1.12342,1.12338,2510000,3000000
2018-01-03 15:06:09.561000,1.12342,1.12339,2620000,1250000
2018-01-03 15:06:10.381000,1.12341,1.12338,1120000,2250000
2018-01-03 15:06:10.668000,1.12342,1.12339,1870000,2060000
2018-01-03 15:06:12.596000,1.12342,1.12339,1870000,2440000
2018-01-03 15:06:13.095000,1.12341,1.12336,4500000,5210000
2018-01-03 15:06:13.200000,1.1234,1.12336,2250000,3340000
2018-01-03 15:06:13.750000,1.1234,1.12337,3520000,1390000
2018-01-03 15:06:14.163000,1.1234,1.12337,6220000,1010000
2018-01-03 15:06:14.689000,1.1234,1.12336,3070000,2140000
2018-01-03 15:06:15.005000,1.1234,1.12339,1100000,1310000
2018-01-03 15:06:15.059000,1.12342,1.12339,1000000,2060000
2018-01-03 15:06:15.602000,1.12342,1.12339,8250000,1120000
2018-01-03 15:06:16.170000,1.12341,1.12337,7120000,4010000
2018-01-03 15:06:16.744000,1.12341,1.12337,8620000,1760000
2018-01-03 15:06:17.444000,1.12341,1.12338,5250000,1000000
2018-01-03 15:06:17.655000,1.12343,1.1234,2320000,1120000
2018-01-03 15:06:19.227000,1.12342,1.12338,3970000,5890000
2018-01-03 15:06:19.794000,1.12342,1.12339,10010000,1000000
2018-01-03 15:06:21.146000,1.12342,1.12338,2510000,4870000
2018-01-03 15:06:21.635000,1.12343,1.1234,5700000,1000000
2018-01-03 15:06:22.162000,1.12343,1.1234,2700000,1000000
2018-01-03 15:06:23.924000,1.12343,1.12339,12440000,1250000
2018-01-03 15:06:24.446000,1.12342,1.12338,6560000,1100000
2018-01-03 15:06:24.952000,1.12341,1.12338,1120000,2510000
2018-01-03 15:06:25.178000,1.12341,1.12337,11320000,1310000
2018-01-03 15:06:26.216000,1.1234,1.12336,3750000,5590000
2018-01-03 15:06:28.801000,1.1234,1.12336,8140000,3820000
2018-01-03 15:06:29.775000,1.1234,1.12337,9070000,1250000
2018-01-03 15:06:30.244000,1.12341,1.12339,2700000,1250000
2018-01-03 15:06:31.354000,1.12341,1.12338,3370000,1650000
2018-01-03 15:06:31.895000,1.12341,1.12339,3000000,1250000
2018-01-03 15:06:32.416000,1.12342,1.12339,1500000,3340000
2018-01-03 15:06:38.626000,1.12344,1.12342,1500000,3970000
2018-01-03 15:06:38.784000,1.12348,1.12345,2250000,2890000
2018-01-03 15:06:39.544000,1.12348,1.12345,1870000,3070000
2018-01-03 15:06:40.046000,1.12348,1.12345,1120000,5590000
2018-01-03 15:06:40.684000,1.12349,1.12347,2250000,1190000
2018-01-03 15:06:40.738000,1.1235,1.12347,1500000,5510000
2018-01-03 15:06:41.267000,1.1235,1.12347,5120000,1000000
2018-01-03 15:06:41.796000,1.1235,1.12346,7200000,2440000
2018-01-03 15:06:43.957000,1.12349,1.12345,1950000,3260000
2018-01-03 15:06:44.475000,1.12349,1.12345,3440000,3940000
2018-01-03 15:06:47.161000,1.12349,1.12345,7570000,1690000
2018-01-03 15:06:51.659000,1.12348,1.12344,4010000,1500000
2018-01-03 15:06:51.852000,1.12347,1.12343,7120000,4200000
2018-01-03 15:06:52.165000,1.12344,1.1234,4760000,3000000
2018-01-03 15:06:52.683000,1.12343,1.12339,2510000,3000000
2018-01-03 15:06:53.636000,1.12343,1.1234,3630000,1000000
2018-01-03 15:06:57.793000,1.12343,1.12341,2250000,1000000
2018-01-03 15:06:58.308000,1.12343,1.12341,1120000,2250000
2018-01-03 15:07:00.678000,1.12344,1.12342,1000000,1500000
2018-01-03 15:07:01.273000,1.12346,1.12344,2510000,1000000
2018-01-03 15:07:01.379000,1.12347,1.12345,1870000,1000000
2018-01-03 15:07:03.652000,1.12347,1.12346,1120000,1000000
2018-01-03 15:07:03.708000,1.12347,1.12344,1120000,3370000
2018-01-03 15:07:04.386000,1.12347,1.12345,1120000,1000000
2018-01-03 15:07:13.590000,1.12348,1.12346,1690000,1000000
2018-01-03 15:07:14.103000,1.12348,1.12345,1690000,5320000
2018-01-03 15:07:14.616000,1.12349,1.12346,2700000,1870000
2018-01-03 15:07:15.643000,1.12349,1.12345,2240000,6340000
2018-01-03 15:07:16.391000,1.12349,1.12345,3370000,4090000
2018-01-03 15:07:18.897000,1.12349,1.12346,3260000,1500000
2018-01-03 15:07:21.044000,1.12346,1.12342,4120000,2890000
2018-01-03 15:07:21.098000,1.12345,1.12341,7500000,3560000
2018-01-03 15:07:21.152000,1.12342,1.12339,3370000,1390000
2018-01-03 15:07:21.366000,1.1234,1.12337,3370000,1120000
2018-01-03 15:07:22.701000,1.1234,1.12337,2250000,2250000
2018-01-03 15:07:23.218000,1.12341,1.12338,1500000,3450000
2018-01-03 15:07:25.669000,1.12342,1.12339,2060000,1000000
2018-01-03 15:07:26.192000,1.12342,1.12338,2440000,6900000
2018-01-03 15:07:29.773000,1.12342,1.12338,2060000,3150000
2018-01-03 15:07:32.676000,1.12342,1.1234,2060000,1000000
2018-01-03 15:07:33.463000,1.12342,1.1234,1690000,1000000
2018-01-03 15:07:33.990000,1.12342,1.12339,1690000,1570000
2018-01-03 15:07:34.719000,1.12342,1.1234,1310000,1000000
2018-01-03 15:07:35.108000,1.12344,1.12342,1000000,2250000
2018-01-03 15:07:35.416000,1.12349,1.12346,1390000,1500000
2018-01-03 15:07:36.664000,1.12349,1.12345,5690000,4310000
2018-01-03 15:07:37.198000,1.12349,1.12346,2620000,1870000
2018-01-03 15:07:37.452000,1.1235,1.12347,2620000,1690000
2018-01-03 15:07:37.971000,1.1235,1.12347,7940000,1690000
2018-01-03 15:07:38.883000,1.12349,1.12347,3820000,1250000
2018-01-03 15:07:39.351000,1.12349,1.12345,8690000,2810000
2018-01-03 15:07:41.070000,1.12349,1.12346,4200000,1000000
2018-01-03 15:07:42.013000,1.12349,1.12346,2620000,1120000
2018-01-03 15:07:43.349000,1.1235,1.12347,2700000,1690000
2018-01-03 15:07:43.870000,1.1235,1.12346,7760000,1000000
2018-01-03 15:07:44.402000,1.1235,1.12346,8130000,2250000
2018-01-03 15:07:45.766000,1.1235,1.12347,4390000,1000000
2018-01-03 15:07:46.289000,1.1235,1.12346,2890000,7870000
2018-01-03 15:07:47.120000,1.1235,1.12346,11510000,1870000
2018-01-03 15:07:47.666000,1.12348,1.12345,2700000,1000000
2018-01-03 15:07:53.628000,1.12348,1.12345,2880000,1120000
2018-01-03 15:07:55.723000,1.12348,1.12345,2060000,1870000
2018-01-03 15:07:56.235000,1.12348,1.12345,2880000,2620000
2018-01-03 15:07:56.950000,1.12348,1.12345,3260000,1870000
2018-01-03 15:07:57.470000,1.12348,1.12345,3260000,1870000
2018-01-03 15:07:58.230000,1.12348,1.12343,10380000,3000000
2018-01-03 15:07:59.655000,1.12347,1.12344,3190000,1000000
2018-01-03 15:08:00.192000,1.12347,1.12344,4310000,1000000
2018-01-03 15:08:00.731000,1.12347,1.12345,2810000,1120000
2018-01-03 15:08:02.238000,1.12346,1.12344,2620000,2700000
2018-01-03 15:08:02.350000,1.12341,1.12338,1120000,6820000
2018-01-03 15:08:02.872000,1.12341,1.12338,4310000,2620000
2018-01-03 15:08:03.414000,1.12341,1.12339,2060000,1000000
2018-01-03 15:08:04.001000,1.12341,1.12338,3560000,3370000
2018-01-03 15:08:04.510000,1.12341,1.12338,3180000,3370000
2018-01-03 15:08:05.283000,1.12341,1.12338,3190000,3750000
2018-01-03 15:08:05.823000,1.12341,1.12339,1620000,1870000
2018-01-03 15:08:06.361000,1.12341,1.12339,1310000,2620000
2018-01-03 15:08:09.172000,1.12341,1.1234,1310000,1000000
2018-01-03 15:08:12.516000,1.12343,1.12342,1250000,1000000
2018-01-03 15:08:13.043000,1.12345,1.12342,2440000,4950000
2018-01-03 15:08:13.434000,1.12344,1.1234,2620000,2320000
2018-01-03 15:08:15.223000,1.12344,1.12341,3560000,1000000
2018-01-03 15:08:15.682000,1.12345,1.12342,2060000,2320000
2018-01-03 15:08:21.970000,1.12345,1.12343,2440000,1000000
2018-01-03 15:08:22.490000,1.12345,1.12342,2510000,2620000
2018-01-03 15:08:23.214000,1.12345,1.12341,11510000,3000000
2018-01-03 15:08:23.267000,1.12344,1.1234,3000000,2320000
2018-01-03 15:08:23.777000,1.12343,1.1234,4500000,1000000
2018-01-03 15:08:24.420000,1.12343,1.12339,6630000,1120000
2018-01-03 15:08:26.775000,1.12343,1.1234,4390000,1500000
2018-01-03 15:08:27.299000,1.12343,1.1234,4010000,2250000
2018-01-03 15:08:27.839000,1.12343,1.1234,4010000,1500000
2018-01-03 15:08:28.361000,1.12343,1.12339,4010000,1870000
2018-01-03 15:08:29.084000,1.12343,1.1234,4760000,1000000
2018-01-03 15:08:29.615000,1.12343,1.1234,5070000,2250000
2018-01-03 15:08:30.623000,1.12343,1.1234,4390000,2250000
2018-01-03 15:08:30.933000,1.12342,1.12338,3820000,3820000
2018-01-03 15:08:31.578000,1.12341,1.12338,1120000,4500000
2018-01-03 15:08:33.422000,1.12341,1.12338,2060000,5250000
2018-01-03 15:08:34.043000,1.12341,1.1234,1250000,1000000
2018-01-03 15:08:34.588000,1.12341,1.12339,1310000,2320000
2018-01-03 15:08:35.023000,1.12342,1.12341,1310000,1000000
2018-01-03 15:08:35.573000,1.12342,1.1234,1310000,1100000
2018-01-03 15:08:36.646000,1.12342,1.12339,2140000,2700000
2018-01-03 15:08:38.362000,1.12342,1.12339,3640000,1570000
2018-01-03 15:08:38.879000,1.12342,1.12339,2510000,1570000
2018-01-03 15:08:44.483000,1.12341,1.12338,1950000,4950000
2018-01-03 15:08:45.008000,1.12341,1.12338,5070000,2250000
2018-01-03 15:08:48.445000,1.12341,1.12338,2060000,4570000
2018-01-03 15:08:48.981000,1.12341,1.12338,2740000,4120000
2018-01-03 15:08:51.253000,1.12341,1.12338,1310000,5620000
2018-01-03 15:08:52.271000,1.12341,1.12338,1620000,5250000
2018-01-03 15:08:57.079000,1.12341,1.12339,2430000,1000000
2018-01-03 15:08:57.603000,1.12341,1.12338,2740000,4870000
2018-01-03 15:09:01.305000,1.12339,1.12336,2440000,1570000
2018-01-03 15:09:01.847000,1.12339,1.12336,2440000,3370000
2018-01-03 15:09:02.447000,1.12339,1.12336,2440000,3370000
2018-01-03 15:09:06.879000,1.1234,1.12337,2060000,3750000
2018-01-03 15:09:07.167000,1.1234,1.12337,7560000,1000000
2018-01-03 15:09:07.274000,1.12339,1.12335,3000000,3450000
2018-01-03 15:09:10.016000,1.12339,1.12336,4010000,1120000
2018-01-03 15:09:10.331000,1.12339,1.12338,1250000,1000000
2018-01-03 15:09:10.384000,1.12341,1.12338,4310000,1000000
2018-01-03 15:09:10.548000,1.1234,1.12336,5250000,1950000
2018-01-03 15:09:11.856000,1.1234,1.12336,8060000,1950000
2018-01-03 15:09:12.372000,1.12339,1.12336,1870000,2700000
2018-01-03 15:09:14.221000,1.12338,1.12336,3370000,2620000
2018-01-03 15:09:14.274000,1.12335,1.12331,9190000,2320000
2018-01-03 15:09:14.381000,1.12332,1.12328,7160000,1950000
2018-01-03 15:09:14.485000,1.12331,1.12327,2250000,1950000
2018-01-03 15:09:15.264000,1.1233,1.12327,2250000,1500000
2018-01-03 15:09:18.858000,1.12331,1.12328,4390000,1000000
2018-01-03 15:09:19.373000,1.12331,1.12328,2810000,1000000
2018-01-03 15:09:20.022000,1.12331,1.12328,3120000,1000000
2018-01-03 15:09:20.593000,1.12331,1.12328,2060000,1000000
2018-01-03 15:09:21.111000,1.12331,1.12328,2370000,1000000
2018-01-03 15:09:21.662000,1.12331,1.12328,1690000,1000000
2018-01-03 15:09:25.289000,1.12331,1.12327,3190000,3750000
2018-01-03 15:09:34.848000,1.1233,1.12327,1010000,1000000
2018-01-03 15:09:37.395000,1.1233,1.12327,2820000,1000000
2018-01-03 15:09:40.635000,1.1233,1.12326,4390000,4500000
2018-01-03 15:09:44.098000,1.12327,1.12324,1350000,7800000
2018-01-03 15:09:44.240000,1.12326,1.12322,1950000,5060000
2018-01-03 15:09:44.346000,1.12326,1.12324,1950000,1000000
2018-01-03 15:09:44.917000,1.12326,1.12323,1870000,2250000
2018-01-03 15:09:45.433000,1.12326,1.12323,1870000,1120000
2018-01-03 15:09:45.950000,1.12326,1.12322,3740000,2890000
2018-01-03 15:09:46.479000,1.12326,1.12323,3750000,1000000
2018-01-03 15:09:47.081000,1.12326,1.12323,3370000,1120000
2018-01-03 15:09:47.604000,1.12326,1.12323,3370000,1120000
2018-01-03 15:09:47.916000,1.12329,1.12327,1310000,1000000
2018-01-03 15:09:47.971000,1.1233,1.12327,1870000,1870000
2018-01-03 15:09:48.574000,1.1233,1.12327,1370000,1870000
2018-01-03 15:09:52.117000,1.12331,1.12328,3260000,1000000
2018-01-03 15:09:52.698000,1.12331,1.12328,3260000,1000000
2018-01-03 15:09:54.277000,1.12331,1.12328,2060000,2320000
2018-01-03 15:09:54.797000,1.12332,1.12329,2510000,2250000
2018-01-03 15:09:57.507000,1.12332,1.12329,2890000,1100000
2018-01-03 15:09:58.021000,1.12332,1.12328,3260000,1570000
2018-01-03 15:09:59.145000,1.12332,1.12329,3260000,1370000
2018-01-03 15:09:59.949000,1.12333,1.1233,5320000,1870000
2018-01-03 15:10:00.457000,1.12333,1.1233,5200000,1500000
2018-01-03 15:10:01.392000,1.12333,1.1233,5320000,1870000
2018-01-03 15:10:02.464000,1.12333,1.1233,4390000,1120000
2018-01-03 15:10:06.248000,1.12335,1.12333,1000000,1870000
2018-01-03 15:10:06.560000,1.12336,1.12333,1100000,3560000
2018-01-03 15:10:10.309000,1.12336,1.12334,1100000,1120000
2018-01-03 15:10:10.889000,1.12336,1.12333,1100000,2810000
2018-01-03 15:10:12.042000,1.12337,1.12334,2700000,1370000
2018-01-03 15:10:14.416000,1.12337,1.12335,1570000,2120000
2018-01-03 15:10:16.151000,1.12338,1.12336,2140000,1000000
2018-01-03 15:10:16.688000,1.12339,1.12337,3450000,1000000
2018-01-03 15:10:17.199000,1.12339,1.12336,4950000,1000000
2018-01-03 15:10:18.964000,1.1234,1.12339,2810000,1500000
2018-01-03 15:10:19.016000,1.12342,1.12341,1000000,1000000
2018-01-03 15:10:19.276000,1.12344,1.12342,2890000,1000000
2018-01-03 15:10:19.588000,1.12345,1.12343,2140000,1000000
2018-01-03 15:10:19.915000,1.12343,1.1234,5810000,1000000
2018-01-03 15:10:21.475000,1.12343,1.1234,2510000,1000000
2018-01-03 15:10:23.459000,1.12343,1.12341,1200000,1000000
2018-01-03 15:10:23.872000,1.12343,1.1234,4390000,1000000
2018-01-03 15:10:24.416000,1.12343,1.1234,2510000,1500000
2018-01-03 15:10:24.849000,1.12345,1.12342,4390000,1500000
2018-01-03 15:10:29.059000,1.12345,1.12342,4310000,1500000
2018-01-03 15:10:29.579000,1.12345,1.12343,1690000,1120000
2018-01-03 15:10:33.450000,1.12345,1.12342,1690000,1500000
2018-01-03 15:10:33.975000,1.12345,1.12341,11140000,1500000
2018-01-03 15:10:35.571000,1.12345,1.12342,7390000,1370000
2018-01-03 15:10:36.095000,1.12345,1.12343,1000000,1500000
2018-01-03 15:10:37.165000,1.12345,1.12343,3180000,1120000
2018-01-03 15:10:37.655000,1.12346,1.12343,2510000,2250000
2018-01-03 15:10:38.201000,1.12346,1.12343,4260000,1500000
2018-01-03 15:10:39.806000,1.12345,1.12341,5250000,3070000
2018-01-03 15:10:39.971000,1.12345,1.12341,15260000,1500000
2018-01-03 15:10:42.396000,1.12344,1.1234,8320000,1120000
2018-01-03 15:10:43.387000,1.12342,1.12338,2850000,3260000
2018-01-03 15:10:43.698000,1.12341,1.12336,7200000,2700000
2018-01-03 15:10:43.806000,1.1234,1.12336,6450000,1870000
2018-01-03 15:10:44.317000,1.1234,1.12336,4390000,2620000
2018-01-03 15:10:44.892000,1.12341,1.12338,2510000,2250000
2018-01-03 15:10:45.112000,1.12342,1.12338,7310000,3450000
2018-01-03 15:10:45.164000,1.12342,1.12339,2440000,1370000
2018-01-03 15:10:45.479000,1.12341,1.12336,8250000,4200000
2018-01-03 15:10:45.584000,1.1234,1.12336,7120000,3450000
2018-01-03 15:10:46.103000,1.1234,1.12336,8690000,1870000
2018-01-03 15:10:46.966000,1.1234,1.12339,2960000,1000000
2018-01-03 15:10:47.026000,1.12342,1.12339,2440000,1870000
2018-01-03 15:10:47.542000,1.12343,1.1234,2620000,1870000
2018-01-03 15:10:48.145000,1.12343,1.12339,6560000,2700000
2018-01-03 15:10:48.976000,1.12343,1.1234,1870000,1500000
2018-01-03 15:10:49.511000,1.12343,1.1234,1870000,2060000
2018-01-03 15:10:50.706000,1.12344,1.1234,2700000,3560000
2018-01-03 15:10:51.328000,1.12344,1.1234,4370000,4010000
2018-01-03 15:10:51.853000,1.12344,1.12342,1690000,1870000
2018-01-03 15:10:52.373000,1.12344,1.12342,1690000,1370000
2018-01-03 15:10:54.520000,1.12344,1.12341,2440000,2250000
2018-01-03 15:10:55.053000,1.12345,1.12343,2440000,1120000
2018-01-03 15:10:55.601000,1.12345,1.12343,3060000,1120000
2018-01-03 15:10:56.676000,1.12345,1.12342,3060000,1870000
2018-01-03 15:10:58.372000,1.12345,1.12342,2060000,1870000
2018-01-03 15:11:00.469000,1.12345,1.12342,3870000,1500000
2018-01-03 15:11:02.510000,1.12345,1.12343,1690000,1000000
2018-01-03 15:11:04.829000,1.12345,1.12342,2440000,2700000
2018-01-03 15:11:05.410000,1.12345,1.12343,1690000,1000000
2018-01-03 15:11:05.936000,1.12345,1.12342,2440000,2700000
2018-01-03 15:11:07.464000,1.12345,1.12342,3260000,1200000
2018-01-03 15:11:08.184000,1.12345,1.12342,3500000,1200000
2018-01-03 15:11:09.360000,1.12345,1.12342,3190000,1200000
2018-01-03 15:11:11.316000,1.12345,1.12341,5520000,4200000
2018-01-03 15:11:14.268000,1.12345,1.12341,6640000,3070000
2018-01-03 15:11:14.896000,1.12344,1.1234,6260000,2700000
2018-01-03 15:11:16.958000,1.12344,1.12341,2810000,1570000
2018-01-03 15:11:17.479000,1.12344,1.12341,4560000,1950000
2018-01-03 15:11:18.267000,1.12344,1.12341,2890000,1200000
2018-01-03 15:11:18.782000,1.12344,1.1234,3140000,4950000
2018-01-03 15:11:19.382000,1.12343,1.1234,1500000,2320000
2018-01-03 15:11:19.968000,1.12343,1.1234,4390000,1120000
2018-01-03 15:11:20.072000,1.12342,1.12339,3370000,1870000
2018-01-03 15:11:20.581000,1.12342,1.12339,4760000,1000000
2018-01-03 15:11:21.082000,1.12341,1.12338,1690000,1120000
2018-01-03 15:11:21.644000,1.1234,1.12337,3710000,1000000
2018-01-03 15:11:33.466000,1.1234,1.12338,2010000,3970000
2018-01-03 15:11:33.570000,1.12342,1.1234,1250000,2620000
2018-01-03 15:11:34.018000,1.12344,1.12341,1690000,5320000
2018-01-03 15:11:34.577000,1.12344,1.12342,1690000,1870000
2018-01-03 15:11:38.108000,1.12344,1.12343,1250000,1500000
2018-01-03 15:11:38.653000,1.12345,1.12343,1000000,1500000
2018-01-03 15:11:40.853000,1.12346,1.12345,1000000,1120000
2018-01-03 15:11:40.907000,1.12349,1.12347,1310000,1870000
2018-01-03 15:11:41.412000,1.1235,1.12348,1250000,4120000
2018-01-03 15:11:42.102000,1.1235,1.12349,1250000,1120000
2018-01-03 15:11:42.790000,1.12352,1.12349,4690000,1570000
2018-01-03 15:11:43.314000,1.12352,1.12349,2810000,3000000
2018-01-03 15:11:44.179000,1.12353,1.1235,4010000,4870000
2018-01-03 15:11:44.285000,1.12355,1.12352,1690000,3070000
2018-01-03 15:11:44.911000,1.12355,1.12353,1690000,2320000
2018-01-03 15:11:45.380000,1.12353,1.12351,2250000,1500000
2018-01-03 15:11:45.793000,1.12353,1.12349,7090000,3450000
2018-01-03 15:11:46.693000,1.12353,1.1235,5450000,1120000
2018-01-03 15:11:46.749000,1.12353,1.12352,1250000,1000000
2018-01-03 15:11:46.943000,1.12355,1.12353,1250000,2250000
2018-01-03 15:12:00.012000,1.12355,1.12352,1250000,2770000
2018-01-03 15:12:00.596000,1.12354,1.12352,2440000,2020000
2018-01-03 15:12:00.883000,1.12354,1.1235,10910000,3070000
2018-01-03 15:12:01.504000,1.12353,1.1235,1500000,2620000
2018-01-03 15:12:01.756000,1.12355,1.12352,1760000,5620000
2018-01-03 15:12:02.013000,1.12356,1.12353,2060000,1120000
2018-01-03 15:12:02.535000,1.12356,1.12352,4390000,2620000
2018-01-03 15:12:03.036000,1.12356,1.12352,3930000,3820000
2018-01-03 15:12:03.752000,1.12354,1.1235,8250000,3070000
2018-01-03 15:12:04.146000,1.12353,1.1235,6670000,1120000
2018-01-03 15:12:06.211000,1.12353,1.12351,3640000,1000000
2018-01-03 15:12:06.316000,1.12355,1.12352,2440000,4500000
2018-01-03 15:12:06.825000,1.12355,1.12353,2440000,1000000
2018-01-03 15:12:08.063000,1.12355,1.12353,2250000,1870000
2018-01-03 15:12:08.169000,1.12353,1.1235,1870000,1870000
2018-01-03 15:12:08.711000,1.12352,1.1235,1120000,1000000
2018-01-03 15:12:09.240000,1.12352,1.12349,2060000,2620000
2018-01-03 15:12:09.654000,1.12352,1.1235,1310000,3370000
2018-01-03 15:12:09.862000,1.12355,1.12352,2140000,1870000
2018-01-03 15:12:10.405000,1.12355,1.12352,2060000,3370000
2018-01-03 15:12:13.519000,1.12355,1.12352,1690000,2620000
2018-01-03 15:12:21.112000,1.12355,1.12352,2810000,1200000
2018-01-03 15:12:21.632000,1.12355,1.12351,2060000,4200000
2018-01-03 15:12:22.136000,1.12355,1.12352,2060000,1000000
2018-01-03 15:12:23.573000,1.12355,1.12353,1310000,1000000
2018-01-03 15:12:24.630000,1.12355,1.12352,2060000,2320000
2018-01-03 15:12:26.414000,1.12355,1.12352,4190000,1000000
2018-01-03 15:12:26.471000,1.12353,1.12349,5250000,2320000
2018-01-03 15:12:26.577000,1.12353,1.12349,13990000,1500000
2018-01-03 15:12:27.496000,1.12353,1.12349,10380000,1000000
2018-01-03 15:12:28.025000,1.12351,1.12349,1120000,1000000
2018-01-03 15:12:29.465000,1.12352,1.12351,1100000,1500000
2018-01-03 15:12:29.518000,1.12354,1.12351,1310000,3370000
2018-01-03 15:12:30.035000,1.12354,1.12352,1310000,1000000
2018-01-03 15:12:31.359000,1.12354,1.12351,1690000,3820000
2018-01-03 15:12:33.931000,1.12354,1.1235,12930000,1100000
2018-01-03 15:12:34.463000,1.12353,1.12349,9640000,1120000
2018-01-03 15:12:35,1.12353,1.1235,4760000,1000000
2018-01-03 15:12:35.519000,1.12353,1.12351,1500000,1000000
2018-01-03 15:12:35.850000,1.12353,1.12348,9670000,4390000
2018-01-03 15:12:36.375000,1.12353,1.12348,11140000,1310000
2018-01-03 15:12:36.584000,1.12351,1.12347,1500000,4760000
2018-01-03 15:12:38.685000,1.12351,1.12346,4380000,3820000
2018-01-03 15:12:42.726000,1.1235,1.12347,3750000,1000000
2018-01-03 15:12:43.256000,1.12347,1.12345,8620000,1000000
2018-01-03 15:12:43.786000,1.12347,1.12344,2060000,2250000
2018-01-03 15:12:45.076000,1.12348,1.12345,3190000,1000000
2018-01-03 15:12:45.597000,1.12348,1.12345,2890000,1000000
2018-01-03 15:12:47.545000,1.12348,1.12345,4310000,1000000
2018-01-03 15:12:49.401000,1.12348,1.12345,2440000,1500000
2018-01-03 15:12:51.264000,1.12348,1.12345,2440000,1870000
2018-01-03 15:12:51.864000,1.12348,1.12345,2810000,1000000
2018-01-03 15:12:55.645000,1.12348,1.12346,1310000,1000000
2018-01-03 15:12:56.187000,1.12351,1.12348,6260000,1000000
2018-01-03 15:12:56.240000,1.12351,1.12347,3060000,4200000
2018-01-03 15:12:56.551000,1.12352,1.12349,2810000,1500000
2018-01-03 15:13:00.118000,1.12352,1.12349,1000000,1500000
2018-01-03 15:13:00.173000,1.12354,1.12351,1390000,2620000
2018-01-03 15:13:00.643000,1.12355,1.12352,2250000,1870000
2018-01-03 15:13:01.514000,1.12355,1.12353,1420000,1000000
2018-01-03 15:13:04.991000,1.12355,1.12352,11960000,1100000
2018-01-03 15:13:05.044000,1.12353,1.1235,2810000,2320000
2018-01-03 15:13:05.582000,1.12353,1.1235,3060000,2320000
2018-01-03 15:13:05.847000,1.12353,1.12351,1000000,1120000
2018-01-03 15:13:07.128000,1.12354,1.12351,1250000,2700000
2018-01-03 15:13:07.656000,1.12354,1.12351,1250000,3820000
2018-01-03 15:13:08.174000,1.12355,1.12352,2550000,1870000
2018-01-03 15:13:10.774000,1.12355,1.12352,2120000,2320000
2018-01-03 15:13:11.318000,1.12355,1.12352,1870000,2620000
2018-01-03 15:13:12.501000,1.12356,1.12355,1500000,1000000
2018-01-03 15:13:13.115000,1.12358,1.12355,4500000,1000000
2018-01-03 15:13:13.636000,1.12358,1.12354,4000000,4760000
2018-01-03 15:13:14.301000,1.12358,1.12355,2870000,1120000
2018-01-03 15:13:14.871000,1.12358,1.12355,1870000,1120000
2018-01-03 15:13:15.220000,1.1236,1.12359,1250000,6750000
2018-01-03 15:13:15.380000,1.12364,1.12361,1500000,5250000
2018-01-03 15:13:15.485000,1.12364,1.12361,1500000,1000000
2018-01-03 15:13:16.605000,1.12363,1.1236,3560000,1120000
2018-01-03 15:13:16.815000,1.12362,1.12358,2890000,2620000
2018-01-03 15:13:17.494000,1.12361,1.12357,3300000,5890000
2018-01-03 15:13:18.012000,1.1236,1.12357,1760000,1120000
2018-01-03 15:13:18.528000,1.1236,1.12358,1120000,1120000
2018-01-03 15:13:20.115000,1.12359,1.12356,2620000,1000000
2018-01-03 15:13:20.546000,1.12361,1.12358,1950000,1870000
2018-01-03 15:13:21.051000,1.12361,1.12358,1870000,3370000
2018-01-03 15:13:23.738000,1.12362,1.12359,2890000,1500000
2018-01-03 15:13:26.941000,1.12359,1.12357,2620000,1950000
2018-01-03 15:13:27.479000,1.12359,1.12355,3810000,7200000
2018-01-03 15:13:29.906000,1.12359,1.12357,2810000,1120000
2018-01-03 15:13:30.220000,1.12362,1.12359,1690000,3000000
2018-01-03 15:13:32.548000,1.12361,1.12358,3000000,4950000
2018-01-03 15:13:32.601000,1.12359,1.12356,2060000,1100000
2018-01-03 15:13:34.067000,1.12359,1.12355,3940000,5320000
2018-01-03 15:13:34.173000,1.12361,1.12358,2060000,1120000
2018-01-03 15:13:34.680000,1.12361,1.12358,1500000,4200000
2018-01-03 15:13:35.743000,1.12361,1.12357,12560000,2700000
2018-01-03 15:13:36.069000,1.12359,1.12356,1310000,1200000
2018-01-03 15:13:36.558000,1.1236,1.12358,1000000,2320000
2018-01-03 15:13:36.611000,1.12361,1.12358,1120000,3820000
2018-01-03 15:13:38.905000,1.12361,1.12358,5810000,1000000
2018-01-03 15:13:39.425000,1.12361,1.12356,6860000,8140000
2018-01-03 15:13:39.932000,1.12361,1.12358,1310000,2320000
2018-01-03 15:13:40.313000,1.12361,1.12357,6810000,1100000
2018-01-03 15:13:40.874000,1.12361,1.12358,3940000,1000000
2018-01-03 15:13:41.491000,1.12362,1.12358,3940000,3450000
2018-01-03 15:13:43.573000,1.12361,1.12358,1310000,1000000
2018-01-03 15:13:43.936000,1.1236,1.12356,1870000,3640000
2018-01-03 15:13:44.486000,1.12359,1.12355,2810000,2320000
2018-01-03 15:13:45.008000,1.12359,1.12355,9260000,1000000
2018-01-03 15:13:45.529000,1.12359,1.12355,6700000,1310000
2018-01-03 15:13:45.686000,1.12359,1.12356,1500000,1870000
2018-01-03 15:13:46.286000,1.1236,1.12357,3670000,2620000
2018-01-03 15:13:46.884000,1.12361,1.12358,1870000,1500000
2018-01-03 15:13:47.403000,1.12361,1.12358,2120000,1000000
2018-01-03 15:13:48.955000,1.1236,1.12357,1870000,1200000
2018-01-03 15:13:49.499000,1.12361,1.12358,2140000,1500000
2018-01-03 15:13:49.761000,1.12362,1.1236,2140000,1000000
2018-01-03 15:13:50.079000,1.12364,1.12362,1500000,1120000
2018-01-03 15:13:51.368000,1.12364,1.12361,1000000,5700000
2018-01-03 15:13:52.058000,1.12365,1.12361,5360000,2700000
2018-01-03 15:13:53.016000,1.12365,1.12361,3250000,6260000
2018-01-03 15:13:53.536000,1.12365,1.12361,3440000,4570000
2018-01-03 15:13:54.040000,1.12365,1.12362,3190000,1500000
2018-01-03 15:13:54.346000,1.12367,1.12364,2700000,3000000
2018-01-03 15:13:59.082000,1.12367,1.12363,3750000,5510000
2018-01-03 15:13:59.603000,1.12365,1.12361,3370000,7760000
2018-01-03 15:13:59.909000,1.12363,1.12359,6450000,1000000
2018-01-03 15:14:00.426000,1.12362,1.12358,7200000,1120000
2018-01-03 15:14:00.940000,1.12362,1.12359,1120000,2140000
2018-01-03 15:14:02.419000,1.12362,1.12358,2870000,5140000
2018-01-03 15:14:04.045000,1.12362,1.12358,2430000,4200000
2018-01-03 15:14:05.203000,1.12362,1.12358,2430000,4570000
2018-01-03 15:14:07.072000,1.12361,1.12357,1390000,8620000
2018-01-03 15:14:07.392000,1.12357,1.12354,4500000,2250000
2018-01-03 15:14:10.532000,1.12357,1.12353,5440000,4570000
2018-01-03 15:14:13.141000,1.12356,1.12352,2250000,3640000
2018-01-03 15:14:13.691000,1.12356,1.12352,2700000,4690000
2018-01-03 15:14:14.193000,1.12357,1.12355,3820000,1870000
2018-01-03 15:14:14.526000,1.12349,1.12346,1950000,1000000
2018-01-03 15:14:15.069000,1.12348,1.12344,2250000,5510000
2018-01-03 15:14:15.600000,1.12348,1.12345,3250000,1760000
2018-01-03 15:14:18.162000,1.12348,1.12344,5310000,4200000
2018-01-03 15:14:18.485000,1.12344,1.12341,4870000,1000000
2018-01-03 15:14:18.642000,1.12343,1.12339,2440000,1570000
2018-01-03 15:14:19.189000,1.12343,1.12339,4310000,1200000
2018-01-03 15:14:19.905000,1.12342,1.12339,1120000,1760000
2018-01-03 15:14:19.958000,1.12338,1.12335,2440000,1120000
2018-01-03 15:14:20.010000,1.12338,1.12334,6560000,1570000
2018-01-03 15:14:21.487000,1.12338,1.12335,3940000,1000000
2018-01-03 15:14:23.403000,1.12338,1.12336,3750000,1000000
2018-01-03 15:14:23.959000,1.1234,1.12339,6820000,1000000
2018-01-03 15:14:24.012000,1.12341,1.1234,1000000,1000000
2018-01-03 15:14:24.237000,1.12341,1.12338,3750000,3750000
2018-01-03 15:14:24.290000,1.1234,1.12337,1870000,1950000
2018-01-03 15:14:24.759000,1.12341,1.12339,4500000,1000000
2018-01-03 15:14:25.947000,1.12341,1.12339,1500000,2250000
2018-01-03 15:14:26.106000,1.12343,1.12341,1500000,1500000
2018-01-03 15:14:26.607000,1.12343,1.12342,1120000,1500000
2018-01-03 15:14:26.661000,1.12347,1.12344,10760000,2250000
2018-01-03 15:14:27.200000,1.12347,1.12344,9260000,1000000
2018-01-03 15:14:27.412000,1.12346,1.12342,2060000,1560000
2018-01-03 15:14:27.981000,1.12346,1.12342,6180000,1100000
2018-01-03 15:14:28.549000,1.12345,1.12342,4870000,1000000
2018-01-03 15:14:29.117000,1.12345,1.12341,9940000,1100000
2018-01-03 15:14:30.285000,1.12344,1.1234,1120000,4760000
2018-01-03 15:14:30.824000,1.12344,1.1234,8430000,1200000
2018-01-03 15:14:33.079000,1.12341,1.12338,3000000,1070000
2018-01-03 15:14:33.132000,1.12339,1.12336,1120000,1500000
2018-01-03 15:14:33.650000,1.12339,1.12335,2120000,4010000
2018-01-03 15:14:33.961000,1.12339,1.12334,13010000,2890000
2018-01-03 15:14:36.094000,1.12339,1.12334,14510000,3260000
2018-01-03 15:14:37.060000,1.12338,1.12335,8320000,1000000
2018-01-03 15:14:37.118000,1.12338,1.12335,4570000,1500000
2018-01-03 15:14:37.623000,1.12338,1.12335,3370000,2060000
2018-01-03 15:14:38.170000,1.12338,1.12334,3820000,4310000
2018-01-03 15:14:38.701000,1.12338,1.12335,2620000,1870000
2018-01-03 15:14:39.544000,1.12338,1.12334,2620000,7910000
2018-01-03 15:14:40.283000,1.12338,1.12334,2620000,7240000
2018-01-03 15:14:40.793000,1.12338,1.12335,2620000,1760000
2018-01-03 15:14:43.434000,1.12338,1.12337,1000000,1870000
2018-01-03 15:14:43.540000,1.1234,1.12338,1120000,1950000
2018-01-03 15:14:44.109000,1.12341,1.12338,1500000,5700000
2018-01-03 15:14:46.546000,1.12342,1.12339,1500000,1760000
2018-01-03 15:14:46.928000,1.12342,1.12339,2250000,1760000
2018-01-03 15:14:47.481000,1.12342,1.1234,2250000,1100000
2018-01-03 15:14:51.388000,1.12342,1.12341,1000000,1690000
2018-01-03 15:14:51.443000,1.12344,1.12341,1870000,3190000
2018-01-03 15:14:51.974000,1.12344,1.12342,1120000,1000000
2018-01-03 15:14:53.755000,1.12344,1.12341,1870000,2510000
2018-01-03 15:14:53.807000,1.12344,1.12341,2250000,1000000
2018-01-03 15:14:58.145000,1.12344,1.1234,3750000,4200000
2018-01-03 15:14:58.690000,1.12343,1.12339,3070000,1000000
2018-01-03 15:14:59.223000,1.12342,1.12338,2320000,3560000
2018-01-03 15:15:00.715000,1.12341,1.12338,2890000,1500000
