time,ask,bid,ask_volume,bid_volume
2017-03-17 13:55:00.427000,1.13065,1.13063,1120000,1120000
2017-03-17 13:55:00.936000,1.13065,1.13062,2440000,1000000
2017-03-17 13:55:01.442000,1.13064,1.13061,2620000,1000000
2017-03-17 13:55:03.124000,1.13064,1.13062,2440000,1000000
2017-03-17 13:55:03.629000,1.13064,1.13061,2440000,1000000
2017-03-17 13:55:05.117000,1.13064,1.13063,1000000,1000000
2017-03-17 13:55:05.320000,1.13065,1.13062,1000000,5250000
2017-03-17 13:55:05.422000,1.13068,1.13065,3190000,1000000
2017-03-17 13:55:05.970000,1.13068,1.13064,3940000,1000000
2017-03-17 13:55:12.235000,1.13068,1.13064,3940000,1000000
2017-03-17 13:55:14.556000,1.13067,1.13064,1500000,1000000
2017-03-17 13:55:15.066000,1.13068,1.13064,3940000,1000000
2017-03-17 13:55:16.632000,1.13066,1.13064,1000000,1000000
2017-03-17 13:55:17.149000,1.13068,1.13064,7160000,1000000
2017-03-17 13:55:17.504000,1.13066,1.13064,1440000,1000000
2017-03-17 13:55:17.758000,1.13064,1.13061,1250000,1120000
2017-03-17 13:55:18.062000,1.13065,1.13063,4310000,1000000
2017-03-17 13:55:18.367000,1.13063,1.1306,2440000,1500000
2017-03-17 13:55:18.582000,1.13061,1.13059,2810000,1000000
2017-03-17 13:55:18.633000,1.13059,1.13058,3560000,7120000
2017-03-17 13:55:18.735000,1.13056,1.13055,2810000,1000000
2017-03-17 13:55:18.837000,1.13056,1.13053,2060000,1000000
2017-03-17 13:55:19.346000,1.13054,1.13052,1000000,1000000
2017-03-17 13:55:19.873000,1.13053,1.13052,1000000,1000000
2017-03-17 13:55:20.228000,1.13051,1.1305,1000000,1120000
2017-03-17 13:55:20.583000,1.13053,1.13051,1000000,1000000
2017-03-17 13:55:21.005000,1.13052,1.1305,1370000,1000000
2017-03-17 13:55:21.322000,1.13047,1.13046,1310000,1000000
2017-03-17 13:55:21.374000,1.13047,1.13043,1690000,3000000
2017-03-17 13:55:21.829000,1.13044,1.13042,1250000,3450000
2017-03-17 13:55:21.981000,1.13043,1.1304,1870000,1120000
2017-03-17 13:55:22.488000,1.13042,1.13039,1120000,1000000
2017-03-17 13:55:22.640000,1.13043,1.13041,3000000,3600000
2017-03-17 13:55:22.741000,1.13044,1.13042,3260000,1250000
2017-03-17 13:55:22.843000,1.13045,1.13044,1500000,1000000
2017-03-17 13:55:23.148000,1.13048,1.13047,1500000,1000000
2017-03-17 13:55:23.250000,1.13049,1.13046,1870000,1000000
2017-03-17 13:55:24.047000,1.13048,1.13046,1000000,1000000
2017-03-17 13:55:24.452000,1.13046,1.13043,1500000,3370000
2017-03-17 13:55:25.326000,1.13046,1.13045,1000000,1000000
2017-03-17 13:55:27.223000,1.13044,1.13042,1250000,2700000
2017-03-17 13:55:27.325000,1.13043,1.1304,1000000,1870000
2017-03-17 13:55:27.883000,1.13043,1.13039,3190000,1870000
2017-03-17 13:55:28.390000,1.13042,1.13039,1000000,1870000
2017-03-17 13:55:28.737000,1.1304,1.13038,1000000,6000000
2017-03-17 13:55:28.890000,1.13039,1.13036,1870000,3940000
2017-03-17 13:55:29.398000,1.13037,1.13034,1910000,3000000
2017-03-17 13:55:29.724000,1.13034,1.13033,1120000,1000000
2017-03-17 13:55:29.775000,1.13034,1.1303,1870000,6560000
2017-03-17 13:55:30.129000,1.13034,1.13032,1500000,1000000
2017-03-17 13:55:30.635000,1.13035,1.13032,1500000,1000000
2017-03-17 13:55:32.500000,1.13035,1.13033,1010000,1000000
2017-03-17 13:55:33.262000,1.13036,1.13033,3000000,1500000
2017-03-17 13:55:33.616000,1.13036,1.13035,3260000,1000000
2017-03-17 13:55:34.334000,1.13036,1.13033,1500000,1500000
2017-03-17 13:55:34.536000,1.13036,1.13035,1500000,1000000
2017-03-17 13:55:35.245000,1.13037,1.13034,4570000,1000000
2017-03-17 13:55:35.533000,1.13041,1.13038,1000000,2060000
2017-03-17 13:55:35.686000,1.13042,1.1304,1120000,1120000
2017-03-17 13:55:35.888000,1.13044,1.13041,5290000,1500000
2017-03-17 13:55:36.395000,1.13045,1.13041,3190000,2620000
2017-03-17 13:55:39.272000,1.13045,1.13042,1570000,1000000
2017-03-17 13:55:39.475000,1.13044,1.13041,5660000,1120000
2017-03-17 13:55:39.779000,1.13045,1.13043,5250000,2250000
2017-03-17 13:55:39.931000,1.13045,1.13042,1390000,3450000
2017-03-17 13:55:40.464000,1.13045,1.13042,1120000,1000000
2017-03-17 13:55:41.273000,1.13045,1.13043,1120000,1000000
2017-03-17 13:55:42.173000,1.13046,1.13044,1370000,1870000
2017-03-17 13:55:42.276000,1.13048,1.13044,3560000,1500000
2017-03-17 13:55:42.478000,1.13046,1.13044,1870000,1000000
2017-03-17 13:55:42.783000,1.13043,1.13041,1000000,1500000
2017-03-17 13:55:45.287000,1.13044,1.13043,1870000,1000000
2017-03-17 13:55:45.440000,1.13047,1.13044,1690000,1120000
2017-03-17 13:55:45.948000,1.13048,1.13045,2250000,1870000
2017-03-17 13:55:46.460000,1.13048,1.13045,1120000,1870000
2017-03-17 13:55:46.763000,1.13049,1.13047,1010000,1000000
2017-03-17 13:55:47.327000,1.1305,1.13046,1870000,2810000
2017-03-17 13:55:47.828000,1.13048,1.13046,1000000,1870000
2017-03-17 13:55:48.918000,1.13049,1.13046,1120000,1370000
2017-03-17 13:55:54.539000,1.13049,1.13046,1710000,1870000
2017-03-17 13:55:57.031000,1.13049,1.13046,5270000,1120000
2017-03-17 13:55:58.795000,1.13046,1.13045,1120000,1500000
2017-03-17 13:55:58.846000,1.13046,1.13044,2080000,1250000
2017-03-17 13:55:59.372000,1.13046,1.13043,2460000,1120000
2017-03-17 13:56:00.032000,1.13045,1.13042,1000000,1690000
2017-03-17 13:56:03.231000,1.13043,1.13042,1000000,1120000
2017-03-17 13:56:03.740000,1.13044,1.13041,2620000,1000000
2017-03-17 13:56:06.279000,1.13043,1.1304,1000000,2440000
2017-03-17 13:56:07.167000,1.13044,1.1304,3750000,3190000
2017-03-17 13:56:07.728000,1.13044,1.13041,2250000,1000000
2017-03-17 13:56:12.633000,1.13044,1.13043,1120000,1250000
2017-03-17 13:56:13.190000,1.13046,1.13043,2620000,2060000
2017-03-17 13:56:13.518000,1.13046,1.13045,1870000,1000000
2017-03-17 13:56:13.569000,1.13047,1.13045,1120000,1500000
2017-03-17 13:56:14.075000,1.13048,1.13046,1000000,1250000
2017-03-17 13:56:22.311000,1.13048,1.13045,1870000,3190000
2017-03-17 13:56:22.945000,1.13048,1.13045,2250000,1120000
2017-03-17 13:56:26.266000,1.13048,1.13046,2250000,1370000
2017-03-17 13:56:26.368000,1.13048,1.13045,1500000,2620000
2017-03-17 13:56:26.470000,1.13048,1.13046,1000000,1870000
2017-03-17 13:56:26.623000,1.1305,1.13048,1120000,1500000
2017-03-17 13:56:26.876000,1.13051,1.1305,1000000,1690000
2017-03-17 13:56:27.010000,1.13053,1.13052,6000000,1000000
2017-03-17 13:56:27.314000,1.1305,1.13049,1000000,8250000
2017-03-17 13:56:27.467000,1.13049,1.13048,1000000,1120000
2017-03-17 13:56:27.670000,1.13047,1.13046,1000000,1870000
2017-03-17 13:56:29.878000,1.13046,1.13045,1000000,1000000
2017-03-17 13:56:31.171000,1.13048,1.13045,1120000,1500000
2017-03-17 13:56:33.462000,1.13048,1.13046,1120000,1000000
2017-03-17 13:56:34.989000,1.13048,1.13045,1120000,2440000
2017-03-17 13:56:35.193000,1.13047,1.13045,1000000,2250000
2017-03-17 13:56:35.446000,1.13048,1.13046,1500000,1000000
2017-03-17 13:56:42.479000,1.13049,1.13046,1120000,3940000
2017-03-17 13:56:44.186000,1.13047,1.13046,1000000,1000000
2017-03-17 13:56:44.770000,1.13048,1.13046,1120000,1000000
2017-03-17 13:56:46.570000,1.13048,1.13046,1120000,1370000
2017-03-17 13:56:48.472000,1.13049,1.13048,1500000,1000000
2017-03-17 13:56:49.087000,1.13049,1.13048,1120000,1000000
2017-03-17 13:56:51.118000,1.13048,1.13047,1000000,1120000
2017-03-17 13:56:51.649000,1.13048,1.13047,1000000,1120000
2017-03-17 13:56:55.491000,1.13044,1.13043,1000000,6370000
2017-03-17 13:56:56.024000,1.13043,1.13042,1000000,1500000
2017-03-17 13:56:56.681000,1.13043,1.1304,1000000,2110000
2017-03-17 13:56:56.732000,1.13044,1.13042,3750000,1000000
2017-03-17 13:56:57.256000,1.13043,1.13041,1500000,1000000
2017-03-17 13:56:58.033000,1.13044,1.13042,2620000,1000000
2017-03-17 13:56:58.539000,1.13043,1.13041,1000000,1000000
2017-03-17 13:57:00.032000,1.13044,1.13042,2620000,1000000
2017-03-17 13:57:00.556000,1.13043,1.13041,1500000,1000000
2017-03-17 13:57:01.263000,1.13043,1.13042,1000000,1000000
2017-03-17 13:57:01.811000,1.13043,1.13041,1000000,1540000
2017-03-17 13:57:02.367000,1.13043,1.13042,1000000,1000000
2017-03-17 13:57:03.075000,1.13043,1.13041,1000000,1000000
2017-03-17 13:57:06.915000,1.13043,1.13042,1000000,1000000
2017-03-17 13:57:07.674000,1.13043,1.13041,1000000,1000000
2017-03-17 13:57:08.179000,1.13044,1.13042,1570000,1000000
2017-03-17 13:57:10.692000,1.13044,1.13043,1100000,1000000
2017-03-17 13:57:11.815000,1.13044,1.13041,1500000,1310000
2017-03-17 13:57:12.370000,1.13044,1.13042,3070000,1000000
2017-03-17 13:57:15.676000,1.13043,1.13042,1000000,1000000
2017-03-17 13:57:16.287000,1.13043,1.13042,1120000,1000000
2017-03-17 13:57:16.913000,1.13043,1.13042,1120000,1000000
2017-03-17 13:57:19.835000,1.13044,1.13042,3000000,1000000
2017-03-17 13:57:21.581000,1.13044,1.13043,2250000,1000000
2017-03-17 13:57:22.155000,1.13045,1.13043,2700000,1000000
2017-03-17 13:57:22.540000,1.13047,1.13045,3000000,1500000
2017-03-17 13:57:23.058000,1.13047,1.13045,1500000,1000000
2017-03-17 13:57:24.689000,1.13046,1.13045,1250000,1000000
2017-03-17 13:57:24.790000,1.13044,1.13043,1000000,2250000
2017-03-17 13:57:24.892000,1.13041,1.1304,1000000,1500000
2017-03-17 13:57:24.943000,1.13039,1.13038,1500000,1120000
2017-03-17 13:57:25.096000,1.13036,1.13035,2620000,4720000
2017-03-17 13:57:25.147000,1.13032,1.1303,1000000,14850000
2017-03-17 13:57:25.249000,1.13033,1.13031,2060000,1000000
2017-03-17 13:57:25.445000,1.13032,1.1303,1000000,2060000
2017-03-17 13:57:25.951000,1.13032,1.13031,1000000,1690000
2017-03-17 13:57:26.255000,1.13034,1.13033,1000000,1000000
2017-03-17 13:57:26.408000,1.13031,1.13029,1000000,1120000
2017-03-17 13:57:26.661000,1.13033,1.1303,1120000,2810000
2017-03-17 13:57:27.181000,1.13032,1.1303,1500000,2440000
2017-03-17 13:57:27.384000,1.13031,1.13029,1000000,2440000
2017-03-17 13:57:27.689000,1.13032,1.13031,1000000,1000000
2017-03-17 13:57:28.293000,1.13032,1.1303,1000000,1500000
2017-03-17 13:57:28.496000,1.13031,1.13028,1120000,2440000
2017-03-17 13:57:28.718000,1.13032,1.1303,1000000,1000000
2017-03-17 13:57:30.201000,1.13032,1.1303,1000000,1000000
2017-03-17 13:57:30.505000,1.13027,1.13026,1500000,1500000
2017-03-17 13:57:30.768000,1.13024,1.13021,9000000,1250000
2017-03-17 13:57:30.920000,1.13022,1.1302,1500000,2620000
2017-03-17 13:57:31.175000,1.1302,1.13018,1000000,1310000
2017-03-17 13:57:31.682000,1.13019,1.13017,1120000,1870000
2017-03-17 13:57:34.517000,1.13019,1.13018,1120000,1000000
2017-03-17 13:57:35.359000,1.13018,1.13017,1690000,1870000
2017-03-17 13:57:35.829000,1.13021,1.13018,2440000,1870000
2017-03-17 13:57:36.802000,1.13021,1.13019,1690000,1000000
2017-03-17 13:57:37.313000,1.13021,1.1302,1000000,1000000
2017-03-17 13:57:37.415000,1.1302,1.13018,1250000,1870000
2017-03-17 13:57:37.517000,1.13021,1.13017,3560000,1120000
2017-03-17 13:57:37.725000,1.13021,1.1302,1250000,1000000
2017-03-17 13:57:38.130000,1.13022,1.1302,1310000,1000000
2017-03-17 13:57:38.489000,1.13026,1.13023,3560000,1000000
2017-03-17 13:57:38.641000,1.13027,1.13025,1870000,1000000
2017-03-17 13:57:39.263000,1.13028,1.13026,1500000,1000000
2017-03-17 13:57:39.801000,1.13029,1.13026,5290000,1000000
2017-03-17 13:57:41.195000,1.13027,1.13026,1350000,1000000
2017-03-17 13:57:41.667000,1.13029,1.13026,2250000,1870000
2017-03-17 13:57:42.330000,1.13029,1.13026,3940000,1120000
2017-03-17 13:57:45.247000,1.13029,1.13027,1690000,1000000
2017-03-17 13:57:45.627000,1.1303,1.13028,1000000,1000000
2017-03-17 13:57:46.133000,1.13031,1.13028,3560000,1500000
2017-03-17 13:57:46.387000,1.13031,1.1303,1870000,1000000
2017-03-17 13:57:46.539000,1.13029,1.13028,1000000,2250000
2017-03-17 13:57:48.106000,1.1303,1.13028,2250000,2250000
2017-03-17 13:57:48.632000,1.13029,1.13028,1000000,1500000
2017-03-17 13:57:49.595000,1.1303,1.13029,1500000,1000000
2017-03-17 13:57:50.102000,1.13031,1.13029,1500000,1000000
2017-03-17 13:57:50.648000,1.13031,1.13028,2620000,1500000
2017-03-17 13:57:51.197000,1.13031,1.13028,3750000,1500000
2017-03-17 13:57:52.474000,1.1303,1.13028,3340000,1000000
2017-03-17 13:57:52.829000,1.13028,1.13026,1240000,1000000
2017-03-17 13:57:53.614000,1.13028,1.13026,1240000,1000000
2017-03-17 13:57:55.221000,1.13028,1.13026,2250000,1000000
2017-03-17 13:57:55.273000,1.13026,1.13024,1350000,3000000
2017-03-17 13:57:55.779000,1.13027,1.13024,4500000,1000000
2017-03-17 13:57:56.539000,1.13026,1.13024,1000000,1000000
2017-03-17 13:57:58.724000,1.13025,1.13023,1000000,1310000
2017-03-17 13:57:59.230000,1.13025,1.13022,1870000,1250000
2017-03-17 13:57:59.737000,1.13025,1.13023,1870000,1000000
2017-03-17 13:58:01.927000,1.13024,1.13022,1370000,1690000
2017-03-17 13:58:02.232000,1.13022,1.13021,1000000,1000000
2017-03-17 13:58:02.738000,1.13023,1.13021,1120000,1000000
2017-03-17 13:58:03.244000,1.13023,1.13022,1000000,1000000
2017-03-17 13:58:04.043000,1.13024,1.13022,1120000,1000000
2017-03-17 13:58:04.560000,1.13023,1.13022,1000000,1000000
2017-03-17 13:58:05.068000,1.13022,1.13021,1500000,1120000
2017-03-17 13:58:05.383000,1.1302,1.13019,1000000,1500000
2017-03-17 13:58:06.651000,1.13022,1.13019,2250000,1000000
2017-03-17 13:58:07.190000,1.13022,1.1302,1990000,1000000
2017-03-17 13:58:09.024000,1.13021,1.13019,1000000,1000000
2017-03-17 13:58:09.277000,1.13021,1.13018,1000000,2060000
2017-03-17 13:58:09.783000,1.13021,1.13019,1000000,1000000
2017-03-17 13:58:10.984000,1.13021,1.1302,1500000,1000000
2017-03-17 13:58:11.389000,1.1302,1.13018,1990000,1000000
2017-03-17 13:58:11.894000,1.13019,1.13017,2740000,1000000
2017-03-17 13:58:12.432000,1.13019,1.13016,2250000,1250000
2017-03-17 13:58:12.939000,1.13018,1.13017,1000000,1000000
2017-03-17 13:58:13.441000,1.13019,1.13016,2740000,1690000
2017-03-17 13:58:13.696000,1.13019,1.13017,1130000,1690000
2017-03-17 13:58:14.355000,1.1302,1.13018,1870000,1000000
2017-03-17 13:58:20.754000,1.13017,1.13016,1000000,1000000
2017-03-17 13:58:20.957000,1.13017,1.13015,1870000,1000000
2017-03-17 13:58:21.836000,1.13016,1.13015,1000000,1000000
2017-03-17 13:58:26.543000,1.13017,1.13016,1000000,1000000
2017-03-17 13:58:27.076000,1.13019,1.13016,4690000,1500000
2017-03-17 13:58:27.177000,1.1302,1.13018,1870000,1000000
2017-03-17 13:58:27.699000,1.1302,1.13019,1000000,1000000
2017-03-17 13:58:28.282000,1.13021,1.13018,3000000,1500000
2017-03-17 13:58:29.357000,1.1302,1.13019,1000000,1000000
2017-03-17 13:58:29.880000,1.1302,1.13018,1370000,1000000
2017-03-17 13:58:30.185000,1.1302,1.13016,8440000,1500000
2017-03-17 13:58:30.740000,1.1302,1.13017,6750000,1500000
2017-03-17 13:58:31.694000,1.1302,1.13016,3750000,2440000
2017-03-17 13:58:32.228000,1.13019,1.13017,1870000,1500000
2017-03-17 13:58:32.783000,1.13019,1.13016,2620000,1250000
2017-03-17 13:58:33.324000,1.13019,1.13018,1000000,1000000
2017-03-17 13:58:33.830000,1.1302,1.13017,1870000,1690000
2017-03-17 13:58:34.438000,1.13021,1.13018,3000000,1000000
2017-03-17 13:58:35.015000,1.1302,1.13017,8470000,1500000
2017-03-17 13:58:36.553000,1.13019,1.13016,2620000,1690000
2017-03-17 13:58:38.413000,1.13019,1.13016,1500000,2440000
2017-03-17 13:58:40.749000,1.13019,1.13017,1000000,1000000
2017-03-17 13:58:41.373000,1.13019,1.13017,2620000,1000000
2017-03-17 13:58:41.958000,1.13019,1.13016,4870000,1500000
2017-03-17 13:58:42.579000,1.13019,1.13015,4870000,1690000
2017-03-17 13:58:44.787000,1.13018,1.13016,1120000,1500000
2017-03-17 13:58:44.888000,1.13019,1.13018,1000000,1000000
2017-03-17 13:58:45.041000,1.13021,1.13019,1870000,1000000
2017-03-17 13:58:45.446000,1.13023,1.1302,1120000,1500000
2017-03-17 13:58:45.673000,1.13021,1.13019,1000000,3560000
2017-03-17 13:58:46.306000,1.13022,1.1302,7690000,1000000
2017-03-17 13:58:46.910000,1.13021,1.1302,1000000,1000000
2017-03-17 13:58:48.194000,1.13023,1.13021,2120000,1250000
2017-03-17 13:58:48.397000,1.13021,1.1302,1000000,1500000
2017-03-17 13:58:48.853000,1.13023,1.1302,1500000,2810000
2017-03-17 13:58:48.904000,1.13024,1.13022,3600000,1190000
2017-03-17 13:58:49.107000,1.13028,1.13025,3000000,1250000
2017-03-17 13:58:49.658000,1.13028,1.13026,1120000,1000000
2017-03-17 13:58:50.217000,1.13028,1.13025,2250000,1690000
2017-03-17 13:58:50.319000,1.13027,1.13025,1870000,1690000
2017-03-17 13:58:50.775000,1.13028,1.13027,3370000,1000000
2017-03-17 13:58:51.135000,1.13029,1.13027,1120000,1000000
2017-03-17 13:58:51.652000,1.1303,1.13028,2250000,1000000
2017-03-17 13:58:56.417000,1.13027,1.13026,1870000,1000000
2017-03-17 13:58:56.722000,1.13025,1.13022,2620000,1690000
2017-03-17 13:58:57.230000,1.13025,1.13022,3000000,1250000
2017-03-17 13:58:57.649000,1.13016,1.13014,1000000,22690001
2017-03-17 13:58:57.802000,1.13012,1.1301,8620000,1050000
2017-03-17 13:58:58.308000,1.13011,1.13008,1870000,2290000
2017-03-17 13:58:58.817000,1.13012,1.13009,1500000,1250000
2017-03-17 13:59:00.247000,1.13013,1.13009,5250000,1690000
2017-03-17 13:59:00.299000,1.13015,1.13013,10120000,1000000
2017-03-17 13:59:00.502000,1.13017,1.13016,1300000,1000000
2017-03-17 13:59:01.011000,1.13018,1.13016,1120000,1000000
2017-03-17 13:59:01.519000,1.13018,1.13017,1120000,1000000
2017-03-17 13:59:02.041000,1.13019,1.13016,3000000,1250000
2017-03-17 13:59:02.554000,1.13019,1.13017,3750000,1000000
2017-03-17 13:59:03.174000,1.13018,1.13017,1000000,1000000
2017-03-17 13:59:03.680000,1.1302,1.13018,2620000,1000000
2017-03-17 13:59:04.294000,1.13021,1.1302,1000000,1000000
2017-03-17 13:59:04.497000,1.13022,1.13021,1500000,1690000
2017-03-17 13:59:05.004000,1.13023,1.13022,1120000,1500000
2017-03-17 13:59:05.258000,1.13026,1.13022,3000000,2440000
2017-03-17 13:59:05.799000,1.13024,1.13022,1000000,3000000
2017-03-17 13:59:06.508000,1.13024,1.13023,1120000,1120000
2017-03-17 13:59:07.013000,1.13023,1.13022,1120000,1500000
2017-03-17 13:59:07.388000,1.13021,1.13019,3100000,4870000
2017-03-17 13:59:07.439000,1.13019,1.13018,2470000,1500000
2017-03-17 13:59:07.541000,1.13018,1.13017,1000000,1120000
2017-03-17 13:59:08.047000,1.13018,1.13015,1500000,2440000
2017-03-17 13:59:11.399000,1.13016,1.13015,1000000,1500000
2017-03-17 13:59:11.450000,1.13016,1.13014,1000000,1310000
2017-03-17 13:59:11.501000,1.13018,1.13016,1870000,1000000
2017-03-17 13:59:11.806000,1.1302,1.13019,1500000,1000000
2017-03-17 13:59:11.908000,1.13022,1.1302,1300000,1250000
2017-03-17 13:59:12.412000,1.13023,1.13021,1500000,1500000
2017-03-17 13:59:15.338000,1.13026,1.13022,4690000,1000000
2017-03-17 13:59:16.360000,1.13025,1.13021,1310000,1500000
2017-03-17 13:59:16.867000,1.13025,1.13022,1310000,1000000
2017-03-17 13:59:17.428000,1.13025,1.13021,1310000,1000000
2017-03-17 13:59:18.319000,1.13021,1.1302,1000000,1000000
2017-03-17 13:59:18.471000,1.13022,1.13018,7310000,1000000
2017-03-17 13:59:18.624000,1.13019,1.13017,1000000,1000000
2017-03-17 13:59:18.928000,1.13018,1.13015,1750000,1690000
2017-03-17 13:59:20.015000,1.13017,1.13013,1750000,4310000
2017-03-17 13:59:20.549000,1.13016,1.13015,1000000,1000000
2017-03-17 13:59:21.580000,1.13018,1.13013,1750000,1690000
2017-03-17 13:59:22.084000,1.13018,1.13013,1750000,2440000
2017-03-17 13:59:22.363000,1.13017,1.13015,1000000,1000000
2017-03-17 13:59:23.182000,1.13018,1.13016,1500000,1000000
2017-03-17 13:59:23.815000,1.13019,1.13013,5060000,4310000
2017-03-17 13:59:24.150000,1.13019,1.13016,1750000,1690000
2017-03-17 13:59:24.303000,1.13022,1.13018,1870000,3970000
2017-03-17 13:59:24.354000,1.13022,1.1302,1120000,1190000
2017-03-17 13:59:24.708000,1.13021,1.13018,1000000,4160000
2017-03-17 13:59:25.214000,1.1302,1.13018,1000000,1190000
2017-03-17 13:59:25.761000,1.13019,1.13018,1000000,1120000
2017-03-17 13:59:26.267000,1.1302,1.13016,2250000,1190000
2017-03-17 13:59:28.788000,1.13021,1.13019,1500000,1250000
2017-03-17 13:59:29.325000,1.13022,1.13019,1870000,1250000
2017-03-17 13:59:30.082000,1.13023,1.1302,3370000,1000000
2017-03-17 13:59:30.791000,1.13024,1.13019,2620000,2440000
2017-03-17 13:59:31.302000,1.13024,1.13019,3560000,1250000
2017-03-17 13:59:33.272000,1.1302,1.13018,1000000,1310000
2017-03-17 13:59:33.323000,1.1302,1.13016,2620000,1690000
2017-03-17 13:59:33.526000,1.13018,1.13014,1000000,2440000
2017-03-17 13:59:34.040000,1.13019,1.13014,3370000,1190000
2017-03-17 13:59:34.395000,1.13016,1.13012,1120000,2440000
2017-03-17 13:59:34.903000,1.13017,1.13012,1870000,2810000
2017-03-17 13:59:37.498000,1.13018,1.13013,1500000,1310000
2017-03-17 13:59:38.960000,1.13019,1.13018,1100000,1500000
2017-03-17 13:59:39.062000,1.13025,1.1302,2620000,4690000
2017-03-17 13:59:39.113000,1.13025,1.13023,1370000,1250000
2017-03-17 13:59:39.164000,1.13026,1.13023,1120000,1250000
2017-03-17 13:59:39.317000,1.13028,1.13023,1870000,2810000
2017-03-17 13:59:39.570000,1.13028,1.13026,1200000,1250000
2017-03-17 13:59:39.672000,1.13029,1.13026,1000000,1250000
2017-03-17 13:59:42.287000,1.13029,1.13025,1100000,2060000
2017-03-17 13:59:43.001000,1.13028,1.13025,1000000,1250000
2017-03-17 13:59:43.510000,1.1303,1.13025,3260000,2060000
2017-03-17 13:59:44.017000,1.13028,1.13025,1000000,1250000
2017-03-17 13:59:44.522000,1.1303,1.13025,6940000,1250000
2017-03-17 13:59:46.155000,1.1303,1.13025,3190000,1250000
2017-03-17 13:59:46.664000,1.1303,1.13026,1250000,1000000
2017-03-17 13:59:47.586000,1.13028,1.13024,1000000,2440000
2017-03-17 13:59:47.892000,1.13026,1.13023,1500000,1690000
2017-03-17 13:59:50.055000,1.13025,1.13023,1000000,1690000
2017-03-17 13:59:50.624000,1.13026,1.13023,1000000,1690000
2017-03-17 13:59:51.131000,1.13027,1.13023,1870000,1690000
2017-03-17 13:59:51.673000,1.13026,1.13023,1000000,1690000
2017-03-17 13:59:52.222000,1.13027,1.13023,2620000,1690000
2017-03-17 13:59:52.739000,1.13027,1.13024,1000000,1000000
2017-03-17 13:59:53.254000,1.13027,1.13023,1000000,1690000
2017-03-17 13:59:55.002000,1.13026,1.13023,1120000,1000000
2017-03-17 13:59:55.561000,1.13025,1.13023,1000000,1000000
2017-03-17 13:59:55.917000,1.13023,1.13021,1000000,1000000
2017-03-17 13:59:56.224000,1.13024,1.13018,1750000,1690000
2017-03-17 13:59:58.232000,1.13021,1.13018,1000000,1190000
2017-03-17 13:59:58.698000,1.13019,1.13017,1000000,1190000
2017-03-17 13:59:58.852000,1.13021,1.13017,1870000,1190000
2017-03-17 13:59:58.955000,1.1302,1.13016,1120000,1000000
2017-03-17 13:59:59.007000,1.13017,1.13014,1000000,3190000
2017-03-17 13:59:59.543000,1.13018,1.13013,1870000,1250000
2017-03-17 14:00:00.082000,1.13018,1.13014,1000000,1250000
2017-03-17 14:00:00.386000,1.13016,1.13013,1120000,2060000
2017-03-17 14:00:00.692000,1.13014,1.13012,1000000,1250000
2017-03-17 14:00:00.908000,1.13016,1.13012,1120000,1250000
2017-03-17 14:00:01.062000,1.13014,1.1301,1000000,3940000
2017-03-17 14:00:01.521000,1.13016,1.13011,1870000,1190000
2017-03-17 14:00:01.832000,1.13011,1.13009,1000000,1370000
2017-03-17 14:00:02.135000,1.13014,1.13012,1120000,1190000
2017-03-17 14:00:02.339000,1.13018,1.13016,1000000,1000000
2017-03-17 14:00:02.390000,1.1302,1.13016,1310000,1000000
2017-03-17 14:00:02.492000,1.13021,1.13018,1690000,1000000
2017-03-17 14:00:02.853000,1.13024,1.13023,1000000,1000000
2017-03-17 14:00:02.955000,1.13023,1.13019,1000000,1690000
2017-03-17 14:00:03.006000,1.13024,1.13022,1690000,1500000
2017-03-17 14:00:03.108000,1.13024,1.13018,2810000,4310000
2017-03-17 14:00:03.312000,1.13021,1.13016,1190000,3000000
2017-03-17 14:00:03.627000,1.13008,1.13007,1000000,1000000
2017-03-17 14:00:03.931000,1.13023,1.13018,4310000,1000000
2017-03-17 14:00:03.983000,1.1302,1.13018,2250000,1690000
2017-03-17 14:00:04.085000,1.13022,1.1302,1000000,1120000
2017-03-17 14:00:04.187000,1.13025,1.1302,1690000,1120000
2017-03-17 14:00:04.707000,1.13023,1.13018,1250000,1690000
2017-03-17 14:00:04.910000,1.13022,1.13017,1250000,1310000
2017-03-17 14:00:04.961000,1.13021,1.13015,1190000,2440000
2017-03-17 14:00:05.012000,1.13021,1.13015,1310000,2060000
2017-03-17 14:00:05.573000,1.13021,1.13016,1310000,1000000
2017-03-17 14:00:05.731000,1.13021,1.13018,1310000,1000000
2017-03-17 14:00:05.784000,1.13023,1.1302,1000000,1000000
2017-03-17 14:00:05.990000,1.13021,1.13018,1000000,4500000
2017-03-17 14:00:06.248000,1.13019,1.13014,2810000,1000000
2017-03-17 14:00:06.744000,1.13018,1.13016,1250000,1000000
2017-03-17 14:00:07.150000,1.13019,1.13014,2440000,1120000
2017-03-17 14:00:07.201000,1.13017,1.13014,1190000,1120000
2017-03-17 14:00:07.303000,1.13017,1.13012,1310000,1000000
2017-03-17 14:00:07.557000,1.13014,1.1301,1690000,1120000
2017-03-17 14:00:07.877000,1.1301,1.13007,2060000,1000000
2017-03-17 14:00:08.183000,1.13012,1.13009,1190000,1000000
2017-03-17 14:00:08.386000,1.13011,1.13008,1190000,1000000
2017-03-17 14:00:08.439000,1.13012,1.13008,2250000,2440000
2017-03-17 14:00:08.744000,1.13014,1.13013,3000000,1000000
2017-03-17 14:00:08.795000,1.13017,1.13014,4310000,1000000
2017-03-17 14:00:09.672000,1.13016,1.13013,1250000,1000000
2017-03-17 14:00:10.178000,1.13016,1.13013,1250000,2250000
2017-03-17 14:00:10.973000,1.13017,1.13014,1690000,1120000
2017-03-17 14:00:11.227000,1.13015,1.13013,1250000,2250000
2017-03-17 14:00:11.997000,1.13015,1.13012,1250000,1120000
2017-03-17 14:00:12.504000,1.13015,1.13013,1250000,1000000
2017-03-17 14:00:13.010000,1.13015,1.13011,1250000,2620000
2017-03-17 14:00:13.399000,1.13013,1.1301,1250000,1120000
2017-03-17 14:00:13.552000,1.13011,1.13009,1250000,1120000
2017-03-17 14:00:13.603000,1.1301,1.13008,1250000,1120000
2017-03-17 14:00:13.705000,1.13008,1.13005,1250000,1120000
2017-03-17 14:00:13.806000,1.13005,1.13004,2440000,2250000
2017-03-17 14:00:14.313000,1.13006,1.13004,4160000,1000000
2017-03-17 14:00:14.652000,1.13004,1.13002,1050000,1000000
2017-03-17 14:00:14.958000,1.12998,1.12996,1350000,1000000
2017-03-17 14:00:15.160000,1.12998,1.12995,2850000,1870000
2017-03-17 14:00:15.263000,1.12999,1.12997,3370000,1000000
2017-03-17 14:00:15.364000,1.12999,1.12996,5470000,1000000
2017-03-17 14:00:15.974000,1.12998,1.12996,1120000,1000000
2017-03-17 14:00:16.076000,1.12997,1.12995,2500000,1120000
2017-03-17 14:00:16.333000,1.12991,1.12988,1120000,1120000
2017-03-17 14:00:16.487000,1.12991,1.1299,1000000,1000000
2017-03-17 14:00:16.800000,1.1298,1.12977,1750000,1250000
2017-03-17 14:00:17.310000,1.12977,1.12976,2060000,1870000
2017-03-17 14:00:17.361000,1.12974,1.12972,2060000,4870000
2017-03-17 14:00:17.463000,1.12976,1.12971,1310000,2620000
2017-03-17 14:00:17.565000,1.12975,1.12971,1870000,1870000
2017-03-17 14:00:17.668000,1.12974,1.12969,3370000,1870000
2017-03-17 14:00:17.840000,1.12975,1.12973,1870000,1000000
2017-03-17 14:00:18.247000,1.12975,1.1297,5060000,1000000
2017-03-17 14:00:18.756000,1.12975,1.12969,5810000,1690000
2017-03-17 14:00:19.287000,1.12974,1.12968,1870000,3370000
2017-03-17 14:00:19.742000,1.12974,1.12971,1250000,1000000
2017-03-17 14:00:20.229000,1.1297,1.12968,1250000,3750000
2017-03-17 14:00:20.585000,1.12972,1.12969,1990000,1000000
2017-03-17 14:00:21.127000,1.12972,1.12969,1990000,1000000
2017-03-17 14:00:21.785000,1.12971,1.12969,1250000,1000000
2017-03-17 14:00:22.191000,1.12971,1.12968,4540000,1500000
2017-03-17 14:00:22.395000,1.1297,1.12967,1690000,1000000
2017-03-17 14:00:22.599000,1.1297,1.12969,1000000,1000000
2017-03-17 14:00:22.650000,1.12973,1.12971,2620000,1120000
2017-03-17 14:00:22.802000,1.12974,1.12973,1120000,1000000
2017-03-17 14:00:23.274000,1.12973,1.12971,1120000,1000000
2017-03-17 14:00:23.579000,1.1297,1.12965,3600000,2620000
2017-03-17 14:00:23.630000,1.12968,1.12963,1500000,2620000
2017-03-17 14:00:24.039000,1.12964,1.1296,2850000,1870000
2017-03-17 14:00:24.195000,1.12963,1.12957,1870000,3190000
2017-03-17 14:00:24.717000,1.12962,1.12957,1120000,2250000
2017-03-17 14:00:25.073000,1.12962,1.12959,2370000,1000000
2017-03-17 14:00:25.429000,1.1296,1.12957,1120000,1200000
2017-03-17 14:00:25.480000,1.12959,1.12956,1120000,3370000
2017-03-17 14:00:25.897000,1.1296,1.12957,2440000,1000000
2017-03-17 14:00:26.403000,1.1296,1.12958,1250000,1000000
2017-03-17 14:00:26.966000,1.12962,1.12958,4690000,1000000
2017-03-17 14:00:27.168000,1.12959,1.12955,1310000,3000000
2017-03-17 14:00:27.270000,1.12957,1.12953,3190000,2620000
2017-03-17 14:00:27.372000,1.12954,1.12953,1050000,1500000
2017-03-17 14:00:27.473000,1.12954,1.12952,1160000,1000000
2017-03-17 14:00:27.525000,1.12955,1.12953,3790000,1000000
2017-03-17 14:00:28.061000,1.12955,1.12953,1310000,1000000
2017-03-17 14:00:28.594000,1.12954,1.12953,1000000,1120000
2017-03-17 14:00:29.151000,1.12953,1.12952,1310000,1000000
2017-03-17 14:00:29.333000,1.12953,1.1295,1690000,2550000
2017-03-17 14:00:29.543000,1.12951,1.1295,1300000,1050000
2017-03-17 14:00:29.847000,1.12948,1.12945,1310000,2620000
2017-03-17 14:00:30.050000,1.12947,1.12944,1690000,3000000
2017-03-17 14:00:30.566000,1.12946,1.12943,3190000,1120000
2017-03-17 14:00:30.920000,1.12946,1.12945,1000000,1000000
2017-03-17 14:00:31.223000,1.12947,1.12945,4160000,3000000
2017-03-17 14:00:31.450000,1.12946,1.12942,2060000,2240000
2017-03-17 14:00:32.322000,1.12947,1.12945,2440000,4370000
2017-03-17 14:00:32.373000,1.12947,1.12944,2440000,1120000
2017-03-17 14:00:32.777000,1.12945,1.12944,2290000,1120000
2017-03-17 14:00:33.081000,1.12941,1.12939,2060000,2620000
2017-03-17 14:00:33.352000,1.12939,1.12937,1250000,1500000
2017-03-17 14:00:33.912000,1.12938,1.12936,1310000,1000000
2017-03-17 14:00:33.963000,1.12936,1.12935,1250000,1000000
2017-03-17 14:00:34.289000,1.12929,1.12928,1690000,6000000
2017-03-17 14:00:34.441000,1.12929,1.12927,1250000,1000000
2017-03-17 14:00:34.594000,1.12931,1.12927,3190000,1200000
2017-03-17 14:00:34.695000,1.12931,1.12927,1690000,1870000
2017-03-17 14:00:34.847000,1.12929,1.12928,1310000,1200000
2017-03-17 14:00:35.156000,1.12935,1.12932,1000000,1120000
2017-03-17 14:00:35.258000,1.12933,1.12931,1250000,1370000
2017-03-17 14:00:35.764000,1.12933,1.12929,1250000,1080000
2017-03-17 14:00:35.815000,1.12932,1.12929,1000000,1000000
2017-03-17 14:00:35.917000,1.12931,1.12928,1690000,5250000
2017-03-17 14:00:36.239000,1.12926,1.12925,1000000,3000000
2017-03-17 14:00:36.341000,1.12927,1.12924,1690000,1000000
2017-03-17 14:00:36.392000,1.12926,1.12924,1250000,1120000
2017-03-17 14:00:36.595000,1.12928,1.12926,1870000,1100000
2017-03-17 14:00:37.173000,1.12927,1.12926,1250000,1000000
2017-03-17 14:00:37.225000,1.12929,1.12927,2250000,1000000
2017-03-17 14:00:37.427000,1.12931,1.1293,1310000,1000000
2017-03-17 14:00:37.680000,1.12933,1.12931,1250000,1000000
2017-03-17 14:00:38.212000,1.12934,1.1293,3190000,1120000
2017-03-17 14:00:38.465000,1.12931,1.1293,2440000,1120000
2017-03-17 14:00:38.770000,1.12933,1.12929,1310000,1370000
2017-03-17 14:00:39.218000,1.12931,1.12929,1250000,2620000
2017-03-17 14:00:39.420000,1.12929,1.12928,1250000,1500000
2017-03-17 14:00:39.928000,1.1293,1.12928,1250000,1000000
2017-03-17 14:00:40.439000,1.12931,1.12928,1000000,1690000
2017-03-17 14:00:40.945000,1.1293,1.12928,1250000,1000000
2017-03-17 14:00:41.250000,1.12932,1.12929,2250000,2100000
2017-03-17 14:00:41.557000,1.12933,1.1293,1000000,5290000
2017-03-17 14:00:41.710000,1.12935,1.12932,1000000,1120000
2017-03-17 14:00:42.065000,1.12936,1.12934,1000000,1000000
2017-03-17 14:00:42.217000,1.12937,1.12933,1250000,4120000
2017-03-17 14:00:42.369000,1.12938,1.12936,4310000,1000000
2017-03-17 14:00:42.696000,1.12936,1.12934,1690000,4120000
2017-03-17 14:00:42.850000,1.12935,1.12931,1250000,2620000
2017-03-17 14:00:42.951000,1.12935,1.12933,1000000,1300000
2017-03-17 14:00:43.205000,1.12938,1.12935,1120000,1500000
2017-03-17 14:00:43.257000,1.12939,1.12938,5250000,1000000
2017-03-17 14:00:43.409000,1.1294,1.12939,1610000,1120000
2017-03-17 14:00:43.666000,1.12938,1.12937,1120000,1870000
2017-03-17 14:00:43.871000,1.12942,1.12937,2060000,5060000
2017-03-17 14:00:44.075000,1.12942,1.12938,1690000,1370000
2017-03-17 14:00:44.430000,1.12942,1.12937,2810000,3190000
2017-03-17 14:00:44.828000,1.1294,1.12938,1000000,2620000
2017-03-17 14:00:44.929000,1.12943,1.12939,1190000,1000000
2017-03-17 14:00:45.081000,1.12945,1.1294,5810000,1000000
2017-03-17 14:00:45.234000,1.12945,1.12942,1250000,1000000
2017-03-17 14:00:45.538000,1.1294,1.12938,2290000,1000000
2017-03-17 14:00:45.700000,1.1294,1.12937,5290000,1120000
2017-03-17 14:00:45.759000,1.12941,1.12937,1250000,1870000
2017-03-17 14:00:46.113000,1.12939,1.12937,1000000,1500000
2017-03-17 14:00:46.316000,1.12938,1.12936,1690000,1000000
2017-03-17 14:00:46.883000,1.1294,1.12937,1690000,1000000
2017-03-17 14:00:47.392000,1.1294,1.12936,1690000,1870000
2017-03-17 14:00:47.798000,1.12937,1.12935,1690000,4500000
2017-03-17 14:00:48.002000,1.12936,1.12933,1690000,2620000
2017-03-17 14:00:49.050000,1.12936,1.12933,2440000,1370000
2017-03-17 14:00:49.152000,1.12937,1.12932,4160000,3370000
2017-03-17 14:00:49.410000,1.12936,1.12935,1870000,1000000
2017-03-17 14:00:49.619000,1.12939,1.12937,2620000,1690000
2017-03-17 14:00:49.822000,1.12941,1.12937,1120000,3940000
2017-03-17 14:00:49.974000,1.12941,1.12939,1000000,2060000
2017-03-17 14:00:50.259000,1.12945,1.12943,1120000,2060000
2017-03-17 14:00:50.766000,1.1294,1.12938,3220000,4500000
2017-03-17 14:00:50.921000,1.12939,1.12937,5470000,1000000
2017-03-17 14:00:51.023000,1.12939,1.12935,5620000,2440000
2017-03-17 14:00:51.539000,1.12939,1.12936,3000000,1000000
2017-03-17 14:00:52.045000,1.1294,1.12936,6190000,1000000
2017-03-17 14:00:52.299000,1.12939,1.12937,1120000,3790000
2017-03-17 14:00:52.401000,1.12942,1.1294,1120000,1000000
2017-03-17 14:00:52.926000,1.12943,1.12941,1310000,1000000
2017-03-17 14:00:53.434000,1.12945,1.12942,1000000,1000000
2017-03-17 14:00:53.956000,1.12945,1.12943,1000000,1000000
2017-03-17 14:00:54.058000,1.12946,1.12944,1500000,1000000
2017-03-17 14:00:54.210000,1.12946,1.12943,1870000,1120000
2017-03-17 14:00:54.566000,1.12948,1.12945,2060000,1000000
2017-03-17 14:00:55.074000,1.12947,1.12945,1000000,1000000
2017-03-17 14:00:55.397000,1.12948,1.12946,1870000,1620000
2017-03-17 14:00:55.448000,1.12949,1.12947,1000000,1120000
2017-03-17 14:00:55.549000,1.12951,1.12949,5440000,1000000
2017-03-17 14:00:55.855000,1.12948,1.12947,1000000,1000000
2017-03-17 14:00:55.907000,1.12948,1.12944,1250000,2620000
2017-03-17 14:00:56.060000,1.12948,1.12946,3190000,1000000
2017-03-17 14:00:56.393000,1.12951,1.12949,1000000,1000000
2017-03-17 14:00:56.444000,1.1295,1.12948,3190000,1000000
2017-03-17 14:00:56.749000,1.12944,1.12941,2060000,7120000
2017-03-17 14:00:56.851000,1.12942,1.12939,9560000,2250000
2017-03-17 14:00:56.954000,1.12941,1.12939,9180000,3000000
2017-03-17 14:00:57.057000,1.1294,1.12938,8060000,1500000
2017-03-17 14:00:57.210000,1.1294,1.12935,9190000,2060000
2017-03-17 14:00:57.655000,1.1294,1.12938,8250000,1000000
2017-03-17 14:00:57.756000,1.1294,1.12936,8250000,2210000
2017-03-17 14:00:58.262000,1.1294,1.12937,7870000,1690000
2017-03-17 14:00:59.131000,1.1294,1.12938,7870000,2440000
2017-03-17 14:00:59.335000,1.12943,1.12941,2290000,1500000
2017-03-17 14:00:59.703000,1.12946,1.12944,6370000,2440000
2017-03-17 14:00:59.957000,1.12947,1.12943,1000000,2810000
2017-03-17 14:01:00.414000,1.12948,1.12947,5670000,1300000
2017-03-17 14:01:00.566000,1.12949,1.12948,1120000,1250000
2017-03-17 14:01:00.667000,1.12951,1.12948,1540000,1250000
2017-03-17 14:01:00.953000,1.12952,1.1295,1120000,1190000
2017-03-17 14:01:01.056000,1.12954,1.1295,1120000,1690000
2017-03-17 14:01:01.310000,1.12955,1.12953,1870000,1120000
2017-03-17 14:01:01.361000,1.12956,1.12953,1120000,1000000
2017-03-17 14:01:01.868000,1.12956,1.12952,3370000,3560000
2017-03-17 14:01:02.381000,1.12956,1.12953,5060000,1000000
2017-03-17 14:01:02.483000,1.12953,1.12951,2100000,1000000
2017-03-17 14:01:02.534000,1.12953,1.12951,3780000,1000000
2017-03-17 14:01:02.636000,1.12955,1.12951,32290001,1000000
2017-03-17 14:01:02.737000,1.12951,1.12946,4720000,1690000
2017-03-17 14:01:02.788000,1.12949,1.12946,3040000,1120000
2017-03-17 14:01:02.890000,1.12947,1.12944,4120000,2060000
2017-03-17 14:01:02.941000,1.12948,1.12946,1120000,1000000
2017-03-17 14:01:03.211000,1.12948,1.12945,3370000,1690000
2017-03-17 14:01:03.566000,1.12947,1.12943,1500000,1770000
2017-03-17 14:01:04.225000,1.12946,1.12942,2440000,3000000
2017-03-17 14:01:04.545000,1.12941,1.12939,1000000,3750000
2017-03-17 14:01:04.849000,1.12937,1.12936,1000000,1870000
2017-03-17 14:01:04.950000,1.12936,1.12935,1000000,2440000
2017-03-17 14:01:05.001000,1.12938,1.12935,3750000,2250000
2017-03-17 14:01:05.204000,1.12936,1.12935,1120000,2250000
2017-03-17 14:01:05.425000,1.12936,1.12931,3940000,3560000
2017-03-17 14:01:05.981000,1.12936,1.12933,3000000,1050000
2017-03-17 14:01:06.285000,1.1294,1.12935,2620000,11290000
2017-03-17 14:01:06.610000,1.12939,1.12938,1120000,1120000
2017-03-17 14:01:07.370000,1.12937,1.12936,1500000,1120000
2017-03-17 14:01:07.572000,1.12936,1.12933,3000000,2060000
2017-03-17 14:01:08.091000,1.12936,1.12933,3000000,1690000
2017-03-17 14:01:08.902000,1.12934,1.12933,1000000,1120000
2017-03-17 14:01:09.054000,1.12936,1.12929,36790001,4740000
2017-03-17 14:01:09.298000,1.12927,1.12924,25540001,1870000
2017-03-17 14:01:09.361000,1.12925,1.12922,8100000,3790000
2017-03-17 14:01:09.463000,1.12925,1.12923,1500000,1690000
2017-03-17 14:01:09.616000,1.12925,1.12923,2250000,4310000
2017-03-17 14:01:09.717000,1.12926,1.12924,7870000,5060000
2017-03-17 14:01:09.819000,1.12928,1.12927,2250000,1120000
2017-03-17 14:01:09.870000,1.12928,1.12927,1500000,1120000
2017-03-17 14:01:09.921000,1.12929,1.12926,1000000,3940000
2017-03-17 14:01:10.124000,1.12928,1.12926,1000000,2250000
2017-03-17 14:01:10.437000,1.12925,1.12923,4720000,10500000
2017-03-17 14:01:10.488000,1.12922,1.12921,1000000,1120000
2017-03-17 14:01:10.539000,1.12919,1.12918,1000000,8250000
2017-03-17 14:01:10.590000,1.12924,1.12919,1500000,1000000
2017-03-17 14:01:10.641000,1.1292,1.12918,1500000,1000000
2017-03-17 14:01:10.895000,1.12915,1.12913,1000000,1120000
2017-03-17 14:01:11.359000,1.12913,1.12911,1000000,1000000
2017-03-17 14:01:11.664000,1.12909,1.12908,1500000,4870000
2017-03-17 14:01:11.767000,1.12907,1.12904,1250000,6600000
2017-03-17 14:01:11.919000,1.12908,1.12906,5440000,1000000
2017-03-17 14:01:12.298000,1.12911,1.12909,8020000,1000000
2017-03-17 14:01:12.350000,1.12911,1.1291,10160000,1500000
2017-03-17 14:01:12.705000,1.12913,1.12911,1870000,1500000
2017-03-17 14:01:13.210000,1.12915,1.12911,2250000,3190000
2017-03-17 14:01:13.431000,1.12919,1.12915,1120000,14140000
2017-03-17 14:01:13.533000,1.12921,1.12919,4120000,1500000
2017-03-17 14:01:13.735000,1.12925,1.12923,3000000,1000000
2017-03-17 14:01:13.786000,1.12924,1.12923,1000000,1120000
2017-03-17 14:01:13.888000,1.12926,1.12925,1120000,1000000
2017-03-17 14:01:14.215000,1.12929,1.12926,6940000,1500000
2017-03-17 14:01:14.785000,1.12928,1.12926,1000000,1500000
2017-03-17 14:01:15.242000,1.1293,1.12928,9190000,1000000
2017-03-17 14:01:15.749000,1.12931,1.12929,4310000,1000000
2017-03-17 14:01:15.941000,1.1293,1.12928,2060000,1120000
2017-03-17 14:01:16.245000,1.1293,1.12929,1000000,1000000
2017-03-17 14:01:16.347000,1.12932,1.1293,1870000,2120000
2017-03-17 14:01:16.753000,1.12929,1.12927,1190000,2250000
2017-03-17 14:01:17.287000,1.12927,1.12926,1000000,1500000
2017-03-17 14:01:17.951000,1.12928,1.12926,1690000,1500000
2017-03-17 14:01:18.458000,1.12927,1.12926,1690000,1500000
2017-03-17 14:01:18.939000,1.12924,1.12923,1120000,1500000
2017-03-17 14:01:19.041000,1.12924,1.1292,3560000,3000000
2017-03-17 14:01:19.295000,1.12921,1.1292,1000000,1000000
2017-03-17 14:01:19.599000,1.12924,1.12923,1120000,1000000
2017-03-17 14:01:20.103000,1.12926,1.12923,1690000,2250000
2017-03-17 14:01:21.583000,1.12925,1.12924,2060000,1120000
2017-03-17 14:01:21.735000,1.12924,1.12921,1250000,1500000
2017-03-17 14:01:22.393000,1.12923,1.12922,1000000,1120000
2017-03-17 14:01:22.987000,1.12924,1.12922,1690000,1000000
2017-03-17 14:01:23.241000,1.12923,1.12919,1690000,2250000
2017-03-17 14:01:23.342000,1.12921,1.1292,1250000,1500000
2017-03-17 14:01:23.798000,1.12922,1.1292,3190000,1120000
2017-03-17 14:01:23.900000,1.12923,1.12921,1500000,1500000
2017-03-17 14:01:24.154000,1.12924,1.12922,2250000,1000000
2017-03-17 14:01:24.441000,1.12926,1.12925,1690000,1000000
2017-03-17 14:01:24.745000,1.12927,1.12926,1500000,1350000
2017-03-17 14:01:24.897000,1.12931,1.12929,3940000,1000000
2017-03-17 14:01:25.151000,1.12929,1.12928,1310000,1870000
2017-03-17 14:01:25.304000,1.12929,1.12927,3940000,1000000
2017-03-17 14:01:25.759000,1.12931,1.12929,4310000,1000000
2017-03-17 14:01:26.077000,1.12932,1.1293,1120000,1120000
2017-03-17 14:01:26.129000,1.1293,1.12929,2440000,1000000
2017-03-17 14:01:26.332000,1.12932,1.1293,1690000,1120000
2017-03-17 14:01:26.838000,1.12933,1.1293,2810000,1870000
2017-03-17 14:01:27.350000,1.12932,1.12931,1000000,3190000
2017-03-17 14:01:27.401000,1.12937,1.12935,6000000,1000000
2017-03-17 14:01:27.453000,1.12936,1.12935,4500000,1120000
2017-03-17 14:01:27.555000,1.12937,1.12935,1000000,3560000
2017-03-17 14:01:27.656000,1.12938,1.12937,1000000,1500000
2017-03-17 14:01:27.859000,1.1294,1.12937,2250000,1000000
2017-03-17 14:01:28.366000,1.12939,1.12937,1250000,1120000
2017-03-17 14:01:28.522000,1.12941,1.12938,4690000,1370000
2017-03-17 14:01:29.165000,1.12942,1.12939,3370000,2250000
2017-03-17 14:01:29.687000,1.12942,1.12941,1000000,4350000
2017-03-17 14:01:29.889000,1.12945,1.12942,1000000,1870000
2017-03-17 14:01:30.041000,1.12945,1.12944,1120000,1000000
2017-03-17 14:01:30.346000,1.1294,1.12939,1000000,1870000
2017-03-17 14:01:30.397000,1.1294,1.12938,1370000,3370000
2017-03-17 14:01:30.934000,1.12939,1.12937,2810000,1000000
2017-03-17 14:01:31.442000,1.12939,1.12937,2810000,1000000
2017-03-17 14:01:31.884000,1.12938,1.12936,3040000,1120000
2017-03-17 14:01:32.037000,1.12936,1.12932,1120000,3000000
2017-03-17 14:01:32.746000,1.12936,1.12935,1000000,1000000
2017-03-17 14:01:33.259000,1.12935,1.12933,2250000,1000000
2017-03-17 14:01:33.462000,1.12933,1.12932,1250000,1120000
2017-03-17 14:01:33.667000,1.12926,1.12924,1500000,1500000
2017-03-17 14:01:34.173000,1.12927,1.12924,1500000,1120000
2017-03-17 14:01:34.575000,1.12924,1.12922,1000000,3000000
2017-03-17 14:01:34.729000,1.12921,1.1292,1500000,1000000
2017-03-17 14:01:35.185000,1.12923,1.1292,1500000,2250000
2017-03-17 14:01:35.440000,1.12924,1.12922,1500000,1000000
2017-03-17 14:01:35.543000,1.12925,1.12924,1120000,1000000
2017-03-17 14:01:35.998000,1.12926,1.12922,1000000,3190000
2017-03-17 14:01:36.201000,1.12924,1.12922,1250000,1500000
2017-03-17 14:01:36.607000,1.12921,1.12919,1000000,4690000
2017-03-17 14:01:36.911000,1.12919,1.12918,1000000,1000000
2017-03-17 14:01:37.416000,1.1292,1.12917,1000000,2620000
2017-03-17 14:01:37.953000,1.12921,1.12919,1500000,1000000
2017-03-17 14:01:38.557000,1.12922,1.1292,3370000,1000000
2017-03-17 14:01:39.066000,1.12922,1.1292,1120000,1000000
2017-03-17 14:01:39.573000,1.12922,1.1292,2060000,1000000
2017-03-17 14:01:39.875000,1.12921,1.12919,1000000,1000000
2017-03-17 14:01:40.633000,1.12921,1.12919,1120000,1000000
2017-03-17 14:01:41.183000,1.12919,1.12917,1000000,1000000
2017-03-17 14:01:41.234000,1.12917,1.12915,1000000,2250000
2017-03-17 14:01:41.285000,1.12915,1.12914,1000000,3370000
2017-03-17 14:01:41.336000,1.12914,1.12912,1000000,1500000
2017-03-17 14:01:41.490000,1.12913,1.1291,1250000,3000000
2017-03-17 14:01:41.592000,1.12915,1.12911,3560000,1000000
2017-03-17 14:01:41.694000,1.12915,1.12912,1000000,1500000
2017-03-17 14:01:41.998000,1.1291,1.12908,1000000,2250000
2017-03-17 14:01:42.049000,1.12912,1.12909,3190000,1120000
2017-03-17 14:01:42.101000,1.12911,1.1291,1000000,1000000
2017-03-17 14:01:42.202000,1.1291,1.12909,3000000,1120000
2017-03-17 14:01:42.456000,1.12906,1.12905,1000000,6970000
2017-03-17 14:01:42.659000,1.12904,1.12901,1500000,5440000
2017-03-17 14:01:42.862000,1.12904,1.12901,1000000,2620000
2017-03-17 14:01:43.166000,1.12902,1.12901,1000000,2250000
2017-03-17 14:01:43.218000,1.12902,1.12899,1000000,3190000
2017-03-17 14:01:43.530000,1.12901,1.12899,1690000,1500000
2017-03-17 14:01:43.835000,1.12889,1.12887,1310000,4050000
2017-03-17 14:01:43.886000,1.1289,1.12888,1500000,1000000
2017-03-17 14:01:44.039000,1.12881,1.1288,1000000,11550000
2017-03-17 14:01:44.141000,1.12879,1.12878,1000000,13870000
2017-03-17 14:01:44.192000,1.12879,1.12877,1500000,7950000
2017-03-17 14:01:44.314000,1.1288,1.12877,1870000,2660000
2017-03-17 14:01:44.365000,1.12879,1.12876,4310000,2170000
2017-03-17 14:01:44.871000,1.1288,1.12877,2620000,3560000
2017-03-17 14:01:44.924000,1.12879,1.12877,1500000,2620000
2017-03-17 14:01:44.975000,1.12879,1.12878,1000000,1000000
2017-03-17 14:01:45.077000,1.12882,1.12879,1690000,1750000
2017-03-17 14:01:45.511000,1.12884,1.12882,3370000,1370000
2017-03-17 14:01:45.612000,1.12887,1.12885,1120000,1190000
2017-03-17 14:01:45.714000,1.12891,1.12889,2360000,6150000
2017-03-17 14:01:45.815000,1.1289,1.12888,1120000,1120000
2017-03-17 14:01:45.867000,1.1289,1.12889,1120000,1000000
2017-03-17 14:01:45.968000,1.12893,1.1289,6670000,1870000
2017-03-17 14:01:46.071000,1.12894,1.12892,1120000,1500000
2017-03-17 14:01:46.274000,1.129,1.12896,1120000,12560000
2017-03-17 14:01:46.560000,1.12902,1.129,3370000,1690000
2017-03-17 14:01:46.618000,1.12903,1.129,2620000,1000000
2017-03-17 14:01:46.872000,1.12901,1.129,1000000,1250000
2017-03-17 14:01:47.176000,1.12905,1.12903,1500000,1570000
2017-03-17 14:01:47.227000,1.12903,1.12895,30040001,14400000
2017-03-17 14:01:47.531000,1.12887,1.12886,1250000,1120000
2017-03-17 14:01:47.686000,1.12887,1.12885,3370000,1250000
2017-03-17 14:01:48.040000,1.12888,1.12886,1120000,1690000
2017-03-17 14:01:48.243000,1.12891,1.1289,6370000,1000000
2017-03-17 14:01:48.395000,1.12894,1.12893,1000000,1000000
2017-03-17 14:01:48.497000,1.12896,1.12894,1500000,1250000
2017-03-17 14:01:48.901000,1.12891,1.1289,1500000,1870000
2017-03-17 14:01:49.105000,1.1289,1.12888,1000000,1250000
2017-03-17 14:01:49.156000,1.12891,1.12889,1000000,1500000
2017-03-17 14:01:49.258000,1.12895,1.12893,1000000,1870000
2017-03-17 14:01:49.360000,1.12897,1.12893,1500000,1000000
2017-03-17 14:01:49.411000,1.12898,1.12896,4500000,1000000
2017-03-17 14:01:49.614000,1.12907,1.12904,1500000,2440000
2017-03-17 14:01:49.817000,1.12908,1.12906,1000000,2060000
2017-03-17 14:01:50.346000,1.12908,1.12905,1000000,10310000
2017-03-17 14:01:50.650000,1.12899,1.12895,4540000,1370000
2017-03-17 14:01:50.954000,1.12892,1.1289,10120000,2850000
2017-03-17 14:01:51.056000,1.12893,1.12891,1310000,1120000
2017-03-17 14:01:51.324000,1.1289,1.12886,6370000,3940000
2017-03-17 14:01:51.931000,1.1289,1.12887,1000000,1000000
2017-03-17 14:01:52.235000,1.12888,1.12887,1000000,3600000
2017-03-17 14:01:52.337000,1.1289,1.12888,1000000,2100000
2017-03-17 14:01:52.829000,1.12892,1.1289,1120000,3000000
2017-03-17 14:01:53.032000,1.12891,1.12888,1120000,3040000
2017-03-17 14:01:53.235000,1.12891,1.1289,1120000,2100000
2017-03-17 14:01:53.753000,1.12893,1.12891,10500000,1000000
2017-03-17 14:01:54.059000,1.12897,1.12895,4310000,4500000
2017-03-17 14:01:54.110000,1.12895,1.12894,1000000,2620000
2017-03-17 14:01:54.212000,1.12897,1.12894,6940000,8240000
2017-03-17 14:01:54.263000,1.12894,1.12893,5920000,1000000
2017-03-17 14:01:54.364000,1.12895,1.1289,7120000,1500000
2017-03-17 14:01:54.466000,1.12898,1.12897,1000000,12190000
2017-03-17 14:01:54.719000,1.12903,1.129,2170000,1690000
2017-03-17 14:01:54.884000,1.12903,1.12902,1000000,3790000
2017-03-17 14:01:54.935000,1.12903,1.12902,1000000,1000000
2017-03-17 14:01:55.039000,1.12902,1.12901,2440000,6370000
2017-03-17 14:01:55.091000,1.12899,1.12897,2810000,3370000
2017-03-17 14:01:55.194000,1.12895,1.12893,2100000,2440000
2017-03-17 14:01:55.245000,1.12896,1.12895,1250000,3000000
2017-03-17 14:01:55.297000,1.12904,1.12892,37910000,4120000
2017-03-17 14:01:55.348000,1.12896,1.12894,15790000,1120000
2017-03-17 14:01:55.654000,1.12902,1.129,3370000,13540000
2017-03-17 14:01:55.824000,1.12906,1.12904,2250000,1690000
2017-03-17 14:01:56.027000,1.12909,1.12906,4870000,1250000
2017-03-17 14:01:56.381000,1.12911,1.12907,3750000,2060000
2017-03-17 14:01:56.432000,1.12909,1.12908,1000000,1690000
2017-03-17 14:01:56.584000,1.12912,1.12908,10720000,1500000
2017-03-17 14:01:56.635000,1.12912,1.1291,10530000,1000000
2017-03-17 14:01:56.839000,1.12916,1.12912,6410000,1120000
2017-03-17 14:01:57.152000,1.12914,1.12912,1190000,1870000
2017-03-17 14:01:57.203000,1.12912,1.12908,2100000,3190000
2017-03-17 14:01:57.658000,1.1291,1.12908,1000000,2810000
2017-03-17 14:01:57.962000,1.12908,1.12907,1120000,1000000
2017-03-17 14:01:58.115000,1.12905,1.12901,5100000,1250000
2017-03-17 14:01:58.486000,1.12906,1.12904,7870000,2370000
2017-03-17 14:01:58.688000,1.12909,1.12908,1870000,1250000
2017-03-17 14:01:59.099000,1.12909,1.12906,1000000,2440000
2017-03-17 14:01:59.645000,1.1291,1.12906,6370000,1690000
2017-03-17 14:01:59.747000,1.12907,1.12906,2100000,1000000
2017-03-17 14:02:00.001000,1.12905,1.12903,1500000,1250000
2017-03-17 14:02:00.153000,1.12904,1.12901,3040000,2060000
2017-03-17 14:02:00.726000,1.12902,1.129,1000000,1950000
2017-03-17 14:02:00.880000,1.12892,1.12889,2620000,1250000
2017-03-17 14:02:01.387000,1.12891,1.12888,3970000,1000000
2017-03-17 14:02:01.889000,1.1289,1.12887,1500000,1690000
2017-03-17 14:02:01.940000,1.12888,1.12887,3000000,1500000
2017-03-17 14:02:02.194000,1.12885,1.12882,3370000,2060000
2017-03-17 14:02:02.347000,1.12886,1.12884,4720000,1690000
2017-03-17 14:02:02.601000,1.12889,1.12885,2250000,4310000
2017-03-17 14:02:03.109000,1.1289,1.12886,2250000,2810000
2017-03-17 14:02:03.463000,1.12886,1.12885,1250000,5250000
2017-03-17 14:02:03.717000,1.12883,1.1288,1870000,1690000
2017-03-17 14:02:03.819000,1.12881,1.12878,1000000,5060000
2017-03-17 14:02:04.229000,1.12885,1.12884,7500000,1870000
2017-03-17 14:02:04.447000,1.12885,1.12884,1000000,7120000
2017-03-17 14:02:04.548000,1.12883,1.12881,1000000,2250000
2017-03-17 14:02:04.801000,1.12884,1.12883,6370000,1690000
2017-03-17 14:02:04.904000,1.12886,1.12884,2620000,8100000
2017-03-17 14:02:05.163000,1.12885,1.12883,1000000,3040000
2017-03-17 14:02:05.366000,1.12887,1.12886,1870000,1690000
2017-03-17 14:02:05.468000,1.12888,1.12886,1500000,4540000
2017-03-17 14:02:06.009000,1.12889,1.12887,1000000,3190000
2017-03-17 14:02:06.415000,1.12888,1.12886,1000000,2440000
2017-03-17 14:02:06.466000,1.12887,1.12885,1190000,3000000
2017-03-17 14:02:06.567000,1.12886,1.12883,4870000,9940000
2017-03-17 14:02:06.669000,1.12889,1.12887,1870000,1250000
2017-03-17 14:02:06.771000,1.1289,1.12889,1500000,4720000
2017-03-17 14:02:07.026000,1.12894,1.12892,1120000,17660000
2017-03-17 14:02:07.077000,1.12895,1.12893,1500000,2060000
2017-03-17 14:02:07.584000,1.12896,1.12894,1000000,3560000
2017-03-17 14:02:07.736000,1.12898,1.12895,2620000,1000000
2017-03-17 14:02:08.142000,1.129,1.12898,4120000,1250000
2017-03-17 14:02:08.478000,1.12903,1.12898,3000000,5250000
2017-03-17 14:02:08.529000,1.12907,1.12905,1000000,19540001
2017-03-17 14:02:08.733000,1.12909,1.12905,3560000,8060000
2017-03-17 14:02:09.141000,1.12909,1.12907,1120000,1250000
2017-03-17 14:02:09.608000,1.12911,1.12909,1690000,1000000
2017-03-17 14:02:09.760000,1.12906,1.12904,1000000,1250000
2017-03-17 14:02:09.862000,1.12907,1.12906,1000000,1250000
2017-03-17 14:02:10.368000,1.12909,1.12906,2250000,3190000
2017-03-17 14:02:10.722000,1.12904,1.12901,2620000,19120001
2017-03-17 14:02:10.774000,1.12904,1.129,2620000,8620000
2017-03-17 14:02:10.825000,1.12896,1.12892,2620000,10310000
2017-03-17 14:02:11.037000,1.12894,1.12892,11470000,1250000
2017-03-17 14:02:11.341000,1.12891,1.12889,3370000,2620000
2017-03-17 14:02:11.392000,1.12891,1.12889,9370000,1310000
2017-03-17 14:02:11.443000,1.12892,1.12891,11620000,1000000
2017-03-17 14:02:11.595000,1.12897,1.12895,7870000,1250000
2017-03-17 14:02:11.950000,1.12898,1.12895,1120000,1690000
2017-03-17 14:02:13.342000,1.12898,1.12894,4500000,3190000
2017-03-17 14:02:13.926000,1.12898,1.12895,1870000,1250000
2017-03-17 14:02:14.230000,1.12899,1.12898,1500000,3190000
2017-03-17 14:02:14.535000,1.12907,1.12904,4870000,6410000
2017-03-17 14:02:14.587000,1.12907,1.12905,1120000,1310000
2017-03-17 14:02:15.123000,1.12906,1.12904,3000000,1690000
2017-03-17 14:02:15.629000,1.12907,1.12905,1000000,1000000
2017-03-17 14:02:15.882000,1.12908,1.12906,1500000,1000000
2017-03-17 14:02:16.034000,1.12909,1.12906,1870000,1250000
2017-03-17 14:02:16.821000,1.12909,1.12906,1120000,3190000
2017-03-17 14:02:17.175000,1.12907,1.12905,1000000,1690000
2017-03-17 14:02:17.631000,1.12906,1.12903,1000000,4910000
2017-03-17 14:02:17.783000,1.12907,1.12906,2700000,1250000
2017-03-17 14:02:17.989000,1.12909,1.12906,1120000,1250000
2017-03-17 14:02:18.141000,1.1291,1.12908,2250000,1000000
2017-03-17 14:02:18.449000,1.12912,1.12908,1870000,3410000
2017-03-17 14:02:18.755000,1.12914,1.12913,4500000,1000000
2017-03-17 14:02:18.806000,1.12913,1.12911,1500000,1870000
2017-03-17 14:02:18.909000,1.12915,1.12912,1500000,6410000
2017-03-17 14:02:19.456000,1.12917,1.12915,1500000,1000000
2017-03-17 14:02:19.558000,1.12918,1.12913,6610000,2250000
2017-03-17 14:02:19.864000,1.12918,1.12916,3000000,1000000
2017-03-17 14:02:20.191000,1.12919,1.12917,1120000,1250000
2017-03-17 14:02:20.496000,1.12921,1.12918,1420000,1310000
2017-03-17 14:02:20.800000,1.12922,1.1292,1870000,1000000
2017-03-17 14:02:20.952000,1.1292,1.12919,1000000,1000000
2017-03-17 14:02:21.308000,1.12923,1.12921,3370000,1000000
2017-03-17 14:02:21.461000,1.12921,1.12919,1000000,1500000
2017-03-17 14:02:21.512000,1.1292,1.12918,1000000,1500000
2017-03-17 14:02:21.868000,1.12921,1.12919,3820000,1000000
2017-03-17 14:02:22.376000,1.12923,1.12921,2250000,1000000
2017-03-17 14:02:23.195000,1.12923,1.1292,2250000,1500000
2017-03-17 14:02:23.297000,1.12924,1.12921,3940000,1000000
2017-03-17 14:02:24.355000,1.12923,1.12921,1000000,2440000
2017-03-17 14:02:24.659000,1.12917,1.12915,1000000,3370000
2017-03-17 14:02:24.710000,1.12915,1.12913,1000000,4310000
2017-03-17 14:02:24.862000,1.12914,1.12913,5230000,1000000
2017-03-17 14:02:24.964000,1.1291,1.12908,2810000,1000000
2017-03-17 14:02:25.106000,1.12906,1.12905,1000000,3000000
2017-03-17 14:02:25.158000,1.12904,1.12902,1190000,1870000
2017-03-17 14:02:25.310000,1.12903,1.12901,1000000,1500000
2017-03-17 14:02:25.664000,1.12901,1.12899,1000000,5250000
2017-03-17 14:02:26.018000,1.12902,1.12901,1000000,1000000
2017-03-17 14:02:26.429000,1.12899,1.12898,1310000,1000000
2017-03-17 14:02:26.784000,1.129,1.12898,1500000,2850000
2017-03-17 14:02:27.291000,1.12901,1.12899,1690000,1000000
2017-03-17 14:02:27.817000,1.12901,1.12898,1690000,3000000
2017-03-17 14:02:28.324000,1.12901,1.12899,1690000,1000000
2017-03-17 14:02:28.540000,1.12898,1.12897,1310000,1870000
2017-03-17 14:02:28.844000,1.12898,1.12896,1310000,1370000
2017-03-17 14:02:29.227000,1.12895,1.12894,1120000,1120000
2017-03-17 14:02:29.379000,1.12891,1.12888,1190000,7350000
2017-03-17 14:02:29.430000,1.1289,1.12888,1690000,1870000
2017-03-17 14:02:29.583000,1.12887,1.12886,1000000,1500000
2017-03-17 14:02:29.836000,1.12889,1.12885,1690000,1870000
2017-03-17 14:02:29.937000,1.12886,1.12884,1000000,2250000
2017-03-17 14:02:30.254000,1.12881,1.12879,1000000,23290001
2017-03-17 14:02:30.306000,1.1288,1.12879,1120000,2620000
2017-03-17 14:02:30.357000,1.1288,1.12878,1870000,3750000
2017-03-17 14:02:30.662000,1.12881,1.1288,3000000,1000000
2017-03-17 14:02:30.865000,1.12885,1.12883,1250000,1000000
2017-03-17 14:02:30.916000,1.12887,1.12885,8620000,2850000
2017-03-17 14:02:30.967000,1.12887,1.12885,8250000,1120000
2017-03-17 14:02:31.526000,1.12888,1.12884,2440000,2250000
2017-03-17 14:02:31.577000,1.12888,1.12886,2250000,1120000
2017-03-17 14:02:31.679000,1.1289,1.12887,3560000,1000000
2017-03-17 14:02:32.185000,1.12891,1.12887,1690000,3370000
2017-03-17 14:02:32.509000,1.12887,1.12885,4690000,5620000
2017-03-17 14:02:32.662000,1.12881,1.12879,1310000,3000000
2017-03-17 14:02:32.921000,1.12882,1.1288,1250000,2100000
2017-03-17 14:02:33.023000,1.12881,1.12879,1190000,4350000
2017-03-17 14:02:33.175000,1.12877,1.12876,5290000,3000000
2017-03-17 14:02:33.277000,1.12877,1.12874,2470000,1250000
2017-03-17 14:02:33.328000,1.12875,1.12873,2620000,8060000
2017-03-17 14:02:33.379000,1.12877,1.12874,1310000,1870000
2017-03-17 14:02:33.431000,1.12875,1.12874,1000000,1000000
2017-03-17 14:02:33.583000,1.12877,1.12874,1000000,2470000
2017-03-17 14:02:33.873000,1.12877,1.12873,1690000,5850000
2017-03-17 14:02:33.975000,1.12877,1.12875,2620000,1000000
2017-03-17 14:02:34.482000,1.12879,1.12875,2440000,1350000
2017-03-17 14:02:34.989000,1.12879,1.12876,1690000,2250000
2017-03-17 14:02:35.249000,1.12885,1.12881,1250000,1000000
2017-03-17 14:02:35.908000,1.12883,1.1288,3000000,8060000
2017-03-17 14:02:36.111000,1.12875,1.12871,4690000,2250000
2017-03-17 14:02:36.162000,1.12875,1.12871,4690000,4500000
2017-03-17 14:02:36.329000,1.12873,1.12871,1000000,1000000
2017-03-17 14:02:36.583000,1.12874,1.12873,1500000,1870000
2017-03-17 14:02:36.887000,1.12882,1.1288,2810000,1120000
2017-03-17 14:02:36.938000,1.12882,1.1288,2310000,1120000
2017-03-17 14:02:37.040000,1.12879,1.12876,1000000,3560000
2017-03-17 14:02:37.192000,1.1288,1.12875,3940000,3560000
2017-03-17 14:02:37.243000,1.12879,1.12876,1750000,1000000
2017-03-17 14:02:37.664000,1.12879,1.12878,1000000,1250000
2017-03-17 14:02:37.767000,1.12881,1.12879,1120000,3750000
2017-03-17 14:02:37.869000,1.12885,1.1288,3560000,1500000
2017-03-17 14:02:38.173000,1.12876,1.12874,1560000,13500000
2017-03-17 14:02:38.225000,1.12877,1.12876,3940000,1500000
2017-03-17 14:02:38.277000,1.12873,1.12871,1190000,6750000
2017-03-17 14:02:38.578000,1.12874,1.12871,2060000,1000000
2017-03-17 14:02:38.630000,1.12872,1.1287,1190000,3000000
2017-03-17 14:02:38.935000,1.12874,1.12871,2060000,2250000
2017-03-17 14:02:38.987000,1.12873,1.12872,1250000,2250000
2017-03-17 14:02:39.038000,1.12875,1.12873,5060000,1000000
2017-03-17 14:02:39.190000,1.12874,1.12872,1000000,2850000
2017-03-17 14:02:39.292000,1.12876,1.12874,1000000,1000000
2017-03-17 14:02:39.801000,1.12876,1.12872,1000000,1540000
2017-03-17 14:02:40.007000,1.12878,1.12874,5060000,1000000
2017-03-17 14:02:40.313000,1.12874,1.12871,1870000,1000000
2017-03-17 14:02:40.618000,1.12872,1.1287,3370000,1000000
2017-03-17 14:02:40.720000,1.12873,1.12872,1500000,1000000
2017-03-17 14:02:40.823000,1.12873,1.1287,2250000,1000000
2017-03-17 14:02:41.365000,1.12873,1.12871,1000000,1000000
2017-03-17 14:02:41.416000,1.12874,1.12873,3370000,1000000
2017-03-17 14:02:41.721000,1.12878,1.12876,7870000,1000000
2017-03-17 14:02:41.823000,1.12879,1.12877,4120000,1000000
2017-03-17 14:02:42.077000,1.12881,1.12879,2060000,1000000
2017-03-17 14:02:42.179000,1.12882,1.1288,1870000,1000000
2017-03-17 14:02:42.430000,1.12885,1.12884,1870000,1000000
2017-03-17 14:02:42.582000,1.12886,1.12885,1000000,1000000
2017-03-17 14:02:43.088000,1.12887,1.12885,2620000,1000000
2017-03-17 14:02:43.594000,1.12886,1.12884,1690000,1000000
2017-03-17 14:02:43.996000,1.12888,1.12886,1870000,1000000
2017-03-17 14:02:44.350000,1.1289,1.12888,2810000,1000000
2017-03-17 14:02:44.453000,1.12888,1.12887,1000000,1500000
2017-03-17 14:02:44.708000,1.12887,1.12885,1500000,1500000
2017-03-17 14:02:45.220000,1.12887,1.12886,1500000,1000000
2017-03-17 14:02:45.473000,1.12889,1.12888,1870000,1500000
2017-03-17 14:02:45.778000,1.1289,1.12888,2060000,1500000
2017-03-17 14:02:46.284000,1.12891,1.12889,1250000,1500000
2017-03-17 14:02:46.705000,1.12888,1.12887,1000000,1870000
2017-03-17 14:02:46.807000,1.12888,1.12886,4500000,1870000
2017-03-17 14:02:47.315000,1.12888,1.12885,3750000,2440000
2017-03-17 14:02:47.850000,1.12887,1.12886,1120000,1000000
2017-03-17 14:02:48.327000,1.12889,1.12886,3820000,2660000
2017-03-17 14:02:48.429000,1.1289,1.12888,4500000,1000000
2017-03-17 14:02:48.582000,1.12892,1.1289,2250000,1000000
2017-03-17 14:02:48.684000,1.12893,1.12891,1500000,1690000
2017-03-17 14:02:48.737000,1.12894,1.12893,3000000,1000000
2017-03-17 14:02:49.041000,1.12896,1.12894,2850000,3940000
2017-03-17 14:02:49.253000,1.12896,1.12895,2100000,1000000
2017-03-17 14:02:49.307000,1.12897,1.12896,1500000,1000000
2017-03-17 14:02:49.562000,1.12899,1.12898,1500000,1000000
2017-03-17 14:02:49.866000,1.12898,1.12896,1000000,2060000
2017-03-17 14:02:50.018000,1.12896,1.12895,1000000,1500000
2017-03-17 14:02:50.311000,1.12898,1.12896,1500000,1000000
2017-03-17 14:02:51.372000,1.12899,1.12898,3000000,1000000
2017-03-17 14:02:51.575000,1.12896,1.12894,2500000,14470000
2017-03-17 14:02:51.731000,1.12895,1.12894,1000000,2250000
2017-03-17 14:02:51.833000,1.12895,1.12894,1000000,2060000
2017-03-17 14:02:52.036000,1.12895,1.12894,1500000,3370000
2017-03-17 14:02:52.541000,1.12896,1.12895,5250000,1000000
2017-03-17 14:02:52.693000,1.12894,1.12892,4120000,2810000
2017-03-17 14:02:53.613000,1.12895,1.12894,2250000,1000000
2017-03-17 14:02:53.714000,1.12897,1.12895,1000000,1000000
2017-03-17 14:02:54.069000,1.12895,1.12894,1000000,1870000
2017-03-17 14:02:54.324000,1.12894,1.12892,4500000,2250000
2017-03-17 14:02:54.825000,1.12893,1.1289,5250000,1000000
2017-03-17 14:02:55.331000,1.12892,1.1289,1000000,1690000
2017-03-17 14:02:55.484000,1.12893,1.12892,1120000,1690000
2017-03-17 14:02:55.586000,1.12895,1.12893,2620000,1000000
2017-03-17 14:02:56.111000,1.12894,1.12893,1000000,1000000
2017-03-17 14:02:56.365000,1.12893,1.12891,1500000,2620000
2017-03-17 14:02:57.075000,1.12893,1.1289,1000000,2810000
2017-03-17 14:02:57.682000,1.12894,1.1289,2250000,4910000
2017-03-17 14:02:58.188000,1.12894,1.12892,1000000,1000000
2017-03-17 14:02:58.340000,1.12896,1.12893,2620000,1000000
2017-03-17 14:02:58.744000,1.12894,1.12893,1000000,1500000
2017-03-17 14:02:59.209000,1.12893,1.12891,2620000,1000000
2017-03-17 14:02:59.716000,1.12893,1.1289,2290000,1120000
2017-03-17 14:03:00.567000,1.12893,1.1289,2290000,2060000
2017-03-17 14:03:01.564000,1.12893,1.1289,1920000,2060000
2017-03-17 14:03:01.615000,1.12894,1.12893,1000000,1690000
2017-03-17 14:03:01.666000,1.12897,1.12893,2250000,2810000
2017-03-17 14:03:01.818000,1.12896,1.12895,1500000,1000000
2017-03-17 14:03:02.072000,1.12894,1.12892,1500000,1500000
2017-03-17 14:03:02.579000,1.12894,1.12893,1120000,1000000
2017-03-17 14:03:02.731000,1.12896,1.12894,1120000,1120000
2017-03-17 14:03:02.942000,1.129,1.12899,4870000,2850000
2017-03-17 14:03:02.993000,1.12899,1.12898,1120000,3190000
2017-03-17 14:03:03.297000,1.12901,1.129,4500000,1000000
2017-03-17 14:03:03.551000,1.12902,1.129,3000000,1000000
2017-03-17 14:03:03.602000,1.12901,1.12899,1500000,3040000
2017-03-17 14:03:04.108000,1.129,1.12898,3750000,1000000
2017-03-17 14:03:04.628000,1.12898,1.12897,1000000,1250000
2017-03-17 14:03:05.134000,1.12897,1.12896,1000000,1120000
2017-03-17 14:03:05.581000,1.12897,1.12895,1500000,1000000
2017-03-17 14:03:05.831000,1.12895,1.12894,1000000,1120000
2017-03-17 14:03:06.352000,1.12888,1.12887,6040000,1500000
2017-03-17 14:03:06.403000,1.12892,1.1289,31540001,1370000
2017-03-17 14:03:06.454000,1.12877,1.12876,1500000,3750000
2017-03-17 14:03:06.556000,1.12873,1.12871,9060000,1500000
2017-03-17 14:03:06.607000,1.12872,1.12871,3000000,1500000
2017-03-17 14:03:06.708000,1.1287,1.12868,1120000,2060000
2017-03-17 14:03:06.810000,1.12871,1.1287,1500000,1000000
2017-03-17 14:03:07.028000,1.1287,1.12868,1000000,2810000
2017-03-17 14:03:07.333000,1.12869,1.12868,1120000,1310000
2017-03-17 14:03:07.435000,1.12869,1.12868,1000000,1120000
2017-03-17 14:03:07.943000,1.12868,1.12866,1000000,5060000
2017-03-17 14:03:08.328000,1.12871,1.1287,1120000,1310000
2017-03-17 14:03:08.633000,1.12871,1.1287,1120000,1250000
2017-03-17 14:03:08.735000,1.12868,1.12866,1000000,3560000
2017-03-17 14:03:09.251000,1.12868,1.12867,1120000,1120000
2017-03-17 14:03:09.504000,1.1287,1.12869,1000000,1000000
2017-03-17 14:03:09.636000,1.12871,1.1287,1000000,3040000
2017-03-17 14:03:09.738000,1.12873,1.12872,1000000,1250000
2017-03-17 14:03:09.789000,1.12874,1.12872,1870000,2810000
2017-03-17 14:03:10.043000,1.12876,1.12874,1120000,1120000
2017-03-17 14:03:10.246000,1.12877,1.12875,1000000,1000000
2017-03-17 14:03:10.652000,1.1288,1.12879,2620000,1000000
2017-03-17 14:03:10.977000,1.12882,1.12881,1000000,1000000
2017-03-17 14:03:11.181000,1.12882,1.12879,4870000,1500000
2017-03-17 14:03:11.283000,1.1288,1.12877,2060000,3970000
2017-03-17 14:03:11.537000,1.1288,1.12879,3190000,1000000
2017-03-17 14:03:12.190000,1.12881,1.12879,1500000,1000000
2017-03-17 14:03:12.900000,1.12881,1.1288,1500000,1000000
2017-03-17 14:03:13.369000,1.1288,1.12878,1870000,1500000
2017-03-17 14:03:13.889000,1.1288,1.12877,2250000,1250000
2017-03-17 14:03:14.411000,1.12878,1.12876,1120000,1500000
2017-03-17 14:03:14.929000,1.12878,1.12875,2810000,1500000
2017-03-17 14:03:15.440000,1.12878,1.12876,1120000,1000000
2017-03-17 14:03:16.012000,1.12878,1.12875,2620000,1500000
2017-03-17 14:03:16.523000,1.12878,1.12876,1310000,1000000
2017-03-17 14:03:17.040000,1.12878,1.12875,1120000,1500000
2017-03-17 14:03:17.142000,1.12879,1.12877,1500000,1000000
2017-03-17 14:03:17.244000,1.1288,1.12878,1870000,1000000
2017-03-17 14:03:17.346000,1.12881,1.12879,1870000,1000000
2017-03-17 14:03:17.447000,1.12882,1.1288,2620000,1000000
2017-03-17 14:03:17.971000,1.12884,1.12881,1690000,1500000
2017-03-17 14:03:18.578000,1.12884,1.12881,1250000,2250000
2017-03-17 14:03:19.154000,1.12883,1.12881,1500000,2250000
2017-03-17 14:03:19.560000,1.12881,1.1288,1000000,2250000
2017-03-17 14:03:20.181000,1.12879,1.12878,1000000,1000000
2017-03-17 14:03:20.233000,1.12879,1.12878,1000000,1000000
2017-03-17 14:03:20.284000,1.12879,1.12876,1500000,2440000
2017-03-17 14:03:20.785000,1.1288,1.12877,1120000,1000000
2017-03-17 14:03:21.089000,1.12881,1.12879,2810000,1000000
2017-03-17 14:03:21.191000,1.12883,1.12879,2620000,3040000
2017-03-17 14:03:21.394000,1.12884,1.1288,4690000,1000000
2017-03-17 14:03:22.206000,1.12884,1.12881,4310000,1000000
2017-03-17 14:03:23.596000,1.12884,1.12882,1310000,1000000
2017-03-17 14:03:23.849000,1.12887,1.12885,1500000,1000000
2017-03-17 14:03:24.165000,1.12891,1.12889,2850000,1000000
2017-03-17 14:03:24.318000,1.12889,1.12886,1310000,1000000
2017-03-17 14:03:24.521000,1.12886,1.12885,1500000,1000000
2017-03-17 14:03:24.623000,1.12886,1.12884,4690000,1000000
2017-03-17 14:03:24.724000,1.12884,1.12883,1000000,1000000
2017-03-17 14:03:25.209000,1.12882,1.1288,1000000,6040000
2017-03-17 14:03:25.734000,1.12882,1.12879,1870000,1000000
2017-03-17 14:03:26.242000,1.12883,1.12879,2620000,1690000
2017-03-17 14:03:26.566000,1.12884,1.12881,1120000,1500000
2017-03-17 14:03:26.874000,1.1288,1.12877,1500000,1000000
2017-03-17 14:03:27.193000,1.12883,1.12879,3190000,1500000
2017-03-17 14:03:27.700000,1.12884,1.1288,3190000,2250000
2017-03-17 14:03:28.285000,1.12882,1.12879,2250000,1120000
2017-03-17 14:03:28.589000,1.1288,1.12877,2250000,1000000
2017-03-17 14:03:29.178000,1.12879,1.12877,1000000,1000000
2017-03-17 14:03:30.049000,1.12877,1.12876,1000000,1250000
2017-03-17 14:03:30.152000,1.12875,1.12874,3600000,1000000
2017-03-17 14:03:30.203000,1.12874,1.12871,1000000,2810000
2017-03-17 14:03:30.305000,1.12873,1.12871,1000000,1500000
2017-03-17 14:03:30.458000,1.12873,1.12869,7910000,2250000
2017-03-17 14:03:30.560000,1.12872,1.12871,2060000,1000000
2017-03-17 14:03:31.091000,1.12871,1.1287,1000000,1000000
2017-03-17 14:03:31.421000,1.12874,1.12872,2250000,1000000
2017-03-17 14:03:31.895000,1.12875,1.12874,3370000,1000000
2017-03-17 14:03:32.200000,1.12878,1.12875,5440000,1000000
2017-03-17 14:03:32.993000,1.12876,1.12874,1310000,1000000
2017-03-17 14:03:33.044000,1.12875,1.12872,3190000,1500000
2017-03-17 14:03:33.095000,1.12875,1.12871,3190000,3000000
2017-03-17 14:03:33.605000,1.12875,1.12872,2060000,1000000
2017-03-17 14:03:33.706000,1.12876,1.12874,3000000,1000000
2017-03-17 14:03:33.758000,1.12873,1.12872,1250000,1120000
2017-03-17 14:03:34.306000,1.12874,1.12872,2440000,1000000
2017-03-17 14:03:34.671000,1.12872,1.12871,4350000,1000000
2017-03-17 14:03:34.723000,1.12872,1.1287,2100000,1000000
2017-03-17 14:03:36.454000,1.12871,1.1287,1000000,1000000
2017-03-17 14:03:36.960000,1.12871,1.12869,1500000,1500000
2017-03-17 14:03:37.375000,1.12873,1.12869,3370000,4310000
2017-03-17 14:03:37.991000,1.12873,1.1287,4120000,1000000
2017-03-17 14:03:38.497000,1.12874,1.12871,2250000,1500000
2017-03-17 14:03:39.028000,1.12874,1.12872,1000000,1000000
2017-03-17 14:03:39.130000,1.12875,1.12874,2620000,1690000
2017-03-17 14:03:39.640000,1.12877,1.12875,2620000,1000000
2017-03-17 14:03:40.329000,1.12876,1.12874,1000000,1000000
2017-03-17 14:03:41.038000,1.12877,1.12875,3560000,1000000
2017-03-17 14:03:41.723000,1.12876,1.12874,1500000,1000000
2017-03-17 14:03:42.286000,1.12877,1.12876,1500000,1000000
2017-03-17 14:03:42.641000,1.12875,1.12873,1000000,3940000
2017-03-17 14:03:42.743000,1.12876,1.12874,2700000,1500000
2017-03-17 14:03:43.266000,1.12877,1.12874,2620000,2440000
2017-03-17 14:03:43.873000,1.12878,1.12875,3000000,1000000
2017-03-17 14:03:44.076000,1.12879,1.12877,1870000,1000000
2017-03-17 14:03:44.585000,1.12879,1.12878,1120000,1690000
2017-03-17 14:03:45.092000,1.1288,1.12878,3000000,1000000
2017-03-17 14:03:45.669000,1.12881,1.12879,1870000,1000000
2017-03-17 14:03:45.973000,1.12885,1.12883,1120000,1250000
2017-03-17 14:03:46.481000,1.12885,1.12882,1120000,1250000
2017-03-17 14:03:46.988000,1.12885,1.12882,1120000,1690000
2017-03-17 14:03:47.501000,1.12884,1.12882,1000000,1250000
2017-03-17 14:03:48.006000,1.12885,1.12882,1120000,1250000
2017-03-17 14:03:48.557000,1.12885,1.12883,1000000,1250000
2017-03-17 14:03:49.124000,1.12887,1.12885,1120000,1000000
2017-03-17 14:03:49.429000,1.12885,1.12882,1500000,1690000
2017-03-17 14:03:49.844000,1.12885,1.12881,2250000,2440000
2017-03-17 14:03:52.469000,1.12884,1.12881,1000000,1690000
2017-03-17 14:03:52.985000,1.12884,1.12882,1000000,1000000
2017-03-17 14:03:53.541000,1.12885,1.12883,2250000,1000000
2017-03-17 14:03:53.592000,1.12884,1.12882,1000000,2440000
2017-03-17 14:03:54.375000,1.12885,1.12882,2620000,1000000
2017-03-17 14:03:54.426000,1.12882,1.12881,1000000,1500000
2017-03-17 14:03:54.933000,1.12882,1.1288,1000000,2440000
2017-03-17 14:03:55.894000,1.12883,1.12881,1000000,1250000
2017-03-17 14:03:56.267000,1.12881,1.1288,1500000,1000000
2017-03-17 14:03:56.521000,1.12883,1.12879,3750000,2440000
2017-03-17 14:03:56.875000,1.12884,1.12881,2250000,1000000
2017-03-17 14:03:57.179000,1.12884,1.12882,10310000,1500000
2017-03-17 14:03:57.332000,1.12883,1.12881,1000000,1000000
2017-03-17 14:03:57.781000,1.12885,1.12883,1870000,1250000
2017-03-17 14:03:57.983000,1.12888,1.12884,2620000,2810000
2017-03-17 14:03:58.288000,1.12886,1.12884,1370000,2620000
2017-03-17 14:03:58.838000,1.12885,1.12883,1500000,1870000
2017-03-17 14:03:59.559000,1.12885,1.12882,3750000,1250000
2017-03-17 14:04:00.096000,1.12884,1.12882,1000000,1000000
2017-03-17 14:04:00.485000,1.12885,1.12883,3000000,1000000
2017-03-17 14:04:00.998000,1.12885,1.12883,2250000,1000000
2017-03-17 14:04:01.754000,1.12885,1.12883,2250000,1000000
2017-03-17 14:04:02.257000,1.12885,1.12883,2250000,1000000
2017-03-17 14:04:02.574000,1.12889,1.12887,1000000,1250000
2017-03-17 14:04:03.081000,1.1289,1.12888,1120000,1000000
2017-03-17 14:04:03.611000,1.12891,1.1289,1000000,1000000
2017-03-17 14:04:03.861000,1.12898,1.12896,3370000,1000000
2017-03-17 14:04:04.216000,1.12897,1.12895,1000000,1690000
2017-03-17 14:04:04.317000,1.12898,1.12896,1500000,1000000
2017-03-17 14:04:04.825000,1.12899,1.12897,1120000,1000000
2017-03-17 14:04:04.927000,1.129,1.12898,6410000,1000000
2017-03-17 14:04:05.140000,1.129,1.12897,1500000,2060000
2017-03-17 14:04:05.292000,1.12902,1.129,2250000,1000000
2017-03-17 14:04:05.343000,1.129,1.12897,1000000,2810000
2017-03-17 14:04:06.002000,1.12903,1.129,4690000,1000000
2017-03-17 14:04:06.205000,1.12903,1.129,3560000,1120000
2017-03-17 14:04:06.367000,1.12901,1.12898,1120000,2660000
2017-03-17 14:04:06.670000,1.12903,1.129,5440000,1000000
2017-03-17 14:04:07.177000,1.12903,1.12901,5060000,1120000
2017-03-17 14:04:07.791000,1.12903,1.12901,3370000,1000000
2017-03-17 14:04:07.994000,1.12904,1.12903,1000000,1000000
2017-03-17 14:04:08.503000,1.12903,1.12902,1000000,1000000
2017-03-17 14:04:09.177000,1.12901,1.129,1500000,1120000
2017-03-17 14:04:09.278000,1.12899,1.12897,1000000,3370000
2017-03-17 14:04:09.837000,1.12899,1.12896,1120000,2810000
2017-03-17 14:04:09.939000,1.12902,1.12901,8620000,1250000
2017-03-17 14:04:10.270000,1.12905,1.12902,1500000,2250000
2017-03-17 14:04:11.236000,1.12905,1.12903,1500000,1250000
2017-03-17 14:04:11.744000,1.12906,1.12904,1040000,1690000
2017-03-17 14:04:12.304000,1.12908,1.12905,2290000,3790000
2017-03-17 14:04:12.456000,1.1291,1.12909,1870000,1690000
2017-03-17 14:04:12.557000,1.12913,1.1291,4960000,1000000
2017-03-17 14:04:12.659000,1.12911,1.12909,1000000,2440000
2017-03-17 14:04:12.811000,1.1291,1.12908,2310000,4120000
2017-03-17 14:04:12.913000,1.12908,1.12907,3370000,3750000
2017-03-17 14:04:12.964000,1.12908,1.12906,2620000,2620000
2017-03-17 14:04:13.259000,1.1291,1.12909,10950000,1000000
2017-03-17 14:04:13.310000,1.12909,1.12907,1000000,1870000
2017-03-17 14:04:13.564000,1.12911,1.12907,1500000,1690000
2017-03-17 14:04:13.615000,1.12908,1.12906,1000000,6190000
2017-03-17 14:04:13.919000,1.12905,1.12903,1000000,1500000
2017-03-17 14:04:14.223000,1.12907,1.12905,2770000,1310000
2017-03-17 14:04:14.469000,1.1291,1.12907,1870000,1250000
2017-03-17 14:04:14.571000,1.12908,1.12907,1000000,1690000
2017-03-17 14:04:15.047000,1.12907,1.12904,2000000,3000000
2017-03-17 14:04:15.098000,1.12906,1.12904,1660000,2250000
2017-03-17 14:04:15.559000,1.12907,1.12906,7120000,1000000
2017-03-17 14:04:15.762000,1.12908,1.12906,1000000,2440000
2017-03-17 14:04:16.269000,1.12907,1.12906,2250000,1000000
2017-03-17 14:04:16.320000,1.12905,1.12903,1000000,12190000
2017-03-17 14:04:16.371000,1.12906,1.12904,4680000,1000000
2017-03-17 14:04:16.536000,1.12903,1.12902,1000000,1000000
2017-03-17 14:04:17.044000,1.12904,1.12903,1500000,1000000
2017-03-17 14:04:17.550000,1.12905,1.12903,2620000,1000000
2017-03-17 14:04:17.959000,1.12906,1.12905,2250000,1690000
2017-03-17 14:04:18.212000,1.12911,1.12909,1870000,1000000
2017-03-17 14:04:18.263000,1.12911,1.12908,2440000,1000000
2017-03-17 14:04:18.314000,1.12908,1.12907,1540000,3750000
2017-03-17 14:04:18.568000,1.12903,1.12902,1690000,1120000
2017-03-17 14:04:18.619000,1.12902,1.12901,1000000,1120000
2017-03-17 14:04:18.670000,1.12902,1.129,1000000,1120000
2017-03-17 14:04:18.721000,1.12902,1.12898,6750000,5960000
2017-03-17 14:04:18.822000,1.12901,1.12899,1000000,1000000
2017-03-17 14:04:19.349000,1.12899,1.12898,1500000,1000000
2017-03-17 14:04:19.603000,1.12898,1.12895,1000000,4120000
2017-03-17 14:04:19.745000,1.12894,1.12893,10160000,1000000
2017-03-17 14:04:19.797000,1.12893,1.1289,8470000,6750000
2017-03-17 14:04:19.849000,1.12891,1.12889,1000000,8060000
2017-03-17 14:04:20.355000,1.12892,1.12891,1500000,1250000
2017-03-17 14:04:20.507000,1.12895,1.12893,1870000,1120000
2017-03-17 14:04:20.722000,1.12893,1.12891,2870000,5100000
2017-03-17 14:04:21.027000,1.12892,1.1289,3000000,2100000
2017-03-17 14:04:21.078000,1.1289,1.12889,1000000,1690000
2017-03-17 14:04:21.483000,1.12889,1.12887,1000000,4690000
2017-03-17 14:04:21.867000,1.12885,1.12884,1000000,2360000
2017-03-17 14:04:22.390000,1.12886,1.12884,1000000,1620000
2017-03-17 14:04:22.605000,1.12887,1.12884,1500000,1800000
2017-03-17 14:04:22.656000,1.12885,1.12884,1500000,1050000
2017-03-17 14:04:22.707000,1.12884,1.12882,1000000,3190000
2017-03-17 14:04:23.062000,1.12885,1.12884,1000000,1250000
2017-03-17 14:04:23.164000,1.12887,1.12884,1000000,2440000
2017-03-17 14:04:23.534000,1.12888,1.12886,1120000,1000000
2017-03-17 14:04:24.040000,1.12889,1.12887,2250000,1000000
2017-03-17 14:04:24.395000,1.12887,1.12885,1000000,2440000
2017-03-17 14:04:24.706000,1.1289,1.12889,1000000,1690000
2017-03-17 14:04:25.698000,1.12891,1.1289,1000000,1000000
2017-03-17 14:04:26.617000,1.12891,1.12888,1920000,1000000
2017-03-17 14:04:26.921000,1.12893,1.12891,2620000,1250000
2017-03-17 14:04:27.253000,1.12892,1.1289,1000000,1690000
2017-03-17 14:04:27.999000,1.12891,1.12889,1000000,2440000
2017-03-17 14:04:28.052000,1.1289,1.12888,1000000,4310000
2017-03-17 14:04:28.760000,1.1289,1.12889,1000000,1250000
2017-03-17 14:04:29.303000,1.12892,1.1289,2620000,1000000
2017-03-17 14:04:29.819000,1.12891,1.12889,1500000,1250000
2017-03-17 14:04:30.022000,1.12888,1.12886,2500000,9750000
2017-03-17 14:04:30.174000,1.12885,1.12882,1000000,8290000
2017-03-17 14:04:30.225000,1.12885,1.12882,1000000,3410000
2017-03-17 14:04:30.729000,1.12885,1.12883,1120000,1000000
2017-03-17 14:04:31.387000,1.12881,1.1288,1000000,4690000
2017-03-17 14:04:31.488000,1.12881,1.12878,1000000,3370000
2017-03-17 14:04:31.539000,1.12882,1.1288,2060000,1000000
2017-03-17 14:04:31.691000,1.12884,1.12881,3750000,1500000
2017-03-17 14:04:32.220000,1.12885,1.12882,2810000,1870000
2017-03-17 14:04:32.727000,1.12884,1.12881,1120000,2250000
2017-03-17 14:04:33.249000,1.12884,1.12882,1120000,1000000
2017-03-17 14:04:33.776000,1.12885,1.12884,1120000,1000000
2017-03-17 14:04:34.080000,1.12878,1.12876,1000000,5290000
2017-03-17 14:04:34.131000,1.12879,1.12878,2620000,1000000
2017-03-17 14:04:34.696000,1.12878,1.12876,1500000,2310000
2017-03-17 14:04:35.341000,1.12877,1.12874,1120000,3560000
2017-03-17 14:04:35.663000,1.12875,1.12874,1000000,1000000
2017-03-17 14:04:35.866000,1.12874,1.12871,1500000,2620000
2017-03-17 14:04:36.438000,1.12871,1.12869,1000000,5290000
2017-03-17 14:04:36.944000,1.1287,1.12868,1000000,1690000
2017-03-17 14:04:37.249000,1.12865,1.12864,1000000,1120000
2017-03-17 14:04:37.722000,1.12865,1.12861,1000000,4690000
2017-03-17 14:04:37.824000,1.12862,1.12861,1500000,1870000
2017-03-17 14:04:38.130000,1.1286,1.12859,1000000,3410000
2017-03-17 14:04:38.282000,1.12863,1.1286,3940000,1000000
2017-03-17 14:04:38.384000,1.12861,1.12858,1000000,5850000
2017-03-17 14:04:38.435000,1.1286,1.12858,1000000,5100000
2017-03-17 14:04:38.710000,1.12858,1.12855,1000000,3190000
2017-03-17 14:04:39.318000,1.12859,1.12855,1000000,2810000
2017-03-17 14:04:39.835000,1.12859,1.12856,1250000,1500000
2017-03-17 14:04:40.341000,1.1286,1.12856,2810000,1000000
2017-03-17 14:04:40.877000,1.12859,1.12857,2250000,1000000
2017-03-17 14:04:41.232000,1.1286,1.12859,1000000,1000000
2017-03-17 14:04:41.536000,1.12864,1.12863,4500000,1000000
2017-03-17 14:04:41.688000,1.12866,1.12864,1000000,1000000
2017-03-17 14:04:41.739000,1.12865,1.12863,1000000,1500000
2017-03-17 14:04:42.004000,1.12862,1.12859,1000000,1000000
2017-03-17 14:04:42.206000,1.12862,1.1286,4500000,3790000
2017-03-17 14:04:42.511000,1.12864,1.12863,1500000,1500000
2017-03-17 14:04:42.816000,1.12859,1.12857,1310000,1120000
2017-03-17 14:04:42.867000,1.12862,1.12858,1120000,1000000
2017-03-17 14:04:42.918000,1.12858,1.12856,6000000,2620000
2017-03-17 14:04:43.481000,1.12859,1.12856,1250000,1500000
2017-03-17 14:04:43.987000,1.12858,1.12856,1000000,1120000
2017-03-17 14:04:44.500000,1.12859,1.12856,1000000,2250000
2017-03-17 14:04:44.754000,1.12862,1.12857,2620000,1120000
2017-03-17 14:04:45.007000,1.12861,1.12859,2250000,2850000
2017-03-17 14:04:45.509000,1.12861,1.12858,1500000,1000000
2017-03-17 14:04:45.813000,1.12864,1.12861,1500000,1000000
2017-03-17 14:04:46.066000,1.12864,1.12859,1000000,3220000
2017-03-17 14:04:46.369000,1.12862,1.12859,1000000,2470000
2017-03-17 14:04:46.530000,1.12865,1.12859,1570000,4720000
2017-03-17 14:04:46.581000,1.12865,1.12861,1000000,1120000
2017-03-17 14:04:47.090000,1.12864,1.12861,1000000,1120000
2017-03-17 14:04:47.394000,1.12868,1.12864,3340000,1000000
2017-03-17 14:04:47.546000,1.12868,1.12863,5810000,2250000
2017-03-17 14:04:48.072000,1.12868,1.12864,5060000,1000000
2017-03-17 14:04:48.269000,1.12866,1.12864,1690000,1000000
2017-03-17 14:04:48.422000,1.12864,1.12861,1690000,1120000
2017-03-17 14:04:48.725000,1.12862,1.12861,1000000,1120000
2017-03-17 14:04:49.107000,1.12864,1.12861,2060000,1120000
2017-03-17 14:04:50.495000,1.12863,1.12861,1000000,2250000
2017-03-17 14:04:50.748000,1.12865,1.12863,1120000,1500000
2017-03-17 14:04:51.268000,1.12865,1.12861,1500000,4690000
2017-03-17 14:04:51.774000,1.12864,1.12862,1000000,2620000
2017-03-17 14:04:52.434000,1.12864,1.12863,1000000,1500000
2017-03-17 14:04:52.759000,1.12867,1.12866,1000000,1500000
2017-03-17 14:04:53.064000,1.12874,1.12872,1000000,1000000
2017-03-17 14:04:53.115000,1.12875,1.12873,4120000,1000000
2017-03-17 14:04:53.571000,1.12874,1.12872,3000000,1500000
2017-03-17 14:04:53.622000,1.12873,1.12872,1000000,2810000
2017-03-17 14:04:53.874000,1.12877,1.12875,2620000,2250000
2017-03-17 14:04:54.076000,1.12878,1.12877,3370000,1870000
2017-03-17 14:04:54.228000,1.12878,1.12877,1120000,1870000
2017-03-17 14:04:54.736000,1.1288,1.12879,3750000,1000000
2017-03-17 14:04:54.838000,1.12881,1.1288,1500000,1500000
2017-03-17 14:04:55.162000,1.12882,1.1288,5620000,1000000
2017-03-17 14:04:55.315000,1.1288,1.12878,1000000,5290000
2017-03-17 14:04:55.619000,1.12879,1.12877,1000000,6790000
2017-03-17 14:04:55.771000,1.1288,1.12878,1000000,3790000
2017-03-17 14:04:56.476000,1.12879,1.12877,1000000,5290000
2017-03-17 14:04:56.981000,1.12878,1.12877,1000000,1000000
2017-03-17 14:04:57.483000,1.12878,1.12877,1000000,1000000
2017-03-17 14:04:57.989000,1.12881,1.12877,9190000,1000000
2017-03-17 14:04:58.495000,1.1288,1.12876,1690000,1870000
2017-03-17 14:04:59.023000,1.12878,1.12876,1000000,1870000
2017-03-17 14:04:59.568000,1.12878,1.12877,1000000,1000000
2017-03-17 14:05:00.296000,1.12879,1.12877,1000000,1540000
2017-03-17 14:05:00.804000,1.12879,1.12878,1000000,1000000
2017-03-17 14:05:01.313000,1.12879,1.12877,1000000,1000000
2017-03-17 14:05:01.874000,1.12879,1.12878,1200000,1000000
2017-03-17 14:05:02.375000,1.12881,1.12879,1120000,1000000
2017-03-17 14:05:02.730000,1.12884,1.12881,2510000,1000000
2017-03-17 14:05:02.832000,1.12882,1.12881,1000000,1000000
2017-03-17 14:05:02.984000,1.12882,1.12879,1570000,1250000
2017-03-17 14:05:03.491000,1.1288,1.12879,1000000,1000000
2017-03-17 14:05:04.021000,1.12881,1.12878,3150000,1000000
2017-03-17 14:05:04.173000,1.12879,1.12878,1000000,1000000
2017-03-17 14:05:04.465000,1.12879,1.12876,4460000,1000000
2017-03-17 14:05:04.970000,1.12878,1.12875,1000000,1690000
2017-03-17 14:05:05.021000,1.12878,1.12876,1000000,1190000
2017-03-17 14:05:05.123000,1.1288,1.12877,1120000,1000000
2017-03-17 14:05:05.479000,1.12878,1.12877,1000000,1000000
2017-03-17 14:05:05.793000,1.12878,1.12875,1000000,2060000
2017-03-17 14:05:06.299000,1.12879,1.12875,6370000,2060000
2017-03-17 14:05:06.451000,1.12879,1.12876,1120000,2290000
2017-03-17 14:05:06.807000,1.1288,1.12878,1000000,2060000
2017-03-17 14:05:07.318000,1.1288,1.12878,1500000,1500000
2017-03-17 14:05:07.823000,1.12879,1.12877,1000000,1000000
2017-03-17 14:05:08.026000,1.12881,1.12877,3820000,2440000
2017-03-17 14:05:08.759000,1.1288,1.12879,1570000,1000000
2017-03-17 14:05:08.963000,1.12878,1.12876,2500000,2810000
2017-03-17 14:05:09.016000,1.12877,1.12875,1190000,4870000
2017-03-17 14:05:09.067000,1.12875,1.12874,3270000,2620000
2017-03-17 14:05:09.220000,1.12874,1.12872,1000000,1000000
2017-03-17 14:05:09.641000,1.12873,1.12872,1000000,1000000
2017-03-17 14:05:10.150000,1.12873,1.12872,1000000,1000000
2017-03-17 14:05:10.817000,1.12874,1.12872,4500000,1000000
2017-03-17 14:05:11.173000,1.12875,1.12874,1870000,1000000
2017-03-17 14:05:11.426000,1.12877,1.12875,7870000,1000000
2017-03-17 14:05:11.630000,1.1288,1.12876,1870000,2250000
2017-03-17 14:05:11.834000,1.1288,1.12878,3370000,1000000
2017-03-17 14:05:12.638000,1.12879,1.12878,1000000,1000000
2017-03-17 14:05:13.271000,1.1288,1.12878,1120000,1000000
2017-03-17 14:05:13.604000,1.12881,1.1288,1420000,1000000
2017-03-17 14:05:14.046000,1.12883,1.12882,1000000,1000000
2017-03-17 14:05:14.148000,1.12883,1.12881,1000000,2620000
2017-03-17 14:05:14.704000,1.12883,1.12882,1000000,1000000
2017-03-17 14:05:15.219000,1.12885,1.12883,5060000,1000000
2017-03-17 14:05:15.725000,1.12885,1.12884,2620000,1000000
2017-03-17 14:05:16.226000,1.12886,1.12884,2620000,1000000
2017-03-17 14:05:16.608000,1.1289,1.12889,12750000,1870000
2017-03-17 14:05:16.730000,1.12892,1.12891,1000000,2290000
2017-03-17 14:05:16.781000,1.12894,1.12892,1000000,2100000
2017-03-17 14:05:16.832000,1.12895,1.12893,7120000,1000000
2017-03-17 14:05:16.934000,1.12893,1.12891,1120000,2060000
2017-03-17 14:05:16.986000,1.12894,1.12893,1870000,1000000
2017-03-17 14:05:17.293000,1.12897,1.12896,2850000,1000000
2017-03-17 14:05:17.447000,1.12895,1.12894,1000000,1000000
2017-03-17 14:05:17.650000,1.12896,1.12894,1120000,1000000
2017-03-17 14:05:17.802000,1.12897,1.12894,1310000,1000000
2017-03-17 14:05:17.854000,1.12896,1.12895,1000000,1000000
2017-03-17 14:05:18.007000,1.12896,1.12894,2440000,1000000
2017-03-17 14:05:18.213000,1.12893,1.12892,3370000,3940000
2017-03-17 14:05:18.366000,1.12894,1.12892,1790000,3000000
2017-03-17 14:05:18.417000,1.12895,1.12893,9850000,1000000
2017-03-17 14:05:18.721000,1.12897,1.12895,7500000,1000000
2017-03-17 14:05:19.248000,1.12897,1.12895,1870000,1000000
2017-03-17 14:05:19.299000,1.12897,1.12894,1500000,1690000
2017-03-17 14:05:19.557000,1.12898,1.12896,4500000,1000000
2017-03-17 14:05:20.688000,1.12898,1.12896,1500000,1000000
2017-03-17 14:05:21.246000,1.12898,1.12897,1000000,1000000
2017-03-17 14:05:21.560000,1.12895,1.12894,2250000,1000000
2017-03-17 14:05:21.611000,1.12895,1.12893,2500000,1500000
2017-03-17 14:05:21.713000,1.12894,1.12893,1580000,1500000
2017-03-17 14:05:21.872000,1.12895,1.12893,1000000,3560000
2017-03-17 14:05:22.227000,1.12893,1.12891,1000000,3940000
2017-03-17 14:05:22.734000,1.12894,1.12892,2620000,1000000
2017-03-17 14:05:23.078000,1.12897,1.12896,4870000,1000000
2017-03-17 14:05:23.610000,1.12896,1.12895,2250000,1000000
2017-03-17 14:05:24.015000,1.12895,1.12893,1000000,5250000
2017-03-17 14:05:24.117000,1.12893,1.12892,1000000,1000000
2017-03-17 14:05:24.421000,1.12896,1.12895,1000000,1000000
2017-03-17 14:05:25.207000,1.12897,1.12895,4870000,1000000
2017-03-17 14:05:27.406000,1.12899,1.12896,3190000,1000000
2017-03-17 14:05:27.943000,1.12899,1.12897,3190000,1000000
2017-03-17 14:05:28.450000,1.12899,1.12898,1870000,1000000
2017-03-17 14:05:30.353000,1.129,1.12899,2250000,1000000
2017-03-17 14:05:30.657000,1.12907,1.12906,3000000,1690000
2017-03-17 14:05:30.874000,1.12909,1.12907,1000000,1690000
2017-03-17 14:05:30.926000,1.12907,1.12905,1750000,5440000
2017-03-17 14:05:31.078000,1.12906,1.12904,1660000,1870000
2017-03-17 14:05:31.281000,1.12904,1.12903,1500000,2440000
2017-03-17 14:05:31.585000,1.12903,1.12901,1500000,1000000
2017-03-17 14:05:32.518000,1.12901,1.129,1500000,1000000
2017-03-17 14:05:32.569000,1.12901,1.12899,2250000,1690000
2017-03-17 14:05:32.721000,1.12899,1.12897,1000000,1310000
2017-03-17 14:05:33.230000,1.12899,1.12898,1000000,1000000
2017-03-17 14:05:33.534000,1.12901,1.129,4120000,1500000
2017-03-17 14:05:33.757000,1.12906,1.12905,1120000,1250000
2017-03-17 14:05:34.113000,1.12907,1.12903,3370000,4310000
2017-03-17 14:05:34.470000,1.12907,1.12905,1370000,1000000
2017-03-17 14:05:35.285000,1.12907,1.12906,2700000,1250000
2017-03-17 14:05:35.589000,1.12906,1.12904,1210000,1310000
2017-03-17 14:05:36.200000,1.12906,1.12904,5530000,1000000
2017-03-17 14:05:36.706000,1.12905,1.12904,1120000,1500000
2017-03-17 14:05:37.368000,1.12906,1.12904,5600000,1000000
2017-03-17 14:05:37.886000,1.12906,1.12904,5600000,1500000
2017-03-17 14:05:38.575000,1.12906,1.12904,4850000,1000000
2017-03-17 14:05:40.259000,1.12906,1.12905,3840000,1000000
2017-03-17 14:05:42.398000,1.12907,1.12905,6300000,4350000
2017-03-17 14:05:42.500000,1.12909,1.12908,1120000,1250000
2017-03-17 14:05:42.703000,1.12912,1.1291,1000000,3190000
2017-03-17 14:05:43.223000,1.12914,1.12911,4500000,1000000
2017-03-17 14:05:43.679000,1.12915,1.12914,8240000,1690000
2017-03-17 14:05:43.781000,1.12916,1.12914,4870000,5060000
2017-03-17 14:05:43.883000,1.12916,1.12915,1000000,1500000
2017-03-17 14:05:44.237000,1.12917,1.12916,1500000,1000000
2017-03-17 14:05:44.757000,1.12918,1.12916,1500000,1000000
2017-03-17 14:05:45.263000,1.12919,1.12917,3110000,1000000
2017-03-17 14:05:45.952000,1.1292,1.12918,2250000,1250000
2017-03-17 14:05:46.408000,1.12923,1.12919,1190000,1690000
2017-03-17 14:05:46.914000,1.12923,1.12919,1940000,2060000
2017-03-17 14:05:47.587000,1.12921,1.12918,2850000,2440000
2017-03-17 14:05:47.638000,1.1292,1.12918,2250000,1120000
2017-03-17 14:05:47.790000,1.12919,1.12916,2410000,3750000
2017-03-17 14:05:47.841000,1.12919,1.12918,1660000,1870000
2017-03-17 14:05:47.893000,1.12919,1.12916,3540000,2620000
2017-03-17 14:05:48.349000,1.12917,1.12915,1000000,1250000
2017-03-17 14:05:48.653000,1.12914,1.12911,4870000,3560000
2017-03-17 14:05:49.093000,1.12912,1.12908,2620000,6560000
2017-03-17 14:05:49.295000,1.12912,1.12908,4860000,4310000
2017-03-17 14:05:49.801000,1.12909,1.12908,1000000,3560000
2017-03-17 14:05:50.123000,1.12905,1.12903,1870000,2620000
2017-03-17 14:05:50.427000,1.12908,1.12906,1120000,1000000
2017-03-17 14:05:50.934000,1.12908,1.12907,1000000,3560000
2017-03-17 14:05:51.452000,1.12909,1.12907,1000000,1310000
2017-03-17 14:05:51.921000,1.12911,1.12909,1110000,1000000
2017-03-17 14:05:52.225000,1.12913,1.12911,2330000,1120000
2017-03-17 14:05:53.435000,1.12913,1.12911,1120000,2620000
2017-03-17 14:05:53.967000,1.12913,1.12911,1370000,3000000
2017-03-17 14:05:54.232000,1.12915,1.12912,2320000,5440000
2017-03-17 14:05:54.284000,1.12915,1.12914,1200000,1250000
2017-03-17 14:05:54.436000,1.12916,1.12914,1500000,1250000
2017-03-17 14:05:54.694000,1.12915,1.12914,1000000,1000000
2017-03-17 14:05:54.847000,1.12918,1.12916,1120000,1000000
2017-03-17 14:05:55.508000,1.12917,1.12915,3220000,2620000
2017-03-17 14:05:55.611000,1.12914,1.12913,1000000,3560000
2017-03-17 14:05:56.131000,1.12915,1.12913,1120000,4310000
2017-03-17 14:05:56.947000,1.12914,1.12913,3450000,1120000
2017-03-17 14:05:57.453000,1.12913,1.1291,2620000,5520000
2017-03-17 14:05:57.605000,1.12912,1.12908,2250000,5520000
2017-03-17 14:05:58.083000,1.12911,1.12908,1650000,3750000
2017-03-17 14:05:58.611000,1.1291,1.12907,2020000,4690000
2017-03-17 14:05:59.308000,1.1291,1.12908,1270000,1690000
2017-03-17 14:05:59.624000,1.12914,1.12913,1120000,1250000
2017-03-17 14:06:00.258000,1.12914,1.12912,1120000,4690000
2017-03-17 14:06:00.713000,1.12916,1.12913,1170000,4690000
2017-03-17 14:06:01.038000,1.12912,1.12911,1000000,4870000
2017-03-17 14:06:01.089000,1.12911,1.12909,1000000,2620000
2017-03-17 14:06:01.951000,1.12911,1.12909,1500000,1120000
2017-03-17 14:06:02.462000,1.1291,1.12909,1500000,1120000
2017-03-17 14:06:02.716000,1.12909,1.12907,1000000,1250000
2017-03-17 14:06:03.234000,1.12908,1.12907,1500000,1250000
2017-03-17 14:06:03.740000,1.12909,1.12907,1000000,1250000
2017-03-17 14:06:04.044000,1.12912,1.12908,1870000,5810000
2017-03-17 14:06:04.808000,1.12912,1.12909,1120000,5060000
2017-03-17 14:06:05.314000,1.12914,1.12909,4620000,9940000
2017-03-17 14:06:06.123000,1.12914,1.1291,4620000,1910000
2017-03-17 14:06:06.225000,1.12914,1.12911,3450000,6750000
2017-03-17 14:06:06.979000,1.12911,1.1291,1000000,4310000
2017-03-17 14:06:07.030000,1.12911,1.1291,1000000,2250000
2017-03-17 14:06:07.536000,1.12914,1.12912,1120000,1250000
2017-03-17 14:06:07.868000,1.12916,1.12913,1120000,2810000
2017-03-17 14:06:08.375000,1.12917,1.12914,1170000,1120000
2017-03-17 14:06:09.258000,1.12918,1.12915,2290000,1690000
2017-03-17 14:06:10.439000,1.12915,1.12914,1000000,1870000
2017-03-17 14:06:10.541000,1.12917,1.12914,2250000,1690000
2017-03-17 14:06:10.592000,1.12915,1.12912,1500000,4690000
2017-03-17 14:06:10.850000,1.12915,1.12914,1000000,1000000
2017-03-17 14:06:11.364000,1.12916,1.12915,1000000,1000000
2017-03-17 14:06:11.679000,1.1292,1.12919,1830000,5440000
2017-03-17 14:06:11.731000,1.12926,1.12923,2620000,1690000
2017-03-17 14:06:12.296000,1.12924,1.12922,1500000,1870000
2017-03-17 14:06:12.751000,1.12928,1.12925,1750000,1000000
2017-03-17 14:06:12.853000,1.12929,1.12926,1000000,9520000
2017-03-17 14:06:13.472000,1.1293,1.12929,2620000,3000000
2017-03-17 14:06:13.788000,1.12935,1.12932,1500000,2920000
2017-03-17 14:06:13.839000,1.12936,1.12932,1000000,2920000
2017-03-17 14:06:13.940000,1.12934,1.12932,1370000,1500000
2017-03-17 14:06:14.245000,1.12933,1.12931,1500000,4420000
2017-03-17 14:06:14.296000,1.12934,1.12931,2850000,3670000
2017-03-17 14:06:14.891000,1.12932,1.12931,1000000,1310000
2017-03-17 14:06:15.295000,1.12934,1.12931,1870000,1690000
2017-03-17 14:06:15.650000,1.12932,1.12931,1000000,1690000
2017-03-17 14:06:15.701000,1.12932,1.1293,1500000,2810000
2017-03-17 14:06:15.920000,1.12934,1.12932,1120000,1690000
2017-03-17 14:06:16.073000,1.12934,1.12932,1000000,2440000
2017-03-17 14:06:16.529000,1.12937,1.12932,2190000,1000000
2017-03-17 14:06:16.782000,1.12935,1.12932,1370000,1000000
2017-03-17 14:06:17.123000,1.1293,1.12928,1870000,1000000
2017-03-17 14:06:17.276000,1.1293,1.12926,4460000,1000000
2017-03-17 14:06:17.378000,1.1293,1.12928,4460000,1120000
2017-03-17 14:06:17.582000,1.12935,1.12931,1500000,1000000
2017-03-17 14:06:17.837000,1.1293,1.12928,6750000,2620000
2017-03-17 14:06:17.888000,1.1293,1.12928,3000000,1000000
2017-03-17 14:06:17.939000,1.1293,1.12926,4210000,3370000
2017-03-17 14:06:18.142000,1.12931,1.12929,1500000,1000000
2017-03-17 14:06:18.339000,1.12931,1.12927,2620000,1000000
2017-03-17 14:06:18.845000,1.12929,1.12925,1770000,1500000
2017-03-17 14:06:19.351000,1.12929,1.12924,1810000,3190000
2017-03-17 14:06:19.877000,1.12929,1.12924,6120000,1000000
2017-03-17 14:06:20.394000,1.12928,1.12923,1870000,1870000
2017-03-17 14:06:20.833000,1.12929,1.12926,3870000,1500000
2017-03-17 14:06:20.986000,1.12938,1.12934,1000000,3000000
2017-03-17 14:06:21.087000,1.12936,1.12933,1000000,10120000
2017-03-17 14:06:21.493000,1.12935,1.12933,1000000,1500000
2017-03-17 14:06:21.996000,1.12935,1.12934,1000000,1250000
2017-03-17 14:06:22.400000,1.12934,1.12932,1000000,4310000
2017-03-17 14:06:22.451000,1.12935,1.12933,2620000,2250000
2017-03-17 14:06:22.603000,1.12935,1.12932,1200000,3940000
2017-03-17 14:06:22.756000,1.12938,1.12936,1120000,2810000
2017-03-17 14:06:23.269000,1.12939,1.12937,1120000,1250000
2017-03-17 14:06:23.775000,1.12939,1.12938,1350000,1000000
2017-03-17 14:06:23.927000,1.12935,1.12934,1000000,1120000
2017-03-17 14:06:24.181000,1.12934,1.12932,1000000,2170000
2017-03-17 14:06:24.456000,1.12929,1.12928,1000000,1800000
2017-03-17 14:06:24.608000,1.12931,1.12929,2100000,2810000
2017-03-17 14:06:25.114000,1.1293,1.12928,1000000,1920000
2017-03-17 14:06:25.620000,1.12929,1.12927,1000000,1240000
2017-03-17 14:06:25.873000,1.12931,1.12929,1500000,3940000
2017-03-17 14:06:25.975000,1.12934,1.12933,2620000,1000000
2017-03-17 14:06:26.177000,1.12936,1.12934,1500000,3970000
2017-03-17 14:06:26.228000,1.12938,1.12935,2670000,1540000
2017-03-17 14:06:26.634000,1.12934,1.12933,1120000,1500000
2017-03-17 14:06:26.786000,1.12929,1.12927,1000000,2670000
2017-03-17 14:06:27.190000,1.12927,1.12926,1000000,1500000
2017-03-17 14:06:27.495000,1.12926,1.12924,1000000,1310000
2017-03-17 14:06:27.697000,1.12928,1.12925,3490000,1370000
2017-03-17 14:06:28.281000,1.12928,1.12925,3410000,1250000
2017-03-17 14:06:28.587000,1.12929,1.12927,1200000,1500000
2017-03-17 14:06:30.012000,1.1293,1.12927,2250000,1120000
2017-03-17 14:06:30.351000,1.12931,1.1293,3000000,1000000
2017-03-17 14:06:30.504000,1.12932,1.1293,1120000,4310000
2017-03-17 14:06:31.010000,1.12933,1.1293,1870000,8060000
2017-03-17 14:06:31.427000,1.12931,1.1293,3600000,4120000
2017-03-17 14:06:31.746000,1.12928,1.12927,1000000,1360000
2017-03-17 14:06:32.100000,1.1293,1.12927,3370000,2110000
2017-03-17 14:06:32.151000,1.1293,1.12927,1870000,3160000
2017-03-17 14:06:32.809000,1.12929,1.12927,1000000,1090000
2017-03-17 14:06:32.861000,1.12928,1.12926,1500000,2780000
2017-03-17 14:06:33.120000,1.12924,1.12923,1000000,8440000
2017-03-17 14:06:33.182000,1.12924,1.12921,1500000,2060000
2017-03-17 14:06:33.892000,1.12925,1.12921,1870000,6610000
2017-03-17 14:06:34.196000,1.12923,1.12922,1000000,1310000
2017-03-17 14:06:34.504000,1.1292,1.12918,1000000,2060000
2017-03-17 14:06:34.556000,1.12921,1.12919,2290000,1000000
2017-03-17 14:06:35.062000,1.12921,1.1292,1540000,1000000
2017-03-17 14:06:35.619000,1.12923,1.12921,6790000,1000000
2017-03-17 14:06:35.670000,1.12924,1.12922,2290000,1000000
2017-03-17 14:06:35.964000,1.12925,1.12923,1500000,1000000
2017-03-17 14:06:36.270000,1.12923,1.12922,1500000,1000000
2017-03-17 14:06:36.475000,1.12922,1.1292,1500000,1500000
2017-03-17 14:06:36.881000,1.1292,1.12919,1000000,2250000
2017-03-17 14:06:36.932000,1.1292,1.12918,1120000,1120000
2017-03-17 14:06:37.111000,1.12919,1.12916,1310000,1120000
2017-03-17 14:06:37.163000,1.12917,1.12916,1000000,1000000
2017-03-17 14:06:37.468000,1.12913,1.12912,1500000,4500000
2017-03-17 14:06:37.570000,1.12912,1.12909,2250000,5670000
2017-03-17 14:06:37.773000,1.1291,1.12907,1000000,11110000
2017-03-17 14:06:38.291000,1.12911,1.12908,4120000,1290000
2017-03-17 14:06:38.999000,1.12909,1.12908,1120000,1060000
2017-03-17 14:06:39.152000,1.12907,1.12905,1120000,2250000
2017-03-17 14:06:39.722000,1.12907,1.12905,1000000,1120000
2017-03-17 14:06:40.231000,1.12907,1.12905,1000000,2810000
2017-03-17 14:06:40.383000,1.1291,1.12907,3420000,1000000
2017-03-17 14:06:40.889000,1.12911,1.12908,3000000,1250000
2017-03-17 14:06:41.432000,1.12911,1.12909,1340000,1120000
2017-03-17 14:06:41.483000,1.12909,1.12907,1910000,3370000
2017-03-17 14:06:41.534000,1.12912,1.1291,1720000,1000000
2017-03-17 14:06:42.041000,1.12912,1.12911,1500000,1000000
2017-03-17 14:06:42.142000,1.12914,1.12912,3590000,1690000
2017-03-17 14:06:42.194000,1.12914,1.12912,1500000,1250000
2017-03-17 14:06:42.295000,1.12916,1.12913,1500000,1250000
2017-03-17 14:06:42.563000,1.12914,1.12912,1500000,2060000
2017-03-17 14:06:43.094000,1.12915,1.12912,1000000,1190000
2017-03-17 14:06:43.604000,1.12916,1.12912,1000000,1250000
2017-03-17 14:06:43.918000,1.12914,1.12912,1000000,1310000
2017-03-17 14:06:44.020000,1.12915,1.12912,1120000,2060000
2017-03-17 14:06:44.424000,1.12917,1.12913,1870000,3190000
2017-03-17 14:06:44.930000,1.12917,1.12915,1310000,1000000
2017-03-17 14:06:45.082000,1.12915,1.12913,1190000,9220000
2017-03-17 14:06:45.184000,1.12914,1.12911,1690000,3000000
2017-03-17 14:06:45.286000,1.12916,1.12913,1500000,1870000
2017-03-17 14:06:45.800000,1.12918,1.12915,2440000,1000000
2017-03-17 14:06:47.307000,1.12918,1.12917,1500000,1000000
2017-03-17 14:06:47.808000,1.12919,1.12917,3000000,1500000
2017-03-17 14:06:49.391000,1.12919,1.12917,3000000,1000000
2017-03-17 14:06:50.500000,1.12918,1.12916,1000000,3750000
2017-03-17 14:06:50.854000,1.12918,1.12916,1000000,1120000
2017-03-17 14:06:50.905000,1.12917,1.12915,1000000,4310000
2017-03-17 14:06:50.956000,1.12918,1.12916,1120000,1000000
2017-03-17 14:06:51.547000,1.12918,1.12917,1120000,1000000
2017-03-17 14:06:52.102000,1.12917,1.12916,1000000,1000000
2017-03-17 14:06:52.660000,1.12916,1.12914,1120000,1000000
2017-03-17 14:06:53.684000,1.12915,1.12914,1000000,1000000
2017-03-17 14:06:54.214000,1.12916,1.12915,1120000,1000000
2017-03-17 14:06:54.718000,1.12914,1.12912,1690000,1000000
2017-03-17 14:06:54.820000,1.12912,1.1291,1000000,4500000
2017-03-17 14:06:55.237000,1.1291,1.12908,1000000,3940000
2017-03-17 14:06:55.548000,1.1291,1.12909,1000000,1000000
2017-03-17 14:06:55.953000,1.12906,1.12904,1000000,1310000
2017-03-17 14:06:56.005000,1.12905,1.12904,1000000,1250000
2017-03-17 14:06:56.056000,1.12907,1.12906,1000000,1000000
2017-03-17 14:06:56.259000,1.12908,1.12906,1120000,1310000
2017-03-17 14:06:56.785000,1.12909,1.12907,2250000,1000000
2017-03-17 14:06:57.292000,1.12908,1.12907,1000000,2060000
2017-03-17 14:06:57.798000,1.12909,1.12907,1500000,1000000
2017-03-17 14:06:58.339000,1.12908,1.12907,1000000,1250000
2017-03-17 14:06:58.671000,1.12912,1.1291,3000000,1000000
2017-03-17 14:06:59.613000,1.12911,1.12909,3370000,1500000
2017-03-17 14:07:00.137000,1.12911,1.12909,2620000,2250000
2017-03-17 14:07:00.645000,1.12912,1.1291,3000000,2250000
2017-03-17 14:07:01.125000,1.12909,1.12908,1500000,1000000
2017-03-17 14:07:01.176000,1.12907,1.12905,1000000,3370000
2017-03-17 14:07:01.547000,1.12905,1.12904,1000000,1000000
2017-03-17 14:07:01.800000,1.12907,1.12904,3830000,1500000
2017-03-17 14:07:01.902000,1.12906,1.12905,1000000,1500000
2017-03-17 14:07:02.003000,1.12906,1.12903,1500000,1000000
2017-03-17 14:07:02.757000,1.12905,1.12902,1120000,1500000
