time,ask,bid,ask_volume,bid_volume
2019-09-12 14:25:00.277000,1.07917,1.07914,2620000,1000000
2019-09-12 14:25:00.378000,1.0792,1.07919,1100000,1000000
2019-09-12 14:25:00.481000,1.07925,1.07924,1250000,1120000
2019-09-12 14:25:00.531000,1.07926,1.07924,1000000,2190000
2019-09-12 14:25:00.835000,1.07928,1.07924,3190000,2190000
2019-09-12 14:25:00.976000,1.07928,1.07927,1000000,1000000
2019-09-12 14:25:01.029000,1.0793,1.07929,1500000,1310000
2019-09-12 14:25:01.080000,1.07933,1.07929,3070000,3560000
2019-09-12 14:25:01.401000,1.07929,1.07928,1250000,1120000
2019-09-12 14:25:01.452000,1.07928,1.07924,2190000,3220000
2019-09-12 14:25:01.553000,1.07928,1.07924,2190000,1120000
2019-09-12 14:25:01.973000,1.07928,1.07924,2750000,2120000
2019-09-12 14:25:02.331000,1.07928,1.07924,2190000,2060000
2019-09-12 14:25:02.643000,1.07925,1.07921,3620000,4100000
2019-09-12 14:25:02.745000,1.07923,1.0792,1500000,1000000
2019-09-12 14:25:02.864000,1.07923,1.0792,1000000,2120000
2019-09-12 14:25:02.915000,1.07923,1.0792,1250000,1120000
2019-09-12 14:25:03.218000,1.07923,1.07921,1500000,1000000
2019-09-12 14:25:03.320000,1.07925,1.07924,1000000,1000000
2019-09-12 14:25:03.421000,1.07927,1.07924,1000000,2060000
2019-09-12 14:25:03.553000,1.07928,1.07924,2810000,2810000
2019-09-12 14:25:04.123000,1.07925,1.07922,1750000,3310000
2019-09-12 14:25:04.275000,1.07922,1.07919,1500000,1310000
2019-09-12 14:25:06.061000,1.07919,1.07917,1500000,1120000
2019-09-12 14:25:06.112000,1.07916,1.07914,1000000,1500000
2019-09-12 14:25:06.352000,1.07916,1.07915,1000000,1000000
2019-09-12 14:25:06.453000,1.07917,1.07916,1000000,1000000
2019-09-12 14:25:06.554000,1.07918,1.07916,1000000,1250000
2019-09-12 14:25:06.714000,1.07918,1.07916,1000000,1000000
2019-09-12 14:25:06.815000,1.07918,1.07914,2750000,2250000
2019-09-12 14:25:07.295000,1.07918,1.07916,1000000,2500000
2019-09-12 14:25:07.396000,1.07919,1.07916,2250000,1000000
2019-09-12 14:25:07.598000,1.07919,1.07915,2190000,2440000
2019-09-12 14:25:07.750000,1.0792,1.07917,4770000,1000000
2019-09-12 14:25:08.551000,1.07919,1.07914,4500000,3000000
2019-09-12 14:25:08.686000,1.07918,1.07914,1500000,2500000
2019-09-12 14:25:09.371000,1.07918,1.07916,1500000,1000000
2019-09-12 14:25:09.535000,1.07918,1.07915,1500000,1250000
2019-09-12 14:25:09.687000,1.07918,1.07915,1500000,1250000
2019-09-12 14:25:09.788000,1.07918,1.07915,1750000,1000000
2019-09-12 14:25:09.889000,1.07918,1.07916,1500000,1000000
2019-09-12 14:25:09.990000,1.07918,1.07915,1500000,1250000
2019-09-12 14:25:10.249000,1.07917,1.07914,1120000,2060000
2019-09-12 14:25:10.639000,1.07919,1.07916,1570000,1000000
2019-09-12 14:25:10.774000,1.07921,1.07918,2940000,1120000
2019-09-12 14:25:10.876000,1.07921,1.07918,2440000,1120000
2019-09-12 14:25:11.129000,1.07919,1.07917,1250000,1690000
2019-09-12 14:25:11.324000,1.07918,1.07914,2440000,2060000
2019-09-12 14:25:11.526000,1.07918,1.07914,2250000,2120000
2019-09-12 14:25:11.628000,1.07919,1.07916,1250000,1250000
2019-09-12 14:25:11.812000,1.07919,1.07915,2500000,1870000
2019-09-12 14:25:12.014000,1.07918,1.07915,1000000,1370000
2019-09-12 14:25:12.116000,1.0792,1.07917,1000000,1310000
2019-09-12 14:25:12.217000,1.07919,1.07917,1250000,2060000
2019-09-12 14:25:13.400000,1.07918,1.07914,1310000,6750000
2019-09-12 14:25:13.502000,1.07917,1.07914,1000000,2060000
2019-09-12 14:25:13.915000,1.07917,1.07914,1000000,2120000
2019-09-12 14:25:14.017000,1.07917,1.07914,1000000,2060000
2019-09-12 14:25:14.196000,1.07917,1.07914,1000000,2560000
2019-09-12 14:25:14.246000,1.07919,1.07918,1310000,1000000
2019-09-12 14:25:14.297000,1.07922,1.07919,3320000,1120000
2019-09-12 14:25:14.398000,1.07922,1.07919,2810000,1120000
2019-09-12 14:25:14.500000,1.07922,1.07918,2060000,3190000
2019-09-12 14:25:14.858000,1.0792,1.07918,1250000,1000000
2019-09-12 14:25:14.909000,1.07922,1.07918,2510000,1690000
2019-09-12 14:25:15.397000,1.07922,1.07919,2060000,1000000
2019-09-12 14:25:15.509000,1.07921,1.07919,2060000,1000000
2019-09-12 14:25:15.560000,1.07919,1.07917,1250000,2190000
2019-09-12 14:25:15.661000,1.07919,1.07916,1810000,1620000
2019-09-12 14:25:15.775000,1.07919,1.07916,1500000,1250000
2019-09-12 14:25:15.876000,1.07919,1.07915,2190000,2440000
2019-09-12 14:25:17.217000,1.07917,1.07915,1500000,1000000
2019-09-12 14:25:17.803000,1.07917,1.07914,1000000,2810000
2019-09-12 14:25:19.019000,1.07917,1.07915,1000000,1250000
2019-09-12 14:25:19.272000,1.07919,1.07914,5250000,2060000
2019-09-12 14:25:19.803000,1.07918,1.07914,1250000,2190000
2019-09-12 14:25:19.909000,1.07919,1.07916,3800000,1310000
2019-09-12 14:25:20.019000,1.07919,1.07917,1310000,1310000
2019-09-12 14:25:20.121000,1.07921,1.07918,2440000,1120000
2019-09-12 14:25:20.222000,1.07921,1.07919,1620000,1000000
2019-09-12 14:25:20.324000,1.07921,1.07919,1250000,1120000
2019-09-12 14:25:21.647000,1.07922,1.07919,1690000,1120000
2019-09-12 14:25:22.205000,1.07922,1.07918,3000000,2250000
2019-09-12 14:25:22.512000,1.07922,1.07919,1500000,1000000
2019-09-12 14:25:22.614000,1.07921,1.07917,2250000,1310000
2019-09-12 14:25:22.867000,1.07917,1.07916,1250000,1500000
2019-09-12 14:25:22.917000,1.07917,1.07913,3190000,1690000
2019-09-12 14:25:23.161000,1.07916,1.07912,1000000,2120000
2019-09-12 14:25:23.262000,1.07916,1.07912,3560000,2060000
2019-09-12 14:25:23.515000,1.07913,1.07911,1250000,3310000
2019-09-12 14:25:23.617000,1.07912,1.0791,1250000,2440000
2019-09-12 14:25:23.718000,1.07912,1.07908,5500000,1200000
2019-09-12 14:25:23.844000,1.07911,1.07907,3190000,2060000
2019-09-12 14:25:23.901000,1.07909,1.07907,1000000,1870000
2019-09-12 14:25:24.002000,1.0791,1.07907,1690000,1870000
2019-09-12 14:25:24.447000,1.07909,1.07907,1000000,2060000
2019-09-12 14:25:25.623000,1.07913,1.0791,3260000,1750000
2019-09-12 14:25:26.152000,1.07913,1.07911,1250000,1250000
2019-09-12 14:25:26.531000,1.07914,1.07911,1000000,2000000
2019-09-12 14:25:26.632000,1.07915,1.07911,1120000,1870000
2019-09-12 14:25:26.734000,1.07914,1.07911,1000000,1870000
2019-09-12 14:25:27.068000,1.07914,1.07912,1000000,1000000
2019-09-12 14:25:27.169000,1.07915,1.07912,1000000,1870000
2019-09-12 14:25:27.270000,1.07916,1.07913,2060000,1000000
2019-09-12 14:25:27.372000,1.07916,1.07914,1000000,1000000
2019-09-12 14:25:27.501000,1.07917,1.07914,1500000,1000000
2019-09-12 14:25:27.754000,1.07917,1.07913,1000000,1690000
2019-09-12 14:25:27.855000,1.07917,1.07915,1000000,1000000
2019-09-12 14:25:27.956000,1.07918,1.07914,2810000,2440000
2019-09-12 14:25:28.057000,1.07917,1.07913,1000000,1250000
2019-09-12 14:25:28.261000,1.07917,1.07913,2000000,1250000
2019-09-12 14:25:29.343000,1.07918,1.07915,1500000,1750000
2019-09-12 14:25:29.444000,1.07918,1.07917,1000000,1000000
2019-09-12 14:25:29.545000,1.07919,1.07917,1000000,1620000
2019-09-12 14:25:29.596000,1.0792,1.07918,2810000,1310000
2019-09-12 14:25:29.718000,1.07921,1.07918,1620000,2560000
2019-09-12 14:25:29.820000,1.0792,1.07917,1370000,2560000
2019-09-12 14:25:29.921000,1.07921,1.07918,1620000,1750000
2019-09-12 14:25:30.072000,1.07921,1.07918,1000000,1690000
2019-09-12 14:25:30.488000,1.07922,1.07918,2620000,1690000
2019-09-12 14:25:30.803000,1.07922,1.07918,5190000,1690000
2019-09-12 14:25:30.981000,1.07921,1.07917,2620000,2370000
2019-09-12 14:25:31.083000,1.07919,1.07917,1250000,1250000
2019-09-12 14:25:32.026000,1.07921,1.07918,2560000,1250000
2019-09-12 14:25:32.127000,1.07921,1.07918,1310000,1690000
2019-09-12 14:25:32.565000,1.07922,1.07918,4870000,1500000
2019-09-12 14:25:32.667000,1.07919,1.07917,1250000,2060000
2019-09-12 14:25:34.835000,1.07922,1.07919,1500000,1370000
2019-09-12 14:25:34.936000,1.07924,1.07921,2560000,1250000
2019-09-12 14:25:35.037000,1.07923,1.07921,1120000,1250000
2019-09-12 14:25:35.139000,1.07924,1.07921,1310000,1000000
2019-09-12 14:25:35.251000,1.07924,1.0792,2060000,2440000
2019-09-12 14:25:35.559000,1.07924,1.07922,1870000,1000000
2019-09-12 14:25:35.661000,1.07924,1.0792,2060000,2590000
2019-09-12 14:25:35.762000,1.07923,1.0792,1000000,1090000
2019-09-12 14:25:37.870000,1.07923,1.0792,1120000,2650000
2019-09-12 14:25:38.102000,1.07924,1.07921,1390000,2120000
2019-09-12 14:25:38.477000,1.07924,1.07921,1250000,1500000
2019-09-12 14:25:38.923000,1.07924,1.07921,1500000,1750000
2019-09-12 14:25:39.028000,1.07924,1.07921,1000000,1250000
2019-09-12 14:25:39.129000,1.07924,1.07921,1000000,2500000
2019-09-12 14:25:39.435000,1.07923,1.0792,2120000,1870000
2019-09-12 14:25:39.486000,1.07923,1.07921,1000000,2120000
2019-09-12 14:25:39.623000,1.07921,1.07918,4500000,1250000
2019-09-12 14:25:39.674000,1.07921,1.07918,4500000,1310000
2019-09-12 14:25:40.029000,1.07923,1.07921,2700000,1250000
2019-09-12 14:25:40.130000,1.07922,1.07919,2250000,1750000
2019-09-12 14:25:40.377000,1.07922,1.07919,2440000,1250000
2019-09-12 14:25:40.763000,1.07923,1.07921,1870000,1250000
2019-09-12 14:25:40.813000,1.07923,1.0792,1310000,1000000
2019-09-12 14:25:40.915000,1.07923,1.07919,3560000,1310000
2019-09-12 14:25:41.016000,1.07923,1.07919,4060000,1250000
2019-09-12 14:25:41.117000,1.07923,1.07921,1870000,1250000
2019-09-12 14:25:41.168000,1.07923,1.07919,4060000,1690000
2019-09-12 14:25:41.280000,1.07923,1.07919,4620000,3250000
2019-09-12 14:25:41.331000,1.07922,1.07921,1000000,1250000
2019-09-12 14:25:41.382000,1.07922,1.07919,1000000,2120000
2019-09-12 14:25:41.484000,1.07922,1.07918,2000000,3250000
2019-09-12 14:25:41.883000,1.07921,1.07918,1500000,1310000
2019-09-12 14:25:41.934000,1.0792,1.07917,1250000,2940000
2019-09-12 14:25:42.035000,1.0792,1.07917,1370000,2440000
2019-09-12 14:25:42.309000,1.07918,1.07915,1120000,1000000
2019-09-12 14:25:42.427000,1.07918,1.07914,2250000,1310000
2019-09-12 14:25:42.579000,1.07918,1.07915,2250000,1250000
2019-09-12 14:25:42.681000,1.07918,1.07915,1000000,1250000
2019-09-12 14:25:42.782000,1.07919,1.07916,1500000,2500000
2019-09-12 14:25:43.121000,1.07919,1.07916,1500000,1500000
2019-09-12 14:25:43.815000,1.07918,1.07915,1120000,1310000
2019-09-12 14:25:44.170000,1.07919,1.07915,1000000,1250000
2019-09-12 14:25:45.210000,1.07919,1.07915,1250000,1310000
2019-09-12 14:25:45.502000,1.07919,1.07915,1000000,1370000
2019-09-12 14:25:46.253000,1.07919,1.07916,1000000,2500000
2019-09-12 14:25:46.771000,1.07919,1.07916,1310000,2500000
2019-09-12 14:25:46.872000,1.07921,1.07918,1870000,1250000
2019-09-12 14:25:47.015000,1.07925,1.07922,1910000,1870000
2019-09-12 14:25:47.116000,1.07925,1.07922,1310000,1870000
2019-09-12 14:25:47.217000,1.07925,1.07923,1250000,1690000
2019-09-12 14:25:47.319000,1.07927,1.07925,1870000,1120000
2019-09-12 14:25:47.664000,1.07927,1.07924,1000000,1810000
2019-09-12 14:25:48.093000,1.07928,1.07925,1620000,1750000
2019-09-12 14:25:49.738000,1.07928,1.07925,1000000,1690000
2019-09-12 14:25:50.470000,1.07928,1.07926,1000000,1000000
2019-09-12 14:25:50.521000,1.0793,1.07928,1120000,1250000
2019-09-12 14:25:51.178000,1.07932,1.07929,2370000,1250000
2019-09-12 14:25:51.589000,1.07929,1.07926,3370000,2620000
2019-09-12 14:25:51.640000,1.07928,1.07925,1310000,1760000
2019-09-12 14:25:51.840000,1.07928,1.07926,1120000,1750000
2019-09-12 14:25:51.941000,1.07929,1.07927,1120000,1250000
2019-09-12 14:25:52.043000,1.0793,1.07928,1310000,1250000
2019-09-12 14:25:52.833000,1.07929,1.07926,1250000,1620000
2019-09-12 14:25:52.934000,1.07929,1.07926,1750000,1000000
2019-09-12 14:25:53.037000,1.0793,1.07927,1620000,1250000
2019-09-12 14:25:53.162000,1.0793,1.07927,1250000,2870000
2019-09-12 14:25:53.264000,1.07931,1.07927,2120000,4750000
2019-09-12 14:25:53.670000,1.07931,1.07927,1120000,5500000
2019-09-12 14:25:53.872000,1.07934,1.07931,1000000,4120000
2019-09-12 14:25:53.922000,1.07936,1.07934,1120000,1250000
2019-09-12 14:25:54.024000,1.07938,1.07934,2620000,1750000
2019-09-12 14:25:54.835000,1.07939,1.07938,1500000,1690000
2019-09-12 14:25:54.885000,1.07941,1.07939,1000000,1690000
2019-09-12 14:25:54.993000,1.07941,1.07938,2060000,1000000
2019-09-12 14:25:55.111000,1.07942,1.07941,1120000,1000000
2019-09-12 14:25:55.213000,1.07944,1.0794,3690000,1810000
2019-09-12 14:25:55.718000,1.07944,1.07941,1000000,1370000
2019-09-12 14:25:55.819000,1.07945,1.07942,1620000,1250000
2019-09-12 14:25:55.925000,1.07945,1.07942,1620000,1250000
2019-09-12 14:25:56.127000,1.07945,1.07942,1620000,1000000
2019-09-12 14:25:56.362000,1.07944,1.07941,2190000,1000000
2019-09-12 14:25:56.466000,1.07942,1.07939,1000000,2560000
2019-09-12 14:25:57.333000,1.07943,1.0794,1000000,3370000
2019-09-12 14:25:57.434000,1.07944,1.07942,1690000,1250000
2019-09-12 14:25:58.448000,1.07946,1.07944,1000000,2060000
2019-09-12 14:25:58.499000,1.07949,1.07946,1600000,1370000
2019-09-12 14:25:58.601000,1.07952,1.07948,1600000,2620000
2019-09-12 14:25:58.702000,1.07952,1.07949,1120000,1250000
2019-09-12 14:25:59.363000,1.07951,1.07948,1120000,1250000
2019-09-12 14:25:59.827000,1.07952,1.0795,1000000,1310000
2019-09-12 14:25:59.878000,1.0796,1.07957,1790000,1000000
2019-09-12 14:25:59.980000,1.07962,1.0796,1450000,1000000
2019-09-12 14:26:00.132000,1.07963,1.0796,2560000,1250000
2019-09-12 14:26:00.813000,1.07961,1.07958,1310000,2500000
2019-09-12 14:26:00.914000,1.0796,1.07957,2440000,1310000
2019-09-12 14:26:00.965000,1.07956,1.07952,2370000,4470000
2019-09-12 14:26:01.072000,1.07956,1.07953,2620000,1100000
2019-09-12 14:26:01.324000,1.07955,1.07952,1250000,1310000
2019-09-12 14:26:01.426000,1.07953,1.0795,2060000,1000000
2019-09-12 14:26:01.477000,1.07952,1.07949,1120000,1500000
2019-09-12 14:26:01.646000,1.07951,1.07948,1000000,1310000
2019-09-12 14:26:01.697000,1.07949,1.07947,1000000,1690000
2019-09-12 14:26:01.799000,1.0795,1.07946,3370000,3370000
2019-09-12 14:26:01.850000,1.07947,1.07945,1120000,1500000
2019-09-12 14:26:01.953000,1.07947,1.07944,1750000,1000000
2019-09-12 14:26:02.054000,1.07947,1.07943,2190000,2440000
2019-09-12 14:26:02.256000,1.07945,1.07941,1310000,2060000
2019-09-12 14:26:02.358000,1.07943,1.0794,1250000,4120000
2019-09-12 14:26:02.408000,1.07945,1.07941,2060000,2060000
2019-09-12 14:26:02.843000,1.07942,1.0794,3370000,1000000
2019-09-12 14:26:02.896000,1.0794,1.07938,1250000,2070000
2019-09-12 14:26:02.997000,1.07939,1.07937,1250000,1120000
2019-09-12 14:26:03.250000,1.07939,1.07936,1250000,2250000
2019-09-12 14:26:03.926000,1.07934,1.07933,1690000,1120000
2019-09-12 14:26:04.029000,1.07931,1.0793,1000000,1000000
2019-09-12 14:26:04.080000,1.07934,1.07932,1000000,1690000
2019-09-12 14:26:04.131000,1.07935,1.07934,1000000,1000000
2019-09-12 14:26:04.284000,1.07936,1.07934,1000000,1120000
2019-09-12 14:26:04.548000,1.07937,1.07935,1250000,1000000
2019-09-12 14:26:05.067000,1.07938,1.07934,1690000,3310000
2019-09-12 14:26:05.169000,1.07939,1.07936,2120000,1690000
2019-09-12 14:26:06.555000,1.07939,1.07935,2500000,1000000
2019-09-12 14:26:07.027000,1.07936,1.07934,1250000,1870000
2019-09-12 14:26:07.080000,1.07934,1.07931,1250000,2470000
2019-09-12 14:26:07.182000,1.07934,1.07931,1250000,1120000
2019-09-12 14:26:08.075000,1.07935,1.07933,1120000,1000000
2019-09-12 14:26:08.126000,1.07937,1.07934,3260000,1000000
2019-09-12 14:26:08.228000,1.07935,1.07934,1000000,1500000
2019-09-12 14:26:08.330000,1.07934,1.07932,1000000,1870000
2019-09-12 14:26:08.431000,1.07933,1.07929,3620000,2620000
2019-09-12 14:26:08.812000,1.07933,1.07929,2620000,2120000
2019-09-12 14:26:09.134000,1.07932,1.0793,1000000,1870000
2019-09-12 14:26:09.286000,1.07934,1.07932,2060000,1000000
2019-09-12 14:26:09.387000,1.07935,1.07933,1500000,1120000
2019-09-12 14:26:09.489000,1.07935,1.07934,1000000,1000000
2019-09-12 14:26:10.085000,1.07934,1.07933,1000000,1000000
2019-09-12 14:26:10.186000,1.07932,1.07929,1000000,3190000
2019-09-12 14:26:10.288000,1.07931,1.07929,1000000,1690000
2019-09-12 14:26:10.400000,1.07931,1.07928,1000000,2140000
2019-09-12 14:26:10.804000,1.07931,1.07929,1000000,1750000
2019-09-12 14:26:11.219000,1.07932,1.0793,1000000,1870000
2019-09-12 14:26:11.269000,1.07934,1.07933,1250000,1000000
2019-09-12 14:26:11.320000,1.07936,1.07933,1000000,3000000
2019-09-12 14:26:11.421000,1.07936,1.07935,1000000,1000000
2019-09-12 14:26:11.603000,1.07937,1.07935,1310000,1000000
2019-09-12 14:26:11.761000,1.07937,1.07936,1000000,1250000
2019-09-12 14:26:13.432000,1.07937,1.07933,2870000,2060000
2019-09-12 14:26:13.706000,1.07935,1.07933,1000000,1000000
2019-09-12 14:26:14.231000,1.07934,1.07932,1000000,2190000
2019-09-12 14:26:14.332000,1.07932,1.07931,1250000,1000000
2019-09-12 14:26:14.383000,1.07932,1.07928,1690000,1750000
2019-09-12 14:26:15.167000,1.07931,1.07928,1000000,1750000
2019-09-12 14:26:15.268000,1.07932,1.07929,1120000,1690000
2019-09-12 14:26:15.531000,1.07932,1.07929,1120000,2500000
2019-09-12 14:26:15.584000,1.07935,1.07933,1950000,1000000
2019-09-12 14:26:15.685000,1.07935,1.07933,1000000,1810000
2019-09-12 14:26:16.196000,1.07935,1.07932,1000000,1690000
2019-09-12 14:26:16.328000,1.07934,1.07931,1810000,3870000
2019-09-12 14:26:16.429000,1.07934,1.07931,2870000,1310000
2019-09-12 14:26:16.582000,1.07934,1.07932,2060000,1690000
2019-09-12 14:26:16.684000,1.07936,1.07933,1120000,2490000
2019-09-12 14:26:17.547000,1.07937,1.07934,1690000,1120000
2019-09-12 14:26:17.648000,1.07937,1.07934,1310000,1600000
2019-09-12 14:26:17.771000,1.07937,1.07935,1120000,1350000
2019-09-12 14:26:19.201000,1.07936,1.07934,1250000,1000000
2019-09-12 14:26:19.320000,1.07936,1.07933,1250000,2250000
2019-09-12 14:26:19.638000,1.07936,1.07934,1000000,1250000
2019-09-12 14:26:20.130000,1.07936,1.07934,1000000,1810000
2019-09-12 14:26:20.420000,1.07937,1.07935,1000000,1250000
2019-09-12 14:26:21.464000,1.07937,1.07935,1690000,1000000
2019-09-12 14:26:21.792000,1.07937,1.07934,2870000,1500000
2019-09-12 14:26:22.143000,1.07937,1.07933,3750000,1690000
2019-09-12 14:26:22.303000,1.07937,1.07933,2940000,2500000
2019-09-12 14:26:22.404000,1.07936,1.07933,2120000,1000000
2019-09-12 14:26:22.657000,1.07937,1.07933,2440000,3000000
2019-09-12 14:26:22.790000,1.07937,1.07933,2500000,2940000
2019-09-12 14:26:22.891000,1.07937,1.07934,1310000,2190000
2019-09-12 14:26:23.572000,1.07938,1.07937,1250000,1000000
2019-09-12 14:26:23.623000,1.07942,1.07939,2060000,1500000
2019-09-12 14:26:23.724000,1.0794,1.07939,1000000,1000000
2019-09-12 14:26:23.825000,1.07941,1.0794,1000000,1000000
2019-09-12 14:26:23.990000,1.07941,1.07939,1750000,1000000
2019-09-12 14:26:24.092000,1.07941,1.07938,1000000,1750000
2019-09-12 14:26:24.193000,1.07941,1.07938,2120000,1000000
2019-09-12 14:26:24.345000,1.07941,1.07938,1310000,1000000
2019-09-12 14:26:24.464000,1.07941,1.07938,2870000,1000000
2019-09-12 14:26:25.245000,1.07941,1.07938,1310000,1500000
2019-09-12 14:26:25.666000,1.07942,1.07939,1310000,3370000
2019-09-12 14:26:25.965000,1.07942,1.07939,1750000,1870000
2019-09-12 14:26:26.067000,1.07941,1.07938,1250000,3120000
2019-09-12 14:26:26.642000,1.07941,1.07938,1250000,2250000
2019-09-12 14:26:27.293000,1.0794,1.07938,1000000,1500000
2019-09-12 14:26:27.409000,1.07941,1.07938,1250000,1500000
2019-09-12 14:26:27.613000,1.07941,1.07939,1000000,1500000
2019-09-12 14:26:27.876000,1.07942,1.07939,1250000,3750000
2019-09-12 14:26:28.092000,1.0794,1.07938,1000000,2250000
2019-09-12 14:26:28.143000,1.07937,1.07936,1000000,1500000
2019-09-12 14:26:28.348000,1.07938,1.07936,1250000,1310000
2019-09-12 14:26:28.450000,1.07939,1.07937,2000000,1690000
2019-09-12 14:26:28.573000,1.0794,1.07937,1500000,1690000
2019-09-12 14:26:28.676000,1.07941,1.07938,1810000,1000000
2019-09-12 14:26:29.775000,1.07941,1.07938,2250000,1120000
2019-09-12 14:26:32.644000,1.07939,1.07936,1000000,3260000
2019-09-12 14:26:32.746000,1.07939,1.07937,1000000,1250000
2019-09-12 14:26:32.848000,1.07939,1.07938,1000000,1000000
2019-09-12 14:26:32.950000,1.0794,1.07938,1500000,1000000
2019-09-12 14:26:33.792000,1.0794,1.07937,1500000,1310000
2019-09-12 14:26:34.108000,1.07938,1.07935,1000000,6070000
2019-09-12 14:26:34.265000,1.07935,1.07932,1250000,3500000
2019-09-12 14:26:34.366000,1.07935,1.07934,1000000,1000000
2019-09-12 14:26:34.468000,1.07936,1.07934,1620000,1250000
2019-09-12 14:26:35.217000,1.07936,1.07933,2190000,1000000
2019-09-12 14:26:35.560000,1.07936,1.07934,1620000,1000000
2019-09-12 14:26:36.396000,1.07936,1.07933,1500000,2440000
2019-09-12 14:26:36.927000,1.07936,1.07934,1000000,1000000
2019-09-12 14:26:37.029000,1.07937,1.07934,1500000,1690000
2019-09-12 14:26:37.264000,1.07936,1.07934,1000000,1000000
2019-09-12 14:26:38.962000,1.07936,1.07935,1000000,1000000
2019-09-12 14:26:39.064000,1.07937,1.07935,1000000,1120000
2019-09-12 14:26:40.114000,1.07937,1.07934,1620000,1870000
2019-09-12 14:26:40.595000,1.07936,1.07933,1500000,2810000
2019-09-12 14:26:40.745000,1.07935,1.07933,1500000,1250000
2019-09-12 14:26:40.846000,1.07935,1.07932,1500000,2810000
2019-09-12 14:26:40.947000,1.07933,1.07931,1000000,2810000
2019-09-12 14:26:41.048000,1.07933,1.07931,1000000,2810000
2019-09-12 14:26:41.810000,1.07932,1.0793,1000000,1000000
2019-09-12 14:26:41.861000,1.07931,1.07929,1000000,1000000
2019-09-12 14:26:47.036000,1.0793,1.07928,2370000,1000000
2019-09-12 14:26:47.516000,1.07929,1.07927,1500000,1250000
2019-09-12 14:26:47.634000,1.0793,1.07928,1500000,1250000
2019-09-12 14:26:47.736000,1.0793,1.07929,1000000,1250000
2019-09-12 14:26:48.437000,1.0793,1.07927,1620000,2440000
2019-09-12 14:26:49.414000,1.0793,1.07929,1000000,1250000
2019-09-12 14:26:49.940000,1.0793,1.07928,1500000,1690000
2019-09-12 14:26:50.142000,1.07929,1.07927,1500000,2810000
2019-09-12 14:26:50.503000,1.07929,1.07927,1500000,1870000
2019-09-12 14:26:51.509000,1.0793,1.07928,1000000,1250000
2019-09-12 14:26:51.610000,1.0793,1.07928,1000000,1250000
2019-09-12 14:26:51.712000,1.0793,1.07927,1000000,1690000
2019-09-12 14:26:52.242000,1.07929,1.07927,1620000,1000000
2019-09-12 14:26:52.498000,1.07929,1.07926,1620000,1250000
2019-09-12 14:26:52.809000,1.07929,1.07925,1120000,3820000
2019-09-12 14:26:52.938000,1.07929,1.07925,3310000,2060000
2019-09-12 14:26:54.305000,1.07927,1.07923,1750000,2440000
2019-09-12 14:26:54.406000,1.07926,1.07923,1500000,2060000
2019-09-12 14:26:55.361000,1.07926,1.07924,1000000,1310000
2019-09-12 14:26:55.412000,1.07929,1.07928,3370000,1000000
2019-09-12 14:26:55.463000,1.07931,1.07929,4500000,1690000
2019-09-12 14:26:55.514000,1.07932,1.07931,1000000,1690000
2019-09-12 14:26:55.681000,1.07934,1.07931,1690000,13250000
2019-09-12 14:26:55.782000,1.07934,1.07931,1690000,12750000
2019-09-12 14:26:55.883000,1.07935,1.07931,22500000,13750000
2019-09-12 14:26:55.984000,1.07934,1.07931,1150000,13500000
2019-09-12 14:26:56.085000,1.07934,1.07931,1650000,1500000
2019-09-12 14:26:57.665000,1.07938,1.07937,5700000,1250000
2019-09-12 14:26:57.748000,1.07942,1.07939,4850000,1000000
2019-09-12 14:26:57.850000,1.07941,1.07939,1750000,1000000
2019-09-12 14:26:57.951000,1.07942,1.0794,1000000,2440000
2019-09-12 14:26:58.053000,1.07943,1.07941,1250000,3190000
2019-09-12 14:26:58.202000,1.07943,1.07942,1250000,1000000
2019-09-12 14:26:58.304000,1.07944,1.07942,1250000,1000000
2019-09-12 14:26:58.803000,1.07944,1.07941,1250000,3190000
2019-09-12 14:26:58.904000,1.07944,1.07942,1250000,1000000
2019-09-12 14:26:59.133000,1.07945,1.07942,1310000,1500000
2019-09-12 14:26:59.184000,1.07946,1.07944,1800000,1000000
2019-09-12 14:26:59.286000,1.07948,1.07945,1620000,2440000
2019-09-12 14:27:00.248000,1.07952,1.07949,6470000,1000000
2019-09-12 14:27:00.349000,1.07951,1.07949,1810000,1000000
2019-09-12 14:27:00.451000,1.07951,1.07949,1310000,1000000
2019-09-12 14:27:01.627000,1.07946,1.07944,1000000,6750000
2019-09-12 14:27:01.678000,1.07944,1.07942,7310000,1000000
2019-09-12 14:27:02.395000,1.07943,1.07941,6000000,4690000
2019-09-12 14:27:04.123000,1.07942,1.0794,1370000,1000000
2019-09-12 14:27:04.225000,1.07942,1.07938,2620000,1500000
2019-09-12 14:27:04.326000,1.07941,1.07938,1750000,1000000
2019-09-12 14:27:04.736000,1.0794,1.07937,1120000,2440000
2019-09-12 14:27:04.852000,1.0794,1.07938,1120000,1000000
2019-09-12 14:27:07.216000,1.07941,1.07938,1310000,1000000
2019-09-12 14:27:07.517000,1.07941,1.07937,2500000,3500000
2019-09-12 14:27:07.621000,1.07941,1.07938,1000000,1120000
2019-09-12 14:27:09.239000,1.07941,1.07938,1750000,1000000
2019-09-12 14:27:09.355000,1.07941,1.07937,1750000,3190000
2019-09-12 14:27:10.270000,1.07941,1.07937,1310000,3190000
2019-09-12 14:27:10.372000,1.07941,1.07937,1120000,3250000
2019-09-12 14:27:10.540000,1.07942,1.07938,2370000,1370000
2019-09-12 14:27:10.743000,1.07942,1.07938,3310000,1310000
2019-09-12 14:27:11.295000,1.0794,1.07938,1000000,1000000
2019-09-12 14:27:11.726000,1.07939,1.07936,1690000,1870000
2019-09-12 14:27:11.828000,1.07938,1.07935,2060000,1000000
2019-09-12 14:27:15.150000,1.07936,1.07934,1000000,1310000
2019-09-12 14:27:15.201000,1.07934,1.07931,1620000,1690000
2019-09-12 14:27:16.889000,1.07932,1.0793,1000000,1250000
2019-09-12 14:27:19.870000,1.07933,1.07931,1120000,1750000
2019-09-12 14:27:19.972000,1.07935,1.07933,1750000,1500000
2019-09-12 14:27:20.074000,1.07936,1.07934,1120000,1250000
2019-09-12 14:27:20.608000,1.07938,1.07935,1120000,1250000
2019-09-12 14:27:21.625000,1.07937,1.07935,1000000,1250000
2019-09-12 14:27:22.151000,1.07939,1.07937,1310000,1250000
2019-09-12 14:27:22.253000,1.0794,1.07938,3310000,1250000
2019-09-12 14:27:22.304000,1.07941,1.07938,1120000,1250000
2019-09-12 14:27:22.722000,1.07941,1.07939,1000000,1000000
2019-09-12 14:27:23.031000,1.07941,1.07938,1000000,2060000
2019-09-12 14:27:23.132000,1.07941,1.07939,1000000,1000000
2019-09-12 14:27:23.335000,1.07942,1.07939,1310000,1500000
2019-09-12 14:27:23.385000,1.0794,1.07938,1000000,1250000
2019-09-12 14:27:23.541000,1.0794,1.07937,1000000,1250000
2019-09-12 14:27:23.855000,1.07941,1.07939,1120000,1000000
2019-09-12 14:27:24.007000,1.07941,1.07938,1120000,2440000
2019-09-12 14:27:24.921000,1.07941,1.07939,1120000,1250000
2019-09-12 14:27:25.206000,1.0794,1.07938,1000000,1690000
2019-09-12 14:27:25.307000,1.07941,1.07938,1120000,1690000
2019-09-12 14:27:25.752000,1.07941,1.07938,1120000,2500000
2019-09-12 14:27:26.404000,1.07941,1.07938,1000000,2810000
2019-09-12 14:27:26.455000,1.0794,1.07936,2560000,2940000
2019-09-12 14:27:26.556000,1.07938,1.07936,1000000,2060000
2019-09-12 14:27:26.708000,1.07937,1.07935,1000000,3560000
2019-09-12 14:27:27.477000,1.0794,1.07938,1500000,1250000
2019-09-12 14:27:27.578000,1.07941,1.07938,1870000,1250000
2019-09-12 14:27:29.386000,1.0794,1.07936,1000000,3750000
2019-09-12 14:27:29.492000,1.07939,1.07936,1120000,2500000
2019-09-12 14:27:29.644000,1.0794,1.07937,1000000,1250000
2019-09-12 14:27:29.916000,1.07941,1.07939,1120000,2440000
2019-09-12 14:27:30.017000,1.07944,1.07942,3310000,1250000
2019-09-12 14:27:30.119000,1.07944,1.07942,1310000,1250000
2019-09-12 14:27:30.221000,1.07946,1.07942,1870000,1750000
2019-09-12 14:27:30.411000,1.07947,1.07943,2560000,2440000
2019-09-12 14:27:30.512000,1.07946,1.07943,1000000,2440000
2019-09-12 14:27:31.818000,1.07947,1.07945,1000000,1750000
2019-09-12 14:27:32.020000,1.07948,1.07945,1120000,3370000
2019-09-12 14:27:32.122000,1.07949,1.07946,1310000,3250000
2019-09-12 14:27:32.887000,1.07949,1.07947,1120000,1370000
2019-09-12 14:27:32.989000,1.0795,1.07948,1120000,1250000
2019-09-12 14:27:33.525000,1.0795,1.07947,2250000,2060000
2019-09-12 14:27:33.781000,1.07948,1.07946,1120000,1690000
2019-09-12 14:27:34.033000,1.07947,1.07945,1120000,1500000
2019-09-12 14:27:34.377000,1.07948,1.07945,1000000,1690000
2019-09-12 14:27:34.529000,1.07948,1.07946,1000000,1000000
2019-09-12 14:27:34.579000,1.0795,1.07947,1870000,1750000
2019-09-12 14:27:35.633000,1.07951,1.07947,1000000,3370000
2019-09-12 14:27:35.785000,1.07952,1.07948,3870000,1370000
2019-09-12 14:27:35.948000,1.07953,1.07951,2250000,1750000
2019-09-12 14:27:36.052000,1.07956,1.07953,4500000,1000000
2019-09-12 14:27:36.103000,1.07956,1.07953,1870000,1690000
2019-09-12 14:27:36.579000,1.07957,1.07954,1120000,1750000
2019-09-12 14:27:36.680000,1.07959,1.07956,1690000,2120000
2019-09-12 14:27:36.846000,1.07959,1.07956,1500000,1310000
2019-09-12 14:27:36.947000,1.07959,1.07955,3310000,1310000
2019-09-12 14:27:37.064000,1.0796,1.07957,1810000,1000000
2019-09-12 14:27:37.166000,1.0796,1.07956,1810000,2440000
2019-09-12 14:27:37.706000,1.0796,1.07959,1120000,1000000
2019-09-12 14:27:37.757000,1.07962,1.07959,2750000,1250000
2019-09-12 14:27:37.858000,1.07962,1.07958,2620000,4000000
2019-09-12 14:27:37.908000,1.07963,1.07961,2250000,2870000
2019-09-12 14:27:37.959000,1.07964,1.07962,1000000,1250000
2019-09-12 14:27:38.060000,1.07964,1.07961,1250000,1690000
2019-09-12 14:27:39.083000,1.07963,1.07962,1000000,1500000
2019-09-12 14:27:39.134000,1.07969,1.07966,1250000,1750000
2019-09-12 14:27:39.235000,1.0797,1.07966,3190000,2560000
2019-09-12 14:27:39.549000,1.07972,1.07968,1500000,4870000
2019-09-12 14:27:39.651000,1.07972,1.0797,1000000,1000000
2019-09-12 14:27:39.752000,1.07973,1.0797,1310000,1000000
2019-09-12 14:27:40.192000,1.07971,1.07968,1000000,1310000
2019-09-12 14:27:40.294000,1.0797,1.07967,1690000,1500000
2019-09-12 14:27:40.649000,1.07969,1.07967,1000000,1500000
2019-09-12 14:27:40.801000,1.07968,1.07965,1620000,1570000
2019-09-12 14:27:40.968000,1.07967,1.07964,1120000,1690000
2019-09-12 14:27:41.070000,1.07967,1.07965,1120000,1000000
2019-09-12 14:27:41.212000,1.07967,1.07963,2560000,3190000
2019-09-12 14:27:41.710000,1.07966,1.07964,1120000,1250000
2019-09-12 14:27:42.238000,1.07968,1.07967,1500000,1250000
2019-09-12 14:27:42.343000,1.07972,1.07968,1500000,3750000
2019-09-12 14:27:42.445000,1.07973,1.07969,1500000,2620000
2019-09-12 14:27:42.547000,1.07974,1.07971,1620000,1690000
2019-09-12 14:27:43.875000,1.0797,1.07968,1750000,5320000
2019-09-12 14:27:43.926000,1.07967,1.07966,4120000,1250000
2019-09-12 14:27:44.027000,1.07968,1.07966,4500000,1250000
2019-09-12 14:27:44.297000,1.07969,1.07966,2190000,2120000
2019-09-12 14:27:44.499000,1.07969,1.07965,2190000,2620000
2019-09-12 14:27:44.701000,1.07969,1.07965,2000000,3370000
2019-09-12 14:27:44.802000,1.07969,1.07965,2190000,1250000
2019-09-12 14:27:44.950000,1.07967,1.07962,2940000,3370000
2019-09-12 14:27:45.102000,1.07965,1.07962,1500000,1690000
2019-09-12 14:27:45.403000,1.07964,1.0796,2190000,2060000
2019-09-12 14:27:45.555000,1.07963,1.07959,2190000,2060000
2019-09-12 14:27:45.676000,1.07961,1.07958,1120000,1250000
2019-09-12 14:27:46.297000,1.07962,1.07958,2370000,1250000
2019-09-12 14:27:46.449000,1.07962,1.0796,1500000,1310000
2019-09-12 14:27:46.550000,1.07963,1.0796,1120000,1310000
2019-09-12 14:27:46.652000,1.07963,1.07961,1120000,1000000
2019-09-12 14:27:47.617000,1.07964,1.07962,1000000,1250000
2019-09-12 14:27:47.719000,1.07964,1.07961,1620000,1690000
2019-09-12 14:27:48.654000,1.07964,1.0796,2750000,1500000
2019-09-12 14:27:50.818000,1.07962,1.07958,2000000,1870000
2019-09-12 14:27:53.119000,1.07961,1.07958,1120000,2250000
2019-09-12 14:27:53.540000,1.07962,1.07959,1810000,1000000
2019-09-12 14:27:56.164000,1.07961,1.07958,1250000,2060000
2019-09-12 14:27:58.264000,1.0796,1.07957,1000000,3000000
2019-09-12 14:27:58.365000,1.0796,1.07956,3000000,4120000
2019-09-12 14:27:58.466000,1.07963,1.0796,2940000,1250000
2019-09-12 14:27:58.568000,1.07964,1.07961,1000000,2250000
2019-09-12 14:27:58.671000,1.07966,1.07964,1000000,1370000
2019-09-12 14:27:58.722000,1.07969,1.07967,3120000,1250000
2019-09-12 14:27:58.874000,1.0797,1.07968,1120000,1250000
2019-09-12 14:27:58.975000,1.07969,1.07967,1620000,1000000
2019-09-12 14:27:59.076000,1.07969,1.07967,1620000,1250000
2019-09-12 14:27:59.661000,1.07968,1.07964,1870000,2870000
2019-09-12 14:27:59.712000,1.07968,1.07966,3000000,1250000
2019-09-12 14:27:59.813000,1.07967,1.07963,3750000,2640000
2019-09-12 14:27:59.914000,1.07966,1.07963,1250000,1310000
2019-09-12 14:28:00.123000,1.07963,1.07962,1000000,1000000
2019-09-12 14:28:00.224000,1.07965,1.07961,2940000,3620000
2019-09-12 14:28:00.325000,1.07964,1.07961,1120000,4370000
2019-09-12 14:28:00.376000,1.07965,1.07961,3000000,3560000
2019-09-12 14:28:00.478000,1.07965,1.07962,1500000,1250000
2019-09-12 14:28:00.649000,1.07966,1.07962,2370000,1250000
2019-09-12 14:28:00.700000,1.07962,1.07961,1120000,1120000
2019-09-12 14:28:00.802000,1.07958,1.07957,1500000,2440000
2019-09-12 14:28:00.853000,1.07956,1.07954,1000000,1250000
2019-09-12 14:28:00.904000,1.07951,1.07949,1000000,2620000
2019-09-12 14:28:00.970000,1.0795,1.07948,1000000,1690000
2019-09-12 14:28:01.084000,1.07949,1.07947,1120000,1690000
2019-09-12 14:28:01.185000,1.07949,1.07947,1000000,1250000
2019-09-12 14:28:01.391000,1.0795,1.07947,1000000,1750000
2019-09-12 14:28:01.810000,1.07951,1.07949,1000000,1690000
2019-09-12 14:28:01.861000,1.07953,1.0795,1000000,2870000
2019-09-12 14:28:02.059000,1.07954,1.07951,1810000,1250000
2019-09-12 14:28:02.261000,1.07955,1.07952,1250000,1690000
2019-09-12 14:28:02.414000,1.07956,1.07952,1810000,4000000
2019-09-12 14:28:02.515000,1.07958,1.07956,2250000,1120000
2019-09-12 14:28:02.632000,1.0796,1.07958,1370000,1120000
2019-09-12 14:28:02.734000,1.07961,1.07957,3750000,1500000
2019-09-12 14:28:02.835000,1.07961,1.07957,3690000,1690000
2019-09-12 14:28:02.936000,1.0796,1.07957,1370000,1000000
2019-09-12 14:28:02.987000,1.07957,1.07954,1870000,1390000
2019-09-12 14:28:03.093000,1.07956,1.07954,1500000,1000000
2019-09-12 14:28:04.159000,1.07958,1.07956,1000000,1750000
2019-09-12 14:28:04.209000,1.07959,1.07956,1310000,2500000
2019-09-12 14:28:04.367000,1.07959,1.07956,2940000,1750000
2019-09-12 14:28:04.468000,1.0796,1.07956,1620000,2620000
2019-09-12 14:28:05.103000,1.0796,1.07957,1500000,1310000
2019-09-12 14:28:05.205000,1.07958,1.07956,1500000,1000000
2019-09-12 14:28:05.306000,1.07957,1.07954,2000000,2000000
2019-09-12 14:28:05.357000,1.07955,1.07953,1250000,1120000
2019-09-12 14:28:05.459000,1.07954,1.07952,1250000,1500000
2019-09-12 14:28:05.510000,1.07951,1.0795,1000000,1100000
2019-09-12 14:28:05.612000,1.07951,1.07949,1810000,1000000
2019-09-12 14:28:05.714000,1.07954,1.07952,2250000,2560000
2019-09-12 14:28:05.815000,1.07958,1.07954,4310000,2060000
2019-09-12 14:28:05.917000,1.0796,1.07958,1120000,1250000
2019-09-12 14:28:06.295000,1.07961,1.07957,2000000,3190000
2019-09-12 14:28:07.514000,1.0796,1.07957,1000000,2810000
2019-09-12 14:28:07.616000,1.07958,1.07956,1000000,1750000
2019-09-12 14:28:07.717000,1.07957,1.07955,1000000,1000000
2019-09-12 14:28:07.869000,1.07958,1.07955,1310000,1500000
2019-09-12 14:28:07.970000,1.07957,1.07955,1000000,1000000
2019-09-12 14:28:08.145000,1.07958,1.07955,1000000,2060000
2019-09-12 14:28:08.248000,1.07959,1.07955,1870000,2500000
2019-09-12 14:28:08.349000,1.07958,1.07955,1000000,1500000
2019-09-12 14:28:08.765000,1.07957,1.07955,1120000,1000000
2019-09-12 14:28:08.866000,1.07957,1.07954,1120000,1250000
2019-09-12 14:28:09.018000,1.07958,1.07954,1000000,1250000
2019-09-12 14:28:09.120000,1.07957,1.07955,1000000,1000000
2019-09-12 14:28:09.263000,1.07959,1.07956,1500000,1690000
2019-09-12 14:28:09.365000,1.07958,1.07956,1000000,1750000
2019-09-12 14:28:09.466000,1.07959,1.07957,1120000,1250000
2019-09-12 14:28:09.517000,1.07958,1.07956,1000000,1000000
2019-09-12 14:28:09.618000,1.07958,1.07955,1120000,2440000
2019-09-12 14:28:10.102000,1.07958,1.07956,1120000,1250000
2019-09-12 14:28:10.354000,1.07957,1.07955,1000000,1000000
2019-09-12 14:28:11.056000,1.07957,1.07954,1000000,3190000
2019-09-12 14:28:11.157000,1.07957,1.07955,1000000,1000000
2019-09-12 14:28:11.317000,1.07956,1.07955,1000000,1000000
2019-09-12 14:28:11.459000,1.07956,1.07954,1000000,3190000
2019-09-12 14:28:12.009000,1.07956,1.07954,1000000,2870000
2019-09-12 14:28:12.111000,1.07956,1.07954,1000000,1310000
2019-09-12 14:28:12.753000,1.07957,1.07953,1120000,2120000
2019-09-12 14:28:12.854000,1.07958,1.07955,1000000,1310000
2019-09-12 14:28:12.955000,1.07958,1.07954,2060000,2810000
2019-09-12 14:28:13.075000,1.07956,1.07954,1000000,2810000
2019-09-12 14:28:13.176000,1.07957,1.07954,1000000,2870000
2019-09-12 14:28:13.456000,1.07957,1.07954,1000000,2870000
2019-09-12 14:28:13.675000,1.07957,1.07954,1000000,2120000
2019-09-12 14:28:13.809000,1.07958,1.07954,2620000,3250000
2019-09-12 14:28:14.012000,1.07958,1.07955,1870000,1250000
2019-09-12 14:28:14.113000,1.07957,1.07954,2000000,1690000
2019-09-12 14:28:14.215000,1.07956,1.07954,1000000,1250000
2019-09-12 14:28:14.555000,1.07954,1.07952,1000000,1870000
2019-09-12 14:28:14.757000,1.07955,1.07952,1120000,2810000
2019-09-12 14:28:15.282000,1.07955,1.07952,1000000,4000000
2019-09-12 14:28:15.629000,1.07955,1.07952,1000000,3190000
2019-09-12 14:28:16.075000,1.07955,1.07953,1000000,1000000
2019-09-12 14:28:18.024000,1.07956,1.07954,1000000,1690000
2019-09-12 14:28:18.126000,1.07958,1.07956,1000000,1250000
2019-09-12 14:28:18.176000,1.07959,1.07956,2620000,1250000
2019-09-12 14:28:18.277000,1.07959,1.07957,1620000,1250000
2019-09-12 14:28:18.429000,1.07959,1.07956,1120000,2500000
2019-09-12 14:28:18.743000,1.07959,1.07956,1120000,2440000
2019-09-12 14:28:18.928000,1.07956,1.07955,1000000,1000000
2019-09-12 14:28:18.978000,1.07956,1.07953,1120000,2440000
2019-09-12 14:28:19.294000,1.07956,1.07953,1120000,2500000
2019-09-12 14:28:19.531000,1.07957,1.07953,2750000,2250000
2019-09-12 14:28:19.801000,1.07956,1.07954,1000000,1000000
2019-09-12 14:28:20.706000,1.07957,1.07954,1120000,2870000
2019-09-12 14:28:20.757000,1.07959,1.07954,3940000,3370000
2019-09-12 14:28:20.864000,1.0796,1.07956,2750000,1750000
2019-09-12 14:28:21.901000,1.07959,1.07957,1000000,1750000
2019-09-12 14:28:21.952000,1.07961,1.07958,2620000,1250000
2019-09-12 14:28:22.003000,1.07963,1.0796,3570000,1750000
2019-09-12 14:28:22.105000,1.07962,1.0796,1250000,1000000
2019-09-12 14:28:23.138000,1.07961,1.0796,1000000,1000000
2019-09-12 14:28:23.863000,1.07961,1.07957,1690000,2440000
2019-09-12 14:28:23.965000,1.07957,1.07956,1120000,1130000
2019-09-12 14:28:24.016000,1.07956,1.07955,1000000,1100000
2019-09-12 14:28:25.032000,1.07958,1.07955,3000000,1750000
2019-09-12 14:28:25.083000,1.07956,1.07955,1000000,1000000
2019-09-12 14:28:25.438000,1.07959,1.07957,2250000,1250000
2019-09-12 14:28:25.539000,1.07962,1.07959,1120000,2060000
2019-09-12 14:28:25.590000,1.07963,1.0796,1870000,1370000
2019-09-12 14:28:25.739000,1.07963,1.0796,2750000,1370000
2019-09-12 14:28:26.638000,1.07963,1.0796,1870000,1370000
2019-09-12 14:28:27.531000,1.07965,1.07964,1120000,1000000
2019-09-12 14:28:27.582000,1.07967,1.07965,1370000,1000000
2019-09-12 14:28:27.684000,1.07971,1.07969,5920000,1750000
2019-09-12 14:28:27.785000,1.07972,1.07968,1950000,4250000
2019-09-12 14:28:27.886000,1.07973,1.0797,3000000,1250000
2019-09-12 14:28:27.987000,1.07973,1.0797,1000000,1250000
2019-09-12 14:28:28.383000,1.07972,1.0797,34119999,1250000
2019-09-12 14:28:28.640000,1.07969,1.07967,1810000,3820000
2019-09-12 14:28:28.691000,1.07968,1.07966,1750000,1000000
2019-09-12 14:28:28.994000,1.07967,1.07965,1000000,1250000
2019-09-12 14:28:29.098000,1.07966,1.07964,1000000,1000000
2019-09-12 14:28:29.199000,1.07966,1.07964,1000000,1000000
2019-09-12 14:28:29.401000,1.07965,1.07963,1750000,1500000
2019-09-12 14:28:29.556000,1.07966,1.07964,1250000,1000000
2019-09-12 14:28:29.885000,1.07968,1.07965,4200000,1250000
2019-09-12 14:28:29.936000,1.07967,1.07964,2120000,1000000
2019-09-12 14:28:30.097000,1.07965,1.07962,2620000,1000000
2019-09-12 14:28:30.685000,1.07966,1.07963,2750000,1250000
2019-09-12 14:28:30.786000,1.07967,1.07965,1000000,1000000
2019-09-12 14:28:30.888000,1.07969,1.07965,2560000,4190000
2019-09-12 14:28:31.241000,1.07967,1.07965,1120000,1690000
2019-09-12 14:28:31.393000,1.07967,1.07964,1120000,2060000
2019-09-12 14:28:31.494000,1.07966,1.07964,1000000,1690000
2019-09-12 14:28:32.057000,1.07967,1.07965,1120000,1750000
2019-09-12 14:28:32.641000,1.07966,1.07964,1000000,1000000
2019-09-12 14:28:33.607000,1.07966,1.07963,1000000,1690000
2019-09-12 14:28:34.383000,1.07966,1.07964,1000000,1250000
2019-09-12 14:28:34.585000,1.07967,1.07965,1000000,1750000
2019-09-12 14:28:35.628000,1.07966,1.07965,1120000,1500000
2019-09-12 14:28:35.831000,1.07967,1.07965,1310000,1000000
2019-09-12 14:28:35.963000,1.07967,1.07963,1310000,2440000
2019-09-12 14:28:36.271000,1.07967,1.07964,1310000,1000000
2019-09-12 14:28:36.443000,1.07967,1.07965,1000000,1250000
2019-09-12 14:28:36.910000,1.07968,1.07965,2190000,1750000
2019-09-12 14:28:38.005000,1.07966,1.07963,1120000,4310000
2019-09-12 14:28:38.308000,1.07966,1.07964,1120000,1000000
2019-09-12 14:28:38.460000,1.07966,1.07963,1120000,2810000
2019-09-12 14:28:38.511000,1.07967,1.07964,1000000,2500000
2019-09-12 14:28:40.339000,1.07966,1.07964,1120000,1500000
2019-09-12 14:28:40.440000,1.07966,1.07964,2870000,1000000
2019-09-12 14:28:40.643000,1.07965,1.07962,3620000,1000000
2019-09-12 14:28:40.744000,1.07965,1.07962,2060000,1250000
2019-09-12 14:28:41.030000,1.07964,1.07961,1000000,2500000
2019-09-12 14:28:41.084000,1.07962,1.0796,2440000,1250000
2019-09-12 14:28:41.135000,1.07958,1.07956,2500000,2250000
2019-09-12 14:28:41.185000,1.07956,1.07953,2120000,5320000
2019-09-12 14:28:41.287000,1.07956,1.07953,2810000,1120000
2019-09-12 14:28:41.388000,1.07956,1.07952,5120000,2000000
2019-09-12 14:28:41.491000,1.07956,1.07953,2810000,1120000
2019-09-12 14:28:41.592000,1.07955,1.07952,1000000,1250000
2019-09-12 14:28:41.642000,1.07956,1.07952,3940000,2060000
2019-09-12 14:28:42.907000,1.07956,1.07953,2810000,1000000
2019-09-12 14:28:43.395000,1.07958,1.07957,2250000,1250000
2019-09-12 14:28:43.446000,1.07962,1.0796,3560000,1000000
2019-09-12 14:28:43.496000,1.07964,1.07963,1000000,1500000
2019-09-12 14:28:43.547000,1.07967,1.07965,1950000,2440000
2019-09-12 14:28:43.598000,1.07969,1.07968,1000000,2060000
2019-09-12 14:28:43.649000,1.07971,1.07969,1250000,1000000
2019-09-12 14:28:43.750000,1.07973,1.07969,2250000,1000000
2019-09-12 14:28:43.908000,1.07973,1.0797,1250000,2370000
2019-09-12 14:28:44.177000,1.07971,1.07969,1250000,1000000
2019-09-12 14:28:44.278000,1.07971,1.07968,2120000,1120000
2019-09-12 14:28:44.383000,1.07969,1.07967,1310000,1500000
2019-09-12 14:28:44.484000,1.07968,1.07966,1250000,1500000
2019-09-12 14:28:44.586000,1.07968,1.07964,2060000,3310000
2019-09-12 14:28:44.949000,1.07967,1.07964,1690000,1620000
2019-09-12 14:28:45.078000,1.07966,1.07964,1000000,1000000
2019-09-12 14:28:45.553000,1.07966,1.07963,1000000,2060000
2019-09-12 14:28:45.654000,1.07966,1.07963,3250000,1250000
2019-09-12 14:28:45.790000,1.07966,1.07963,1250000,1750000
2019-09-12 14:28:47.318000,1.07968,1.07967,1000000,1000000
2019-09-12 14:28:47.369000,1.0797,1.07968,1690000,1000000
2019-09-12 14:28:47.470000,1.07969,1.07966,1250000,3120000
2019-09-12 14:28:47.571000,1.07968,1.07965,1250000,2070000
2019-09-12 14:28:47.673000,1.07969,1.07965,4870000,1120000
2019-09-12 14:28:49.181000,1.07968,1.07965,2120000,1120000
2019-09-12 14:28:51.616000,1.07968,1.07965,1250000,1000000
2019-09-12 14:28:53.487000,1.07967,1.07964,2060000,1500000
2019-09-12 14:28:53.589000,1.07966,1.07964,1000000,1500000
2019-09-12 14:28:54.590000,1.07967,1.07965,1250000,4120000
2019-09-12 14:28:54.641000,1.07969,1.07967,1000000,1120000
2019-09-12 14:28:54.793000,1.0797,1.07967,2440000,1500000
2019-09-12 14:28:54.844000,1.0797,1.07969,1000000,1000000
2019-09-12 14:28:54.895000,1.07972,1.0797,1310000,1000000
2019-09-12 14:28:54.997000,1.07972,1.07969,1310000,2620000
2019-09-12 14:28:55.319000,1.07972,1.0797,1310000,1000000
2019-09-12 14:28:57.035000,1.07969,1.07967,1750000,3750000
2019-09-12 14:28:57.136000,1.07968,1.07967,1250000,1000000
2019-09-12 14:28:57.237000,1.07968,1.07965,1250000,2870000
2019-09-12 14:28:58.563000,1.07969,1.07966,1120000,1250000
2019-09-12 14:28:58.665000,1.0797,1.07966,2440000,3190000
2019-09-12 14:28:58.766000,1.07971,1.07968,1000000,2810000
2019-09-12 14:28:58.867000,1.07972,1.0797,1870000,1000000
2019-09-12 14:28:58.968000,1.07972,1.07969,1870000,1250000
2019-09-12 14:28:59.069000,1.07972,1.07968,2060000,3560000
2019-09-12 14:28:59.322000,1.0797,1.07968,1250000,1120000
2019-09-12 14:28:59.423000,1.0797,1.07968,2870000,1000000
2019-09-12 14:28:59.524000,1.0797,1.07968,2060000,1000000
2019-09-12 14:28:59.676000,1.0797,1.07967,2810000,1000000
2019-09-12 14:28:59.777000,1.0797,1.07966,2810000,3190000
2019-09-12 14:29:00.014000,1.0797,1.07966,4370000,2250000
2019-09-12 14:29:00.290000,1.0797,1.07967,2870000,1000000
2019-09-12 14:29:00.995000,1.07971,1.07968,1000000,2440000
2019-09-12 14:29:01.046000,1.07972,1.0797,1810000,1120000
2019-09-12 14:29:01.097000,1.07973,1.07971,1120000,1000000
2019-09-12 14:29:01.222000,1.07974,1.0797,2500000,1870000
2019-09-12 14:29:01.324000,1.07974,1.07971,1250000,1000000
2019-09-12 14:29:02.587000,1.07975,1.07971,3370000,2000000
2019-09-12 14:29:02.688000,1.07975,1.07972,2810000,1250000
2019-09-12 14:29:03.650000,1.07975,1.07971,3310000,3000000
2019-09-12 14:29:04.665000,1.07975,1.07971,3190000,2700000
2019-09-12 14:29:04.716000,1.07972,1.0797,2440000,1500000
2019-09-12 14:29:04.767000,1.07972,1.07969,1810000,2510000
2019-09-12 14:29:05.272000,1.07973,1.0797,1000000,1310000
2019-09-12 14:29:05.360000,1.07973,1.07971,1000000,1620000
2019-09-12 14:29:05.410000,1.07975,1.07971,3250000,2060000
2019-09-12 14:29:07.131000,1.07973,1.07971,1000000,1690000
2019-09-12 14:29:07.182000,1.07972,1.07969,2560000,3260000
2019-09-12 14:29:07.485000,1.07971,1.07968,1000000,1120000
2019-09-12 14:29:07.588000,1.07971,1.07968,2500000,1120000
2019-09-12 14:29:07.692000,1.07971,1.07968,1250000,1870000
2019-09-12 14:29:07.793000,1.07972,1.07969,1250000,1000000
2019-09-12 14:29:08.212000,1.07972,1.07968,1250000,2440000
2019-09-12 14:29:08.314000,1.07971,1.07968,1370000,1120000
2019-09-12 14:29:08.444000,1.0797,1.07967,1750000,1500000
2019-09-12 14:29:08.848000,1.0797,1.07968,1250000,1000000
2019-09-12 14:29:08.949000,1.07972,1.07969,3500000,1000000
2019-09-12 14:29:09.050000,1.07972,1.07968,1690000,2440000
2019-09-12 14:29:09.101000,1.0797,1.07968,1250000,2250000
2019-09-12 14:29:09.245000,1.07972,1.07969,1690000,1250000
2019-09-12 14:29:09.708000,1.0797,1.07969,1310000,3750000
2019-09-12 14:29:09.758000,1.07969,1.07967,1250000,1000000
2019-09-12 14:29:09.809000,1.0797,1.07968,1250000,1000000
2019-09-12 14:29:09.945000,1.07972,1.07969,1690000,4500000
2019-09-12 14:29:10.046000,1.07972,1.0797,1750000,1000000
2019-09-12 14:29:10.147000,1.07972,1.0797,1250000,1000000
2019-09-12 14:29:10.299000,1.07975,1.07971,3940000,5370000
2019-09-12 14:29:10.401000,1.07975,1.07971,2190000,3870000
2019-09-12 14:29:14.338000,1.07972,1.0797,2440000,2250000
2019-09-12 14:29:14.439000,1.07969,1.07968,1250000,1500000
2019-09-12 14:29:14.541000,1.07969,1.07966,1690000,6620000
2019-09-12 14:29:14.674000,1.07969,1.07967,1750000,1000000
2019-09-12 14:29:16.057000,1.07969,1.07967,1250000,3190000
2019-09-12 14:29:16.260000,1.07969,1.07967,1250000,2250000
2019-09-12 14:29:17.551000,1.07969,1.07968,1250000,1000000
2019-09-12 14:29:17.652000,1.07971,1.07969,2060000,4500000
2019-09-12 14:29:17.754000,1.07972,1.07969,1690000,5620000
2019-09-12 14:29:18.122000,1.07973,1.07969,1690000,6560000
2019-09-12 14:29:18.184000,1.07973,1.0797,1250000,1000000
2019-09-12 14:29:18.235000,1.07975,1.07974,1500000,1120000
2019-09-12 14:29:18.288000,1.07977,1.07974,1310000,1500000
2019-09-12 14:29:18.389000,1.07977,1.07975,1310000,1000000
2019-09-12 14:29:18.604000,1.07977,1.07974,1310000,5250000
2019-09-12 14:29:20.116000,1.07978,1.07975,2620000,1500000
2019-09-12 14:29:20.167000,1.07979,1.07976,2620000,1620000
2019-09-12 14:29:20.389000,1.07979,1.07976,1810000,1120000
2019-09-12 14:29:21.044000,1.07979,1.07976,2060000,6000000
2019-09-12 14:29:21.870000,1.07978,1.07975,1310000,1000000
2019-09-12 14:29:21.971000,1.07977,1.07974,2500000,4500000
2019-09-12 14:29:22.073000,1.07977,1.07974,2440000,4500000
2019-09-12 14:29:23.588000,1.07977,1.07975,1500000,1000000
2019-09-12 14:29:23.805000,1.07977,1.07974,1690000,2620000
2019-09-12 14:29:23.945000,1.07976,1.07973,1250000,4120000
2019-09-12 14:29:24.097000,1.07976,1.07973,1250000,3370000
2019-09-12 14:29:24.249000,1.07977,1.07974,3620000,1000000
2019-09-12 14:29:24.491000,1.07977,1.07973,3620000,1500000
2019-09-12 14:29:25.446000,1.07977,1.07974,3620000,1000000
2019-09-12 14:29:25.604000,1.07977,1.07974,1000000,2250000
2019-09-12 14:29:25.705000,1.07979,1.07976,1690000,1870000
2019-09-12 14:29:25.806000,1.07979,1.07976,1750000,1870000
2019-09-12 14:29:26.166000,1.07979,1.07977,1000000,1000000
2019-09-12 14:29:26.268000,1.07979,1.07976,1750000,1870000
2019-09-12 14:29:26.369000,1.07979,1.07976,1000000,1870000
2019-09-12 14:29:26.470000,1.07979,1.07976,1750000,1870000
2019-09-12 14:29:26.992000,1.07979,1.07976,1000000,1870000
2019-09-12 14:29:27.833000,1.07982,1.0798,1500000,1310000
2019-09-12 14:29:27.934000,1.07983,1.0798,1690000,2060000
2019-09-12 14:29:28.288000,1.07982,1.07979,1250000,4870000
2019-09-12 14:29:28.490000,1.07983,1.07979,2810000,5060000
2019-09-12 14:29:28.591000,1.07982,1.07979,1250000,4120000
2019-09-12 14:29:29.020000,1.07982,1.07979,1750000,4120000
2019-09-12 14:29:29.474000,1.07982,1.07979,1250000,4120000
2019-09-12 14:29:30.093000,1.07982,1.07979,1370000,4500000
2019-09-12 14:29:30.228000,1.07983,1.0798,2940000,1000000
2019-09-12 14:29:30.376000,1.07983,1.07979,3690000,4690000
2019-09-12 14:29:30.483000,1.07983,1.0798,2940000,1000000
2019-09-12 14:29:30.629000,1.07983,1.07979,3690000,4690000
2019-09-12 14:29:30.882000,1.07981,1.07979,1250000,3000000
2019-09-12 14:29:31.085000,1.07981,1.07979,3190000,2250000
2019-09-12 14:29:31.186000,1.07981,1.07978,3250000,3370000
2019-09-12 14:29:32.004000,1.0798,1.07978,1750000,3370000
2019-09-12 14:29:32.506000,1.07979,1.07977,1250000,1500000
2019-09-12 14:29:32.809000,1.07978,1.07976,1250000,4310000
2019-09-12 14:29:32.911000,1.07977,1.07976,1120000,1690000
2019-09-12 14:29:33.085000,1.07976,1.07975,1250000,3370000
2019-09-12 14:29:33.188000,1.07974,1.07973,1310000,1500000
2019-09-12 14:29:33.289000,1.07975,1.07973,1750000,1000000
2019-09-12 14:29:33.391000,1.07975,1.07973,1000000,1250000
2019-09-12 14:29:33.492000,1.07975,1.07972,1500000,1310000
2019-09-12 14:29:33.639000,1.07972,1.0797,1000000,2870000
2019-09-12 14:29:34.554000,1.07973,1.0797,2810000,1250000
2019-09-12 14:29:36.556000,1.07973,1.07971,1000000,2500000
2019-09-12 14:29:36.677000,1.07974,1.07971,1690000,3250000
2019-09-12 14:29:37.359000,1.07974,1.07972,1000000,1250000
2019-09-12 14:29:37.636000,1.07974,1.07971,1000000,3250000
2019-09-12 14:29:37.744000,1.07975,1.07972,2750000,1250000
2019-09-12 14:29:37.933000,1.07976,1.07974,2000000,1500000
2019-09-12 14:29:38.042000,1.07977,1.07974,1620000,2120000
2019-09-12 14:29:38.347000,1.07978,1.07975,1120000,1750000
2019-09-12 14:29:38.448000,1.0798,1.07979,1000000,1310000
2019-09-12 14:29:38.605000,1.0798,1.07977,1000000,3000000
2019-09-12 14:29:39.486000,1.07982,1.07979,1810000,1000000
2019-09-12 14:29:39.587000,1.07983,1.0798,2940000,1000000
2019-09-12 14:29:40.996000,1.07983,1.0798,1500000,2500000
2019-09-12 14:29:41.327000,1.07983,1.0798,2000000,1250000
2019-09-12 14:29:42.127000,1.07982,1.0798,1000000,2120000
2019-09-12 14:29:42.236000,1.07982,1.0798,1000000,1310000
2019-09-12 14:29:42.587000,1.07982,1.0798,1000000,1370000
2019-09-12 14:29:42.688000,1.07984,1.07982,1000000,1250000
2019-09-12 14:29:42.789000,1.07984,1.07982,1120000,1250000
2019-09-12 14:29:44.704000,1.07983,1.07982,1000000,1000000
2019-09-12 14:29:45.218000,1.07984,1.07982,1000000,1000000
2019-09-12 14:29:47.330000,1.07986,1.07984,1000000,3190000
2019-09-12 14:29:47.432000,1.07987,1.07984,2370000,4310000
2019-09-12 14:29:47.889000,1.07988,1.07985,1750000,1500000
2019-09-12 14:29:48.142000,1.07989,1.07985,3120000,2500000
2019-09-12 14:29:48.243000,1.07989,1.07986,1000000,3560000
2019-09-12 14:29:48.351000,1.07989,1.07985,1250000,2440000
2019-09-12 14:29:48.452000,1.07988,1.07986,2440000,1690000
2019-09-12 14:29:48.655000,1.07988,1.07986,1500000,1750000
2019-09-12 14:29:48.756000,1.07988,1.07986,1690000,1690000
2019-09-12 14:29:49.694000,1.07989,1.07985,2440000,2870000
2019-09-12 14:29:49.997000,1.07988,1.07985,1250000,2120000
2019-09-12 14:29:50.490000,1.07988,1.07984,1750000,4310000
2019-09-12 14:29:50.591000,1.07988,1.07984,4880000,3000000
2019-09-12 14:29:50.694000,1.07988,1.07984,3750000,3190000
2019-09-12 14:29:52.533000,1.07989,1.07985,1250000,8990000
2019-09-12 14:29:52.634000,1.07988,1.07984,1690000,4060000
2019-09-12 14:29:53.459000,1.07985,1.07983,1250000,3000000
2019-09-12 14:29:53.600000,1.07986,1.07982,3310000,2940000
2019-09-12 14:29:54.018000,1.07985,1.07982,1750000,1310000
2019-09-12 14:29:54.238000,1.07984,1.07981,1250000,2810000
2019-09-12 14:29:54.511000,1.07984,1.07981,2250000,1310000
2019-09-12 14:29:55.647000,1.07984,1.07981,1000000,6690000
2019-09-12 14:29:55.748000,1.07985,1.07982,1120000,1500000
2019-09-12 14:29:57.496000,1.07986,1.07983,1500000,2120000
2019-09-12 14:29:57.597000,1.07986,1.07982,1690000,7870000
2019-09-12 14:29:57.749000,1.07986,1.07984,1310000,1000000
2019-09-12 14:29:58.343000,1.07988,1.07986,1120000,2870000
2019-09-12 14:29:58.697000,1.07989,1.07986,2440000,2620000
2019-09-12 14:29:59.191000,1.07988,1.07986,1250000,2060000
2019-09-12 14:30:00.176000,1.07987,1.07986,1250000,1120000
2019-09-12 14:30:00.227000,1.07987,1.07984,2440000,4870000
2019-09-12 14:30:00.334000,1.07986,1.07984,1000000,4870000
2019-09-12 14:30:00.435000,1.07987,1.07984,2440000,4870000
2019-09-12 14:30:00.637000,1.07987,1.07985,1000000,1250000
2019-09-12 14:30:00.748000,1.07988,1.07985,2810000,1250000
2019-09-12 14:30:01.052000,1.07988,1.07986,3190000,1810000
2019-09-12 14:30:01.207000,1.07989,1.07988,1690000,1000000
2019-09-12 14:30:01.258000,1.07996,1.07994,3190000,1000000
2019-09-12 14:30:01.360000,1.07996,1.07993,1500000,2620000
2019-09-12 14:30:01.461000,1.07996,1.07993,1000000,2810000
2019-09-12 14:30:01.697000,1.07996,1.07994,1310000,1000000
2019-09-12 14:30:01.798000,1.07996,1.07993,2620000,1620000
2019-09-12 14:30:01.900000,1.07995,1.07992,2810000,1500000
2019-09-12 14:30:02.001000,1.07995,1.07991,2810000,4870000
2019-09-12 14:30:02.226000,1.07995,1.07992,2060000,1000000
2019-09-12 14:30:02.277000,1.07994,1.07991,1370000,3750000
2019-09-12 14:30:02.378000,1.07994,1.07991,2880000,3750000
2019-09-12 14:30:02.662000,1.07994,1.07991,2870000,3750000
2019-09-12 14:30:03.457000,1.07993,1.07992,1120000,1500000
2019-09-12 14:30:03.558000,1.07995,1.07992,1500000,2250000
2019-09-12 14:30:03.845000,1.07996,1.07993,3870000,1690000
2019-09-12 14:30:04.151000,1.07994,1.0799,2060000,5140000
2019-09-12 14:30:04.417000,1.07992,1.0799,1000000,5060000
2019-09-12 14:30:05.445000,1.07994,1.0799,4370000,1870000
2019-09-12 14:30:05.762000,1.07994,1.0799,2810000,5060000
2019-09-12 14:30:05.943000,1.07994,1.0799,3750000,3000000
2019-09-12 14:30:06.858000,1.07993,1.0799,1250000,1870000
2019-09-12 14:30:09.193000,1.07993,1.0799,1870000,1870000
2019-09-12 14:30:09.359000,1.07993,1.0799,1870000,1870000
2019-09-12 14:30:11.363000,1.07992,1.0799,1250000,1870000
2019-09-12 14:30:11.512000,1.07993,1.0799,1870000,1870000
2019-09-12 14:30:11.868000,1.07993,1.0799,1310000,1500000
2019-09-12 14:30:12.540000,1.07993,1.0799,2120000,1500000
2019-09-12 14:30:15.175000,1.07994,1.07991,2500000,1500000
2019-09-12 14:30:15.277000,1.07994,1.07991,3370000,1690000
2019-09-12 14:30:15.655000,1.07994,1.07991,1750000,3310000
2019-09-12 14:30:15.757000,1.07993,1.07991,1370000,1000000
2019-09-12 14:30:15.808000,1.07994,1.07991,3190000,1370000
2019-09-12 14:30:16.419000,1.07993,1.0799,1250000,3000000
2019-09-12 14:30:16.520000,1.07993,1.0799,1370000,2620000
2019-09-12 14:30:16.917000,1.07993,1.0799,1870000,2440000
2019-09-12 14:30:17.037000,1.07995,1.07992,3070000,2810000
2019-09-12 14:30:17.138000,1.07995,1.07992,2250000,3620000
2019-09-12 14:30:17.289000,1.07995,1.07992,1000000,4120000
2019-09-12 14:30:17.404000,1.07995,1.07992,1000000,4870000
2019-09-12 14:30:17.505000,1.07996,1.07993,1500000,1370000
2019-09-12 14:30:18.525000,1.07998,1.07995,4120000,2500000
2019-09-12 14:30:18.636000,1.07999,1.07997,1000000,1250000
2019-09-12 14:30:18.738000,1.08,1.07998,1000000,1750000
2019-09-12 14:30:18.890000,1.08,1.07998,1000000,1310000
2019-09-12 14:30:18.991000,1.08,1.07999,1000000,1000000
2019-09-12 14:30:19.368000,1.08,1.07997,1750000,1500000
2019-09-12 14:30:19.470000,1.08001,1.07999,2620000,1120000
2019-09-12 14:30:19.625000,1.08004,1.08001,5440000,1250000
2019-09-12 14:30:19.726000,1.08004,1.08003,1250000,1000000
2019-09-12 14:30:19.777000,1.08006,1.08003,1010000,1870000
2019-09-12 14:30:19.878000,1.08006,1.08004,1000000,1690000
2019-09-12 14:30:20.185000,1.08007,1.08005,1000000,1000000
2019-09-12 14:30:20.286000,1.08009,1.08005,5620000,2500000
2019-09-12 14:30:20.752000,1.08009,1.08005,3750000,2250000
2019-09-12 14:30:20.853000,1.08008,1.08005,1750000,1120000
2019-09-12 14:30:20.984000,1.08003,1.08,1690000,2370000
2019-09-12 14:30:21.667000,1.08002,1.08,1000000,1620000
2019-09-12 14:30:21.768000,1.08003,1.08,2440000,1620000
2019-09-12 14:30:21.869000,1.08003,1.08,2440000,1000000
2019-09-12 14:30:22.658000,1.08001,1.07999,1000000,2060000
2019-09-12 14:30:22.759000,1.07999,1.07996,1310000,5720000
2019-09-12 14:30:29.751000,1.07995,1.07993,1500000,2470000
2019-09-12 14:30:29.853000,1.07995,1.07992,1000000,4130000
2019-09-12 14:30:29.954000,1.07997,1.07995,3370000,1000000
2019-09-12 14:30:30.102000,1.07997,1.07994,1120000,1250000
2019-09-12 14:30:30.205000,1.07994,1.07993,1310000,1680000
2019-09-12 14:30:30.356000,1.07994,1.07992,1310000,3190000
2019-09-12 14:30:30.760000,1.07995,1.07992,2810000,2000000
2019-09-12 14:30:30.861000,1.07995,1.07992,2810000,1120000
2019-09-12 14:30:30.962000,1.07995,1.07991,3310000,2940000
2019-09-12 14:30:31.289000,1.07994,1.0799,2370000,4000000
2019-09-12 14:30:31.868000,1.07994,1.07992,2370000,1000000
2019-09-12 14:30:31.970000,1.07996,1.07992,1870000,5250000
2019-09-12 14:30:32.122000,1.07995,1.07992,1750000,3560000
2019-09-12 14:30:32.624000,1.07995,1.07993,2500000,1000000
2019-09-12 14:30:32.827000,1.07995,1.07992,2500000,2810000
2019-09-12 14:30:33.645000,1.07993,1.07991,2370000,1250000
2019-09-12 14:30:34.195000,1.07993,1.0799,2560000,1750000
2019-09-12 14:30:34.296000,1.07991,1.07987,2870000,3640000
2019-09-12 14:30:34.397000,1.07991,1.07988,1870000,2250000
2019-09-12 14:30:34.549000,1.07991,1.07988,1000000,3620000
2019-09-12 14:30:34.651000,1.07991,1.07988,1000000,2060000
2019-09-12 14:30:34.771000,1.07992,1.07989,1870000,1750000
2019-09-12 14:30:34.939000,1.07992,1.07989,1870000,2500000
2019-09-12 14:30:35.041000,1.07992,1.07989,1870000,1250000
2019-09-12 14:30:35.253000,1.07992,1.07989,2810000,1250000
2019-09-12 14:30:35.548000,1.07992,1.07989,2620000,1750000
2019-09-12 14:30:36.413000,1.07993,1.07991,1000000,1250000
2019-09-12 14:30:36.852000,1.07993,1.07991,1000000,1750000
2019-09-12 14:30:37.332000,1.07994,1.07991,2810000,1750000
2019-09-12 14:30:37.580000,1.07994,1.07992,1870000,1250000
2019-09-12 14:30:37.631000,1.07996,1.07995,1500000,1250000
2019-09-12 14:30:37.682000,1.07999,1.07997,2810000,1000000
2019-09-12 14:30:37.783000,1.08001,1.07998,1370000,1000000
2019-09-12 14:30:37.885000,1.08001,1.07998,2060000,1250000
2019-09-12 14:30:37.986000,1.08001,1.07998,1370000,1000000
2019-09-12 14:30:38.308000,1.08002,1.07998,1750000,2500000
2019-09-12 14:30:38.410000,1.08002,1.08,1500000,1000000
2019-09-12 14:30:38.511000,1.08003,1.08,2750000,1000000
2019-09-12 14:30:39.100000,1.08004,1.08001,3310000,1250000
2019-09-12 14:30:39.208000,1.08004,1.08001,1310000,1250000
2019-09-12 14:30:41.131000,1.08002,1.08,1000000,1750000
2019-09-12 14:30:42.335000,1.08,1.07998,1250000,1500000
2019-09-12 14:30:42.386000,1.07997,1.07996,1000000,1000000
2019-09-12 14:30:42.488000,1.07994,1.07992,1870000,3560000
2019-09-12 14:30:43.443000,1.07995,1.07992,1000000,2060000
2019-09-12 14:30:43.494000,1.07994,1.0799,2750000,3450000
2019-09-12 14:30:43.595000,1.07992,1.0799,1000000,1500000
2019-09-12 14:30:43.800000,1.07992,1.0799,1000000,2120000
2019-09-12 14:30:43.901000,1.07992,1.07989,1000000,2620000
2019-09-12 14:30:44.538000,1.0799,1.07987,1370000,2510000
2019-09-12 14:30:44.691000,1.07987,1.07985,1810000,1000000
2019-09-12 14:30:44.813000,1.07986,1.07984,1000000,1690000
2019-09-12 14:30:44.914000,1.07987,1.07984,3120000,1750000
2019-09-12 14:30:45.066000,1.07987,1.07984,1870000,2870000
2019-09-12 14:30:45.167000,1.07987,1.07984,1120000,2810000
2019-09-12 14:30:45.572000,1.07985,1.07983,1000000,1620000
2019-09-12 14:30:45.623000,1.07984,1.07981,1250000,4200000
2019-09-12 14:30:47.370000,1.07984,1.07983,1250000,1000000
2019-09-12 14:30:47.480000,1.07985,1.07983,2810000,1250000
2019-09-12 14:30:47.533000,1.07989,1.07986,1870000,2620000
2019-09-12 14:30:47.635000,1.07993,1.0799,3760000,1250000
2019-09-12 14:30:47.736000,1.07993,1.0799,1120000,4120000
2019-09-12 14:30:47.787000,1.07993,1.0799,2870000,1120000
2019-09-12 14:30:48.242000,1.07991,1.07988,2120000,1500000
2019-09-12 14:30:48.846000,1.07991,1.07988,1310000,1250000
2019-09-12 14:30:48.950000,1.07992,1.07989,1310000,1250000
2019-09-12 14:30:49.831000,1.07993,1.0799,3750000,1370000
2019-09-12 14:30:49.881000,1.07992,1.07989,2440000,1310000
2019-09-12 14:30:50.806000,1.07991,1.07988,2120000,1500000
2019-09-12 14:30:50.857000,1.07991,1.07987,3250000,1690000
2019-09-12 14:30:51.695000,1.07991,1.07988,2250000,1120000
2019-09-12 14:30:52.129000,1.07988,1.07986,1000000,4120000
2019-09-12 14:30:52.231000,1.07987,1.07985,1000000,1000000
2019-09-12 14:30:52.333000,1.07986,1.07985,1000000,1000000
2019-09-12 14:30:52.834000,1.07986,1.07983,1870000,1250000
2019-09-12 14:30:52.935000,1.07986,1.07983,1870000,1250000
2019-09-12 14:30:54,1.07986,1.07982,2810000,2810000
2019-09-12 14:30:54.520000,1.07986,1.07982,2620000,2870000
2019-09-12 14:30:54.880000,1.07986,1.07984,1500000,1310000
2019-09-12 14:30:55.032000,1.07985,1.07982,1370000,1840000
2019-09-12 14:30:55.601000,1.07979,1.07978,1250000,1350000
2019-09-12 14:30:55.652000,1.07979,1.07976,2440000,2500000
2019-09-12 14:30:56.828000,1.07978,1.07976,1000000,1370000
2019-09-12 14:30:57.604000,1.07978,1.07975,2370000,1500000
2019-09-12 14:30:58.798000,1.07978,1.07976,1250000,1310000
2019-09-12 14:30:59.001000,1.07979,1.07975,2250000,3750000
2019-09-12 14:30:59.110000,1.07979,1.07976,1120000,1250000
2019-09-12 14:30:59.212000,1.07979,1.07975,3250000,4500000
2019-09-12 14:30:59.894000,1.07978,1.07975,1000000,3000000
2019-09-12 14:30:59.995000,1.07977,1.07974,2000000,3640000
2019-09-12 14:31:00.669000,1.07975,1.07974,1000000,1010000
2019-09-12 14:31:00.973000,1.07974,1.07971,1000000,2350000
2019-09-12 14:31:01.074000,1.07974,1.07971,1500000,2250000
2019-09-12 14:31:01.339000,1.07973,1.07971,2060000,1350000
2019-09-12 14:31:01.491000,1.07973,1.0797,3560000,1250000
2019-09-12 14:31:02.210000,1.07973,1.0797,3390000,1000000
2019-09-12 14:31:02.261000,1.07967,1.07965,1500000,1810000
2019-09-12 14:31:02.363000,1.07965,1.07963,1000000,2120000
2019-09-12 14:31:02.617000,1.07965,1.07962,1500000,1810000
2019-09-12 14:31:02.718000,1.07964,1.07961,1120000,2120000
2019-09-12 14:31:02.975000,1.07963,1.07961,1000000,1370000
2019-09-12 14:31:03.077000,1.07963,1.07961,1000000,1250000
2019-09-12 14:31:03.279000,1.07961,1.0796,1500000,6390000
2019-09-12 14:31:03.330000,1.0796,1.07958,1000000,6620000
2019-09-12 14:31:03.515000,1.0796,1.07957,1500000,1370000
2019-09-12 14:31:03.668000,1.0796,1.07957,1870000,1690000
2019-09-12 14:31:03.771000,1.07957,1.07955,1500000,1750000
2019-09-12 14:31:03.822000,1.07955,1.07953,1000000,1320000
2019-09-12 14:31:03.979000,1.07955,1.07952,1310000,1000000
2019-09-12 14:31:04.131000,1.07955,1.07952,1120000,1250000
2019-09-12 14:31:04.283000,1.07954,1.07951,1250000,2870000
2019-09-12 14:31:04.543000,1.07951,1.07949,2060000,1000000
2019-09-12 14:31:04.594000,1.0795,1.07948,1000000,1250000
2019-09-12 14:31:04.796000,1.07949,1.07946,2440000,2120000
2019-09-12 14:31:04.897000,1.0795,1.07948,1620000,1310000
2019-09-12 14:31:04.999000,1.0795,1.07947,1500000,1750000
2019-09-12 14:31:05.252000,1.07951,1.07947,2250000,2250000
2019-09-12 14:31:05.666000,1.0795,1.07947,1000000,2250000
2019-09-12 14:31:05.919000,1.07948,1.07946,1000000,3370000
2019-09-12 14:31:06.021000,1.07941,1.07939,1000000,3000000
2019-09-12 14:31:06.172000,1.07941,1.07939,1500000,1000000
2019-09-12 14:31:06.336000,1.07942,1.07941,1000000,1000000
2019-09-12 14:31:06.387000,1.07943,1.07941,1870000,1250000
2019-09-12 14:31:07.266000,1.07946,1.07945,2620000,1500000
2019-09-12 14:31:07.363000,1.07949,1.07946,2190000,1250000
2019-09-12 14:31:07.465000,1.07947,1.07944,1690000,1500000
2019-09-12 14:31:07.517000,1.07946,1.07943,1000000,1310000
2019-09-12 14:31:07.618000,1.07945,1.07942,1000000,3000000
2019-09-12 14:31:08.324000,1.07946,1.07943,1120000,1250000
2019-09-12 14:31:08.426000,1.07948,1.07947,1120000,1690000
2019-09-12 14:31:08.547000,1.07952,1.0795,2250000,1250000
2019-09-12 14:31:08.598000,1.07953,1.07951,4120000,1750000
2019-09-12 14:31:08.699000,1.07956,1.07954,1810000,1000000
2019-09-12 14:31:08.801000,1.07956,1.07952,2560000,1750000
2019-09-12 14:31:08.902000,1.07954,1.07952,1000000,1000000
2019-09-12 14:31:09.023000,1.07952,1.07948,2440000,4160000
2019-09-12 14:31:09.124000,1.07952,1.07948,2940000,1690000
2019-09-12 14:31:09.844000,1.0795,1.07947,1310000,1000000
2019-09-12 14:31:09.945000,1.07951,1.07947,1870000,2870000
2019-09-12 14:31:10.046000,1.07953,1.07951,1500000,2120000
2019-09-12 14:31:10.187000,1.07954,1.07951,1000000,2870000
2019-09-12 14:31:10.238000,1.0795,1.07949,1120000,1500000
2019-09-12 14:31:10.339000,1.07951,1.07948,1000000,1690000
2019-09-12 14:31:10.390000,1.07952,1.0795,1570000,1120000
2019-09-12 14:31:10.542000,1.07953,1.0795,1120000,2060000
2019-09-12 14:31:10.643000,1.07955,1.07952,3560000,1000000
2019-09-12 14:31:10.694000,1.0795,1.07948,4120000,1500000
2019-09-12 14:31:10.795000,1.07949,1.07946,1120000,2560000
2019-09-12 14:31:10.947000,1.0795,1.07947,1120000,2120000
2019-09-12 14:31:11.085000,1.07951,1.07947,1120000,1750000
2019-09-12 14:31:11.136000,1.07951,1.07947,1310000,1310000
2019-09-12 14:31:11.237000,1.0795,1.07947,1000000,1310000
2019-09-12 14:31:12.387000,1.07947,1.07945,2120000,3000000
2019-09-12 14:31:12.438000,1.07946,1.07943,1000000,2060000
2019-09-12 14:31:12.841000,1.07945,1.07942,1000000,3000000
2019-09-12 14:31:12.995000,1.07946,1.07942,1870000,3750000
2019-09-12 14:31:13.127000,1.07945,1.07942,1000000,2940000
2019-09-12 14:31:13.178000,1.07941,1.0794,1870000,6000000
2019-09-12 14:31:13.228000,1.0794,1.07937,1810000,3000000
2019-09-12 14:31:13.279000,1.07941,1.07939,1620000,1000000
2019-09-12 14:31:13.380000,1.07942,1.07939,1750000,2250000
2019-09-12 14:31:13.483000,1.07943,1.07939,2370000,3250000
2019-09-12 14:31:13.686000,1.07942,1.07939,1500000,1690000
2019-09-12 14:31:13.888000,1.07942,1.07939,1120000,2500000
2019-09-12 14:31:13.990000,1.07942,1.07939,1000000,2870000
2019-09-12 14:31:15.867000,1.07943,1.07941,1000000,1250000
2019-09-12 14:31:15.918000,1.07945,1.07941,1390000,1250000
2019-09-12 14:31:15.969000,1.07945,1.07944,1120000,1690000
2019-09-12 14:31:16.020000,1.07947,1.07946,2250000,1250000
2019-09-12 14:31:16.070000,1.0795,1.07946,3010000,2440000
2019-09-12 14:31:16.202000,1.0795,1.07946,2370000,2500000
2019-09-12 14:31:16.303000,1.0795,1.07946,2560000,2440000
2019-09-12 14:31:16.615000,1.07946,1.07945,1500000,1500000
2019-09-12 14:31:16.666000,1.07946,1.07943,3560000,1500000
2019-09-12 14:31:16.856000,1.07945,1.07942,1000000,2500000
2019-09-12 14:31:17.009000,1.07946,1.07942,2250000,3620000
2019-09-12 14:31:17.110000,1.07948,1.07945,1870000,1120000
2019-09-12 14:31:17.212000,1.07948,1.07945,1870000,1370000
2019-09-12 14:31:17.690000,1.07948,1.07945,1870000,1000000
2019-09-12 14:31:17.842000,1.07949,1.07946,2750000,1250000
2019-09-12 14:31:17.943000,1.07949,1.07946,1500000,1250000
2019-09-12 14:31:19.880000,1.0795,1.07946,2370000,1250000
2019-09-12 14:31:20.178000,1.07949,1.07946,1120000,1250000
2019-09-12 14:31:20.410000,1.0795,1.07946,3120000,1250000
2019-09-12 14:31:21.193000,1.0795,1.07946,3120000,1500000
2019-09-12 14:31:22.194000,1.07949,1.07945,1870000,3560000
2019-09-12 14:31:22.295000,1.07949,1.07946,2000000,1000000
2019-09-12 14:31:22.525000,1.07946,1.07944,1000000,2060000
2019-09-12 14:31:22.677000,1.07946,1.07944,1000000,1750000
2019-09-12 14:31:22.778000,1.07948,1.07946,1000000,1750000
2019-09-12 14:31:22.880000,1.07949,1.07946,1000000,1750000
2019-09-12 14:31:23.158000,1.07949,1.07946,1250000,1250000
2019-09-12 14:31:23.259000,1.07949,1.07946,1750000,1000000
2019-09-12 14:31:23.413000,1.07949,1.07946,1690000,1250000
2019-09-12 14:31:23.514000,1.07946,1.07944,1000000,2060000
2019-09-12 14:31:23.659000,1.07945,1.07943,1000000,1250000
2019-09-12 14:31:23.811000,1.07944,1.07942,1310000,1690000
2019-09-12 14:31:25.035000,1.07946,1.07942,3370000,2440000
2019-09-12 14:31:25.295000,1.07947,1.07945,2320000,1690000
2019-09-12 14:31:25.397000,1.07949,1.07945,4140000,1250000
2019-09-12 14:31:25.698000,1.07949,1.07945,4200000,1250000
2019-09-12 14:31:25.950000,1.07948,1.07945,1120000,1250000
2019-09-12 14:31:26.544000,1.07948,1.07945,1690000,1310000
2019-09-12 14:31:26.955000,1.07948,1.07946,1000000,1250000
2019-09-12 14:31:27.056000,1.07949,1.07946,2440000,1370000
2019-09-12 14:31:27.291000,1.07949,1.07946,2500000,1310000
2019-09-12 14:31:27.476000,1.07949,1.07946,2440000,2120000
2019-09-12 14:31:27.579000,1.07948,1.07945,1250000,3000000
2019-09-12 14:31:28.043000,1.07948,1.07947,1250000,1120000
2019-09-12 14:31:28.416000,1.07949,1.07946,2060000,1250000
2019-09-12 14:31:28.576000,1.0795,1.07947,2560000,1250000
2019-09-12 14:31:28.627000,1.0795,1.07946,3310000,1250000
2019-09-12 14:31:28.728000,1.07949,1.07945,3190000,2870000
2019-09-12 14:31:30.939000,1.07949,1.07945,2870000,2440000
2019-09-12 14:31:31.254000,1.07949,1.07946,3190000,1250000
2019-09-12 14:31:31.812000,1.07948,1.07945,2500000,1000000
2019-09-12 14:31:32.274000,1.07946,1.07943,1250000,1310000
2019-09-12 14:31:32.387000,1.07946,1.07943,1250000,1120000
2019-09-12 14:31:32.626000,1.07946,1.07942,3000000,2250000
2019-09-12 14:31:32.828000,1.07945,1.07942,1500000,1120000
2019-09-12 14:31:33.186000,1.07945,1.07942,1500000,1370000
2019-09-12 14:31:33.467000,1.07947,1.07945,1100000,1250000
2019-09-12 14:31:33.569000,1.07948,1.07945,1100000,1810000
2019-09-12 14:31:33.672000,1.07947,1.07944,1690000,2250000
2019-09-12 14:31:33.773000,1.07946,1.07943,2250000,2810000
2019-09-12 14:31:34.112000,1.07945,1.07941,2060000,2560000
2019-09-12 14:31:34.213000,1.07944,1.07941,1000000,1810000
2019-09-12 14:31:34.265000,1.07943,1.0794,1500000,2060000
2019-09-12 14:31:34.493000,1.07942,1.07939,1000000,2870000
2019-09-12 14:31:34.544000,1.07939,1.07938,6940000,1000000
2019-09-12 14:31:34.594000,1.07936,1.07935,4120000,1250000
2019-09-12 14:31:34.695000,1.07936,1.07935,4120000,1000000
2019-09-12 14:31:34.847000,1.07938,1.07935,1870000,1250000
2019-09-12 14:31:34.949000,1.07939,1.07935,3870000,2120000
2019-09-12 14:31:35.059000,1.0794,1.07937,1000000,2060000
2019-09-12 14:31:35.261000,1.07942,1.07938,2620000,1370000
2019-09-12 14:31:35.414000,1.07943,1.0794,3070000,1250000
2019-09-12 14:31:35.577000,1.07943,1.0794,1120000,2500000
2019-09-12 14:31:36.194000,1.07942,1.0794,1250000,1000000
2019-09-12 14:31:36.297000,1.07941,1.07937,2250000,4500000
2019-09-12 14:31:36.399000,1.0794,1.07937,1000000,3750000
2019-09-12 14:31:36.500000,1.07941,1.07938,1120000,2940000
2019-09-12 14:31:36.602000,1.07942,1.07938,1500000,3310000
2019-09-12 14:31:37.417000,1.07943,1.0794,1000000,2120000
2019-09-12 14:31:37.569000,1.07944,1.0794,3560000,3250000
2019-09-12 14:31:39.742000,1.07943,1.0794,1000000,3620000
2019-09-12 14:31:41.644000,1.07942,1.0794,1000000,2870000
2019-09-12 14:31:41.695000,1.07941,1.07938,1000000,2940000
2019-09-12 14:31:41.912000,1.07942,1.07938,2060000,1750000
2019-09-12 14:31:42.020000,1.07941,1.07938,1000000,2190000
2019-09-12 14:31:42.122000,1.07942,1.07938,2810000,2190000
2019-09-12 14:31:42.496000,1.07943,1.0794,3000000,1250000
2019-09-12 14:31:43.278000,1.07941,1.07938,1500000,3190000
2019-09-12 14:31:43.481000,1.07941,1.07938,1500000,2120000
2019-09-12 14:31:43.622000,1.07942,1.07938,1870000,2500000
2019-09-12 14:31:43.773000,1.07942,1.07938,1870000,2120000
2019-09-12 14:31:44.753000,1.0794,1.07938,1250000,1870000
2019-09-12 14:31:45.001000,1.0794,1.07937,1250000,3370000
2019-09-12 14:31:45.102000,1.0794,1.07938,1250000,1870000
2019-09-12 14:31:45.748000,1.07941,1.07938,4310000,1500000
2019-09-12 14:31:46.024000,1.0794,1.07938,1250000,3190000
2019-09-12 14:31:46.176000,1.0794,1.07938,1250000,1120000
2019-09-12 14:31:47.156000,1.0794,1.07939,1250000,1000000
2019-09-12 14:31:47.258000,1.0794,1.07938,1250000,3190000
2019-09-12 14:31:47.410000,1.0794,1.07937,1690000,3370000
2019-09-12 14:31:48.404000,1.07939,1.07937,2120000,1000000
2019-09-12 14:31:48.454000,1.07937,1.07935,1000000,1310000
2019-09-12 14:31:48.559000,1.07934,1.07932,1750000,5520000
2019-09-12 14:31:48.610000,1.0793,1.07929,1000000,1250000
2019-09-12 14:31:48.711000,1.07929,1.07926,3560000,3250000
2019-09-12 14:31:48.813000,1.07929,1.07926,2440000,1120000
2019-09-12 14:31:48.871000,1.07929,1.07926,2250000,1370000
2019-09-12 14:31:48.973000,1.0793,1.07927,2250000,1370000
2019-09-12 14:31:49.075000,1.0793,1.07927,2370000,1370000
2019-09-12 14:31:49.178000,1.0793,1.07927,1870000,1750000
2019-09-12 14:31:49.710000,1.07931,1.07928,1870000,2060000
2019-09-12 14:31:50.012000,1.07931,1.07928,1870000,2120000
2019-09-12 14:31:50.152000,1.07932,1.07928,2940000,2060000
2019-09-12 14:31:50.253000,1.07932,1.07928,2000000,2120000
2019-09-12 14:31:50.355000,1.07932,1.07929,1620000,1370000
2019-09-12 14:31:50.608000,1.07933,1.07929,2750000,2500000
2019-09-12 14:31:50.739000,1.07933,1.07929,2250000,2500000
2019-09-12 14:31:50.789000,1.07931,1.07928,1870000,1690000
2019-09-12 14:31:50.992000,1.0793,1.07926,2440000,3690000
2019-09-12 14:31:51.093000,1.07929,1.07926,1870000,1690000
2019-09-12 14:31:52.144000,1.0793,1.07926,2370000,1250000
2019-09-12 14:31:52.246000,1.07929,1.07926,1310000,1500000
2019-09-12 14:31:52.387000,1.07929,1.07925,3560000,1690000
2019-09-12 14:31:52.490000,1.07929,1.07926,1870000,1250000
2019-09-12 14:31:52.679000,1.0793,1.07926,3200000,2620000
2019-09-12 14:31:52.883000,1.0793,1.07927,1500000,1310000
2019-09-12 14:31:53.034000,1.0793,1.07927,1000000,2120000
2019-09-12 14:31:53.086000,1.07932,1.07931,1000000,1000000
2019-09-12 14:31:53.172000,1.07933,1.0793,2250000,1500000
2019-09-12 14:31:53.285000,1.07932,1.0793,1000000,1000000
2019-09-12 14:31:53.487000,1.07934,1.0793,4310000,3620000
2019-09-12 14:31:53.888000,1.07933,1.0793,1810000,1120000
2019-09-12 14:31:54.141000,1.07931,1.07928,1000000,2440000
2019-09-12 14:31:54.568000,1.07929,1.07927,2440000,2060000
2019-09-12 14:31:54.670000,1.0793,1.07927,1200000,2500000
2019-09-12 14:31:54.721000,1.07931,1.07927,1500000,4000000
2019-09-12 14:31:55.028000,1.07931,1.07928,1690000,1250000
2019-09-12 14:31:55.129000,1.07932,1.07928,1870000,3620000
2019-09-12 14:31:55.683000,1.07933,1.0793,4200000,1250000
2019-09-12 14:31:55.785000,1.07933,1.0793,1000000,2500000
2019-09-12 14:31:56.139000,1.07932,1.0793,1690000,1120000
2019-09-12 14:31:56.295000,1.07932,1.07928,1690000,1310000
2019-09-12 14:31:56.396000,1.07933,1.07928,3260000,2120000
2019-09-12 14:31:56.497000,1.07931,1.07928,1000000,1310000
2019-09-12 14:31:56.649000,1.07932,1.07929,1000000,2440000
2019-09-12 14:31:56.750000,1.07933,1.0793,1000000,1750000
2019-09-12 14:31:56.852000,1.07934,1.0793,4310000,2500000
2019-09-12 14:31:57.009000,1.07934,1.07932,2250000,1750000
2019-09-12 14:31:57.161000,1.07934,1.07931,1250000,2500000
2019-09-12 14:31:58.868000,1.07933,1.0793,1000000,3620000
2019-09-12 14:31:59.429000,1.07933,1.0793,3310000,1310000
2019-09-12 14:31:59.530000,1.07932,1.07928,1250000,2620000
2019-09-12 14:31:59.682000,1.07933,1.0793,2940000,1250000
2019-09-12 14:32:00.057000,1.0793,1.07928,3620000,1120000
2019-09-12 14:32:00.158000,1.07929,1.07927,1250000,1690000
2019-09-12 14:32:00.315000,1.07926,1.07924,1000000,2250000
2019-09-12 14:32:00.796000,1.07926,1.07924,1000000,1250000
2019-09-12 14:32:00.847000,1.07928,1.07925,3190000,1370000
2019-09-12 14:32:02.081000,1.0793,1.07928,1200000,1870000
2019-09-12 14:32:02.182000,1.07932,1.07929,1690000,1120000
2019-09-12 14:32:02.352000,1.07933,1.07929,2810000,2060000
2019-09-12 14:32:03.054000,1.0793,1.07928,1250000,3370000
2019-09-12 14:32:03.105000,1.07931,1.07928,2250000,2370000
2019-09-12 14:32:03.207000,1.07932,1.07929,1120000,1690000
2019-09-12 14:32:03.409000,1.07933,1.07929,2810000,2870000
2019-09-12 14:32:03.714000,1.07934,1.07932,2510000,1000000
2019-09-12 14:32:03.815000,1.07937,1.07934,2750000,2440000
2019-09-12 14:32:03.967000,1.07937,1.07934,3560000,1500000
2019-09-12 14:32:04.174000,1.07937,1.07934,4450000,1000000
2019-09-12 14:32:04.275000,1.07934,1.07931,1690000,2250000
2019-09-12 14:32:04.377000,1.07932,1.0793,2560000,1250000
2019-09-12 14:32:04.428000,1.0793,1.07929,1120000,1250000
2019-09-12 14:32:04.479000,1.07927,1.07926,1000000,2620000
2019-09-12 14:32:04.530000,1.07926,1.07924,1000000,1000000
2019-09-12 14:32:04.667000,1.07928,1.07925,4810000,1250000
2019-09-12 14:32:04.768000,1.07928,1.07926,3560000,1000000
2019-09-12 14:32:04.888000,1.07927,1.07925,1250000,1000000
2019-09-12 14:32:04.990000,1.07928,1.07925,3560000,1070000
2019-09-12 14:32:05.042000,1.07926,1.07924,1000000,1370000
2019-09-12 14:32:05.684000,1.07926,1.07924,1250000,1000000
2019-09-12 14:32:06.451000,1.07927,1.07924,2700000,1000000
2019-09-12 14:32:06.891000,1.07928,1.07924,2700000,2060000
2019-09-12 14:32:06.993000,1.07928,1.07925,1250000,2810000
2019-09-12 14:32:07.094000,1.07928,1.07925,1000000,2870000
2019-09-12 14:32:07.195000,1.07928,1.07925,1000000,2870000
2019-09-12 14:32:07.246000,1.07928,1.07925,1750000,1120000
2019-09-12 14:32:07.377000,1.07928,1.07924,2620000,1310000
2019-09-12 14:32:07.757000,1.07929,1.07925,4890000,3250000
2019-09-12 14:32:07.866000,1.07929,1.07927,1100000,1500000
2019-09-12 14:32:07.967000,1.07931,1.07929,2370000,1500000
2019-09-12 14:32:08.172000,1.07928,1.07926,1310000,1620000
2019-09-12 14:32:08.223000,1.07928,1.07925,3370000,1500000
2019-09-12 14:32:08.637000,1.07927,1.07924,1690000,1310000
2019-09-12 14:32:08.872000,1.07927,1.07924,2190000,1310000
2019-09-12 14:32:10.782000,1.07928,1.07926,1620000,1250000
2019-09-12 14:32:10.833000,1.07929,1.07927,1200000,1250000
2019-09-12 14:32:10.934000,1.0793,1.07928,1100000,1310000
2019-09-12 14:32:10.985000,1.07929,1.07927,1250000,1690000
2019-09-12 14:32:11.036000,1.07929,1.07926,3370000,1000000
2019-09-12 14:32:11.341000,1.07928,1.07926,1050000,1000000
2019-09-12 14:32:11.493000,1.07928,1.07926,2470000,1000000
2019-09-12 14:32:11.594000,1.07927,1.07925,2620000,1000000
2019-09-12 14:32:11.696000,1.07927,1.07924,3000000,1500000
2019-09-12 14:32:11.911000,1.07929,1.07927,4540000,1250000
2019-09-12 14:32:12.013000,1.07928,1.07926,1750000,1000000
2019-09-12 14:32:12.114000,1.07928,1.07924,1690000,1690000
2019-09-12 14:32:12.216000,1.07927,1.07924,2500000,1000000
2019-09-12 14:32:12.461000,1.07926,1.07924,1750000,1000000
2019-09-12 14:32:12.569000,1.07924,1.07922,1250000,2250000
2019-09-12 14:32:12.670000,1.07924,1.07922,1250000,2250000
2019-09-12 14:32:12.772000,1.07925,1.07922,4370000,2440000
2019-09-12 14:32:12.913000,1.07926,1.07923,1500000,2500000
2019-09-12 14:32:13.678000,1.07926,1.07923,2500000,2250000
2019-09-12 14:32:13.881000,1.07925,1.07922,4000000,1870000
2019-09-12 14:32:14.195000,1.07924,1.07922,2500000,1000000
2019-09-12 14:32:14.300000,1.07923,1.0792,2620000,1000000
2019-09-12 14:32:14.885000,1.07922,1.07919,1310000,2440000
2019-09-12 14:32:15.478000,1.07922,1.07919,3750000,1000000
2019-09-12 14:32:15.569000,1.07922,1.07919,2250000,2620000
2019-09-12 14:32:15.629000,1.07924,1.07921,2870000,1690000
2019-09-12 14:32:16.306000,1.07924,1.07921,1310000,1750000
2019-09-12 14:32:16.742000,1.07924,1.07921,2870000,1690000
2019-09-12 14:32:17.050000,1.07924,1.07921,1310000,2870000
2019-09-12 14:32:17.152000,1.07925,1.07922,3690000,1250000
2019-09-12 14:32:17.584000,1.07924,1.0792,2440000,3370000
2019-09-12 14:32:17.635000,1.07922,1.0792,1250000,1250000
2019-09-12 14:32:17.781000,1.07922,1.07918,2250000,3370000
2019-09-12 14:32:17.882000,1.07922,1.07918,3250000,4120000
2019-09-12 14:32:18.085000,1.07922,1.07918,2250000,2870000
2019-09-12 14:32:18.666000,1.07922,1.07918,2370000,2500000
2019-09-12 14:32:19.172000,1.07924,1.07922,2620000,1500000
2019-09-12 14:32:19.943000,1.07923,1.0792,1000000,1370000
2019-09-12 14:32:20.024000,1.07923,1.0792,1620000,1310000
2019-09-12 14:32:20.294000,1.07924,1.07921,2940000,1250000
2019-09-12 14:32:20.445000,1.07924,1.07921,1310000,3370000
2019-09-12 14:32:20.547000,1.07925,1.07923,1000000,1250000
2019-09-12 14:32:20.597000,1.07926,1.07923,1500000,2060000
2019-09-12 14:32:22.116000,1.07926,1.07923,1000000,2120000
2019-09-12 14:32:22.268000,1.07927,1.07925,1000000,1250000
2019-09-12 14:32:22.370000,1.07926,1.07925,1000000,1250000
2019-09-12 14:32:22.559000,1.07928,1.07926,1000000,1500000
2019-09-12 14:32:22.610000,1.07929,1.07927,1120000,1250000
2019-09-12 14:32:22.712000,1.07929,1.07926,1370000,1250000
2019-09-12 14:32:22.813000,1.07929,1.07926,1310000,1250000
2019-09-12 14:32:22.914000,1.07929,1.07926,1750000,1250000
2019-09-12 14:32:23.015000,1.07929,1.07927,1000000,1250000
2019-09-12 14:32:23.129000,1.07931,1.07929,1000000,1250000
2019-09-12 14:32:23.528000,1.07931,1.07929,1000000,1000000
2019-09-12 14:32:24.803000,1.07931,1.07928,1000000,2060000
2019-09-12 14:32:25.092000,1.07932,1.07929,1500000,1370000
2019-09-12 14:32:26.084000,1.07931,1.07929,1000000,1370000
2019-09-12 14:32:26.185000,1.07931,1.07929,1000000,1310000
2019-09-12 14:32:26.647000,1.07931,1.07929,1000000,1370000
2019-09-12 14:32:27.452000,1.07932,1.07929,1000000,2120000
2019-09-12 14:32:27.553000,1.07934,1.0793,4310000,2500000
2019-09-12 14:32:27.874000,1.07934,1.0793,2810000,1250000
2019-09-12 14:32:28.025000,1.07934,1.0793,3620000,1250000
2019-09-12 14:32:28.414000,1.07932,1.07929,1000000,3310000
2019-09-12 14:32:28.632000,1.07933,1.0793,1500000,1250000
2019-09-12 14:32:28.733000,1.07933,1.0793,1870000,2370000
2019-09-12 14:32:28.935000,1.07933,1.07931,1000000,2060000
2019-09-12 14:32:28.986000,1.07935,1.07932,1120000,1250000
2019-09-12 14:32:29.175000,1.07935,1.07931,4870000,1000000
2019-09-12 14:32:29.678000,1.07933,1.0793,1250000,3000000
2019-09-12 14:32:29.830000,1.07932,1.0793,1000000,2370000
2019-09-12 14:32:30.218000,1.07932,1.0793,1000000,1000000
2019-09-12 14:32:30.319000,1.07932,1.07929,1250000,1120000
2019-09-12 14:32:30.624000,1.07933,1.07929,3370000,1500000
2019-09-12 14:32:30.725000,1.07931,1.07929,1000000,1000000
2019-09-12 14:32:30.978000,1.0793,1.07928,1000000,2250000
2019-09-12 14:32:31.081000,1.07928,1.07927,1250000,1120000
2019-09-12 14:32:31.335000,1.07928,1.07925,1870000,1620000
2019-09-12 14:32:31.640000,1.07928,1.07924,3370000,2940000
2019-09-12 14:32:31.792000,1.07928,1.07925,1310000,1310000
2019-09-12 14:32:31.943000,1.07928,1.07925,1310000,2190000
2019-09-12 14:32:32.694000,1.07928,1.07925,1120000,3750000
2019-09-12 14:32:32.796000,1.07929,1.07925,1000000,4120000
2019-09-12 14:32:33.129000,1.07928,1.07925,1250000,1810000
2019-09-12 14:32:33.586000,1.07928,1.07924,2440000,2560000
2019-09-12 14:32:33.838000,1.07927,1.07924,1000000,1250000
2019-09-12 14:32:34.179000,1.07928,1.07926,1000000,1370000
2019-09-12 14:32:35.216000,1.07929,1.07926,3190000,1370000
2019-09-12 14:32:35.922000,1.07929,1.07926,4060000,1370000
2019-09-12 14:32:36.132000,1.07928,1.07925,2620000,1620000
2019-09-12 14:32:36.233000,1.07927,1.07925,1000000,1000000
2019-09-12 14:32:36.642000,1.07927,1.07924,1500000,1810000
2019-09-12 14:32:37.134000,1.07928,1.07925,2250000,2620000
2019-09-12 14:32:37.652000,1.07929,1.07926,1500000,1310000
2019-09-12 14:32:37.755000,1.07932,1.07931,1570000,1000000
2019-09-12 14:32:37.806000,1.07937,1.07933,10200000,4500000
2019-09-12 14:32:38.068000,1.07937,1.07934,1690000,1310000
2019-09-12 14:32:38.170000,1.07938,1.07934,2190000,2940000
2019-09-12 14:32:38.373000,1.07938,1.07935,1500000,1370000
2019-09-12 14:32:38.590000,1.07938,1.07935,1500000,1310000
2019-09-12 14:32:39.054000,1.07938,1.07935,1000000,1370000
2019-09-12 14:32:39.391000,1.07938,1.07935,1620000,1310000
2019-09-12 14:32:39.492000,1.07938,1.07935,1620000,1370000
2019-09-12 14:32:39.593000,1.07938,1.07935,1620000,1310000
2019-09-12 14:32:40.249000,1.07938,1.07935,1000000,2500000
2019-09-12 14:32:40.997000,1.07939,1.07936,1690000,1750000
2019-09-12 14:32:41.339000,1.07939,1.07935,3370000,1250000
2019-09-12 14:32:41.491000,1.07938,1.07935,1000000,2870000
2019-09-12 14:32:42.490000,1.07939,1.07936,2440000,1370000
2019-09-12 14:32:42.983000,1.0794,1.07936,1690000,4060000
2019-09-12 14:32:43.085000,1.07939,1.07936,1250000,1120000
2019-09-12 14:32:43.186000,1.07938,1.07935,1000000,1810000
2019-09-12 14:32:43.442000,1.07937,1.07934,1000000,2370000
2019-09-12 14:32:44.544000,1.07938,1.07934,1620000,3000000
2019-09-12 14:32:45.127000,1.07939,1.07936,1250000,1370000
2019-09-12 14:32:46.089000,1.0794,1.07936,3750000,2120000
2019-09-12 14:32:46.715000,1.07939,1.07936,2940000,1370000
2019-09-12 14:32:48.128000,1.07939,1.07936,1690000,1370000
2019-09-12 14:32:50.277000,1.07941,1.0794,3750000,1690000
2019-09-12 14:32:50.327000,1.07942,1.0794,1000000,1750000
2019-09-12 14:32:50.580000,1.07942,1.0794,1690000,1000000
2019-09-12 14:32:50.681000,1.07942,1.0794,1250000,1000000
2019-09-12 14:32:51.029000,1.0794,1.07938,1750000,1000000
2019-09-12 14:32:51.130000,1.07938,1.07937,1000000,1120000
2019-09-12 14:32:51.231000,1.07939,1.07936,1750000,1620000
2019-09-12 14:32:51.826000,1.0794,1.07937,1690000,2060000
2019-09-12 14:32:51.876000,1.07939,1.07937,1250000,2250000
2019-09-12 14:32:51.978000,1.07939,1.07936,1750000,2560000
2019-09-12 14:32:52.286000,1.0794,1.07937,1870000,1250000
2019-09-12 14:32:52.737000,1.0794,1.07936,3500000,1810000
2019-09-12 14:32:52.838000,1.07939,1.07936,1370000,1690000
2019-09-12 14:32:55.889000,1.07938,1.07935,1370000,2940000
2019-09-12 14:32:55.940000,1.07935,1.07934,1500000,1120000
2019-09-12 14:32:55.990000,1.07934,1.07932,2500000,1500000
2019-09-12 14:32:56.041000,1.07934,1.0793,3370000,3750000
2019-09-12 14:32:56.400000,1.07934,1.07932,2750000,1000000
2019-09-12 14:32:56.451000,1.07937,1.07933,3450000,4370000
2019-09-12 14:32:56.604000,1.07937,1.07933,2250000,4750000
2019-09-12 14:32:57.158000,1.07937,1.07934,1500000,1250000
2019-09-12 14:32:57.260000,1.07938,1.07935,1500000,1750000
2019-09-12 14:32:57.410000,1.07939,1.07935,2810000,2940000
2019-09-12 14:32:57.511000,1.07939,1.07935,3120000,1750000
2019-09-12 14:32:57.663000,1.07939,1.07935,3120000,1750000
2019-09-12 14:32:57.764000,1.07939,1.07935,3310000,1690000
2019-09-12 14:32:58.362000,1.07939,1.07935,3370000,2250000
2019-09-12 14:32:58.828000,1.07941,1.07939,5700000,1250000
2019-09-12 14:32:58.934000,1.07941,1.07939,4570000,2120000
2019-09-12 14:32:58.986000,1.07943,1.07939,2250000,4500000
2019-09-12 14:32:59.088000,1.07944,1.07941,4690000,1250000
2019-09-12 14:32:59.190000,1.07944,1.07942,3940000,1250000
2019-09-12 14:33:00.332000,1.07944,1.07941,7710000,1310000
2019-09-12 14:33:00.636000,1.07944,1.07941,5810000,1370000
2019-09-12 14:33:01.488000,1.07945,1.07943,3750000,1250000
2019-09-12 14:33:01.639000,1.07945,1.07943,1250000,1000000
2019-09-12 14:33:01.741000,1.07946,1.07943,2060000,1250000
2019-09-12 14:33:04.087000,1.07948,1.07944,4910000,3620000
2019-09-12 14:33:05.043000,1.07945,1.07943,1870000,1620000
2019-09-12 14:33:05.094000,1.07945,1.07942,1870000,1690000
2019-09-12 14:33:05.246000,1.07945,1.07941,3560000,2810000
2019-09-12 14:33:05.348000,1.07944,1.07941,1000000,2810000
2019-09-12 14:33:05.450000,1.07944,1.07941,3310000,1370000
2019-09-12 14:33:05.652000,1.07942,1.0794,3000000,1120000
2019-09-12 14:33:06.180000,1.07942,1.07939,1250000,1690000
2019-09-12 14:33:07.143000,1.07942,1.07939,1870000,1250000
2019-09-12 14:33:07.294000,1.07942,1.07939,1310000,1250000
2019-09-12 14:33:07.545000,1.07943,1.07939,3500000,2500000
2019-09-12 14:33:07.886000,1.07943,1.07939,3690000,3250000
2019-09-12 14:33:08.245000,1.07943,1.07939,3500000,3250000
2019-09-12 14:33:08.447000,1.07942,1.07939,1000000,2870000
2019-09-12 14:33:09.140000,1.07943,1.07939,1120000,4000000
2019-09-12 14:33:09.292000,1.07943,1.0794,1000000,3620000
2019-09-12 14:33:09.393000,1.07944,1.07941,1000000,2120000
2019-09-12 14:33:09.494000,1.07944,1.07941,1000000,1310000
2019-09-12 14:33:10.369000,1.07944,1.07941,1000000,2120000
2019-09-12 14:33:10.522000,1.07944,1.0794,1120000,6000000
2019-09-12 14:33:10.850000,1.07944,1.07942,1000000,1750000
2019-09-12 14:33:10.951000,1.07945,1.07942,1500000,2620000
2019-09-12 14:33:11.052000,1.07945,1.07942,1500000,4500000
2019-09-12 14:33:11.575000,1.07946,1.07943,1000000,1370000
2019-09-12 14:33:12.799000,1.07947,1.07946,1870000,1250000
2019-09-12 14:33:12.903000,1.07948,1.07946,1870000,1250000
2019-09-12 14:33:12.954000,1.07949,1.07946,1000000,3000000
2019-09-12 14:33:13.055000,1.0795,1.07947,3370000,1250000
2019-09-12 14:33:13.725000,1.0795,1.07947,1870000,1690000
2019-09-12 14:33:13.827000,1.07949,1.07947,1000000,1250000
2019-09-12 14:33:15.693000,1.07949,1.07946,1000000,4120000
2019-09-12 14:33:17.083000,1.07949,1.07946,1000000,2620000
2019-09-12 14:33:17.943000,1.07949,1.07946,2250000,1310000
2019-09-12 14:33:18.882000,1.07947,1.07945,2250000,1690000
2019-09-12 14:33:18.983000,1.07946,1.07944,1000000,1370000
2019-09-12 14:33:19.363000,1.07945,1.07942,2250000,1690000
2019-09-12 14:33:19.474000,1.07944,1.07941,1500000,1690000
2019-09-12 14:33:19.676000,1.07944,1.07941,1500000,2500000
2019-09-12 14:33:20.266000,1.07945,1.07942,1500000,1870000
2019-09-12 14:33:20.367000,1.07945,1.07942,1000000,3750000
2019-09-12 14:33:21.426000,1.07944,1.07942,1000000,1750000
2019-09-12 14:33:21.484000,1.07944,1.07941,1500000,1250000
2019-09-12 14:33:22.040000,1.07943,1.0794,2620000,4370000
2019-09-12 14:33:22.142000,1.07943,1.07941,2250000,1250000
2019-09-12 14:33:22.481000,1.07942,1.0794,1120000,1120000
2019-09-12 14:33:22.683000,1.07941,1.07939,1000000,4880000
2019-09-12 14:33:22.864000,1.07942,1.07939,2810000,1250000
2019-09-12 14:33:23.270000,1.07941,1.07939,1000000,3190000
2019-09-12 14:33:23.371000,1.07942,1.07939,1310000,3190000
2019-09-12 14:33:23.473000,1.0794,1.07937,2060000,2940000
2019-09-12 14:33:23.589000,1.07939,1.07937,1250000,1250000
2019-09-12 14:33:24.318000,1.07939,1.07938,1500000,1000000
2019-09-12 14:33:24.652000,1.0794,1.07938,2620000,1250000
2019-09-12 14:33:24.856000,1.07939,1.07936,1690000,1690000
2019-09-12 14:33:24.957000,1.07938,1.07935,2440000,2620000
2019-09-12 14:33:25.058000,1.07937,1.07935,1000000,1310000
2019-09-12 14:33:25.262000,1.07937,1.07934,1000000,3370000
2019-09-12 14:33:25.754000,1.07937,1.07934,1500000,2620000
2019-09-12 14:33:25.885000,1.07934,1.07933,1690000,1690000
2019-09-12 14:33:25.988000,1.07932,1.07931,1000000,1250000
2019-09-12 14:33:26.089000,1.07932,1.0793,1120000,1250000
2019-09-12 14:33:26.139000,1.07932,1.07929,2870000,1690000
2019-09-12 14:33:26.241000,1.0793,1.07927,1120000,4570000
2019-09-12 14:33:26.438000,1.07931,1.07927,2250000,5440000
2019-09-12 14:33:26.590000,1.07931,1.07927,2370000,5440000
2019-09-12 14:33:26.995000,1.0793,1.07927,2500000,3750000
2019-09-12 14:33:27.110000,1.07928,1.07926,2190000,1130000
2019-09-12 14:33:27.211000,1.07928,1.07925,2060000,4750000
2019-09-12 14:33:27.993000,1.07928,1.07925,1500000,3250000
2019-09-12 14:33:28.694000,1.0793,1.07928,1950000,1370000
2019-09-12 14:33:28.747000,1.07932,1.0793,2370000,1310000
2019-09-12 14:33:28.798000,1.07933,1.0793,2620000,3250000
2019-09-12 14:33:28.849000,1.07933,1.07929,1690000,4120000
2019-09-12 14:33:28.950000,1.07932,1.07929,1000000,2620000
2019-09-12 14:33:29.260000,1.07931,1.07928,1000000,2620000
2019-09-12 14:33:29.462000,1.0793,1.07928,1000000,2120000
2019-09-12 14:33:29.563000,1.07931,1.07928,1000000,2120000
2019-09-12 14:33:29.698000,1.07932,1.07928,1500000,2120000
2019-09-12 14:33:30.790000,1.07932,1.07928,1500000,2120000
2019-09-12 14:33:31.179000,1.07931,1.07928,1000000,1370000
2019-09-12 14:33:32.462000,1.07931,1.07928,2250000,1250000
2019-09-12 14:33:32.564000,1.0793,1.07928,1000000,1750000
2019-09-12 14:33:33.445000,1.07931,1.07928,1120000,1750000
2019-09-12 14:33:33.815000,1.07928,1.07927,1690000,1000000
2019-09-12 14:33:33.916000,1.07927,1.07925,1000000,1250000
2019-09-12 14:33:34.068000,1.07927,1.07925,1000000,1250000
2019-09-12 14:33:34.220000,1.07927,1.07925,1000000,1250000
2019-09-12 14:33:34.698000,1.07926,1.07924,1000000,2440000
2019-09-12 14:33:35.312000,1.07925,1.07922,2440000,3130000
2019-09-12 14:33:35.362000,1.07924,1.07922,1750000,1130000
2019-09-12 14:33:35.514000,1.07925,1.07922,2250000,1250000
2019-09-12 14:33:36.264000,1.07925,1.07923,1000000,1250000
2019-09-12 14:33:36.574000,1.07926,1.07923,1870000,1750000
2019-09-12 14:33:36.739000,1.07927,1.07924,2620000,1250000
2019-09-12 14:33:36.942000,1.07927,1.07924,2620000,1250000
2019-09-12 14:33:37.528000,1.07929,1.07926,4200000,1250000
2019-09-12 14:33:37.580000,1.0793,1.07927,1500000,3250000
2019-09-12 14:33:37.682000,1.07931,1.07928,2250000,2120000
2019-09-12 14:33:38.575000,1.07931,1.07928,1870000,1370000
2019-09-12 14:33:38.785000,1.07931,1.07928,1870000,2120000
2019-09-12 14:33:38.886000,1.07931,1.07928,1870000,1370000
2019-09-12 14:33:39.362000,1.07931,1.07929,1120000,1250000
2019-09-12 14:33:39.588000,1.07933,1.07931,1870000,1250000
2019-09-12 14:33:40.147000,1.07933,1.07931,1690000,1250000
2019-09-12 14:33:40.811000,1.07932,1.0793,1000000,2190000
2019-09-12 14:33:40.912000,1.07932,1.07929,1120000,3000000
2019-09-12 14:33:41.014000,1.07932,1.07929,2120000,1500000
2019-09-12 14:33:41.583000,1.07931,1.07928,1250000,2940000
2019-09-12 14:33:41.849000,1.07931,1.07928,1250000,2810000
2019-09-12 14:33:42.204000,1.07931,1.07928,1000000,2870000
2019-09-12 14:33:42.356000,1.07931,1.07928,1250000,2810000
2019-09-12 14:33:42.457000,1.07932,1.07928,2810000,2870000
2019-09-12 14:33:42.631000,1.07932,1.07928,4370000,2810000
2019-09-12 14:33:42.934000,1.07931,1.07928,1000000,2120000
2019-09-12 14:33:43.036000,1.07932,1.07928,2060000,2120000
2019-09-12 14:33:44.229000,1.07932,1.07928,2250000,4370000
2019-09-12 14:33:44.367000,1.07932,1.07929,1500000,1250000
2019-09-12 14:33:44.620000,1.07933,1.07931,1000000,1250000
2019-09-12 14:33:44.722000,1.07935,1.07931,4870000,1370000
2019-09-12 14:33:44.873000,1.07933,1.0793,1000000,4000000
2019-09-12 14:33:45.038000,1.07932,1.0793,1000000,1120000
2019-09-12 14:33:46.105000,1.07932,1.07929,1620000,1750000
2019-09-12 14:33:46.206000,1.07932,1.07929,2060000,1750000
2019-09-12 14:33:46.308000,1.07931,1.07928,3250000,1810000
2019-09-12 14:33:46.692000,1.0793,1.07928,2060000,1250000
2019-09-12 14:33:46.995000,1.07929,1.07926,2440000,2870000
2019-09-12 14:33:47.127000,1.07929,1.07926,3940000,1310000
2019-09-12 14:33:47.228000,1.07929,1.07927,1000000,1250000
2019-09-12 14:33:47.508000,1.0793,1.07927,2810000,1750000
2019-09-12 14:33:47.795000,1.0793,1.07927,4440000,1250000
2019-09-12 14:33:47.845000,1.07929,1.07926,1310000,2060000
2019-09-12 14:33:47.954000,1.07928,1.07925,1310000,1750000
2019-09-12 14:33:48.056000,1.07929,1.07926,2750000,1750000
2019-09-12 14:33:48.720000,1.07928,1.07925,1120000,2870000
2019-09-12 14:33:49.320000,1.07928,1.07925,1690000,1310000
2019-09-12 14:33:50.417000,1.07928,1.07924,1500000,4120000
2019-09-12 14:33:50.973000,1.07928,1.07924,3190000,4120000
2019-09-12 14:33:51.074000,1.07928,1.07924,1500000,4870000
2019-09-12 14:33:51.125000,1.07929,1.07926,1870000,2500000
2019-09-12 14:33:51.226000,1.07929,1.07926,3370000,1750000
2019-09-12 14:33:51.461000,1.07929,1.07926,3000000,2500000
2019-09-12 14:33:51.613000,1.07928,1.07926,2440000,1000000
2019-09-12 14:33:51.714000,1.07928,1.07924,3250000,2560000
2019-09-12 14:33:51.815000,1.07928,1.07924,4370000,2060000
2019-09-12 14:33:52.088000,1.07927,1.07923,2870000,3310000
2019-09-12 14:33:52.189000,1.07927,1.07923,2810000,3370000
2019-09-12 14:33:52.290000,1.07927,1.07923,2870000,3310000
2019-09-12 14:33:53.927000,1.07927,1.07924,2440000,1250000
2019-09-12 14:33:54.892000,1.07926,1.07923,1250000,2940000
2019-09-12 14:33:55.729000,1.07925,1.07922,1250000,4120000
2019-09-12 14:33:55.830000,1.07922,1.07921,1500000,1500000
2019-09-12 14:33:55.881000,1.07921,1.07918,6560000,2810000
2019-09-12 14:33:56.045000,1.07921,1.07918,1000000,1250000
2019-09-12 14:33:56.146000,1.07921,1.07918,1000000,4500000
2019-09-12 14:33:56.249000,1.07923,1.0792,1500000,2120000
2019-09-12 14:33:56.300000,1.07923,1.0792,1310000,1690000
2019-09-12 14:33:56.402000,1.07923,1.0792,1120000,1750000
2019-09-12 14:33:56.558000,1.07925,1.07922,2060000,2440000
2019-09-12 14:33:56.659000,1.07925,1.07921,4370000,2120000
2019-09-12 14:33:57.475000,1.07925,1.07921,3620000,3070000
2019-09-12 14:33:57.577000,1.07927,1.07925,2320000,1370000
2019-09-12 14:33:57.628000,1.07927,1.07924,4010000,2440000
2019-09-12 14:33:57.729000,1.07926,1.07924,1310000,1000000
2019-09-12 14:33:58.534000,1.07926,1.07923,1310000,1460000
2019-09-12 14:33:58.635000,1.07926,1.07923,1120000,1520000
2019-09-12 14:33:59.594000,1.07926,1.07923,1310000,1090000
2019-09-12 14:33:59.948000,1.07926,1.07922,3310000,2820000
2019-09-12 14:34:00.106000,1.07924,1.07921,2250000,2820000
2019-09-12 14:34:00.257000,1.07926,1.07922,3310000,3370000
2019-09-12 14:34:00.622000,1.07926,1.07922,3500000,3370000
2019-09-12 14:34:00.889000,1.07923,1.07922,1000000,1310000
2019-09-12 14:34:01.133000,1.07923,1.07921,1000000,4310000
2019-09-12 14:34:01.235000,1.07924,1.07921,1000000,4560000
2019-09-12 14:34:01.483000,1.07925,1.07922,1120000,1940000
2019-09-12 14:34:02.055000,1.07925,1.07922,2000000,2690000
2019-09-12 14:34:02.393000,1.07923,1.07922,1000000,1310000
2019-09-12 14:34:02.494000,1.07923,1.07921,2560000,1250000
2019-09-12 14:34:02.627000,1.07922,1.0792,1310000,1000000
2019-09-12 14:34:02.831000,1.07921,1.0792,1500000,1000000
2019-09-12 14:34:02.932000,1.07921,1.07917,1000000,3000000
2019-09-12 14:34:03.860000,1.07921,1.07918,1690000,1310000
2019-09-12 14:34:03.961000,1.0792,1.07917,1000000,1120000
2019-09-12 14:34:04.937000,1.0792,1.07917,1690000,1750000
2019-09-12 14:34:05.678000,1.0792,1.07917,1000000,1750000
2019-09-12 14:34:05.793000,1.07921,1.07919,1250000,1000000
2019-09-12 14:34:05.894000,1.07924,1.07921,2870000,1310000
2019-09-12 14:34:06.439000,1.07921,1.07919,1750000,1000000
2019-09-12 14:34:06.511000,1.07919,1.07917,1250000,1570000
2019-09-12 14:34:06.612000,1.0792,1.07917,10690000,1310000
2019-09-12 14:34:06.714000,1.0792,1.07916,1870000,3750000
2019-09-12 14:34:07.053000,1.0792,1.07916,1870000,3690000
2019-09-12 14:34:07.233000,1.07917,1.07916,1690000,1000000
2019-09-12 14:34:07.284000,1.07918,1.07914,4500000,2440000
2019-09-12 14:34:07.446000,1.07919,1.07916,1120000,2500000
2019-09-12 14:34:08.109000,1.07918,1.07916,2500000,1500000
2019-09-12 14:34:08.210000,1.07918,1.07915,2190000,1690000
2019-09-12 14:34:08.312000,1.07918,1.07914,2000000,3250000
2019-09-12 14:34:08.447000,1.07918,1.07914,2190000,3250000
2019-09-12 14:34:09.379000,1.07919,1.07917,1570000,1250000
2019-09-12 14:34:09.483000,1.07919,1.07916,2200000,4060000
2019-09-12 14:34:09.686000,1.07918,1.07915,1250000,1690000
2019-09-12 14:34:10.484000,1.07917,1.07913,1870000,2250000
2019-09-12 14:34:10.585000,1.07917,1.07915,1120000,1750000
2019-09-12 14:34:10.709000,1.07917,1.07915,1120000,1690000
2019-09-12 14:34:10.810000,1.07917,1.07914,1000000,2810000
2019-09-12 14:34:11.438000,1.07916,1.07913,1000000,2560000
2019-09-12 14:34:11.539000,1.07916,1.07913,1250000,1310000
2019-09-12 14:34:11.640000,1.07915,1.07912,1000000,1870000
2019-09-12 14:34:11.741000,1.07916,1.07912,1500000,2620000
2019-09-12 14:34:12.075000,1.07914,1.07911,1250000,4620000
2019-09-12 14:34:13.032000,1.07914,1.07911,1690000,1500000
2019-09-12 14:34:13.786000,1.07915,1.07911,5870000,1750000
2019-09-12 14:34:13.887000,1.07913,1.07911,1250000,2440000
2019-09-12 14:34:14.047000,1.07913,1.07911,1250000,1810000
2019-09-12 14:34:14.148000,1.07915,1.07911,4870000,3370000
2019-09-12 14:34:14.329000,1.07913,1.07911,1250000,3310000
2019-09-12 14:34:14.481000,1.07914,1.07911,2250000,1250000
2019-09-12 14:34:14.748000,1.07915,1.07913,2620000,1500000
2019-09-12 14:34:14.849000,1.07916,1.07914,1000000,1750000
2019-09-12 14:34:14.950000,1.07916,1.07913,1000000,1370000
