time,ask,bid,ask_volume,bid_volume
2018-06-01 13:55:00.094000,1.09671,1.09668,2060000,1300000
2018-06-01 13:55:00.396000,1.09669,1.09666,2060000,1300000
2018-06-01 13:55:01.576000,1.0967,1.09666,5060000,1870000
2018-06-01 13:55:02.098000,1.0967,1.09667,5060000,1000000
2018-06-01 13:55:03.767000,1.09671,1.0967,1570000,1000000
2018-06-01 13:55:03.937000,1.09673,1.0967,2510000,1000000
2018-06-01 13:55:04.460000,1.09672,1.09669,1000000,1500000
2018-06-01 13:55:04.952000,1.0967,1.09669,1000000,1000000
2018-06-01 13:55:05.006000,1.0967,1.09667,3560000,1950000
2018-06-01 13:55:05.718000,1.0967,1.09669,2620000,1000000
2018-06-01 13:55:06.230000,1.09671,1.09669,1310000,1300000
2018-06-01 13:55:06.618000,1.09674,1.09671,3640000,1000000
2018-06-01 13:55:07.135000,1.09674,1.09671,2440000,1000000
2018-06-01 13:55:07.812000,1.09675,1.09672,4390000,1000000
2018-06-01 13:55:08.063000,1.09676,1.09672,6260000,1000000
2018-06-01 13:55:08.628000,1.09676,1.09673,2620000,1300000
2018-06-01 13:55:08.736000,1.09678,1.09675,1070000,2510000
2018-06-01 13:55:08.842000,1.09679,1.09675,3190000,2510000
2018-06-01 13:55:08.896000,1.0968,1.09677,4010000,1000000
2018-06-01 13:55:09.473000,1.0968,1.09677,1310000,1000000
2018-06-01 13:55:09.979000,1.09681,1.09677,4690000,2620000
2018-06-01 13:55:10.291000,1.09677,1.09675,2060000,1950000
2018-06-01 13:55:10.823000,1.09678,1.09675,2810000,1000000
2018-06-01 13:55:11.166000,1.09676,1.09673,3190000,1500000
2018-06-01 13:55:11.269000,1.09676,1.09672,5440000,3070000
2018-06-01 13:55:11.772000,1.09675,1.09673,2060000,1000000
2018-06-01 13:55:14.752000,1.09675,1.09672,2060000,1420000
2018-06-01 13:55:15.276000,1.09675,1.09673,1000000,1050000
2018-06-01 13:55:15.662000,1.09678,1.09676,1100000,1000000
2018-06-01 13:55:15.818000,1.09681,1.09678,4760000,1000000
2018-06-01 13:55:17.044000,1.09681,1.09679,1500000,1120000
2018-06-01 13:55:17.584000,1.09682,1.09679,3750000,1120000
2018-06-01 13:55:18.121000,1.09682,1.09678,5810000,2550000
2018-06-01 13:55:18.639000,1.09682,1.09678,4690000,2550000
2018-06-01 13:55:19.191000,1.09682,1.09679,5810000,1120000
2018-06-01 13:55:20.515000,1.09682,1.09678,5810000,3000000
2018-06-01 13:55:21.054000,1.09681,1.09678,1250000,1500000
2018-06-01 13:55:22.857000,1.09681,1.09678,1250000,1000000
2018-06-01 13:55:22.909000,1.0968,1.09677,1190000,2920000
2018-06-01 13:55:23.422000,1.0968,1.09676,1690000,4120000
2018-06-01 13:55:24.659000,1.0968,1.09677,1690000,1120000
2018-06-01 13:55:29.276000,1.09678,1.09676,1250000,1120000
2018-06-01 13:55:29.589000,1.0968,1.09677,2440000,1500000
2018-06-01 13:55:33.768000,1.09681,1.09677,3000000,6560000
2018-06-01 13:55:35.212000,1.09681,1.09678,2250000,1370000
2018-06-01 13:55:39.854000,1.09681,1.0968,2250000,1000000
2018-06-01 13:55:43.188000,1.0968,1.09678,1250000,2550000
2018-06-01 13:55:43.502000,1.09685,1.09683,1250000,1000000
2018-06-01 13:55:44.042000,1.09685,1.09683,1250000,1870000
2018-06-01 13:55:45.200000,1.09687,1.09685,2620000,1120000
2018-06-01 13:55:45.903000,1.09685,1.09684,1000000,1000000
2018-06-01 13:55:51.482000,1.09685,1.09683,1000000,1500000
2018-06-01 13:55:52,1.09685,1.09683,1000000,1500000
2018-06-01 13:55:57.790000,1.09685,1.09683,1250000,1000000
2018-06-01 13:55:58.316000,1.09685,1.09682,1500000,1870000
2018-06-01 13:55:58.679000,1.09686,1.09683,1000000,3000000
2018-06-01 13:56:00.274000,1.09687,1.09684,3000000,1870000
2018-06-01 13:56:00.797000,1.09687,1.09684,1000000,2250000
2018-06-01 13:56:01.305000,1.09686,1.09683,1000000,3000000
2018-06-01 13:56:01.620000,1.09681,1.09679,1690000,1000000
2018-06-01 13:56:01.832000,1.0968,1.09677,1250000,2250000
2018-06-01 13:56:06.750000,1.09681,1.09678,3750000,1120000
2018-06-01 13:56:06.804000,1.09681,1.09679,1000000,1500000
2018-06-01 13:56:06.910000,1.09684,1.09682,1570000,1120000
2018-06-01 13:56:07.448000,1.09685,1.09682,1000000,5250000
2018-06-01 13:56:07.990000,1.09686,1.09683,1500000,1420000
2018-06-01 13:56:09.673000,1.09687,1.09684,4120000,1050000
2018-06-01 13:56:11.126000,1.09686,1.09683,1000000,2170000
2018-06-01 13:56:11.378000,1.09686,1.09683,1690000,2620000
2018-06-01 13:56:11.909000,1.09685,1.09682,1190000,1800000
2018-06-01 13:56:12.260000,1.09694,1.0969,2890000,1690000
2018-06-01 13:56:12.790000,1.09694,1.0969,4690000,4760000
2018-06-01 13:56:13.404000,1.09695,1.09694,1000000,1500000
2018-06-01 13:56:13.712000,1.09697,1.09694,1500000,1120000
2018-06-01 13:56:15.121000,1.09694,1.09691,1250000,2700000
2018-06-01 13:56:15.173000,1.09694,1.09692,2440000,1100000
2018-06-01 13:56:15.718000,1.09694,1.09691,2440000,1870000
2018-06-01 13:56:17.309000,1.09693,1.0969,1000000,7010000
2018-06-01 13:56:17.360000,1.09694,1.09692,3190000,1000000
2018-06-01 13:56:17.569000,1.09701,1.09698,4010000,1000000
2018-06-01 13:56:17.621000,1.09701,1.097,3000000,5620000
2018-06-01 13:56:18.066000,1.09701,1.09698,1500000,1200000
2018-06-01 13:56:18.170000,1.097,1.09697,3940000,2700000
2018-06-01 13:56:18.806000,1.09699,1.09696,1250000,4570000
2018-06-01 13:56:20.996000,1.097,1.09696,1870000,4950000
2018-06-01 13:56:21.531000,1.09699,1.09695,3190000,3340000
2018-06-01 13:56:22.297000,1.097,1.09698,1250000,1870000
2018-06-01 13:56:22.795000,1.09702,1.09699,1500000,1500000
2018-06-01 13:56:23.170000,1.09704,1.09701,2440000,1120000
2018-06-01 13:56:23.794000,1.09705,1.09702,2060000,1000000
2018-06-01 13:56:24.341000,1.09704,1.09701,1250000,1870000
2018-06-01 13:56:25.427000,1.09705,1.09701,6110000,1870000
2018-06-01 13:56:25.729000,1.09703,1.097,1250000,1500000
2018-06-01 13:56:26.279000,1.09702,1.09698,1690000,3450000
2018-06-01 13:56:26.435000,1.09701,1.09698,1000000,1570000
2018-06-01 13:56:27.328000,1.09699,1.09696,1000000,2620000
2018-06-01 13:56:27.436000,1.09698,1.09695,1000000,1200000
2018-06-01 13:56:27.950000,1.09698,1.09695,1000000,3450000
2018-06-01 13:56:29.942000,1.09699,1.09696,1000000,1870000
2018-06-01 13:56:34.020000,1.097,1.09696,6370000,3260000
2018-06-01 13:56:34.563000,1.09699,1.09696,1000000,4090000
2018-06-01 13:56:34.667000,1.09699,1.09697,1000000,3190000
2018-06-01 13:56:34.772000,1.09701,1.09697,2250000,4460000
2018-06-01 13:56:35.297000,1.09702,1.09698,2250000,2770000
2018-06-01 13:56:35.606000,1.097,1.09697,2250000,1650000
2018-06-01 13:56:36.118000,1.097,1.09697,3000000,1120000
2018-06-01 13:56:37.825000,1.09698,1.09695,1500000,2770000
2018-06-01 13:56:38.290000,1.09697,1.09694,1000000,2320000
2018-06-01 13:56:41.306000,1.09698,1.09695,2440000,1120000
2018-06-01 13:56:41.823000,1.09699,1.09695,2440000,4160000
2018-06-01 13:56:46.383000,1.09697,1.09695,3750000,1650000
2018-06-01 13:56:46.591000,1.09699,1.09695,3940000,2060000
2018-06-01 13:56:48.280000,1.09699,1.09695,2440000,4310000
2018-06-01 13:56:53.320000,1.09699,1.09697,1250000,1000000
2018-06-01 13:57:00.159000,1.09699,1.09696,1000000,1310000
2018-06-01 13:57:03.456000,1.09696,1.09694,2810000,1500000
2018-06-01 13:57:03.764000,1.09694,1.09692,1000000,1690000
2018-06-01 13:57:04.942000,1.09694,1.09691,3750000,3190000
2018-06-01 13:57:05.253000,1.09697,1.09695,1000000,1000000
2018-06-01 13:57:05.572000,1.09694,1.09691,2250000,3790000
2018-06-01 13:57:07.348000,1.09695,1.09692,1100000,1690000
2018-06-01 13:57:07.884000,1.09696,1.09693,1000000,1120000
2018-06-01 13:57:09.872000,1.09697,1.09693,3940000,1870000
2018-06-01 13:57:10.692000,1.09695,1.09692,1500000,3150000
2018-06-01 13:57:11.232000,1.09694,1.09691,4120000,2140000
2018-06-01 13:57:14.476000,1.09697,1.09693,3070000,1310000
2018-06-01 13:57:14.631000,1.09698,1.09694,2620000,2810000
2018-06-01 13:57:14.836000,1.09698,1.09696,1120000,1250000
2018-06-01 13:57:15.448000,1.09699,1.09696,1120000,1310000
2018-06-01 13:57:17.393000,1.09698,1.09696,1000000,1000000
2018-06-01 13:57:17.712000,1.09697,1.09693,1950000,4120000
2018-06-01 13:57:18.214000,1.09697,1.09694,1570000,1120000
2018-06-01 13:57:18.804000,1.09696,1.09693,1000000,3370000
2018-06-01 13:57:19.556000,1.09697,1.09694,1570000,1120000
2018-06-01 13:57:20.531000,1.09695,1.09693,1500000,1120000
2018-06-01 13:57:20.932000,1.09697,1.09694,5140000,1000000
2018-06-01 13:57:21.446000,1.09697,1.09694,3450000,1000000
2018-06-01 13:57:22.077000,1.09697,1.09694,1570000,1500000
2018-06-01 13:57:22.237000,1.09698,1.09696,1000000,1310000
2018-06-01 13:57:22.749000,1.09699,1.09695,3820000,4990000
2018-06-01 13:57:28.457000,1.09699,1.09698,1500000,1000000
2018-06-01 13:57:30.074000,1.09699,1.09697,1070000,1500000
2018-06-01 13:57:30.282000,1.09704,1.09702,1950000,1000000
2018-06-01 13:57:30.385000,1.09706,1.09704,3000000,1500000
2018-06-01 13:57:30.437000,1.09706,1.09702,11620000,4500000
2018-06-01 13:57:30.493000,1.09704,1.09703,1000000,1000000
2018-06-01 13:57:30.914000,1.09705,1.09702,1500000,1500000
2018-06-01 13:57:32.011000,1.09705,1.09701,2510000,2810000
2018-06-01 13:57:32.552000,1.09705,1.09701,1610000,2810000
2018-06-01 13:57:33.075000,1.09705,1.09702,1320000,1000000
2018-06-01 13:57:33.688000,1.09705,1.09702,4010000,1000000
2018-06-01 13:57:34.190000,1.09705,1.09701,2510000,2810000
2018-06-01 13:57:34.742000,1.09704,1.09701,1570000,1120000
2018-06-01 13:57:36.135000,1.09704,1.097,1200000,2250000
2018-06-01 13:57:36.649000,1.09704,1.097,1950000,2250000
2018-06-01 13:57:37.151000,1.09704,1.097,1200000,2250000
2018-06-01 13:57:38.549000,1.09703,1.09699,1570000,3000000
2018-06-01 13:57:38.737000,1.09701,1.09699,1000000,1120000
2018-06-01 13:57:39.238000,1.09701,1.09697,2320000,3190000
2018-06-01 13:57:39.745000,1.097,1.09697,2250000,2250000
2018-06-01 13:57:40.139000,1.09699,1.09696,1500000,1870000
2018-06-01 13:57:41.365000,1.09699,1.09695,2400000,2250000
2018-06-01 13:57:41.892000,1.09698,1.09694,2400000,2250000
2018-06-01 13:57:42.310000,1.09696,1.09693,3260000,1500000
2018-06-01 13:57:42.593000,1.09696,1.09692,3260000,4120000
2018-06-01 13:57:45.546000,1.09694,1.09692,1250000,2250000
2018-06-01 13:57:46.373000,1.09695,1.09692,1000000,4120000
2018-06-01 13:57:46.921000,1.09694,1.09691,2320000,3940000
2018-06-01 13:57:47.451000,1.09694,1.09691,3190000,2250000
2018-06-01 13:57:47.989000,1.09694,1.09691,3260000,3000000
2018-06-01 13:57:49.119000,1.09695,1.09692,2320000,3750000
2018-06-01 13:57:49.637000,1.09695,1.09693,1000000,3000000
2018-06-01 13:57:50.139000,1.09696,1.09693,1570000,3820000
2018-06-01 13:57:52.124000,1.09695,1.09692,1000000,5320000
2018-06-01 13:57:53.313000,1.09697,1.09695,1100000,1150000
2018-06-01 13:57:53.502000,1.09699,1.09695,2440000,5660000
2018-06-01 13:57:53.875000,1.09697,1.09695,2250000,2920000
2018-06-01 13:57:54.747000,1.09697,1.09693,3260000,1850000
2018-06-01 13:57:56.633000,1.09698,1.09695,1950000,2360000
2018-06-01 13:57:56.930000,1.09699,1.09695,4390000,3560000
2018-06-01 13:58:00.103000,1.097,1.09696,1760000,3450000
2018-06-01 13:58:00.629000,1.097,1.09696,2440000,4200000
2018-06-01 13:58:01.164000,1.097,1.09696,3640000,3820000
2018-06-01 13:58:01.855000,1.097,1.09697,7380000,1000000
2018-06-01 13:58:01.907000,1.097,1.09696,6260000,3820000
2018-06-01 13:58:02.167000,1.097,1.09697,8130000,1000000
2018-06-01 13:58:02.732000,1.09699,1.09696,1190000,3820000
2018-06-01 13:58:04.565000,1.09699,1.09696,1250000,3000000
2018-06-01 13:58:05.112000,1.09698,1.09695,1000000,2740000
2018-06-01 13:58:05.694000,1.09698,1.09695,1690000,3300000
2018-06-01 13:58:06.196000,1.09697,1.09694,1250000,3820000
2018-06-01 13:58:06.248000,1.09696,1.09694,3190000,1100000
2018-06-01 13:58:06.454000,1.09695,1.09692,1190000,2320000
2018-06-01 13:58:06.973000,1.09695,1.09692,1250000,2320000
2018-06-01 13:58:07.283000,1.09693,1.09691,1250000,1500000
2018-06-01 13:58:12.895000,1.09693,1.09691,1190000,1500000
2018-06-01 13:58:13.438000,1.09693,1.09691,1250000,1500000
2018-06-01 13:58:17.604000,1.09693,1.09691,1000000,2250000
2018-06-01 13:58:17.981000,1.09695,1.09692,3560000,1750000
2018-06-01 13:58:18.517000,1.09696,1.09693,2250000,1750000
2018-06-01 13:58:19.018000,1.09696,1.09693,1250000,2320000
2018-06-01 13:58:22.703000,1.09697,1.09694,3560000,1500000
2018-06-01 13:58:26.056000,1.09697,1.09695,1250000,1500000
2018-06-01 13:58:26.594000,1.09698,1.09696,1000000,1500000
2018-06-01 13:58:27.201000,1.09699,1.09696,1000000,1500000
2018-06-01 13:58:27.734000,1.09699,1.09696,1000000,2320000
2018-06-01 13:58:43.514000,1.09699,1.09697,1550000,1000000
2018-06-01 13:58:44.283000,1.09699,1.09696,1690000,2250000
2018-06-01 13:59:01.775000,1.09699,1.09696,2440000,1570000
2018-06-01 13:59:02.209000,1.09697,1.09696,1000000,1000000
2018-06-01 13:59:02.744000,1.09697,1.09695,1500000,7610000
2018-06-01 13:59:02.832000,1.097,1.09695,5140000,7610000
2018-06-01 13:59:05.396000,1.097,1.09697,4690000,2250000
2018-06-01 13:59:05.914000,1.09699,1.09698,1000000,1000000
2018-06-01 13:59:06.563000,1.09699,1.09696,1000000,2890000
2018-06-01 13:59:06.617000,1.09702,1.097,2060000,2250000
2018-06-01 13:59:06.675000,1.09703,1.09702,1500000,1000000
2018-06-01 13:59:06.831000,1.09706,1.09702,4690000,1850000
2018-06-01 13:59:07.038000,1.09707,1.09706,2250000,12190000
2018-06-01 13:59:07.247000,1.09712,1.09709,3190000,1950000
2018-06-01 13:59:12.740000,1.09712,1.0971,1690000,1500000
2018-06-01 13:59:12.847000,1.09716,1.09714,2510000,1120000
2018-06-01 13:59:13.359000,1.09717,1.09714,2810000,3070000
2018-06-01 13:59:14.346000,1.09717,1.09715,1250000,1870000
2018-06-01 13:59:14.810000,1.09719,1.09718,1690000,1500000
2018-06-01 13:59:14.863000,1.09722,1.0972,2140000,1500000
2018-06-01 13:59:15.122000,1.09721,1.09719,1190000,1120000
2018-06-01 13:59:15.462000,1.09723,1.09721,1310000,1000000
2018-06-01 13:59:15.984000,1.09723,1.09721,1310000,1000000
2018-06-01 13:59:21.172000,1.0972,1.09718,1690000,1570000
2018-06-01 13:59:21.719000,1.09721,1.09719,1250000,1570000
2018-06-01 13:59:22.744000,1.0972,1.09719,1250000,1000000
2018-06-01 13:59:22.901000,1.09719,1.09718,1000000,1000000
2018-06-01 13:59:23.714000,1.09719,1.09716,3190000,3070000
2018-06-01 13:59:25.175000,1.09718,1.09717,1500000,4500000
2018-06-01 13:59:25.238000,1.09721,1.09717,1250000,3000000
2018-06-01 13:59:25.779000,1.09721,1.09719,1690000,1000000
2018-06-01 13:59:26.369000,1.09721,1.09719,2440000,1120000
2018-06-01 13:59:26.897000,1.0972,1.09718,1690000,1500000
2018-06-01 13:59:27.766000,1.09721,1.09718,2810000,1500000
2018-06-01 13:59:28.826000,1.09721,1.09718,2810000,1500000
2018-06-01 13:59:29.361000,1.09721,1.09718,2440000,1500000
2018-06-01 13:59:29.895000,1.09722,1.09719,2060000,1120000
2018-06-01 13:59:30.435000,1.09722,1.09719,1000000,1500000
2018-06-01 13:59:31.980000,1.09722,1.09719,1500000,1120000
2018-06-01 13:59:34.710000,1.09721,1.09719,1000000,1120000
2018-06-01 13:59:36.073000,1.0972,1.09718,1000000,1500000
2018-06-01 13:59:36.381000,1.09716,1.09714,1000000,1120000
2018-06-01 13:59:37.300000,1.09717,1.09714,1570000,1120000
2018-06-01 13:59:39.114000,1.09717,1.09715,1000000,1120000
2018-06-01 13:59:40.521000,1.09718,1.09715,3070000,1120000
2018-06-01 13:59:41.264000,1.09717,1.09715,1000000,1120000
2018-06-01 13:59:43.679000,1.09718,1.09715,4570000,1120000
2018-06-01 13:59:45.166000,1.09717,1.09714,1000000,1500000
2018-06-01 13:59:45.536000,1.09718,1.09717,1500000,1120000
2018-06-01 13:59:45.842000,1.0973,1.09728,2250000,1000000
2018-06-01 13:59:46.376000,1.0973,1.09727,1200000,1000000
2018-06-01 13:59:46.894000,1.0973,1.09728,1200000,1000000
2018-06-01 13:59:47.901000,1.09733,1.0973,1500000,1370000
2018-06-01 13:59:47.954000,1.09735,1.09733,1000000,1000000
2018-06-01 13:59:48.188000,1.09733,1.09729,3000000,1870000
2018-06-01 13:59:48.505000,1.09736,1.09728,3750000,3750000
2018-06-01 13:59:48.670000,1.09735,1.09729,1400000,2250000
2018-06-01 13:59:48.825000,1.09729,1.09723,1000000,1570000
2018-06-01 13:59:48.876000,1.09728,1.09722,1000000,1120000
2018-06-01 13:59:49.594000,1.09724,1.0972,1680000,1100000
2018-06-01 13:59:49.987000,1.09723,1.09718,1000000,4120000
2018-06-01 13:59:50.314000,1.0972,1.09717,1000000,3750000
2018-06-01 13:59:50.366000,1.09724,1.09718,1230000,3370000
2018-06-01 13:59:50.521000,1.09721,1.09718,1000000,2620000
2018-06-01 13:59:50.676000,1.09723,1.09718,1000000,3370000
2018-06-01 13:59:50.904000,1.09721,1.09718,1000000,2250000
2018-06-01 13:59:51.164000,1.09723,1.09718,1500000,1500000
2018-06-01 13:59:51.674000,1.09722,1.09718,2250000,2250000
2018-06-01 13:59:52.186000,1.09722,1.09721,2250000,1000000
2018-06-01 13:59:52.238000,1.09722,1.09718,2250000,3000000
2018-06-01 13:59:52.290000,1.09724,1.09718,3930000,2250000
2018-06-01 13:59:52.393000,1.09723,1.0972,3000000,1000000
2018-06-01 13:59:52.825000,1.09722,1.09718,3000000,2250000
2018-06-01 13:59:52.878000,1.09724,1.09722,1500000,1000000
2018-06-01 13:59:52.982000,1.09723,1.09721,1000000,1000000
2018-06-01 13:59:53.138000,1.09723,1.09719,1000000,1500000
2018-06-01 13:59:53.573000,1.09724,1.09721,1000000,1000000
2018-06-01 13:59:53.987000,1.09721,1.09717,2250000,1250000
2018-06-01 13:59:54.041000,1.09721,1.09719,2250000,1000000
2018-06-01 13:59:54.093000,1.09723,1.0972,3000000,1300000
2018-06-01 13:59:54.294000,1.09725,1.0972,1120000,1500000
2018-06-01 13:59:54.553000,1.09725,1.09718,1180000,4120000
2018-06-01 13:59:54.707000,1.09725,1.0972,1180000,1000000
2018-06-01 13:59:55.211000,1.09726,1.09719,1680000,1500000
2018-06-01 13:59:55.528000,1.09725,1.09721,1500000,1000000
2018-06-01 13:59:55.960000,1.09726,1.09723,1500000,1000000
2018-06-01 13:59:56.526000,1.09726,1.09723,1500000,1000000
2018-06-01 13:59:56.848000,1.09726,1.09721,1870000,1000000
2018-06-01 13:59:56.951000,1.09726,1.09724,1120000,1000000
2018-06-01 13:59:57.535000,1.09726,1.09723,1870000,1000000
2018-06-01 13:59:57.843000,1.09725,1.09721,1000000,1000000
2018-06-01 13:59:58.196000,1.09724,1.09722,1000000,1000000
2018-06-01 13:59:58.300000,1.09724,1.09719,2050000,1220000
2018-06-01 13:59:58.352000,1.09721,1.09714,1000000,4990000
2018-06-01 13:59:58.695000,1.09725,1.09717,1500000,3490000
2018-06-01 13:59:59.313000,1.09724,1.09717,3000000,1610000
2018-06-01 13:59:59.519000,1.09726,1.09724,1000000,1000000
2018-06-01 13:59:59.571000,1.09729,1.09724,1500000,1000000
2018-06-01 13:59:59.675000,1.09726,1.09724,1500000,1000000
2018-06-01 13:59:59.726000,1.09724,1.09718,2250000,1350000
2018-06-01 13:59:59.979000,1.09722,1.09716,1000000,3410000
2018-06-01 14:00:00.085000,1.09729,1.09725,1250000,1000000
2018-06-01 14:00:00.137000,1.09732,1.09727,1000000,1500000
2018-06-01 14:00:00.239000,1.09735,1.09729,1000000,1000000
2018-06-01 14:00:00.290000,1.09738,1.09731,2620000,1500000
2018-06-01 14:00:00.445000,1.09733,1.09731,1000000,1500000
2018-06-01 14:00:00.498000,1.09736,1.09728,1120000,1000000
2018-06-01 14:00:00.603000,1.09736,1.0973,7500000,1000000
2018-06-01 14:00:00.947000,1.09736,1.09731,1000000,1370000
2018-06-01 14:00:01.487000,1.09728,1.09727,1000000,3750000
2018-06-01 14:00:01.642000,1.09726,1.09721,1000000,1870000
2018-06-01 14:00:01.694000,1.09728,1.09721,1000000,1870000
2018-06-01 14:00:01.977000,1.09725,1.0972,1000000,1000000
2018-06-01 14:00:02.565000,1.09724,1.09719,2250000,2250000
2018-06-01 14:00:02.898000,1.09722,1.09716,1370000,4500000
2018-06-01 14:00:03.225000,1.09719,1.09711,1000000,1870000
2018-06-01 14:00:03.750000,1.09718,1.09711,1000000,1000000
2018-06-01 14:00:03.854000,1.09715,1.09708,3000000,1000000
2018-06-01 14:00:03.957000,1.09716,1.09709,1000000,1000000
2018-06-01 14:00:04.009000,1.09716,1.09707,1500000,1120000
2018-06-01 14:00:04.061000,1.09716,1.09708,2250000,1000000
2018-06-01 14:00:04.113000,1.09716,1.09708,1120000,1870000
2018-06-01 14:00:04.267000,1.09716,1.09707,2620000,1870000
2018-06-01 14:00:04.795000,1.09716,1.09709,2250000,2250000
2018-06-01 14:00:05.129000,1.09711,1.09706,1000000,1500000
2018-06-01 14:00:05.241000,1.09707,1.097,1000000,4570000
2018-06-01 14:00:05.449000,1.09707,1.09704,1570000,1000000
2018-06-01 14:00:05.553000,1.09711,1.09706,1000000,1000000
2018-06-01 14:00:06.080000,1.09712,1.09707,1000000,1000000
2018-06-01 14:00:06.626000,1.09713,1.09706,1000000,4500000
2018-06-01 14:00:07.142000,1.09713,1.09709,1000000,1000000
2018-06-01 14:00:07.193000,1.09713,1.09707,1000000,1120000
2018-06-01 14:00:07.602000,1.09718,1.09713,1570000,1500000
2018-06-01 14:00:08.115000,1.09718,1.09713,1000000,4500000
2018-06-01 14:00:08.631000,1.09717,1.09711,1500000,5320000
2018-06-01 14:00:08.807000,1.09715,1.09711,1000000,1500000
2018-06-01 14:00:08.859000,1.09717,1.09711,1950000,1500000
2018-06-01 14:00:09.119000,1.09713,1.0971,1000000,1500000
2018-06-01 14:00:09.171000,1.09712,1.09707,2250000,1200000
2018-06-01 14:00:09.405000,1.09719,1.09715,1000000,2250000
2018-06-01 14:00:09.948000,1.0972,1.09715,1000000,2250000
2018-06-01 14:00:10.267000,1.09724,1.0972,3000000,2250000
2018-06-01 14:00:10.775000,1.09724,1.09719,4200000,2620000
2018-06-01 14:00:11.141000,1.09722,1.09718,1000000,1050000
2018-06-01 14:00:11.448000,1.09723,1.0972,1200000,1000000
2018-06-01 14:00:11.795000,1.09722,1.09717,1120000,1800000
2018-06-01 14:00:12.075000,1.09724,1.09719,1950000,8250000
2018-06-01 14:00:12.582000,1.09724,1.0972,2620000,1120000
2018-06-01 14:00:13.287000,1.09723,1.0972,1000000,1120000
2018-06-01 14:00:13.550000,1.09721,1.09716,1120000,3000000
2018-06-01 14:00:14.072000,1.09723,1.09718,1950000,1120000
2018-06-01 14:00:14.467000,1.09722,1.0972,1120000,1000000
2018-06-01 14:00:14.521000,1.09723,1.09718,2320000,2250000
2018-06-01 14:00:15.046000,1.09722,1.09717,1570000,1500000
2018-06-01 14:00:15.153000,1.09718,1.09715,1000000,1050000
2018-06-01 14:00:15.691000,1.09718,1.09714,2250000,1370000
2018-06-01 14:00:16.212000,1.09717,1.09713,1000000,1420000
2018-06-01 14:00:16.674000,1.09718,1.09717,1950000,1000000
2018-06-01 14:00:16.780000,1.09721,1.09719,1500000,2060000
2018-06-01 14:00:16.833000,1.09722,1.09721,1000000,1000000
2018-06-01 14:00:17.143000,1.09724,1.09721,2620000,1000000
2018-06-01 14:00:17.713000,1.09721,1.09719,1000000,3000000
2018-06-01 14:00:17.977000,1.09718,1.09713,3370000,1000000
2018-06-01 14:00:18.601000,1.09714,1.09712,1120000,3370000
2018-06-01 14:00:18.655000,1.09709,1.09706,3750000,1120000
2018-06-01 14:00:18.709000,1.09705,1.097,1370000,2060000
2018-06-01 14:00:19.542000,1.09705,1.09702,1870000,1000000
2018-06-01 14:00:19.844000,1.09704,1.097,1000000,1870000
2018-06-01 14:00:20.390000,1.09705,1.09701,1000000,1120000
2018-06-01 14:00:20.990000,1.09707,1.09704,1000000,2250000
2018-06-01 14:00:21.042000,1.0971,1.09704,5100000,2250000
2018-06-01 14:00:21.100000,1.0971,1.09705,3150000,3000000
2018-06-01 14:00:22.239000,1.09719,1.09714,1200000,2250000
2018-06-01 14:00:22.344000,1.09718,1.09713,2250000,1370000
2018-06-01 14:00:22.397000,1.09715,1.09712,1870000,3370000
2018-06-01 14:00:22.945000,1.09717,1.09712,1370000,2920000
2018-06-01 14:00:23.397000,1.09718,1.09715,2250000,1870000
2018-06-01 14:00:23.450000,1.09722,1.09717,3370000,1500000
2018-06-01 14:00:23.502000,1.09722,1.09717,2250000,1120000
2018-06-01 14:00:23.605000,1.09718,1.09715,1870000,3370000
2018-06-01 14:00:23.709000,1.09717,1.09712,1870000,3370000
2018-06-01 14:00:24.249000,1.09717,1.09712,1120000,4870000
2018-06-01 14:00:24.550000,1.09712,1.09711,1870000,1500000
2018-06-01 14:00:24.603000,1.09712,1.0971,1870000,1500000
2018-06-01 14:00:24.802000,1.09712,1.09707,3000000,3000000
2018-06-01 14:00:26.016000,1.09713,1.09709,3370000,1120000
2018-06-01 14:00:26.291000,1.09716,1.09712,1120000,1870000
2018-06-01 14:00:26.817000,1.09716,1.09713,1000000,1120000
2018-06-01 14:00:27.334000,1.09717,1.09712,1120000,5620000
2018-06-01 14:00:27.841000,1.09717,1.09713,1000000,1500000
2018-06-01 14:00:28.203000,1.09714,1.09712,2250000,1000000
2018-06-01 14:00:28.308000,1.09712,1.0971,2250000,1000000
2018-06-01 14:00:28.566000,1.0971,1.09708,1000000,1000000
2018-06-01 14:00:28.671000,1.09706,1.09701,2620000,1950000
2018-06-01 14:00:29.217000,1.09706,1.09701,4500000,1120000
2018-06-01 14:00:30.106000,1.09705,1.09702,1120000,2440000
2018-06-01 14:00:30.212000,1.09705,1.09702,1500000,1690000
2018-06-01 14:00:30.723000,1.09705,1.09703,1500000,1250000
2018-06-01 14:00:31.184000,1.09707,1.09703,1950000,2060000
2018-06-01 14:00:31.237000,1.09708,1.09707,3370000,1310000
2018-06-01 14:00:31.396000,1.09711,1.09706,1570000,4690000
2018-06-01 14:00:31.918000,1.09712,1.09708,2620000,1310000
2018-06-01 14:00:32.440000,1.09711,1.09708,1000000,2060000
2018-06-01 14:00:32.624000,1.09701,1.09698,2250000,1000000
2018-06-01 14:00:32.728000,1.09699,1.09696,1870000,1390000
2018-06-01 14:00:32.781000,1.097,1.09695,5290000,1260000
2018-06-01 14:00:33.319000,1.09697,1.09693,1720000,2140000
2018-06-01 14:00:33.474000,1.09697,1.09692,2920000,3190000
2018-06-01 14:00:33.577000,1.09697,1.09693,4120000,1690000
2018-06-01 14:00:34.039000,1.09697,1.09694,1200000,1690000
2018-06-01 14:00:34.552000,1.09697,1.09693,1000000,3190000
2018-06-01 14:00:34.902000,1.09695,1.09692,4120000,1690000
2018-06-01 14:00:35.262000,1.09692,1.09691,2620000,1250000
2018-06-01 14:00:35.380000,1.09689,1.09684,1100000,1000000
2018-06-01 14:00:35.432000,1.09691,1.0969,1250000,1000000
2018-06-01 14:00:35.484000,1.09693,1.0969,3000000,1000000
2018-06-01 14:00:35.943000,1.09693,1.09691,1500000,1690000
2018-06-01 14:00:36.492000,1.09694,1.09692,2620000,1690000
2018-06-01 14:00:36.839000,1.09701,1.09699,1870000,1690000
2018-06-01 14:00:36.895000,1.097,1.09697,1500000,2140000
2018-06-01 14:00:38.122000,1.09701,1.09699,3450000,1310000
2018-06-01 14:00:38.176000,1.09706,1.09702,3190000,2620000
2018-06-01 14:00:38.283000,1.09707,1.09702,2700000,3940000
2018-06-01 14:00:38.337000,1.09704,1.09702,1000000,4690000
2018-06-01 14:00:38.548000,1.09706,1.09703,1100000,2060000
2018-06-01 14:00:39.076000,1.09706,1.09702,1500000,4240000
2018-06-01 14:00:39.650000,1.09706,1.09703,1000000,2060000
2018-06-01 14:00:40.162000,1.09706,1.09702,1870000,3490000
2018-06-01 14:00:40.649000,1.09704,1.09702,3000000,1190000
2018-06-01 14:00:40.752000,1.09698,1.09693,4720000,3560000
2018-06-01 14:00:40.804000,1.09696,1.09693,1000000,4310000
2018-06-01 14:00:40.856000,1.09693,1.09689,1120000,1690000
2018-06-01 14:00:43.933000,1.09694,1.0969,3450000,2000000
2018-06-01 14:00:43.987000,1.09703,1.09699,3640000,1500000
2018-06-01 14:00:44.041000,1.09704,1.097,1870000,4540000
2018-06-01 14:00:44.372000,1.09706,1.09704,4000000,3190000
2018-06-01 14:00:44.992000,1.09706,1.09705,1000000,1250000
2018-06-01 14:00:45.083000,1.09708,1.09705,1120000,1120000
2018-06-01 14:00:45.136000,1.09706,1.09704,1000000,1000000
2018-06-01 14:00:45.189000,1.09706,1.09703,3450000,1250000
2018-06-01 14:00:45.845000,1.09706,1.09702,3450000,1250000
2018-06-01 14:00:46.604000,1.09706,1.09702,3820000,1310000
2018-06-01 14:00:47.151000,1.09703,1.09702,1000000,1310000
2018-06-01 14:00:48.876000,1.09706,1.09702,3000000,1310000
2018-06-01 14:00:49.414000,1.09701,1.097,1000000,1100000
2018-06-01 14:00:49.467000,1.097,1.09697,1120000,1310000
2018-06-01 14:00:49.602000,1.09697,1.09695,1500000,4690000
2018-06-01 14:00:53.658000,1.09697,1.09695,1000000,1540000
2018-06-01 14:00:53.767000,1.09702,1.09699,1500000,1310000
2018-06-01 14:00:54.297000,1.09701,1.09697,1390000,2440000
2018-06-01 14:00:54.351000,1.097,1.09697,2440000,1120000
2018-06-01 14:00:55.358000,1.09695,1.09693,2060000,1000000
2018-06-01 14:00:55.620000,1.09698,1.09693,1570000,3190000
2018-06-01 14:00:56.611000,1.09699,1.09694,3070000,1690000
2018-06-01 14:00:56.773000,1.09699,1.09696,2320000,1000000
2018-06-01 14:00:57.131000,1.09702,1.09698,5810000,1500000
2018-06-01 14:00:57.660000,1.09701,1.09696,2060000,5360000
2018-06-01 14:00:57.972000,1.09699,1.09695,1120000,2100000
2018-06-01 14:00:58.274000,1.09698,1.09693,6860000,1120000
2018-06-01 14:00:58.328000,1.09698,1.09693,4010000,1500000
2018-06-01 14:00:58.967000,1.09698,1.09694,1120000,1500000
2018-06-01 14:00:59.075000,1.09696,1.09693,1000000,1500000
2018-06-01 14:00:59.602000,1.09696,1.09692,1000000,2060000
2018-06-01 14:00:59.907000,1.09691,1.09687,1500000,3940000
2018-06-01 14:01:00.925000,1.09691,1.09689,1120000,1310000
2018-06-01 14:01:01.283000,1.09694,1.09691,1120000,4690000
2018-06-01 14:01:01.599000,1.09699,1.09695,1450000,2440000
2018-06-01 14:01:01.758000,1.09699,1.09695,2700000,1690000
2018-06-01 14:01:01.950000,1.09699,1.09696,1870000,5440000
2018-06-01 14:01:02.004000,1.09702,1.09697,1950000,4690000
2018-06-01 14:01:02.112000,1.09703,1.097,1120000,2250000
2018-06-01 14:01:02.165000,1.09703,1.09698,2250000,3260000
2018-06-01 14:01:02.772000,1.09702,1.09697,4690000,2510000
2018-06-01 14:01:03.662000,1.09701,1.09697,1690000,1750000
2018-06-01 14:01:04.233000,1.09701,1.09697,1690000,1500000
2018-06-01 14:01:04.592000,1.09703,1.09699,1570000,3940000
2018-06-01 14:01:04.748000,1.09702,1.09699,2060000,1120000
2018-06-01 14:01:05.280000,1.09701,1.09697,2810000,1690000
2018-06-01 14:01:05.695000,1.09701,1.09698,1120000,1350000
2018-06-01 14:01:06.282000,1.09701,1.09698,1120000,1310000
2018-06-01 14:01:07.001000,1.097,1.09697,2250000,1690000
2018-06-01 14:01:08.240000,1.097,1.09696,4120000,2440000
2018-06-01 14:01:08.466000,1.09698,1.09695,1000000,1390000
2018-06-01 14:01:09.690000,1.09699,1.09694,3000000,2510000
2018-06-01 14:01:11.267000,1.09698,1.09694,1000000,1760000
2018-06-01 14:01:11.700000,1.09695,1.09693,1000000,1010000
2018-06-01 14:01:11.752000,1.09694,1.09691,2250000,1390000
2018-06-01 14:01:12.633000,1.09693,1.09689,1500000,2510000
2018-06-01 14:01:12.685000,1.0969,1.09689,1000000,1500000
2018-06-01 14:01:12.737000,1.09689,1.09685,3220000,2510000
2018-06-01 14:01:13.061000,1.09691,1.09687,1100000,2440000
2018-06-01 14:01:13.113000,1.09693,1.09688,2320000,2440000
2018-06-01 14:01:13.629000,1.09693,1.09689,3000000,2060000
2018-06-01 14:01:15.379000,1.09693,1.09689,2620000,2810000
2018-06-01 14:01:15.898000,1.09693,1.09689,2620000,1310000
2018-06-01 14:01:20.360000,1.09692,1.0969,1000000,1000000
2018-06-01 14:01:20.870000,1.09692,1.09689,1000000,1310000
2018-06-01 14:01:21.417000,1.09693,1.0969,4120000,1000000
2018-06-01 14:01:22.033000,1.09692,1.0969,1000000,1000000
2018-06-01 14:01:23.539000,1.09693,1.09692,1000000,1120000
2018-06-01 14:01:23.593000,1.09696,1.09693,1760000,1000000
2018-06-01 14:01:23.790000,1.09696,1.09693,1310000,2250000
2018-06-01 14:01:24.104000,1.09694,1.09692,2250000,1000000
2018-06-01 14:01:24.615000,1.09694,1.09691,6000000,1310000
2018-06-01 14:01:26.270000,1.09693,1.09691,1000000,1120000
2018-06-01 14:01:27.949000,1.09693,1.0969,3190000,1120000
2018-06-01 14:01:29.054000,1.09692,1.0969,1500000,1870000
2018-06-01 14:01:31.677000,1.09692,1.09691,1000000,1120000
2018-06-01 14:01:32.083000,1.09696,1.09694,1310000,1870000
2018-06-01 14:01:32.189000,1.09695,1.09692,3750000,3260000
2018-06-01 14:01:32.456000,1.0969,1.09687,8060000,1120000
2018-06-01 14:01:32.562000,1.09691,1.09689,1870000,1000000
2018-06-01 14:01:32.668000,1.09692,1.0969,1000000,1500000
2018-06-01 14:01:33.179000,1.09691,1.09689,2810000,1000000
2018-06-01 14:01:33.333000,1.09689,1.09687,1000000,1690000
2018-06-01 14:01:33.698000,1.09688,1.09686,1000000,1800000
2018-06-01 14:01:34.319000,1.09688,1.09686,1120000,1310000
2018-06-01 14:01:34.851000,1.09688,1.09685,1500000,3190000
2018-06-01 14:01:35.032000,1.09689,1.09687,1500000,1310000
2018-06-01 14:01:35.186000,1.09687,1.09683,1000000,3940000
2018-06-01 14:01:36.171000,1.09686,1.09684,1000000,1690000
2018-06-01 14:01:37.510000,1.09687,1.09684,1500000,2440000
2018-06-01 14:01:38.380000,1.09688,1.09685,2620000,1310000
2018-06-01 14:01:38.485000,1.09691,1.0969,1200000,1250000
2018-06-01 14:01:38.539000,1.09693,1.09689,6600000,6940000
2018-06-01 14:01:38.649000,1.09691,1.09687,2810000,1840000
2018-06-01 14:01:38.751000,1.0969,1.09686,4120000,1760000
2018-06-01 14:01:39.045000,1.09691,1.09688,1760000,1120000
2018-06-01 14:01:39.621000,1.09691,1.09686,3260000,4010000
2018-06-01 14:01:39.675000,1.09688,1.09686,5470000,1190000
2018-06-01 14:01:39.781000,1.09687,1.09685,1300000,1000000
2018-06-01 14:01:40.318000,1.09688,1.09685,2620000,1500000
2018-06-01 14:01:40.834000,1.09688,1.09685,3000000,1500000
2018-06-01 14:01:43.843000,1.09688,1.09686,1500000,1690000
2018-06-01 14:01:43.951000,1.09691,1.09688,1200000,4690000
2018-06-01 14:01:44.005000,1.09693,1.0969,3070000,1310000
2018-06-01 14:01:44.518000,1.09694,1.0969,3820000,1310000
2018-06-01 14:01:45.061000,1.09694,1.09689,3370000,3860000
2018-06-01 14:01:45.573000,1.09694,1.0969,2620000,1690000
2018-06-01 14:01:46.584000,1.09693,1.09689,1000000,3790000
2018-06-01 14:01:47.704000,1.09694,1.09691,2620000,1310000
2018-06-01 14:01:48.891000,1.09694,1.09691,1500000,3190000
2018-06-01 14:01:50.235000,1.09692,1.0969,3000000,1690000
2018-06-01 14:01:51.265000,1.09693,1.0969,1120000,1120000
2018-06-01 14:01:52.309000,1.09694,1.09691,3000000,1120000
2018-06-01 14:01:52.754000,1.09691,1.0969,2160000,1250000
2018-06-01 14:01:52.861000,1.09682,1.0968,1500000,2810000
2018-06-01 14:01:54.013000,1.09683,1.09681,1500000,2250000
2018-06-01 14:01:54.065000,1.09687,1.09684,1570000,1000000
2018-06-01 14:01:54.590000,1.09688,1.09684,4500000,1690000
2018-06-01 14:01:55.138000,1.09688,1.09685,4200000,1120000
2018-06-01 14:01:55.673000,1.09688,1.09685,1570000,3190000
2018-06-01 14:01:56.183000,1.09688,1.09685,1870000,2440000
2018-06-01 14:01:56.488000,1.09686,1.09684,1870000,1310000
2018-06-01 14:01:56.699000,1.09688,1.09683,3450000,4690000
2018-06-01 14:01:59.559000,1.09688,1.09685,3370000,3560000
2018-06-01 14:02:00.105000,1.09688,1.09685,3370000,2060000
2018-06-01 14:02:01.795000,1.09687,1.09685,1000000,1870000
2018-06-01 14:02:01.849000,1.09685,1.09684,1000000,1500000
2018-06-01 14:02:02.396000,1.09686,1.09683,1950000,33000000
2018-06-01 14:02:02.505000,1.09688,1.09684,2700000,6940000
2018-06-01 14:02:03.138000,1.09688,1.09685,3000000,3190000
2018-06-01 14:02:03.190000,1.09688,1.09685,3820000,2060000
2018-06-01 14:02:03.348000,1.09688,1.09686,2320000,1690000
2018-06-01 14:02:03.613000,1.09682,1.0968,1500000,1200000
2018-06-01 14:02:07.792000,1.0968,1.09679,1000000,2440000
2018-06-01 14:02:07.949000,1.09676,1.09672,1500000,3640000
2018-06-01 14:02:08.568000,1.09675,1.09672,1000000,1010000
2018-06-01 14:02:09.081000,1.09676,1.09672,2700000,5440000
2018-06-01 14:02:12.287000,1.09677,1.09676,1500000,1000000
2018-06-01 14:02:12.339000,1.0968,1.09678,1100000,1000000
2018-06-01 14:02:12.392000,1.09682,1.09677,3450000,8360000
2018-06-01 14:02:13.346000,1.09682,1.09679,3450000,2000000
2018-06-01 14:02:14.597000,1.09682,1.09679,1500000,1690000
2018-06-01 14:02:15.572000,1.09682,1.0968,1500000,1190000
2018-06-01 14:02:15.677000,1.09687,1.09682,5320000,10760000
2018-06-01 14:02:15.781000,1.09688,1.09684,3070000,2810000
2018-06-01 14:02:16.292000,1.09688,1.09684,2700000,2440000
2018-06-01 14:02:18.632000,1.09687,1.09684,1120000,1010000
2018-06-01 14:02:19.173000,1.09687,1.09683,4390000,1750000
2018-06-01 14:02:19.694000,1.09688,1.09684,6450000,1500000
2018-06-01 14:02:20.369000,1.09688,1.09684,4390000,1500000
2018-06-01 14:02:21.238000,1.09687,1.09684,1000000,1500000
2018-06-01 14:02:23.985000,1.09686,1.09683,1250000,1120000
2018-06-01 14:02:24.211000,1.09687,1.09683,1000000,1010000
2018-06-01 14:02:24.847000,1.09688,1.09684,3640000,1500000
2018-06-01 14:02:25.159000,1.09686,1.09683,1120000,1100000
2018-06-01 14:02:25.489000,1.09684,1.09681,1120000,1250000
2018-06-01 14:02:25.799000,1.09681,1.09676,1760000,3640000
2018-06-01 14:02:25.851000,1.09678,1.09676,1000000,2140000
2018-06-01 14:02:25.953000,1.09676,1.09672,2250000,2510000
2018-06-01 14:02:26.298000,1.09678,1.09673,4570000,4390000
2018-06-01 14:02:26.963000,1.0968,1.09677,1500000,1250000
2018-06-01 14:02:27.554000,1.0968,1.09677,1120000,1310000
2018-06-01 14:02:28.261000,1.09681,1.09677,2140000,2060000
2018-06-01 14:02:28.576000,1.09679,1.09676,1000000,1120000
2018-06-01 14:02:30.106000,1.0968,1.09676,4760000,1690000
2018-06-01 14:02:30.644000,1.09678,1.09674,1000000,1760000
2018-06-01 14:02:31.445000,1.0968,1.09676,2810000,1690000
2018-06-01 14:02:33.240000,1.0968,1.09676,3450000,1500000
2018-06-01 14:02:34.192000,1.0968,1.09676,1760000,3190000
2018-06-01 14:02:34.892000,1.09679,1.09676,1760000,1500000
2018-06-01 14:02:35.440000,1.0968,1.09676,2510000,2440000
2018-06-01 14:02:38.017000,1.0968,1.09676,1760000,3190000
2018-06-01 14:02:39.236000,1.0968,1.09676,1760000,3940000
2018-06-01 14:02:42.492000,1.0968,1.09676,1760000,3940000
2018-06-01 14:02:43.023000,1.0968,1.09676,1760000,3940000
2018-06-01 14:02:44.514000,1.09678,1.09676,1000000,1120000
2018-06-01 14:02:44.834000,1.09676,1.09671,4010000,6490000
2018-06-01 14:02:47.648000,1.09676,1.09672,3260000,2000000
2018-06-01 14:02:48.198000,1.09674,1.09673,1000000,1000000
2018-06-01 14:02:49.291000,1.09673,1.09671,1000000,3260000
2018-06-01 14:02:49.345000,1.09674,1.09671,1120000,2250000
2018-06-01 14:02:49.504000,1.09672,1.09671,1000000,1000000
2018-06-01 14:02:51.366000,1.09674,1.09669,1100000,5510000
2018-06-01 14:02:52.101000,1.09675,1.0967,2700000,1010000
2018-06-01 14:02:52.636000,1.09675,1.09672,1310000,1500000
2018-06-01 14:02:53.981000,1.09676,1.09672,2890000,3940000
2018-06-01 14:02:54.538000,1.09676,1.09672,2330000,3940000
2018-06-01 14:03:02.353000,1.09678,1.09676,4200000,2440000
2018-06-01 14:03:02.405000,1.09681,1.09678,1570000,1310000
2018-06-01 14:03:02.458000,1.09685,1.09682,13760000,3220000
2018-06-01 14:03:02.806000,1.09687,1.09683,2810000,1570000
2018-06-01 14:03:02.858000,1.09684,1.09681,2060000,1760000
2018-06-01 14:03:03.066000,1.09687,1.09682,7760000,2250000
2018-06-01 14:03:03.581000,1.09688,1.09684,2700000,1690000
2018-06-01 14:03:04.084000,1.09688,1.09684,5140000,1500000
2018-06-01 14:03:04.602000,1.09687,1.09684,1000000,1500000
2018-06-01 14:03:05.693000,1.09688,1.09684,3450000,1690000
2018-06-01 14:03:07.631000,1.09688,1.09686,1570000,3190000
2018-06-01 14:03:07.932000,1.09692,1.09687,9820000,1750000
2018-06-01 14:03:08.445000,1.09689,1.09687,1000000,1000000
2018-06-01 14:03:09.095000,1.09689,1.09688,1000000,1250000
2018-06-01 14:03:09.148000,1.09693,1.09688,2250000,3940000
2018-06-01 14:03:09.507000,1.09694,1.09691,1000000,2060000
2018-06-01 14:03:09.611000,1.09694,1.09692,1000000,3000000
2018-06-01 14:03:09.922000,1.09699,1.09694,3820000,2040000
2018-06-01 14:03:10.488000,1.09699,1.09695,1200000,2440000
2018-06-01 14:03:12.326000,1.09698,1.09695,1000000,2250000
2018-06-01 14:03:12.875000,1.097,1.09695,10200000,2440000
2018-06-01 14:03:13.810000,1.09698,1.09694,1000000,4760000
2018-06-01 14:03:14.291000,1.09695,1.09694,1250000,2250000
2018-06-01 14:03:14.471000,1.09694,1.09691,3750000,1250000
2018-06-01 14:03:14.532000,1.09688,1.09685,2250000,1390000
2018-06-01 14:03:14.851000,1.09686,1.09681,3820000,1390000
2018-06-01 14:03:15.265000,1.09685,1.0968,2700000,2440000
2018-06-01 14:03:15.584000,1.09682,1.09677,3450000,2040000
2018-06-01 14:03:16.210000,1.09681,1.09678,1290000,1500000
2018-06-01 14:03:16.263000,1.09682,1.09678,4950000,1690000
2018-06-01 14:03:16.783000,1.09682,1.09678,4200000,2000000
2018-06-01 14:03:19.267000,1.09683,1.09682,1950000,5060000
2018-06-01 14:03:19.319000,1.09687,1.09682,4690000,5440000
2018-06-01 14:03:19.371000,1.09685,1.09682,1760000,2620000
2018-06-01 14:03:19.772000,1.09686,1.09681,3940000,6190000
2018-06-01 14:03:19.978000,1.09687,1.09684,3450000,2440000
2018-06-01 14:03:20.481000,1.09688,1.09683,3450000,3260000
2018-06-01 14:03:20.795000,1.09686,1.09681,1760000,7390000
2018-06-01 14:03:20.924000,1.09686,1.09681,2890000,5510000
2018-06-01 14:03:20.983000,1.09686,1.09684,1070000,1250000
2018-06-01 14:03:21.088000,1.09688,1.09684,3070000,3190000
2018-06-01 14:03:21.410000,1.0969,1.09688,1000000,3190000
2018-06-01 14:03:21.575000,1.09693,1.09689,1200000,3190000
2018-06-01 14:03:23.176000,1.09694,1.0969,4950000,2810000
2018-06-01 14:03:23.887000,1.0969,1.09688,1000000,1070000
2018-06-01 14:03:23.990000,1.09691,1.09686,3260000,1500000
2018-06-01 14:03:25.057000,1.09688,1.09684,3000000,2510000
2018-06-01 14:03:26.607000,1.0969,1.09687,1070000,2440000
2018-06-01 14:03:26.719000,1.09693,1.09689,1120000,3940000
2018-06-01 14:03:27.066000,1.09695,1.09692,1500000,2440000
2018-06-01 14:03:27.118000,1.09696,1.09692,1000000,5440000
2018-06-01 14:03:27.427000,1.09694,1.09691,1500000,2440000
2018-06-01 14:03:27.976000,1.09694,1.09691,2250000,1760000
2018-06-01 14:03:29.913000,1.09694,1.0969,4310000,1010000
2018-06-01 14:03:31.116000,1.09694,1.09691,1870000,1870000
2018-06-01 14:03:33.047000,1.09694,1.0969,2250000,2510000
2018-06-01 14:03:34.952000,1.0969,1.09689,1000000,1310000
2018-06-01 14:03:35.569000,1.09691,1.09689,1100000,1690000
2018-06-01 14:03:35.675000,1.09693,1.09689,3070000,3190000
2018-06-01 14:03:36.222000,1.09694,1.09691,3450000,2060000
2018-06-01 14:03:36.723000,1.09693,1.09691,1000000,1310000
2018-06-01 14:03:37.263000,1.09694,1.09691,3370000,1120000
2018-06-01 14:03:37.368000,1.09692,1.09689,1000000,1760000
2018-06-01 14:03:37.917000,1.09693,1.09688,2700000,4760000
2018-06-01 14:03:39.387000,1.09694,1.0969,5250000,1010000
2018-06-01 14:03:40.730000,1.09694,1.0969,3450000,1940000
2018-06-01 14:03:41.281000,1.09694,1.09691,1870000,1760000
2018-06-01 14:03:41.976000,1.09694,1.09691,3370000,1310000
2018-06-01 14:03:43.091000,1.09694,1.0969,3000000,1570000
2018-06-01 14:03:44.239000,1.09694,1.0969,3370000,1760000
2018-06-01 14:03:45.772000,1.09693,1.09689,1000000,3820000
2018-06-01 14:03:46.008000,1.0969,1.09689,1000000,1120000
2018-06-01 14:03:46.061000,1.09688,1.09686,1000000,1310000
2018-06-01 14:03:46.791000,1.09687,1.09684,4350000,1010000
2018-06-01 14:03:46.843000,1.09686,1.09683,1000000,2140000
2018-06-01 14:03:47.386000,1.09687,1.09683,1100000,3190000
2018-06-01 14:03:47.644000,1.09686,1.09683,1250000,2320000
2018-06-01 14:03:47.851000,1.09687,1.09683,1120000,2510000
2018-06-01 14:03:48.398000,1.09688,1.09683,4120000,3260000
2018-06-01 14:03:50.390000,1.09687,1.09683,1000000,3260000
2018-06-01 14:03:50.497000,1.09686,1.09683,1500000,1570000
2018-06-01 14:03:50.708000,1.09684,1.09683,1000000,1000000
2018-06-01 14:03:50.899000,1.09682,1.09678,2250000,2510000
2018-06-01 14:03:51.374000,1.09683,1.09681,1570000,4850000
2018-06-01 14:03:51.565000,1.09687,1.09683,2320000,2000000
2018-06-01 14:03:52.079000,1.09687,1.09685,1000000,1690000
2018-06-01 14:03:52.904000,1.09687,1.09683,2810000,4390000
2018-06-01 14:03:53.296000,1.09687,1.09683,2250000,2510000
2018-06-01 14:03:55.172000,1.09688,1.09685,5320000,1690000
2018-06-01 14:04:00.112000,1.09687,1.09683,1000000,4760000
2018-06-01 14:04:00.427000,1.09684,1.0968,2250000,3260000
2018-06-01 14:04:00.757000,1.09682,1.09679,2250000,1940000
2018-06-01 14:04:01.270000,1.09682,1.09677,3820000,8890000
2018-06-01 14:04:01.582000,1.0968,1.09677,1870000,1690000
2018-06-01 14:04:01.895000,1.09676,1.09672,2250000,4390000
2018-06-01 14:04:04.086000,1.09676,1.09672,5140000,2000000
2018-06-01 14:04:05.352000,1.09673,1.09671,1000000,1100000
2018-06-01 14:04:05.677000,1.0967,1.09667,3190000,1370000
2018-06-01 14:04:06.447000,1.09671,1.09669,1500000,1690000
2018-06-01 14:04:06.499000,1.09673,1.09669,2320000,1940000
2018-06-01 14:04:06.603000,1.09676,1.09672,4570000,1190000
2018-06-01 14:04:06.655000,1.09676,1.09672,2700000,1940000
2018-06-01 14:04:07.531000,1.09676,1.09671,4310000,3260000
2018-06-01 14:04:08.759000,1.09676,1.09672,3450000,1940000
2018-06-01 14:04:09.415000,1.09676,1.09672,2700000,1940000
2018-06-01 14:04:09.721000,1.09679,1.09674,4570000,3940000
2018-06-01 14:04:10.669000,1.09678,1.09674,1100000,2440000
2018-06-01 14:04:10.983000,1.09682,1.09677,4200000,2440000
2018-06-01 14:04:11.532000,1.09682,1.09678,3070000,1940000
2018-06-01 14:04:11.874000,1.09685,1.09681,1390000,2440000
2018-06-01 14:04:12.136000,1.09686,1.09682,2810000,1760000
2018-06-01 14:04:12.262000,1.09686,1.09684,1310000,1000000
2018-06-01 14:04:12.468000,1.09687,1.09683,1200000,2290000
2018-06-01 14:04:13.026000,1.09688,1.09684,3450000,3940000
2018-06-01 14:04:13.542000,1.09692,1.09687,5700000,3190000
2018-06-01 14:04:13.762000,1.09692,1.09688,3450000,1000000
2018-06-01 14:04:13.814000,1.09692,1.09687,3450000,4390000
2018-06-01 14:04:14.334000,1.09691,1.09687,3750000,2510000
2018-06-01 14:04:14.678000,1.09688,1.09686,1500000,1690000
2018-06-01 14:04:15.318000,1.09688,1.09684,1870000,2140000
2018-06-01 14:04:15.629000,1.09686,1.09684,1690000,1000000
2018-06-01 14:04:15.737000,1.09687,1.09682,6070000,3260000
2018-06-01 14:04:15.859000,1.09685,1.09684,1000000,1000000
2018-06-01 14:04:15.914000,1.09682,1.09679,2620000,1120000
2018-06-01 14:04:16.071000,1.09682,1.09678,1000000,4010000
2018-06-01 14:04:16.278000,1.09685,1.09681,1390000,3940000
2018-06-01 14:04:16.576000,1.09686,1.09682,1120000,4760000
2018-06-01 14:04:16.684000,1.09685,1.09681,2060000,1760000
2018-06-01 14:04:17.053000,1.09682,1.0968,1000000,1570000
2018-06-01 14:04:17.604000,1.09682,1.09679,1000000,2440000
2018-06-01 14:04:18.123000,1.09684,1.0968,3070000,1310000
2018-06-01 14:04:18.381000,1.09685,1.09681,1000000,5890000
2018-06-01 14:04:18.638000,1.09687,1.09683,1950000,1690000
2018-06-01 14:04:19.691000,1.09687,1.09682,1200000,6560000
2018-06-01 14:04:20.208000,1.09688,1.09683,9070000,3190000
2018-06-01 14:04:22.896000,1.09688,1.09686,1100000,3190000
2018-06-01 14:04:23.236000,1.0969,1.09686,1250000,6640000
2018-06-01 14:04:24.125000,1.09691,1.09687,1760000,2440000
2018-06-01 14:04:24.647000,1.09691,1.09686,1290000,5890000
2018-06-01 14:04:25.645000,1.09689,1.09686,1500000,3260000
2018-06-01 14:04:26.150000,1.09688,1.09685,1500000,1940000
2018-06-01 14:04:26.600000,1.09688,1.09684,4120000,1760000
2018-06-01 14:04:26.653000,1.09683,1.09682,1870000,1690000
2018-06-01 14:04:26.807000,1.09682,1.09679,1000000,1010000
2018-06-01 14:04:26.910000,1.0968,1.09678,1000000,2510000
2018-06-01 14:04:27.059000,1.0968,1.09676,1500000,4760000
2018-06-01 14:04:27.592000,1.0968,1.09676,1540000,2510000
2018-06-01 14:04:28.434000,1.09682,1.09677,5550000,3190000
2018-06-01 14:04:28.985000,1.09682,1.09678,5550000,2440000
2018-06-01 14:04:29.144000,1.09681,1.09677,1990000,1750000
2018-06-01 14:04:29.458000,1.09678,1.09676,1000000,3190000
2018-06-01 14:04:29.722000,1.0968,1.09675,2700000,4010000
2018-06-01 14:04:30.229000,1.09681,1.09676,4910000,2070000
2018-06-01 14:04:30.435000,1.09679,1.09675,3370000,3260000
2018-06-01 14:04:30.691000,1.09677,1.09675,2250000,2250000
2018-06-01 14:04:30.935000,1.09676,1.09674,1500000,1120000
2018-06-01 14:04:31.626000,1.09676,1.09671,5890000,1010000
2018-06-01 14:04:32.202000,1.09676,1.09671,5170000,2140000
2018-06-01 14:04:32.774000,1.09676,1.09671,2740000,2040000
2018-06-01 14:04:33.321000,1.09675,1.09671,2290000,1760000
2018-06-01 14:04:33.424000,1.09675,1.09671,3860000,1310000
2018-06-01 14:04:33.579000,1.09673,1.09669,2810000,3260000
2018-06-01 14:04:34.130000,1.09675,1.0967,3490000,2510000
2018-06-01 14:04:34.604000,1.09675,1.09671,1800000,1940000
2018-06-01 14:04:35.144000,1.09675,1.09671,1540000,1010000
2018-06-01 14:04:36.359000,1.09676,1.09672,3820000,2440000
2018-06-01 14:04:37.824000,1.09676,1.09672,2100000,2510000
2018-06-01 14:04:38.432000,1.09676,1.09672,1350000,4760000
2018-06-01 14:04:40.766000,1.09677,1.09673,2510000,1500000
2018-06-01 14:04:41.080000,1.09677,1.09673,2740000,1500000
2018-06-01 14:04:41.600000,1.09677,1.09672,3860000,1500000
2018-06-01 14:04:44.257000,1.09674,1.09672,1250000,2250000
2018-06-01 14:04:44.799000,1.09674,1.09671,1460000,2250000
2018-06-01 14:04:46.483000,1.09674,1.0967,1690000,1200000
2018-06-01 14:04:46.950000,1.09673,1.09668,3790000,4390000
2018-06-01 14:04:47.339000,1.09673,1.09669,3600000,1690000
2018-06-01 14:04:47.392000,1.09673,1.09668,4910000,2810000
2018-06-01 14:04:47.739000,1.09673,1.09669,2470000,1310000
2018-06-01 14:04:48.051000,1.0967,1.09668,1870000,1500000
2018-06-01 14:04:49.768000,1.09671,1.09668,1000000,5140000
2018-06-01 14:04:49.822000,1.09673,1.09669,1720000,1310000
2018-06-01 14:04:51.250000,1.09675,1.09671,1570000,2060000
2018-06-01 14:04:51.841000,1.09675,1.09671,1650000,1390000
2018-06-01 14:04:52.447000,1.09675,1.0967,3340000,4240000
2018-06-01 14:04:52.762000,1.09673,1.09669,1460000,1570000
2018-06-01 14:04:53.276000,1.09674,1.09669,1910000,4390000
2018-06-01 14:04:54.044000,1.09675,1.09671,2100000,1000000
2018-06-01 14:04:54.097000,1.09675,1.09671,1200000,1120000
2018-06-01 14:04:54.646000,1.09675,1.0967,5510000,4010000
2018-06-01 14:04:55.325000,1.09675,1.0967,1200000,4010000
2018-06-01 14:04:55.480000,1.09674,1.09669,3260000,1950000
2018-06-01 14:04:55.688000,1.0967,1.09669,1000000,1100000
2018-06-01 14:04:55.981000,1.09669,1.09666,1120000,1010000
2018-06-01 14:04:56.034000,1.09667,1.09664,1000000,3070000
2018-06-01 14:04:56.197000,1.09669,1.09665,3640000,1250000
2018-06-01 14:04:56.603000,1.09668,1.09663,2020000,2060000
2018-06-01 14:04:57.274000,1.09664,1.09663,1000000,1690000
2018-06-01 14:04:57.327000,1.09664,1.09659,4010000,6640000
2018-06-01 14:04:58.945000,1.09663,1.0966,1000000,3190000
2018-06-01 14:04:59.486000,1.09663,1.09658,1760000,1570000
2018-06-01 14:04:59.695000,1.09662,1.09657,1520000,3640000
2018-06-01 14:05:00.216000,1.09661,1.09657,1120000,3070000
2018-06-01 14:05:00.719000,1.09663,1.09658,1570000,3790000
2018-06-01 14:05:01.182000,1.09664,1.09661,1720000,2850000
2018-06-01 14:05:01.437000,1.09666,1.09662,1100000,5250000
2018-06-01 14:05:01.700000,1.09665,1.09661,1000000,1010000
2018-06-01 14:05:02.021000,1.09667,1.09663,1160000,1870000
2018-06-01 14:05:02.408000,1.09669,1.09664,2890000,10160000
2018-06-01 14:05:02.947000,1.09669,1.09665,1250000,4990000
2018-06-01 14:05:04.267000,1.09669,1.09665,1000000,6490000
2018-06-01 14:05:04.796000,1.09669,1.09665,1000000,7610000
2018-06-01 14:05:05.538000,1.09669,1.09664,3040000,5140000
2018-06-01 14:05:06.073000,1.09669,1.09665,1250000,4610000
2018-06-01 14:05:07.729000,1.09667,1.09665,1000000,2140000
2018-06-01 14:05:08.274000,1.09667,1.09664,1270000,1500000
2018-06-01 14:05:08.706000,1.09665,1.09661,1500000,2700000
2018-06-01 14:05:09.029000,1.09663,1.09661,1000000,3000000
2018-06-01 14:05:09.410000,1.09666,1.09663,1520000,1500000
2018-06-01 14:05:09.514000,1.09667,1.09663,1500000,1570000
2018-06-01 14:05:10.020000,1.09665,1.09663,1000000,1500000
2018-06-01 14:05:10.230000,1.09665,1.09661,3640000,1120000
2018-06-01 14:05:10.761000,1.09665,1.09661,2660000,1120000
2018-06-01 14:05:12.152000,1.09664,1.09661,1250000,1120000
2018-06-01 14:05:12.475000,1.09662,1.09658,1120000,1570000
2018-06-01 14:05:13.312000,1.0966,1.09657,1000000,2620000
2018-06-01 14:05:13.469000,1.09663,1.09659,4570000,1000000
2018-06-01 14:05:13.997000,1.09663,1.09659,2470000,1500000
2018-06-01 14:05:14.436000,1.09661,1.09658,1760000,1120000
2018-06-01 14:05:14.592000,1.09662,1.09658,1570000,1120000
2018-06-01 14:05:14.993000,1.09663,1.09659,1720000,1310000
2018-06-01 14:05:15.200000,1.09664,1.0966,1100000,2810000
2018-06-01 14:05:15.703000,1.09663,1.09658,4760000,5700000
2018-06-01 14:05:15.755000,1.09661,1.09658,1310000,2320000
2018-06-01 14:05:15.860000,1.09662,1.09658,1100000,3750000
2018-06-01 14:05:17.299000,1.09662,1.09658,1520000,1200000
2018-06-01 14:05:17.660000,1.09664,1.09661,1160000,4350000
2018-06-01 14:05:17.712000,1.09666,1.09663,1010000,1000000
2018-06-01 14:05:18.235000,1.09664,1.09661,1460000,4800000
2018-06-01 14:05:19.135000,1.09665,1.09663,2020000,1120000
2018-06-01 14:05:19.238000,1.09667,1.09663,4160000,1120000
2018-06-01 14:05:19.685000,1.09668,1.09664,1390000,2250000
2018-06-01 14:05:20.225000,1.09669,1.09665,1310000,1570000
2018-06-01 14:05:26.806000,1.09669,1.09667,1270000,1000000
2018-06-01 14:05:27.964000,1.0967,1.09667,3040000,1000000
2018-06-01 14:05:28.488000,1.09669,1.09667,1460000,1000000
2018-06-01 14:05:29.848000,1.09669,1.09667,1650000,1000000
2018-06-01 14:05:30.370000,1.09669,1.09667,1500000,1000000
2018-06-01 14:05:31.706000,1.09667,1.09666,1000000,1310000
2018-06-01 14:05:32.037000,1.09667,1.09664,1120000,1870000
2018-06-01 14:05:32.351000,1.09668,1.09667,1000000,1000000
2018-06-01 14:05:32.404000,1.0967,1.09667,7390000,1000000
2018-06-01 14:05:32.913000,1.0967,1.09667,3940000,1120000
2018-06-01 14:05:33.657000,1.0967,1.09668,3940000,1000000
2018-06-01 14:05:34.082000,1.09668,1.09666,6190000,1000000
2018-06-01 14:05:34.719000,1.09668,1.09665,6260000,1000000
2018-06-01 14:05:35.081000,1.09666,1.09665,1000000,1000000
2018-06-01 14:05:36.289000,1.09669,1.09666,4010000,1000000
2018-06-01 14:05:37.069000,1.09666,1.09664,1500000,2320000
2018-06-01 14:05:37.384000,1.0966,1.09659,1690000,1000000
2018-06-01 14:05:38.302000,1.09662,1.09661,2250000,1000000
2018-06-01 14:05:38.601000,1.09664,1.09663,1950000,1000000
2018-06-01 14:05:38.709000,1.09669,1.09666,4310000,1120000
2018-06-01 14:05:39.229000,1.09669,1.09666,2620000,1120000
2018-06-01 14:05:39.570000,1.0967,1.09668,1760000,1000000
2018-06-01 14:05:39.673000,1.0967,1.09667,1690000,1120000
2018-06-01 14:05:40.187000,1.0967,1.09666,1000000,3070000
2018-06-01 14:05:42.147000,1.09674,1.09671,3260000,1000000
2018-06-01 14:05:42.200000,1.09674,1.09671,1000000,3000000
2018-06-01 14:05:42.254000,1.09676,1.09671,2700000,5890000
2018-06-01 14:05:42.768000,1.09676,1.09672,1500000,1570000
2018-06-01 14:05:44.125000,1.09678,1.09675,1200000,1500000
2018-06-01 14:05:44.393000,1.09682,1.09677,4010000,3000000
2018-06-01 14:05:44.657000,1.0968,1.09677,1190000,2250000
2018-06-01 14:05:44.762000,1.09679,1.09674,1870000,3260000
2018-06-01 14:05:44.924000,1.0968,1.09677,1000000,2250000
2018-06-01 14:05:45.265000,1.09678,1.09673,2440000,4200000
2018-06-01 14:05:45.428000,1.09676,1.09673,1000000,1470000
2018-06-01 14:05:45.801000,1.09675,1.09671,1690000,1850000
2018-06-01 14:05:46.274000,1.09676,1.09671,2890000,3820000
2018-06-01 14:05:46.425000,1.09676,1.09674,1100000,1500000
2018-06-01 14:05:46.938000,1.09676,1.09672,1000000,3070000
2018-06-01 14:05:47.899000,1.09676,1.09672,1000000,1570000
2018-06-01 14:05:48.358000,1.09674,1.09671,1000000,4390000
2018-06-01 14:05:48.411000,1.09676,1.09671,4570000,4390000
2018-06-01 14:05:48.722000,1.09676,1.09674,1100000,2250000
2018-06-01 14:05:49.264000,1.09676,1.09672,1500000,1850000
2018-06-01 14:05:49.772000,1.09676,1.09672,1570000,1500000
2018-06-01 14:05:50.159000,1.09678,1.09675,1950000,1120000
2018-06-01 14:05:50.364000,1.0968,1.09675,5510000,1950000
2018-06-01 14:05:50.724000,1.0968,1.09675,3260000,5740000
2018-06-01 14:05:51.051000,1.0968,1.09677,1250000,2320000
2018-06-01 14:05:51.207000,1.0968,1.09677,3190000,1120000
2018-06-01 14:05:51.746000,1.0968,1.09677,1690000,1500000
2018-06-01 14:05:51.849000,1.09679,1.09676,1000000,1200000
2018-06-01 14:05:52.108000,1.0968,1.09677,1760000,1750000
2018-06-01 14:05:52.618000,1.0968,1.09677,1250000,3070000
2018-06-01 14:05:53.160000,1.0968,1.09678,1190000,1000000
2018-06-01 14:05:53.999000,1.0968,1.09677,1690000,1570000
2018-06-01 14:05:54.361000,1.09677,1.09675,1250000,1000000
2018-06-01 14:05:54.523000,1.09676,1.09674,1000000,1870000
2018-06-01 14:05:54.784000,1.09675,1.09672,1690000,1500000
2018-06-01 14:05:55.187000,1.09676,1.09673,1000000,1200000
2018-06-01 14:05:55.239000,1.09676,1.09674,1000000,1500000
2018-06-01 14:05:55.291000,1.09678,1.09674,1390000,1500000
2018-06-01 14:05:55.343000,1.09679,1.09677,2700000,1000000
2018-06-01 14:05:55.602000,1.0968,1.09677,1250000,3070000
2018-06-01 14:05:56.139000,1.0968,1.09677,1190000,2320000
2018-06-01 14:05:57.113000,1.0968,1.09677,1250000,2320000
2018-06-01 14:06:02.714000,1.0968,1.09676,2660000,1010000
2018-06-01 14:06:03.250000,1.09679,1.09677,1250000,1200000
2018-06-01 14:06:03.304000,1.09677,1.09675,2250000,1000000
2018-06-01 14:06:03.453000,1.09676,1.09672,2620000,1320000
2018-06-01 14:06:03.723000,1.09676,1.09671,4200000,1390000
2018-06-01 14:06:03.881000,1.09676,1.09673,1120000,1000000
2018-06-01 14:06:04.272000,1.09675,1.09672,1190000,1950000
2018-06-01 14:06:05.052000,1.09677,1.09671,4540000,4390000
2018-06-01 14:06:05.582000,1.09675,1.09672,1610000,1120000
2018-06-01 14:06:06.959000,1.09675,1.09671,3790000,1200000
2018-06-01 14:06:07.145000,1.09673,1.09668,1120000,3260000
2018-06-01 14:06:07.732000,1.09675,1.09671,2440000,2620000
2018-06-01 14:06:08.053000,1.09676,1.09672,2100000,1200000
2018-06-01 14:06:08.555000,1.09676,1.09672,2100000,1950000
2018-06-01 14:06:08.866000,1.09676,1.09672,5440000,1200000
2018-06-01 14:06:09.396000,1.09675,1.09671,1410000,2700000
2018-06-01 14:06:11.215000,1.09674,1.0967,2810000,3640000
2018-06-01 14:06:11.454000,1.0967,1.09666,2440000,1950000
2018-06-01 14:06:11.715000,1.0967,1.09667,1000000,2320000
2018-06-01 14:06:11.766000,1.09672,1.09668,4310000,1200000
2018-06-01 14:06:13.218000,1.09672,1.09669,1300000,1000000
2018-06-01 14:06:13.322000,1.09674,1.09669,5550000,2320000
2018-06-01 14:06:14.007000,1.09673,1.09668,1000000,5140000
2018-06-01 14:06:14.368000,1.09672,1.09668,1310000,1950000
2018-06-01 14:06:14.892000,1.0967,1.09666,1690000,3450000
2018-06-01 14:06:15.405000,1.0967,1.09666,2890000,1570000
2018-06-01 14:06:16.733000,1.0967,1.09666,1950000,3260000
2018-06-01 14:06:17.294000,1.0967,1.09666,2510000,1950000
2018-06-01 14:06:17.892000,1.0967,1.09666,1570000,1950000
2018-06-01 14:06:18.478000,1.0967,1.09666,3410000,1200000
2018-06-01 14:06:18.890000,1.09668,1.09664,3560000,5700000
2018-06-01 14:06:19.405000,1.09667,1.09662,3790000,1200000
2018-06-01 14:06:19.950000,1.09667,1.09662,4610000,1200000
2018-06-01 14:06:21.338000,1.09664,1.09661,1000000,1950000
2018-06-01 14:06:21.445000,1.09664,1.0966,3560000,1200000
2018-06-01 14:06:22.627000,1.09664,1.09659,7610000,3260000
2018-06-01 14:06:23.149000,1.09664,1.09659,2740000,3860000
2018-06-01 14:06:23.861000,1.09663,1.09659,1120000,1200000
2018-06-01 14:06:24.390000,1.09664,1.09659,4010000,2700000
2018-06-01 14:06:24.704000,1.09662,1.09659,2810000,1100000
2018-06-01 14:06:25.013000,1.09658,1.09656,1500000,1200000
2018-06-01 14:06:25.150000,1.09658,1.09654,2470000,1570000
2018-06-01 14:06:25.664000,1.09658,1.09654,2850000,1200000
2018-06-01 14:06:26.211000,1.09658,1.09654,2850000,3790000
2018-06-01 14:06:26.729000,1.09658,1.09653,5440000,2320000
2018-06-01 14:06:26.937000,1.09656,1.09652,1000000,3450000
2018-06-01 14:06:27.480000,1.09657,1.09652,1910000,3450000
2018-06-01 14:06:28.864000,1.09657,1.09652,1350000,6490000
2018-06-01 14:06:29.396000,1.09656,1.09652,5060000,1950000
2018-06-01 14:06:29.502000,1.09658,1.09655,3190000,1300000
2018-06-01 14:06:31.178000,1.09661,1.09656,4610000,1870000
2018-06-01 14:06:31.695000,1.09658,1.09655,1000000,1990000
2018-06-01 14:06:31.956000,1.09658,1.09654,3940000,1200000
2018-06-01 14:06:32.105000,1.0966,1.09657,4610000,1870000
2018-06-01 14:06:32.158000,1.09661,1.09658,1190000,2320000
2018-06-01 14:06:32.314000,1.09664,1.09659,3040000,3820000
2018-06-01 14:06:32.833000,1.09664,1.09659,2850000,5510000
2018-06-01 14:06:33.308000,1.09665,1.09663,1910000,1500000
2018-06-01 14:06:33.413000,1.09667,1.09663,2060000,1570000
2018-06-01 14:06:33.551000,1.09665,1.09663,1000000,1500000
2018-06-01 14:06:33.866000,1.09669,1.09664,4690000,4800000
2018-06-01 14:06:34.421000,1.0967,1.09665,1610000,5360000
2018-06-01 14:06:34.935000,1.09669,1.09665,1610000,1500000
2018-06-01 14:06:35.449000,1.09668,1.09665,1000000,1500000
2018-06-01 14:06:35.836000,1.09668,1.09664,1310000,2700000
2018-06-01 14:06:36.246000,1.09666,1.09664,1000000,1120000
2018-06-01 14:06:36.405000,1.09664,1.0966,1690000,1570000
2018-06-01 14:06:36.951000,1.09663,1.09659,1250000,1570000
2018-06-01 14:06:37.617000,1.0966,1.09658,1190000,1200000
2018-06-01 14:06:37.898000,1.09658,1.09656,1120000,1050000
2018-06-01 14:06:38.159000,1.09658,1.09654,2510000,1390000
2018-06-01 14:06:38.734000,1.09658,1.09654,2320000,1390000
2018-06-01 14:06:39.267000,1.09657,1.09654,1000000,1390000
2018-06-01 14:06:39.772000,1.09658,1.09654,1950000,3190000
2018-06-01 14:06:40.090000,1.09654,1.09651,2440000,1000000
2018-06-01 14:06:40.194000,1.09652,1.09648,2440000,1950000
2018-06-01 14:06:40.350000,1.09652,1.09651,1500000,1350000
2018-06-01 14:06:40.553000,1.09652,1.09648,1690000,1570000
2018-06-01 14:06:41.074000,1.09651,1.09647,1000000,1450000
2018-06-01 14:06:42.136000,1.0965,1.09646,3940000,1570000
2018-06-01 14:06:42.241000,1.09652,1.09647,4010000,1500000
2018-06-01 14:06:42.464000,1.09649,1.09646,1690000,4200000
2018-06-01 14:06:42.727000,1.09646,1.09642,3000000,1570000
2018-06-01 14:06:42.834000,1.09645,1.09641,1500000,1570000
2018-06-01 14:06:43.044000,1.09646,1.09641,3370000,2890000
2018-06-01 14:06:43.353000,1.09648,1.09645,1070000,1690000
2018-06-01 14:06:43.457000,1.0965,1.09647,1000000,1120000
2018-06-01 14:06:43.699000,1.09652,1.09647,5140000,2170000
2018-06-01 14:06:45.492000,1.09652,1.09648,1050000,3860000
2018-06-01 14:06:47.788000,1.09652,1.09648,1550000,1570000
2018-06-01 14:06:48.170000,1.09652,1.09651,1050000,1120000
2018-06-01 14:06:48.274000,1.09657,1.09652,2440000,13720000
2018-06-01 14:06:48.328000,1.09658,1.09653,1870000,3790000
2018-06-01 14:06:48.869000,1.09658,1.09654,2920000,1570000
2018-06-01 14:06:49.233000,1.09664,1.09662,1250000,1500000
2018-06-01 14:06:49.337000,1.09666,1.09661,1310000,8550000
2018-06-01 14:06:49.391000,1.09664,1.09663,1000000,1100000
2018-06-01 14:06:49.546000,1.09664,1.09661,1160000,3670000
2018-06-01 14:06:54.961000,1.09665,1.09663,1000000,1500000
2018-06-01 14:06:55.013000,1.09668,1.09663,2620000,5740000
2018-06-01 14:06:55.528000,1.09667,1.09663,1690000,1950000
2018-06-01 14:06:55.935000,1.09665,1.09662,1190000,1570000
2018-06-01 14:06:56.492000,1.09662,1.0966,1570000,1000000
2018-06-01 14:06:56.573000,1.09661,1.09657,1760000,2920000
2018-06-01 14:06:56.628000,1.09668,1.09663,2890000,5360000
2018-06-01 14:06:56.732000,1.09669,1.09665,1390000,1690000
2018-06-01 14:07:00.195000,1.09669,1.09665,1050000,2140000
2018-06-01 14:07:00.249000,1.09675,1.09671,2060000,1300000
2018-06-01 14:07:00.772000,1.09674,1.0967,1310000,3260000
2018-06-01 14:07:01.291000,1.09674,1.0967,2740000,2250000
2018-06-01 14:07:01.852000,1.09674,1.09671,1760000,1120000
2018-06-01 14:07:02.272000,1.09677,1.09676,1870000,1120000
2018-06-01 14:07:02.370000,1.0968,1.09676,3190000,1120000
2018-06-01 14:07:02.576000,1.09678,1.09675,1190000,1570000
2018-06-01 14:07:02.680000,1.09677,1.09673,1120000,1950000
2018-06-01 14:07:02.785000,1.09677,1.09676,1000000,1120000
2018-06-01 14:07:02.837000,1.09679,1.09676,1010000,1120000
2018-06-01 14:07:03.175000,1.09677,1.09674,1000000,1950000
2018-06-01 14:07:03.487000,1.0968,1.09677,1310000,1200000
2018-06-01 14:07:03.995000,1.09679,1.09676,1690000,1200000
2018-06-01 14:07:04.309000,1.09676,1.09674,1000000,3000000
2018-06-01 14:07:04.856000,1.09676,1.09672,3640000,2250000
2018-06-01 14:07:05.693000,1.09676,1.09673,1500000,1500000
2018-06-01 14:07:07.260000,1.09676,1.09673,3560000,1000000
2018-06-01 14:07:07.779000,1.09676,1.09671,4390000,2320000
2018-06-01 14:07:07.840000,1.09673,1.0967,1190000,8320000
2018-06-01 14:07:08.050000,1.09667,1.09664,1490000,1120000
2018-06-01 14:07:08.102000,1.09665,1.09663,1310000,1000000
2018-06-01 14:07:08.154000,1.09664,1.0966,1250000,1570000
2018-06-01 14:07:08.206000,1.09662,1.09659,1000000,1500000
2018-06-01 14:07:08.323000,1.09661,1.09658,1000000,1200000
2018-06-01 14:07:08.388000,1.0966,1.09657,3940000,1200000
2018-06-01 14:07:08.874000,1.09657,1.09653,1120000,3450000
2018-06-01 14:07:09.387000,1.09657,1.09653,1120000,1200000
2018-06-01 14:07:10.486000,1.09657,1.09653,2140000,1120000
2018-06-01 14:07:10.537000,1.09656,1.09652,1190000,1570000
2018-06-01 14:07:10.697000,1.09657,1.09652,1760000,3070000
2018-06-01 14:07:11.011000,1.09658,1.09654,1870000,2890000
2018-06-01 14:07:11.705000,1.09659,1.09657,1100000,1500000
2018-06-01 14:07:12.230000,1.0966,1.09655,1690000,5510000
2018-06-01 14:07:15.118000,1.09661,1.09656,2890000,1570000
2018-06-01 14:07:15.439000,1.09658,1.09654,1000000,4010000
2018-06-01 14:07:15.757000,1.09658,1.09655,1000000,4010000
2018-06-01 14:07:16.079000,1.09662,1.09658,5890000,1500000
2018-06-01 14:07:16.612000,1.09662,1.09658,6040000,1200000
2018-06-01 14:07:16.922000,1.09664,1.09659,3260000,3000000
2018-06-01 14:07:17.695000,1.09664,1.09659,2810000,3070000
2018-06-01 14:07:18.196000,1.09664,1.09659,3260000,2320000
2018-06-01 14:07:18.782000,1.09664,1.09661,2620000,1200000
2018-06-01 14:07:19.723000,1.09664,1.09659,3560000,1570000
2018-06-01 14:07:20.795000,1.09662,1.09658,4310000,2320000
2018-06-01 14:07:20.849000,1.09662,1.09657,6260000,3640000
2018-06-01 14:07:20.954000,1.09662,1.09658,1100000,2250000
2018-06-01 14:07:21.466000,1.09663,1.0966,1120000,1870000
2018-06-01 14:07:22.075000,1.09664,1.0966,4010000,1870000
2018-06-01 14:07:22.595000,1.09661,1.09658,1500000,2320000
2018-06-01 14:07:22.915000,1.0966,1.09656,2440000,3070000
2018-06-01 14:07:23.377000,1.09661,1.09657,1690000,1570000
2018-06-01 14:07:23.608000,1.09664,1.0966,7010000,1500000
2018-06-01 14:07:24.123000,1.09664,1.0966,4010000,1120000
2018-06-01 14:07:24.666000,1.09664,1.0966,4200000,1120000
2018-06-01 14:07:25.193000,1.09662,1.09658,1500000,2890000
2018-06-01 14:07:25.646000,1.09659,1.09657,1000000,1200000
2018-06-01 14:07:26.228000,1.09658,1.09655,1000000,4010000
2018-06-01 14:07:27.071000,1.09662,1.09659,4500000,1120000
2018-06-01 14:07:27.179000,1.09664,1.09663,1120000,1000000
2018-06-01 14:07:27.288000,1.09667,1.09663,1100000,3190000
2018-06-01 14:07:27.617000,1.0967,1.09666,2810000,3260000
2018-06-01 14:07:29.134000,1.0967,1.09666,4690000,1390000
2018-06-01 14:07:29.682000,1.0967,1.09667,2440000,1000000
2018-06-01 14:07:30.495000,1.0967,1.09666,2440000,2140000
2018-06-01 14:07:31.023000,1.0967,1.09667,1690000,1120000
2018-06-01 14:07:31.507000,1.0967,1.09668,1000000,3560000
2018-06-01 14:07:31.612000,1.09674,1.0967,1200000,2440000
2018-06-01 14:07:32.162000,1.09675,1.09671,1390000,1690000
2018-06-01 14:07:32.734000,1.09674,1.0967,2250000,3070000
2018-06-01 14:07:33.197000,1.09673,1.09668,2250000,1760000
2018-06-01 14:07:33.249000,1.09671,1.09668,1500000,1760000
2018-06-01 14:07:33.511000,1.0967,1.09666,1690000,1760000
2018-06-01 14:07:33.666000,1.09668,1.09665,1000000,4760000
2018-06-01 14:07:33.975000,1.09664,1.09661,1000000,1010000
2018-06-01 14:07:34.395000,1.09666,1.09664,1070000,1120000
2018-06-01 14:07:34.553000,1.09664,1.09662,1000000,1120000
2018-06-01 14:07:35.066000,1.09666,1.09662,2140000,1500000
2018-06-01 14:07:35.228000,1.09668,1.09663,4950000,2510000
2018-06-01 14:07:35.758000,1.09668,1.09664,1100000,1690000
2018-06-01 14:07:36.248000,1.09666,1.09663,3000000,1760000
2018-06-01 14:07:36.767000,1.09667,1.09663,3820000,1120000
2018-06-01 14:07:37.084000,1.09669,1.09665,1100000,2060000
2018-06-01 14:07:37.568000,1.09668,1.09664,2700000,1120000
2018-06-01 14:07:38.045000,1.09664,1.09661,1000000,4390000
2018-06-01 14:07:39.648000,1.09665,1.0966,2890000,4010000
2018-06-01 14:07:40.160000,1.09664,1.0966,2140000,3940000
2018-06-01 14:07:44.255000,1.09666,1.09662,1450000,1690000
2018-06-01 14:07:44.359000,1.09667,1.09662,1950000,2440000
2018-06-01 14:07:44.465000,1.09664,1.09661,1000000,1560000
2018-06-01 14:07:45.017000,1.09666,1.09661,2140000,7010000
2018-06-01 14:07:45.410000,1.09666,1.09664,1950000,1000000
2018-06-01 14:07:45.465000,1.09669,1.09665,3450000,1120000
2018-06-01 14:07:46.230000,1.09669,1.09665,1800000,1120000
2018-06-01 14:07:46.744000,1.09668,1.09664,1100000,2060000
2018-06-01 14:07:50.014000,1.09669,1.09664,4950000,1690000
2018-06-01 14:07:50.757000,1.09669,1.09664,6640000,2440000
2018-06-01 14:07:51.282000,1.09666,1.09663,2250000,2440000
2018-06-01 14:07:51.620000,1.09664,1.09661,1000000,2440000
2018-06-01 14:07:52.147000,1.09665,1.09661,1100000,3940000
2018-06-01 14:07:52.743000,1.09664,1.09661,1100000,2060000
2018-06-01 14:07:53.752000,1.09664,1.09661,1070000,1560000
2018-06-01 14:07:54.278000,1.09664,1.09661,1100000,1560000
2018-06-01 14:07:57.242000,1.09664,1.0966,1070000,4160000
2018-06-01 14:07:57.784000,1.09664,1.0966,1100000,4160000
2018-06-01 14:07:59.195000,1.09664,1.0966,1010000,3410000
2018-06-01 14:07:59.719000,1.09664,1.0966,1200000,4160000
2018-06-01 14:08:03.888000,1.09664,1.0966,3070000,4540000
2018-06-01 14:08:04.320000,1.09666,1.09663,1310000,3000000
2018-06-01 14:08:04.949000,1.09664,1.09661,1100000,2440000
2018-06-01 14:08:06.105000,1.09666,1.09662,2140000,1690000
2018-06-01 14:08:07.879000,1.09665,1.09662,1390000,1500000
2018-06-01 14:08:07.932000,1.09664,1.09661,1200000,1690000
2018-06-01 14:08:08.537000,1.09664,1.0966,2320000,3410000
2018-06-01 14:08:09.078000,1.09663,1.0966,1100000,2660000
2018-06-01 14:08:09.970000,1.09663,1.0966,1100000,3410000
2018-06-01 14:08:10.582000,1.09663,1.0966,1100000,2660000
2018-06-01 14:08:11.097000,1.09664,1.0966,2510000,2660000
2018-06-01 14:08:11.637000,1.09663,1.0966,1100000,2660000
2018-06-01 14:08:13.199000,1.09663,1.0966,1100000,3410000
2018-06-01 14:08:14.320000,1.09664,1.09661,2320000,1310000
2018-06-01 14:08:18.086000,1.09664,1.0966,1320000,4540000
2018-06-01 14:08:18.845000,1.09664,1.0966,2510000,2470000
2018-06-01 14:08:19.005000,1.09661,1.09658,3190000,1700000
2018-06-01 14:08:19.062000,1.09662,1.09657,7200000,1690000
2018-06-01 14:08:19.700000,1.09659,1.09656,1000000,4390000
2018-06-01 14:08:20.214000,1.09658,1.09655,1570000,1090000
2018-06-01 14:08:20.747000,1.09658,1.09655,1100000,1760000
2018-06-01 14:08:22.840000,1.09659,1.09656,1950000,1250000
2018-06-01 14:08:23.386000,1.0966,1.09656,2320000,3560000
2018-06-01 14:08:24.889000,1.0966,1.09656,1760000,2440000
2018-06-01 14:08:25.393000,1.0966,1.09656,3260000,2440000
2018-06-01 14:08:26.333000,1.09659,1.09656,1950000,1690000
2018-06-01 14:08:26.385000,1.09658,1.09654,6560000,1570000
2018-06-01 14:08:26.442000,1.09655,1.09654,1000000,1100000
2018-06-01 14:08:26.497000,1.09655,1.09651,3000000,2810000
2018-06-01 14:08:27.037000,1.09655,1.09651,1070000,2060000
2018-06-01 14:08:27.397000,1.09652,1.09651,1000000,1310000
2018-06-01 14:08:27.860000,1.09654,1.09651,1100000,2810000
2018-06-01 14:08:27.964000,1.09652,1.09651,1000000,2810000
2018-06-01 14:08:28.394000,1.09651,1.09649,1000000,3810000
2018-06-01 14:08:28.550000,1.09652,1.09649,1000000,3060000
2018-06-01 14:08:29.081000,1.09652,1.09649,2320000,1690000
2018-06-01 14:08:29.390000,1.09649,1.09648,1000000,1000000
2018-06-01 14:08:29.493000,1.09647,1.09645,1000000,3190000
2018-06-01 14:08:30.026000,1.09646,1.09644,1000000,2060000
2018-06-01 14:08:30.235000,1.09643,1.0964,1000000,2440000
2018-06-01 14:08:31.039000,1.09643,1.0964,1200000,1690000
2018-06-01 14:08:31.564000,1.09643,1.0964,1200000,1690000
2018-06-01 14:08:33.970000,1.09645,1.09642,3450000,1310000
2018-06-01 14:08:34.324000,1.09649,1.09646,1690000,1500000
2018-06-01 14:08:34.794000,1.09652,1.09647,5440000,4120000
2018-06-01 14:08:35.637000,1.09651,1.09647,1000000,3560000
2018-06-01 14:08:35.856000,1.09649,1.09647,1000000,3560000
2018-06-01 14:08:36.723000,1.09652,1.09647,4570000,6190000
2018-06-01 14:08:36.881000,1.09652,1.0965,2320000,1050000
2018-06-01 14:08:37.424000,1.09655,1.09652,1570000,2060000
2018-06-01 14:08:37.531000,1.09656,1.09652,1100000,2060000
2018-06-01 14:08:38.049000,1.09657,1.09653,1950000,1500000
2018-06-01 14:08:38.911000,1.09655,1.09653,1250000,1120000
2018-06-01 14:08:39.419000,1.09656,1.09652,1100000,3560000
2018-06-01 14:08:40.828000,1.09656,1.09652,1070000,2810000
2018-06-01 14:08:41.350000,1.09656,1.09652,1050000,3560000
2018-06-01 14:08:41.864000,1.09657,1.09653,1570000,3940000
2018-06-01 14:08:42.508000,1.09657,1.09653,1070000,2250000
2018-06-01 14:08:44.005000,1.09658,1.09656,1100000,1120000
2018-06-01 14:08:44.534000,1.09658,1.09654,4200000,1370000
2018-06-01 14:08:45.885000,1.09658,1.09655,3070000,1090000
2018-06-01 14:08:47.155000,1.09658,1.09653,5890000,1750000
2018-06-01 14:08:49.189000,1.09657,1.09652,1000000,5510000
2018-06-01 14:08:50.158000,1.09658,1.09652,6110000,5510000
2018-06-01 14:08:50.697000,1.09657,1.09652,1100000,5510000
2018-06-01 14:08:51.642000,1.09656,1.09652,1000000,5320000
2018-06-01 14:08:52.182000,1.09657,1.09652,1100000,5510000
2018-06-01 14:08:53.850000,1.09657,1.09653,1500000,1760000
2018-06-01 14:08:54.412000,1.09658,1.09655,2250000,1840000
2018-06-01 14:08:54.913000,1.09658,1.09655,2250000,1460000
2018-06-01 14:08:55.071000,1.09662,1.09658,1570000,7310000
2018-06-01 14:08:55.585000,1.09663,1.09659,1120000,1200000
2018-06-01 14:08:56.303000,1.09662,1.09658,1000000,9190000
2018-06-01 14:08:56.355000,1.09658,1.09656,1000000,2300000
2018-06-01 14:08:56.859000,1.09658,1.09654,2250000,1950000
2018-06-01 14:08:58.062000,1.09658,1.09654,2140000,1120000
2018-06-01 14:08:58.586000,1.09658,1.09654,2320000,3190000
2018-06-01 14:08:59.123000,1.0966,1.09657,1420000,1310000
2018-06-01 14:08:59.177000,1.09661,1.09658,1100000,1120000
2018-06-01 14:09:00.772000,1.09661,1.09657,5320000,1120000
2018-06-01 14:09:00.826000,1.0966,1.09657,4690000,1000000
2018-06-01 14:09:00.932000,1.09658,1.09655,1000000,2660000
2018-06-01 14:09:01.163000,1.09661,1.09657,2700000,6940000
2018-06-01 14:09:01.429000,1.09665,1.09662,1100000,2620000
2018-06-01 14:09:01.614000,1.09663,1.09659,1100000,2060000
2018-06-01 14:09:02.145000,1.09666,1.09662,2890000,1870000
2018-06-01 14:09:02.683000,1.09666,1.09661,3820000,2440000
2018-06-01 14:09:04.235000,1.09664,1.09661,1000000,1390000
2018-06-01 14:09:04.341000,1.09663,1.09659,2510000,1120000
2018-06-01 14:09:04.843000,1.09662,1.09658,1100000,3370000
2018-06-01 14:09:05.357000,1.09662,1.09658,3450000,1500000
2018-06-01 14:09:05.902000,1.09662,1.09658,1100000,2620000
2018-06-01 14:09:06.889000,1.09661,1.09658,1000000,1500000
2018-06-01 14:09:07.303000,1.0966,1.09656,3000000,1570000
2018-06-01 14:09:07.584000,1.09658,1.09655,2510000,1120000
2018-06-01 14:09:07.896000,1.09656,1.09652,1250000,3820000
2018-06-01 14:09:08.629000,1.09655,1.09652,1250000,1870000
2018-06-01 14:09:08.839000,1.09652,1.0965,1120000,1000000
2018-06-01 14:09:09.107000,1.09652,1.09647,4200000,4760000
2018-06-01 14:09:09.656000,1.09652,1.09647,4200000,4690000
2018-06-01 14:09:10.784000,1.09652,1.0965,1500000,3190000
2018-06-01 14:09:10.838000,1.09655,1.09651,3640000,3000000
2018-06-01 14:09:11.238000,1.09654,1.0965,1310000,7050000
2018-06-01 14:09:11.809000,1.09653,1.09648,3640000,3340000
2018-06-01 14:09:12.133000,1.0965,1.09648,1000000,2510000
2018-06-01 14:09:12.665000,1.09651,1.09648,1370000,1690000
2018-06-01 14:09:12.908000,1.09644,1.0964,2510000,1310000
2018-06-01 14:09:13.427000,1.09645,1.0964,1950000,3640000
2018-06-01 14:09:13.733000,1.09647,1.09643,2510000,2250000
2018-06-01 14:09:14.044000,1.09649,1.09645,2140000,1310000
2018-06-01 14:09:14.381000,1.0965,1.09648,1000000,1500000
2018-06-01 14:09:14.486000,1.09652,1.09647,2440000,2700000
2018-06-01 14:09:14.647000,1.0965,1.09646,1190000,1570000
2018-06-01 14:09:14.702000,1.09651,1.09646,6260000,1950000
2018-06-01 14:09:15.208000,1.09651,1.0965,1760000,1310000
2018-06-01 14:09:15.263000,1.09654,1.0965,3260000,4310000
2018-06-01 14:09:15.337000,1.09653,1.09648,3940000,1570000
2018-06-01 14:09:15.847000,1.09652,1.09647,4570000,1760000
2018-06-01 14:09:16.456000,1.09651,1.09647,1500000,4990000
2018-06-01 14:09:16.765000,1.09649,1.09645,1250000,1760000
2018-06-01 14:09:17.297000,1.0965,1.09646,1500000,1200000
2018-06-01 14:09:18.728000,1.09652,1.09649,1100000,2440000
2018-06-01 14:09:19.041000,1.09651,1.09646,1070000,2810000
2018-06-01 14:09:19.485000,1.09649,1.09646,1120000,1100000
2018-06-01 14:09:20.070000,1.09649,1.09645,2890000,2620000
2018-06-01 14:09:20.665000,1.09647,1.09643,1200000,2250000
2018-06-01 14:09:21.196000,1.09647,1.09642,3640000,2250000
2018-06-01 14:09:21.710000,1.09647,1.09643,3640000,1000000
2018-06-01 14:09:21.980000,1.09648,1.09644,1570000,1310000
2018-06-01 14:09:22.357000,1.09646,1.09644,1500000,1690000
2018-06-01 14:09:22.411000,1.09647,1.09643,1000000,3640000
2018-06-01 14:09:22.583000,1.09646,1.09641,2320000,3640000
2018-06-01 14:09:22.635000,1.09645,1.09641,1870000,1570000
2018-06-01 14:09:22.843000,1.09643,1.0964,1000000,1250000
2018-06-01 14:09:23.003000,1.09639,1.09635,1310000,1540000
2018-06-01 14:09:23.543000,1.09639,1.09635,1200000,3370000
2018-06-01 14:09:23.972000,1.0964,1.09638,2510000,1000000
2018-06-01 14:09:24.080000,1.09639,1.09634,1390000,4990000
2018-06-01 14:09:25.035000,1.09639,1.09635,4200000,2470000
2018-06-01 14:09:25.580000,1.0964,1.09635,5510000,2100000
2018-06-01 14:09:26.266000,1.09639,1.09635,1390000,1050000
2018-06-01 14:09:26.370000,1.0964,1.09636,3820000,2250000
2018-06-01 14:09:26.877000,1.0964,1.09636,4390000,1000000
2018-06-01 14:09:27.274000,1.0964,1.09637,1100000,2060000
2018-06-01 14:09:27.384000,1.09642,1.09638,1200000,3560000
2018-06-01 14:09:27.700000,1.09645,1.09641,4010000,1000000
2018-06-01 14:09:28.236000,1.09644,1.0964,1760000,2440000
2018-06-01 14:09:28.901000,1.09644,1.09641,2890000,1000000
2018-06-01 14:09:29.012000,1.09645,1.09641,1950000,1000000
2018-06-01 14:09:29.808000,1.09645,1.09641,5340000,1000000
2018-06-01 14:09:30.667000,1.09645,1.0964,1950000,4690000
2018-06-01 14:09:31.190000,1.09644,1.0964,1000000,4200000
2018-06-01 14:09:31.740000,1.09644,1.0964,1570000,1870000
2018-06-01 14:09:32.268000,1.09646,1.09643,2320000,1000000
2018-06-01 14:09:32.371000,1.09648,1.09643,5320000,3190000
2018-06-01 14:09:32.679000,1.0965,1.09646,1500000,1200000
2018-06-01 14:09:33.226000,1.09649,1.09646,1690000,1000000
2018-06-01 14:09:33.736000,1.09646,1.09643,1690000,4200000
2018-06-01 14:09:34.286000,1.09646,1.09643,1200000,2440000
2018-06-01 14:09:34.879000,1.09646,1.09643,1120000,2440000
2018-06-01 14:09:34.931000,1.09645,1.09642,2000000,1500000
2018-06-01 14:09:35.036000,1.09641,1.09638,1500000,3640000
2018-06-01 14:09:35.580000,1.09643,1.09638,1950000,5810000
2018-06-01 14:09:36.322000,1.09644,1.0964,2320000,2060000
2018-06-01 14:09:36.374000,1.09645,1.0964,3820000,8890000
2018-06-01 14:09:36.912000,1.09645,1.0964,1200000,11510000
2018-06-01 14:09:37.414000,1.09646,1.09641,4370000,2060000
2018-06-01 14:09:37.787000,1.09645,1.0964,4010000,1310000
2018-06-01 14:09:37.992000,1.09641,1.09639,1000000,4760000
2018-06-01 14:09:38.100000,1.09641,1.09637,1010000,1250000
2018-06-01 14:09:38.152000,1.09637,1.09635,1500000,2140000
2018-06-01 14:09:38.204000,1.09636,1.09633,1000000,4950000
2018-06-01 14:09:38.257000,1.09634,1.09633,1500000,1000000
2018-06-01 14:09:38.440000,1.09634,1.0963,5140000,1250000
2018-06-01 14:09:38.546000,1.09635,1.09631,1390000,1000000
2018-06-01 14:09:38.751000,1.09636,1.09632,2140000,1120000
2018-06-01 14:09:39.161000,1.09638,1.09634,1760000,1000000
2018-06-01 14:09:39.572000,1.09634,1.0963,5660000,1390000
2018-06-01 14:09:39.881000,1.09636,1.09632,1950000,2440000
2018-06-01 14:09:40.384000,1.09638,1.09633,3450000,1310000
2018-06-01 14:09:40.896000,1.09637,1.09632,4010000,1500000
2018-06-01 14:09:41.283000,1.09633,1.09629,1120000,1760000
2018-06-01 14:09:41.817000,1.09633,1.09629,1850000,1000000
2018-06-01 14:09:41.922000,1.09632,1.09627,1850000,2140000
2018-06-01 14:09:42.341000,1.09629,1.09626,1750000,1390000
2018-06-01 14:09:42.397000,1.09628,1.09625,1120000,2140000
2018-06-01 14:09:42.451000,1.09626,1.09625,1120000,1690000
2018-06-01 14:09:42.721000,1.09625,1.09622,1120000,1690000
2018-06-01 14:09:43.118000,1.09624,1.0962,1310000,4160000
2018-06-01 14:09:43.171000,1.09623,1.0962,1500000,4540000
2018-06-01 14:09:43.628000,1.09621,1.09618,1120000,2810000
2018-06-01 14:09:43.783000,1.09623,1.0962,1570000,1250000
2018-06-01 14:09:44.092000,1.09625,1.09622,1500000,1250000
2018-06-01 14:09:44.454000,1.09621,1.0962,1000000,4570000
2018-06-01 14:09:44.632000,1.09624,1.09621,1870000,1120000
2018-06-01 14:09:44.842000,1.09626,1.09624,1120000,1000000
2018-06-01 14:09:45.148000,1.09628,1.09626,1500000,1000000
2018-06-01 14:09:45.355000,1.09626,1.09623,1120000,1010000
2018-06-01 14:09:45.619000,1.09624,1.09621,1000000,4010000
2018-06-01 14:09:46.151000,1.09624,1.0962,1500000,5510000
2018-06-01 14:09:46.734000,1.09624,1.0962,1570000,3560000
2018-06-01 14:09:48.653000,1.09624,1.09621,1950000,1250000
2018-06-01 14:09:49.414000,1.09622,1.09619,1000000,2810000
2018-06-01 14:09:50.532000,1.09623,1.09621,2700000,1690000
2018-06-01 14:09:51.062000,1.09624,1.09621,1950000,1310000
2018-06-01 14:09:51.375000,1.09625,1.09623,1950000,1500000
2018-06-01 14:09:51.653000,1.09624,1.09621,1000000,3190000
2018-06-01 14:09:52.176000,1.09624,1.09622,1100000,1000000
2018-06-01 14:09:52.918000,1.09624,1.09621,1000000,1570000
2018-06-01 14:09:52.974000,1.09623,1.0962,1500000,1250000
2018-06-01 14:09:54.542000,1.09624,1.09619,3260000,4310000
2018-06-01 14:09:54.857000,1.09626,1.09624,1000000,2440000
2018-06-01 14:09:55.264000,1.09625,1.09623,1120000,1570000
2018-06-01 14:09:55.781000,1.09624,1.09621,1120000,1390000
2018-06-01 14:09:56.368000,1.09623,1.09619,1120000,2140000
2018-06-01 14:09:56.420000,1.09623,1.09619,1390000,1310000
2018-06-01 14:09:56.789000,1.09621,1.09618,1000000,5140000
2018-06-01 14:09:57.297000,1.09622,1.09619,1000000,2810000
2018-06-01 14:09:57.810000,1.09622,1.09618,1570000,5060000
2018-06-01 14:09:58.350000,1.09621,1.09618,1000000,5060000
2018-06-01 14:09:58.791000,1.09622,1.09619,1100000,1310000
2018-06-01 14:09:59.304000,1.09623,1.09619,1950000,3560000
2018-06-01 14:09:59.846000,1.09622,1.09619,1000000,2890000
2018-06-01 14:10:00.430000,1.09622,1.0962,1000000,1690000
2018-06-01 14:10:00.846000,1.0962,1.09619,1000000,1250000
2018-06-01 14:10:01.364000,1.09621,1.09618,1110000,3560000
2018-06-01 14:10:01.791000,1.09622,1.0962,1100000,1000000
2018-06-01 14:10:01.845000,1.0962,1.09618,1000000,3560000
2018-06-01 14:10:02.003000,1.09621,1.09618,1000000,5060000
2018-06-01 14:10:02.207000,1.09622,1.09618,1500000,5140000
2018-06-01 14:10:02.412000,1.09622,1.09618,1690000,4390000
2018-06-01 14:10:02.464000,1.09622,1.09618,2250000,5140000
2018-06-01 14:10:03.077000,1.09622,1.09619,1000000,2060000
2018-06-01 14:10:03.336000,1.09624,1.0962,1200000,3940000
2018-06-01 14:10:03.831000,1.09626,1.09624,1200000,1000000
2018-06-01 14:10:04.039000,1.09629,1.09625,1750000,2510000
2018-06-01 14:10:04.565000,1.09626,1.09623,1500000,4570000
2018-06-01 14:10:04.774000,1.09626,1.09622,1500000,1950000
2018-06-01 14:10:05.766000,1.09624,1.09621,1000000,1950000
2018-06-01 14:10:05.818000,1.09622,1.0962,3000000,1700000
2018-06-01 14:10:06.251000,1.09628,1.09624,2700000,2060000
2018-06-01 14:10:06.887000,1.09627,1.09623,3000000,5320000
2018-06-01 14:10:07.402000,1.09626,1.09622,1870000,1570000
2018-06-01 14:10:07.455000,1.09627,1.09625,1000000,1250000
2018-06-01 14:10:07.968000,1.0963,1.09625,4910000,2960000
2018-06-01 14:10:08.225000,1.09628,1.09623,3370000,4010000
2018-06-01 14:10:09.066000,1.09627,1.09624,1120000,1190000
2018-06-01 14:10:09.694000,1.09627,1.09624,1500000,2140000
2018-06-01 14:10:09.748000,1.09629,1.09625,2810000,1250000
2018-06-01 14:10:10.270000,1.0963,1.09626,4390000,1950000
2018-06-01 14:10:10.777000,1.09628,1.09624,2250000,2140000
2018-06-01 14:10:11.065000,1.0963,1.09627,4310000,1100000
2018-06-01 14:10:11.382000,1.0963,1.09627,2440000,1100000
2018-06-01 14:10:11.830000,1.09633,1.0963,2700000,1250000
2018-06-01 14:10:12.375000,1.09633,1.09629,1750000,2140000
2018-06-01 14:10:12.705000,1.09633,1.09629,1120000,4010000
2018-06-01 14:10:13.042000,1.09633,1.09629,2250000,3260000
2018-06-01 14:10:13.774000,1.09633,1.09629,2700000,1000000
2018-06-01 14:10:13.828000,1.09632,1.09628,3000000,2700000
2018-06-01 14:10:13.933000,1.09632,1.09628,2320000,1120000
2018-06-01 14:10:15.067000,1.09627,1.09624,1000000,1690000
2018-06-01 14:10:15.991000,1.09628,1.09624,3260000,1390000
2018-06-01 14:10:16.457000,1.09625,1.0962,3190000,2440000
2018-06-01 14:10:16.562000,1.09622,1.09618,8060000,5440000
2018-06-01 14:10:16.718000,1.0962,1.09619,1690000,1000000
2018-06-01 14:10:17.238000,1.09622,1.0962,1000000,1250000
2018-06-01 14:10:17.420000,1.09624,1.09621,1310000,1120000
2018-06-01 14:10:18.210000,1.09626,1.09621,4390000,1420000
2018-06-01 14:10:18.770000,1.09625,1.09621,1560000,1300000
2018-06-01 14:10:19.085000,1.09622,1.09619,1500000,1050000
2018-06-01 14:10:19.138000,1.09619,1.09616,1000000,1690000
2018-06-01 14:10:19.816000,1.09619,1.09618,1120000,1000000
2018-06-01 14:10:20.024000,1.0962,1.09618,1000000,1190000
2018-06-01 14:10:20.075000,1.09621,1.09617,1120000,3790000
2018-06-01 14:10:20.596000,1.0962,1.09617,1120000,1420000
2018-06-01 14:10:21.099000,1.09619,1.09616,1000000,3110000
2018-06-01 14:10:21.637000,1.09617,1.09615,1120000,1350000
2018-06-01 14:10:21.689000,1.09614,1.09612,1000000,1690000
2018-06-01 14:10:22.025000,1.09617,1.09615,1570000,1690000
2018-06-01 14:10:22.181000,1.09616,1.09614,1000000,4570000
2018-06-01 14:10:22.710000,1.09617,1.09615,1000000,2960000
2018-06-01 14:10:23.100000,1.09611,1.09609,1000000,13570000
2018-06-01 14:10:23.157000,1.09616,1.09613,1570000,1870000
2018-06-01 14:10:23.261000,1.09617,1.09614,1500000,3370000
2018-06-01 14:10:23.611000,1.09617,1.09615,1000000,2360000
2018-06-01 14:10:23.873000,1.0962,1.09618,1100000,1310000
2018-06-01 14:10:24.043000,1.09622,1.09619,1950000,1500000
2018-06-01 14:10:24.301000,1.09621,1.09618,1000000,3260000
2018-06-01 14:10:24.694000,1.0962,1.09617,1000000,2170000
2018-06-01 14:10:24.746000,1.09619,1.09617,1000000,1950000
2018-06-01 14:10:25.274000,1.09618,1.09615,1690000,1300000
2018-06-01 14:10:25.327000,1.09611,1.09608,1750000,2440000
2018-06-01 14:10:25.472000,1.09608,1.09605,1500000,1010000
2018-06-01 14:10:25.525000,1.09611,1.09609,2320000,1000000
2018-06-01 14:10:25.735000,1.09608,1.09605,1120000,5890000
2018-06-01 14:10:25.973000,1.09606,1.09604,1120000,1050000
2018-06-01 14:10:26.526000,1.09605,1.09603,1000000,1120000
2018-06-01 14:10:27.042000,1.09607,1.09603,2320000,2060000
2018-06-01 14:10:27.501000,1.09607,1.09604,1200000,3560000
2018-06-01 14:10:28.020000,1.09606,1.09604,1870000,1000000
2018-06-01 14:10:28.608000,1.09608,1.09603,4160000,1000000
2018-06-01 14:10:28.922000,1.09613,1.09609,2210000,1010000
2018-06-01 14:10:29.472000,1.09613,1.09609,3040000,1540000
2018-06-01 14:10:29.752000,1.09613,1.09608,2510000,5510000
2018-06-01 14:10:30.016000,1.09614,1.0961,4760000,2440000
2018-06-01 14:10:30.123000,1.09615,1.09612,1390000,1000000
2018-06-01 14:10:30.649000,1.09615,1.09611,3260000,1000000
2018-06-01 14:10:30.867000,1.09604,1.09598,1750000,4200000
2018-06-01 14:10:31.075000,1.09603,1.09598,1950000,3190000
2018-06-01 14:10:31.314000,1.09604,1.096,5140000,1000000
2018-06-01 14:10:31.476000,1.09603,1.09598,1760000,1570000
2018-06-01 14:10:31.988000,1.09602,1.09598,1010000,1500000
2018-06-01 14:10:32.535000,1.09603,1.09598,2140000,3370000
2018-06-01 14:10:34.497000,1.09603,1.09599,1010000,1500000
2018-06-01 14:10:35.033000,1.09604,1.09599,5890000,2060000
2018-06-01 14:10:35.472000,1.09606,1.09602,4760000,2250000
2018-06-01 14:10:35.629000,1.09606,1.09602,1120000,1010000
2018-06-01 14:10:37.152000,1.09608,1.09603,2140000,1120000
2018-06-01 14:10:37.206000,1.09609,1.09605,4760000,1250000
2018-06-01 14:10:37.710000,1.0961,1.09605,5140000,3260000
2018-06-01 14:10:38.280000,1.09607,1.09604,3190000,1000000
2018-06-01 14:10:38.644000,1.09606,1.09602,2620000,1100000
2018-06-01 14:10:38.747000,1.09604,1.09601,2810000,1100000
2018-06-01 14:10:39.256000,1.09603,1.09599,1310000,4760000
2018-06-01 14:10:39.855000,1.09603,1.09599,2440000,3640000
2018-06-01 14:10:40.455000,1.09603,1.09599,2320000,3190000
2018-06-01 14:10:40.975000,1.09603,1.09598,3450000,7390000
2018-06-01 14:10:41.027000,1.09603,1.09598,2320000,8140000
2018-06-01 14:10:41.181000,1.09603,1.09598,2510000,7390000
2018-06-01 14:10:41.284000,1.09603,1.09598,2510000,8140000
2018-06-01 14:10:41.808000,1.09603,1.09598,2510000,7390000
2018-06-01 14:10:42.331000,1.09603,1.09598,6070000,6260000
2018-06-01 14:10:42.878000,1.09602,1.09598,1500000,4760000
2018-06-01 14:10:43.406000,1.09602,1.09598,1120000,6640000
2018-06-01 14:10:43.509000,1.09602,1.09598,1310000,5890000
2018-06-01 14:10:43.715000,1.09602,1.09598,1120000,6640000
2018-06-01 14:10:43.989000,1.09602,1.09598,1310000,5890000
2018-06-01 14:10:44.092000,1.09602,1.09598,1120000,6640000
2018-06-01 14:10:44.145000,1.09602,1.09598,1310000,5890000
2018-06-01 14:10:45.036000,1.09602,1.09598,1120000,6640000
2018-06-01 14:10:45.164000,1.09602,1.09598,1310000,5890000
2018-06-01 14:10:45.576000,1.09599,1.09597,1500000,4950000
2018-06-01 14:10:45.680000,1.09598,1.09595,1310000,1570000
2018-06-01 14:10:45.835000,1.09596,1.09592,1310000,2700000
2018-06-01 14:10:46.378000,1.09596,1.09592,1120000,2320000
2018-06-01 14:10:46.430000,1.09597,1.09594,3640000,1500000
2018-06-01 14:10:46.585000,1.096,1.09598,1000000,2440000
2018-06-01 14:10:46.636000,1.09602,1.09598,1120000,8060000
2018-06-01 14:10:48.067000,1.09603,1.09598,3260000,8140000
2018-06-01 14:10:48.607000,1.09603,1.09599,2510000,1690000
2018-06-01 14:10:49.210000,1.09603,1.09598,3260000,8140000
2018-06-01 14:10:49.263000,1.096,1.09598,2250000,3820000
2018-06-01 14:10:49.419000,1.09598,1.09594,1310000,2890000
2018-06-01 14:10:49.522000,1.09598,1.09596,3450000,1000000
2018-06-01 14:10:50.059000,1.09597,1.09595,1950000,1000000
2018-06-01 14:10:50.920000,1.09598,1.09597,1100000,1690000
2018-06-01 14:10:51.202000,1.09602,1.096,2140000,1000000
2018-06-01 14:10:51.569000,1.09601,1.09599,2890000,1500000
2018-06-01 14:10:51.741000,1.096,1.09596,1470000,3190000
2018-06-01 14:10:52.295000,1.09601,1.09598,1000000,1310000
2018-06-01 14:10:52.810000,1.09602,1.096,1100000,1000000
2018-06-01 14:10:53.348000,1.09601,1.096,1270000,1000000
2018-06-01 14:10:54.235000,1.09601,1.09599,3150000,1000000
2018-06-01 14:10:54.287000,1.09599,1.09598,1120000,1000000
2018-06-01 14:10:54.339000,1.09601,1.096,1000000,1250000
2018-06-01 14:10:54.393000,1.09601,1.09598,1070000,1870000
2018-06-01 14:10:54.543000,1.09603,1.09601,2400000,1000000
2018-06-01 14:10:55.291000,1.09602,1.09601,1000000,2060000
2018-06-01 14:10:55.344000,1.09605,1.09603,1500000,1000000
2018-06-01 14:10:55.448000,1.09607,1.09605,4010000,1000000
2018-06-01 14:10:55.963000,1.09607,1.09605,3790000,1000000
2018-06-01 14:10:56.477000,1.09608,1.09605,3490000,1000000
2018-06-01 14:10:56.998000,1.09609,1.09607,3110000,1000000
2018-06-01 14:10:57.368000,1.0961,1.09608,3520000,1310000
2018-06-01 14:10:57.527000,1.09612,1.0961,2470000,1000000
2018-06-01 14:10:57.580000,1.0961,1.09608,1000000,1200000
2018-06-01 14:10:57.738000,1.09607,1.09606,1000000,1690000
2018-06-01 14:10:58.347000,1.09608,1.09605,1000000,4390000
2018-06-01 14:10:58.655000,1.09606,1.09603,1000000,3820000
2018-06-01 14:10:59.203000,1.09604,1.09602,1000000,1950000
2018-06-01 14:10:59.464000,1.09606,1.09604,2100000,1000000
2018-06-01 14:10:59.699000,1.09607,1.09606,1000000,1000000
2018-06-01 14:11:00.249000,1.09606,1.09604,1500000,1870000
2018-06-01 14:11:00.633000,1.0961,1.09607,1720000,1000000
2018-06-01 14:11:00.887000,1.09607,1.09606,1000000,1200000
2018-06-01 14:11:01.255000,1.09607,1.09605,1000000,3370000
2018-06-01 14:11:01.490000,1.09608,1.09606,1000000,2060000
2018-06-01 14:11:02.114000,1.09609,1.09608,1000000,8250000
2018-06-01 14:11:02.325000,1.09612,1.0961,1000000,1200000
2018-06-01 14:11:02.428000,1.09611,1.09609,1000000,1570000
2018-06-01 14:11:02.961000,1.09611,1.09609,1000000,4010000
2018-06-01 14:11:04.240000,1.0961,1.09608,1000000,2250000
2018-06-01 14:11:04.802000,1.09612,1.09608,2700000,1870000
2018-06-01 14:11:05.320000,1.09612,1.09608,2810000,1570000
2018-06-01 14:11:05.865000,1.09613,1.09609,2440000,1470000
2018-06-01 14:11:05.971000,1.09615,1.09612,2510000,1870000
2018-06-01 14:11:06.473000,1.09615,1.09611,1950000,1500000
2018-06-01 14:11:07.020000,1.09614,1.09611,1000000,1000000
2018-06-01 14:11:08.413000,1.09615,1.09612,1200000,1000000
2018-06-01 14:11:08.763000,1.09617,1.09613,1100000,2440000
2018-06-01 14:11:09.207000,1.09615,1.09612,1500000,3070000
2018-06-01 14:11:09.372000,1.09615,1.09611,1500000,2890000
2018-06-01 14:11:10.243000,1.09616,1.09612,2890000,1000000
2018-06-01 14:11:10.784000,1.09616,1.09612,1000000,3070000
2018-06-01 14:11:11.306000,1.09618,1.09614,2700000,1310000
2018-06-01 14:11:11.515000,1.09615,1.09614,1870000,1000000
2018-06-01 14:11:11.652000,1.09614,1.0961,1120000,3450000
2018-06-01 14:11:12.248000,1.09615,1.09611,1950000,1250000
2018-06-01 14:11:12.663000,1.09616,1.09613,1100000,1310000
2018-06-01 14:11:13.204000,1.09617,1.09614,1000000,1870000
2018-06-01 14:11:13.775000,1.09616,1.09613,1000000,1120000
2018-06-01 14:11:14.192000,1.09615,1.09611,1290000,4500000
2018-06-01 14:11:14.701000,1.09615,1.09611,1000000,4010000
2018-06-01 14:11:15.071000,1.09617,1.09613,1000000,8510000
2018-06-01 14:11:15.270000,1.09617,1.09613,1760000,2250000
2018-06-01 14:11:15.477000,1.09615,1.09612,1000000,1500000
2018-06-01 14:11:16.162000,1.09614,1.09611,2320000,1620000
2018-06-01 14:11:20.061000,1.09613,1.0961,1690000,1870000
2018-06-01 14:11:20.496000,1.09609,1.09605,1870000,5890000
2018-06-01 14:11:20.809000,1.09611,1.09606,2510000,5140000
2018-06-01 14:11:21.109000,1.09613,1.09609,2890000,1120000
2018-06-01 14:11:21.639000,1.09613,1.0961,1570000,1120000
2018-06-01 14:11:22.871000,1.09613,1.0961,1000000,1690000
2018-06-01 14:11:24.945000,1.09608,1.09607,1000000,4200000
2018-06-01 14:11:25.960000,1.09607,1.09606,1000000,1500000
2018-06-01 14:11:26.474000,1.09606,1.09605,1000000,1690000
2018-06-01 14:11:27.734000,1.09609,1.09607,1760000,1000000
2018-06-01 14:11:27.958000,1.0961,1.09609,2140000,1120000
2018-06-01 14:11:28.268000,1.09612,1.09611,1000000,1120000
2018-06-01 14:11:28.502000,1.09611,1.09609,1990000,1120000
2018-06-01 14:11:28.606000,1.09613,1.09611,1950000,1000000
2018-06-01 14:11:29.085000,1.09616,1.09613,3450000,1120000
2018-06-01 14:11:29.430000,1.09615,1.09612,3940000,2250000
2018-06-01 14:11:29.536000,1.09613,1.09611,2060000,1500000
2018-06-01 14:11:30.073000,1.09613,1.09611,2140000,1000000
2018-06-01 14:11:30.618000,1.09613,1.09611,2140000,1000000
2018-06-01 14:11:30.839000,1.09613,1.0961,4010000,1500000
2018-06-01 14:11:31.152000,1.09613,1.09612,1010000,1000000
2018-06-01 14:11:31.706000,1.09614,1.09612,2890000,1000000
2018-06-01 14:11:32.243000,1.09614,1.09612,2890000,1000000
2018-06-01 14:11:33.071000,1.09613,1.09611,1190000,1870000
2018-06-01 14:11:33.176000,1.0961,1.09609,1000000,1000000
2018-06-01 14:11:33.384000,1.09609,1.09607,1010000,1000000
2018-06-01 14:11:33.541000,1.0961,1.09609,1570000,10500000
2018-06-01 14:11:33.870000,1.09612,1.0961,2510000,1000000
2018-06-01 14:11:34.389000,1.09612,1.0961,2510000,1000000
2018-06-01 14:11:34.699000,1.09611,1.09608,2140000,1500000
2018-06-01 14:11:35.209000,1.09611,1.09609,1100000,1000000
2018-06-01 14:11:35.262000,1.09611,1.09608,1000000,2510000
2018-06-01 14:11:35.325000,1.09613,1.09611,1010000,1000000
2018-06-01 14:11:35.489000,1.09615,1.09613,3110000,1000000
2018-06-01 14:11:36.122000,1.09614,1.09613,1250000,1000000
2018-06-01 14:11:36.660000,1.09613,1.09611,1000000,1000000
2018-06-01 14:11:36.770000,1.09612,1.0961,1000000,1310000
2018-06-01 14:11:36.822000,1.0961,1.09609,1000000,1000000
2018-06-01 14:11:37.170000,1.09609,1.09607,2740000,1000000
2018-06-01 14:11:37.381000,1.09604,1.09602,1250000,1120000
2018-06-01 14:11:37.887000,1.09603,1.09602,2440000,1000000
2018-06-01 14:11:38.800000,1.09602,1.09601,1250000,1870000
2018-06-01 14:11:39.329000,1.09603,1.09601,1990000,1120000
2018-06-01 14:11:39.381000,1.09605,1.09604,1690000,1500000
2018-06-01 14:11:39.591000,1.09604,1.09602,1250000,1500000
2018-06-01 14:11:39.851000,1.09601,1.096,1000000,1000000
2018-06-01 14:11:40.058000,1.09603,1.096,2590000,1000000
2018-06-01 14:11:40.110000,1.09602,1.09599,4870000,1250000
2018-06-01 14:11:40.286000,1.09599,1.09598,1250000,1000000
2018-06-01 14:11:40.341000,1.09599,1.09595,1000000,8590000
2018-06-01 14:11:40.444000,1.09599,1.09595,2810000,2700000
2018-06-01 14:11:40.748000,1.09597,1.09593,3640000,1570000
2018-06-01 14:11:41.065000,1.09597,1.09594,1190000,4500000
2018-06-01 14:11:41.205000,1.09598,1.09594,1570000,3940000
2018-06-01 14:11:41.257000,1.09598,1.09596,1650000,3000000
2018-06-01 14:11:41.513000,1.096,1.09598,1500000,1000000
2018-06-01 14:11:42.019000,1.096,1.09595,3640000,3260000
2018-06-01 14:11:42.427000,1.09598,1.09595,1000000,2140000
2018-06-01 14:11:42.991000,1.09599,1.09595,1760000,2890000
2018-06-01 14:11:43.095000,1.09599,1.09595,1340000,1500000
2018-06-01 14:11:43.537000,1.09598,1.09592,6260000,9260000
2018-06-01 14:11:43.951000,1.09599,1.09595,1760000,2250000
2018-06-01 14:11:44.260000,1.09601,1.09599,2140000,1120000
2018-06-01 14:11:44.814000,1.096,1.09598,1160000,1120000
2018-06-01 14:11:45.340000,1.09598,1.09593,2440000,5890000
2018-06-01 14:11:45.842000,1.09598,1.09595,2140000,1120000
2018-06-01 14:11:46.303000,1.096,1.09598,1250000,1000000
2018-06-01 14:11:46.462000,1.09599,1.09596,1250000,1870000
2018-06-01 14:11:47.104000,1.096,1.09597,2510000,1000000
2018-06-01 14:11:47.648000,1.096,1.09598,1540000,1120000
2018-06-01 14:11:48.173000,1.09599,1.09597,1310000,1500000
2018-06-01 14:11:50.013000,1.096,1.09597,1160000,1500000
2018-06-01 14:11:50.273000,1.09599,1.09596,1250000,2620000
2018-06-01 14:11:50.380000,1.09598,1.09594,5060000,1450000
2018-06-01 14:11:50.433000,1.09597,1.09593,1250000,2700000
2018-06-01 14:11:50.486000,1.09598,1.09595,1570000,2810000
2018-06-01 14:11:51.032000,1.09599,1.09596,1240000,1870000
2018-06-01 14:11:51.501000,1.09597,1.09595,2850000,3370000
2018-06-01 14:11:51.902000,1.09594,1.09591,1000000,2810000
2018-06-01 14:11:52.413000,1.09593,1.09591,1000000,1500000
2018-06-01 14:11:53.742000,1.09593,1.09591,2740000,1000000
2018-06-01 14:11:53.848000,1.09594,1.0959,4010000,1690000
2018-06-01 14:11:54.255000,1.09592,1.0959,1500000,5250000
2018-06-01 14:11:54.901000,1.09592,1.0959,1100000,4310000
2018-06-01 14:11:55.405000,1.09593,1.0959,1000000,5810000
2018-06-01 14:11:57.051000,1.09592,1.0959,1000000,7390000
2018-06-01 14:11:57.362000,1.09588,1.09585,1000000,2440000
2018-06-01 14:11:57.698000,1.09589,1.09587,1000000,1000000
2018-06-01 14:11:58.076000,1.09591,1.09588,1070000,3000000
2018-06-01 14:11:58.129000,1.09592,1.09588,1570000,3190000
2018-06-01 14:11:58.645000,1.09591,1.09588,1000000,3000000
2018-06-01 14:11:58.938000,1.09589,1.09588,1000000,1120000
2018-06-01 14:11:59.465000,1.09589,1.09585,1760000,3940000
2018-06-01 14:11:59.982000,1.09588,1.09585,1000000,3940000
2018-06-01 14:12:00.512000,1.09588,1.09585,1000000,3940000
2018-06-01 14:12:01.028000,1.09589,1.09586,1100000,1310000
2018-06-01 14:12:01.581000,1.09589,1.09587,1000000,1000000
2018-06-01 14:12:01.908000,1.09591,1.09587,1100000,6190000
2018-06-01 14:12:02.115000,1.09593,1.09591,3190000,2620000
2018-06-01 14:12:02.272000,1.09595,1.09591,2510000,3370000
2018-06-01 14:12:02.925000,1.09595,1.09594,1000000,1000000
2018-06-01 14:12:03.526000,1.09597,1.09596,1570000,1000000
2018-06-01 14:12:03.783000,1.09599,1.09597,1760000,1000000
2018-06-01 14:12:04.323000,1.09596,1.09593,1250000,5550000
2018-06-01 14:12:04.869000,1.09595,1.09593,2140000,1500000
2018-06-01 14:12:05.079000,1.09596,1.09593,1100000,5100000
2018-06-01 14:12:05.580000,1.09597,1.09593,1760000,6220000
2018-06-01 14:12:05.737000,1.09598,1.09596,1100000,2620000
2018-06-01 14:12:06.046000,1.09599,1.09598,1000000,1000000
2018-06-01 14:12:06.593000,1.096,1.09598,1100000,1000000
2018-06-01 14:12:07.189000,1.09599,1.09598,1250000,1000000
2018-06-01 14:12:11.530000,1.096,1.09598,1100000,1000000
2018-06-01 14:12:11.847000,1.09603,1.09601,4690000,1120000
2018-06-01 14:12:12.292000,1.09602,1.096,1100000,1000000
2018-06-01 14:12:12.458000,1.09606,1.09604,1000000,1000000
2018-06-01 14:12:12.566000,1.09605,1.09603,1000000,2620000
2018-06-01 14:12:12.819000,1.09602,1.096,1000000,1500000
2018-06-01 14:12:13.233000,1.096,1.09598,1690000,1000000
2018-06-01 14:12:13.542000,1.09601,1.09599,3450000,1000000
2018-06-01 14:12:15.305000,1.09599,1.09598,1690000,1000000
2018-06-01 14:12:15.615000,1.09597,1.09596,1000000,2620000
2018-06-01 14:12:15.936000,1.09596,1.09595,1870000,2700000
2018-06-01 14:12:16.303000,1.09595,1.09593,1000000,1000000
2018-06-01 14:12:16.363000,1.09593,1.09592,1000000,2250000
2018-06-01 14:12:18.328000,1.09593,1.09591,1000000,5060000
2018-06-01 14:12:19.245000,1.09592,1.09591,1000000,1870000
2018-06-01 14:12:19.647000,1.09591,1.09589,1000000,1870000
2018-06-01 14:12:20.028000,1.09589,1.09587,1250000,1870000
2018-06-01 14:12:20.296000,1.09587,1.09586,1000000,1870000
2018-06-01 14:12:20.815000,1.09586,1.09585,1000000,3940000
2018-06-01 14:12:21.091000,1.09588,1.09585,1000000,3750000
2018-06-01 14:12:21.195000,1.09586,1.09585,1120000,1500000
2018-06-01 14:12:21.350000,1.09584,1.09582,1690000,1000000
2018-06-01 14:12:21.657000,1.09586,1.09584,1950000,1000000
2018-06-01 14:12:21.762000,1.09588,1.09586,1000000,1000000
2018-06-01 14:12:22.924000,1.09589,1.09586,2140000,1120000
2018-06-01 14:12:23.666000,1.09588,1.09586,1000000,1120000
