time,ask,bid,ask_volume,bid_volume
2019-04-02 12:25:01.009000,1.11353,1.1135,1000000,2200000
2019-04-02 12:25:01.162000,1.11352,1.11349,1000000,4950000
2019-04-02 12:25:01.264000,1.11352,1.1135,1000000,2120000
2019-04-02 12:25:01.375000,1.11353,1.1135,1200000,1120000
2019-04-02 12:25:02.021000,1.11353,1.1135,1000000,1370000
2019-04-02 12:25:03.055000,1.11353,1.11349,1250000,6370000
2019-04-02 12:25:03.228000,1.11353,1.11349,1000000,6370000
2019-04-02 12:25:03.330000,1.11353,1.11349,1250000,5620000
2019-04-02 12:25:06.955000,1.11353,1.11349,2950000,4890000
2019-04-02 12:25:07.057000,1.11353,1.11349,3320000,3260000
2019-04-02 12:25:07.159000,1.11352,1.11349,1500000,2200000
2019-04-02 12:25:07.437000,1.11352,1.11349,1690000,1390000
2019-04-02 12:25:09.576000,1.1135,1.11348,1000000,2510000
2019-04-02 12:25:09.678000,1.11349,1.11347,1000000,1690000
2019-04-02 12:25:16.461000,1.11349,1.11345,2890000,3320000
2019-04-02 12:25:16.576000,1.11348,1.11344,3750000,9400000
2019-04-02 12:25:16.730000,1.11347,1.11344,1000000,7370000
2019-04-02 12:25:18.891000,1.11347,1.11344,1690000,2120000
2019-04-02 12:25:19.381000,1.11347,1.11344,1500000,1800000
2019-04-02 12:25:19.534000,1.11347,1.11344,1500000,2610000
2019-04-02 12:25:26.622000,1.11346,1.11344,1000000,1410000
2019-04-02 12:25:26.735000,1.11346,1.11343,1690000,5370000
2019-04-02 12:25:26.837000,1.11344,1.11341,1250000,6100000
2019-04-02 12:25:28.650000,1.11344,1.1134,4790000,3620000
2019-04-02 12:25:29.427000,1.11344,1.1134,5060000,4000000
2019-04-02 12:25:31.315000,1.11343,1.1134,1250000,2060000
2019-04-02 12:25:31.417000,1.11343,1.1134,1100000,2120000
2019-04-02 12:25:31.519000,1.11343,1.1134,1690000,1450000
2019-04-02 12:25:31.872000,1.11343,1.1134,1100000,2870000
2019-04-02 12:25:33.567000,1.11343,1.1134,1100000,2060000
2019-04-02 12:25:38.640000,1.11342,1.11339,1250000,4010000
2019-04-02 12:25:39.653000,1.11341,1.11339,1000000,1250000
2019-04-02 12:25:40.033000,1.11342,1.11339,2510000,1250000
2019-04-02 12:25:43.710000,1.1134,1.11337,1250000,5140000
2019-04-02 12:25:46.219000,1.1134,1.11337,1250000,6010000
2019-04-02 12:25:48.201000,1.1134,1.11339,1250000,1000000
2019-04-02 12:25:52.573000,1.11341,1.11339,1250000,1000000
2019-04-02 12:25:53.277000,1.11342,1.11339,6370000,4500000
2019-04-02 12:25:53.381000,1.11344,1.11343,3940000,1000000
2019-04-02 12:25:53.484000,1.11345,1.11343,1250000,1690000
2019-04-02 12:25:53.638000,1.11346,1.11344,1250000,1000000
2019-04-02 12:25:53.740000,1.11348,1.11344,2890000,4500000
2019-04-02 12:25:53.893000,1.11348,1.11344,1870000,6820000
2019-04-02 12:25:54.106000,1.11347,1.11344,1690000,5260000
2019-04-02 12:25:54.550000,1.11348,1.11345,1120000,4070000
2019-04-02 12:25:54.654000,1.11349,1.11346,2060000,3370000
2019-04-02 12:25:56.101000,1.1135,1.11347,1250000,2640000
2019-04-02 12:25:56.203000,1.11351,1.11348,5250000,1120000
2019-04-02 12:25:56.514000,1.11352,1.11349,1620000,7810000
2019-04-02 12:25:56.617000,1.11353,1.11351,1310000,2320000
2019-04-02 12:25:56.719000,1.11353,1.1135,1870000,4500000
2019-04-02 12:25:56.822000,1.11353,1.1135,2060000,3010000
2019-04-02 12:25:56.927000,1.11353,1.1135,2560000,1250000
2019-04-02 12:25:57.028000,1.11353,1.11349,2560000,7120000
2019-04-02 12:25:58.617000,1.11353,1.1135,2250000,3320000
2019-04-02 12:25:58.721000,1.11354,1.11351,2810000,2500000
2019-04-02 12:25:58.936000,1.11352,1.11351,1000000,1120000
2019-04-02 12:25:59.098000,1.11352,1.1135,2060000,1000000
2019-04-02 12:25:59.200000,1.11352,1.11349,2440000,2140000
2019-04-02 12:25:59.404000,1.11352,1.11349,1690000,3700000
2019-04-02 12:25:59.506000,1.11353,1.1135,2440000,4370000
2019-04-02 12:25:59.610000,1.11355,1.11351,3640000,6250000
2019-04-02 12:25:59.713000,1.11356,1.11353,2560000,1310000
2019-04-02 12:25:59.881000,1.11357,1.11354,1690000,3190000
2019-04-02 12:25:59.933000,1.11358,1.11355,1690000,4570000
2019-04-02 12:26:07.383000,1.11359,1.11357,1000000,1370000
2019-04-02 12:26:08.639000,1.1136,1.11356,2440000,8200000
2019-04-02 12:26:08.741000,1.1136,1.11358,1500000,1000000
2019-04-02 12:26:11.555000,1.11361,1.11358,1500000,2320000
2019-04-02 12:26:16.715000,1.11362,1.1136,1500000,1250000
2019-04-02 12:26:16.817000,1.11363,1.1136,2810000,3320000
2019-04-02 12:26:18.130000,1.11363,1.11361,1000000,2500000
2019-04-02 12:26:18.232000,1.11364,1.11361,2440000,3320000
2019-04-02 12:26:20.447000,1.11363,1.11361,1000000,1950000
2019-04-02 12:26:20.548000,1.11363,1.1136,1500000,8810000
2019-04-02 12:26:22.182000,1.11363,1.11359,3690000,4950000
2019-04-02 12:26:22.734000,1.11361,1.11359,2870000,1950000
2019-04-02 12:26:22.938000,1.11361,1.11358,3250000,1200000
2019-04-02 12:26:23.299000,1.11361,1.11359,3250000,1120000
2019-04-02 12:26:23.877000,1.11361,1.11358,3250000,1200000
2019-04-02 12:26:33.217000,1.1136,1.11357,1250000,3820000
2019-04-02 12:26:33.319000,1.1136,1.11358,1250000,1120000
2019-04-02 12:26:33.421000,1.1136,1.11357,1250000,3820000
2019-04-02 12:26:33.531000,1.11357,1.11356,2060000,1000000
2019-04-02 12:26:33.736000,1.11359,1.11356,4870000,1690000
2019-04-02 12:26:34.543000,1.11359,1.11357,1500000,1250000
2019-04-02 12:26:34.696000,1.11359,1.11357,1500000,1250000
2019-04-02 12:26:34.798000,1.11359,1.11356,1690000,2870000
2019-04-02 12:26:38.131000,1.11359,1.11357,2560000,1310000
2019-04-02 12:26:38.234000,1.11359,1.11357,1120000,2140000
2019-04-02 12:26:43.193000,1.1136,1.11357,2620000,2140000
2019-04-02 12:26:44.153000,1.1136,1.11357,3120000,2140000
2019-04-02 12:26:46.234000,1.1136,1.11357,2620000,3260000
2019-04-02 12:26:49.570000,1.11359,1.11357,1250000,2510000
2019-04-02 12:26:51.766000,1.1136,1.11357,3560000,3320000
2019-04-02 12:27:01.749000,1.11361,1.11359,2190000,1120000
2019-04-02 12:27:01.851000,1.11362,1.11359,2620000,3450000
2019-04-02 12:27:02.349000,1.11363,1.1136,4870000,1370000
2019-04-02 12:27:02.451000,1.11363,1.1136,2440000,3260000
2019-04-02 12:27:03.381000,1.11363,1.1136,2560000,2140000
2019-04-02 12:27:04.792000,1.11363,1.1136,1310000,2200000
2019-04-02 12:27:05.582000,1.11364,1.11361,3390000,1370000
2019-04-02 12:27:06.140000,1.11364,1.11361,3820000,1120000
2019-04-02 12:27:06.242000,1.11364,1.11361,2810000,1450000
2019-04-02 12:27:14.368000,1.11366,1.11363,1390000,1690000
2019-04-02 12:27:14.471000,1.11367,1.11364,4370000,1570000
2019-04-02 12:27:14.937000,1.11367,1.11364,3190000,1760000
2019-04-02 12:27:15.040000,1.11367,1.11364,2440000,1890000
2019-04-02 12:27:15.468000,1.11367,1.11364,2810000,1760000
2019-04-02 12:27:18.923000,1.11368,1.11366,5250000,1250000
2019-04-02 12:27:18.975000,1.11372,1.11369,1950000,3370000
2019-04-02 12:27:19.026000,1.11372,1.11371,1500000,1690000
2019-04-02 12:27:19.128000,1.11374,1.11371,2500000,1760000
2019-04-02 12:27:19.248000,1.11374,1.11371,1690000,1760000
2019-04-02 12:27:22.205000,1.11372,1.1137,1000000,3700000
2019-04-02 12:27:22.714000,1.11373,1.1137,1120000,3320000
2019-04-02 12:27:23.860000,1.11373,1.1137,1690000,1760000
2019-04-02 12:27:24.013000,1.11373,1.1137,1120000,1750000
2019-04-02 12:27:24.990000,1.11373,1.11369,4060000,2870000
2019-04-02 12:27:25.092000,1.11373,1.11369,4570000,2140000
2019-04-02 12:27:25.714000,1.11373,1.1137,3450000,1000000
2019-04-02 12:27:25.816000,1.11373,1.1137,2140000,1810000
2019-04-02 12:27:26.779000,1.11373,1.1137,3390000,1250000
2019-04-02 12:27:27.257000,1.11373,1.11369,4140000,2570000
2019-04-02 12:27:27.770000,1.11373,1.11369,4010000,2570000
2019-04-02 12:27:29.089000,1.11371,1.11368,1750000,5100000
2019-04-02 12:27:29.277000,1.11372,1.11369,1950000,1750000
2019-04-02 12:27:30.545000,1.11373,1.11369,2140000,2200000
2019-04-02 12:27:32.993000,1.1137,1.11368,1750000,1570000
2019-04-02 12:27:33.096000,1.1137,1.11367,2060000,1390000
2019-04-02 12:27:33.361000,1.11371,1.11367,4760000,2570000
2019-04-02 12:27:35.438000,1.11371,1.11369,1870000,1250000
2019-04-02 12:27:41.795000,1.11372,1.11369,1120000,1820000
2019-04-02 12:27:54.057000,1.1137,1.11368,1250000,3290000
2019-04-02 12:27:54.160000,1.1137,1.11367,1250000,5510000
2019-04-02 12:27:54.263000,1.11369,1.11366,1690000,4220000
2019-04-02 12:27:54.534000,1.1137,1.11368,1690000,1120000
2019-04-02 12:27:54.636000,1.11371,1.11368,2950000,2890000
2019-04-02 12:27:56.332000,1.1137,1.11368,1000000,1310000
2019-04-02 12:27:57.259000,1.1137,1.11367,1750000,4390000
2019-04-02 12:27:57.412000,1.1137,1.11367,3940000,2140000
2019-04-02 12:27:57.685000,1.1137,1.11367,4750000,2140000
2019-04-02 12:27:57.788000,1.1137,1.11367,3560000,2140000
2019-04-02 12:27:58.042000,1.1137,1.11367,4750000,2140000
2019-04-02 12:27:58.145000,1.1137,1.11369,1500000,1250000
2019-04-02 12:27:58.248000,1.11372,1.11371,1120000,1250000
2019-04-02 12:27:58.578000,1.11373,1.11371,2810000,1250000
2019-04-02 12:28:00.626000,1.11373,1.11371,1870000,1250000
2019-04-02 12:28:00.730000,1.11373,1.1137,1870000,2950000
2019-04-02 12:28:00.883000,1.11373,1.11369,4690000,5120000
2019-04-02 12:28:01.880000,1.11372,1.11369,1000000,4070000
2019-04-02 12:28:04.801000,1.11371,1.11369,1000000,1750000
2019-04-02 12:28:05.873000,1.1137,1.11368,6940000,1000000
2019-04-02 12:28:05.976000,1.11369,1.11366,1500000,4750000
2019-04-02 12:28:08.208000,1.1137,1.11366,5810000,4570000
2019-04-02 12:28:10.699000,1.11369,1.11366,1570000,1750000
2019-04-02 12:28:11.764000,1.11368,1.11365,1000000,1820000
2019-04-02 12:28:13.772000,1.11368,1.11365,3200000,1750000
2019-04-02 12:28:15.001000,1.11367,1.11364,1870000,1750000
2019-04-02 12:28:16.480000,1.11367,1.11365,1870000,1250000
2019-04-02 12:28:20.129000,1.11368,1.11366,2320000,1250000
2019-04-02 12:28:20.930000,1.11367,1.11365,1120000,1250000
2019-04-02 12:28:21.033000,1.11367,1.11364,1870000,1750000
2019-04-02 12:28:21.186000,1.11366,1.11364,1500000,1250000
2019-04-02 12:28:23.650000,1.11365,1.11362,1000000,3320000
2019-04-02 12:28:23.753000,1.11364,1.11361,2810000,1750000
2019-04-02 12:28:24.471000,1.11363,1.11361,1000000,1250000
2019-04-02 12:28:26.454000,1.11362,1.11361,1000000,1250000
2019-04-02 12:28:28.733000,1.11362,1.11359,1100000,2500000
2019-04-02 12:28:28.835000,1.11361,1.11359,1000000,2200000
2019-04-02 12:28:29.090000,1.1136,1.11358,1000000,1350000
2019-04-02 12:28:29.507000,1.11359,1.11358,1000000,1250000
2019-04-02 12:28:39.951000,1.11359,1.11357,1500000,1370000
2019-04-02 12:28:40.358000,1.11358,1.11356,1000000,1820000
2019-04-02 12:28:40.481000,1.11356,1.11354,1870000,1250000
2019-04-02 12:28:40.584000,1.11355,1.11354,1000000,1250000
2019-04-02 12:28:40.890000,1.11355,1.11352,1500000,5200000
2019-04-02 12:28:41.348000,1.11353,1.11352,1000000,1250000
2019-04-02 12:28:44.523000,1.11353,1.11349,1220000,5560000
2019-04-02 12:28:44.727000,1.11353,1.11351,1200000,1250000
2019-04-02 12:28:45.257000,1.11353,1.1135,1220000,1870000
2019-04-02 12:28:47.256000,1.11351,1.1135,1120000,1500000
2019-04-02 12:28:47.359000,1.11351,1.11348,2320000,1250000
2019-04-02 12:28:47.462000,1.1135,1.11348,1100000,1250000
2019-04-02 12:28:51.311000,1.11352,1.11349,1470000,2750000
2019-04-02 12:28:51.413000,1.11352,1.11349,1200000,3370000
2019-04-02 12:28:51.516000,1.11352,1.11349,1220000,2250000
2019-04-02 12:28:51.719000,1.11352,1.11349,2350000,1370000
2019-04-02 12:28:52.096000,1.11352,1.11349,2320000,1370000
2019-04-02 12:28:52.198000,1.11352,1.11349,3100000,1370000
2019-04-02 12:28:52.480000,1.11352,1.11349,2320000,1250000
2019-04-02 12:28:52.581000,1.11352,1.11349,2350000,1250000
2019-04-02 12:28:53.282000,1.11352,1.11349,2490000,1250000
2019-04-02 12:28:53.433000,1.11352,1.11349,3270000,1250000
2019-04-02 12:28:55.137000,1.11352,1.1135,1570000,1750000
2019-04-02 12:28:58.153000,1.11352,1.11349,1570000,2120000
2019-04-02 12:28:58.255000,1.11351,1.11349,1100000,1250000
2019-04-02 12:29:00.382000,1.11349,1.11347,1000000,1690000
2019-04-02 12:29:00.535000,1.11348,1.11346,1000000,3370000
2019-04-02 12:29:02.398000,1.11349,1.11346,1500000,3370000
2019-04-02 12:29:11.846000,1.11348,1.11345,1000000,3760000
2019-04-02 12:29:11.948000,1.11348,1.11345,2700000,1250000
2019-04-02 12:29:12.304000,1.11348,1.11344,3390000,1820000
2019-04-02 12:29:12.720000,1.11348,1.11344,2890000,1820000
2019-04-02 12:29:12.874000,1.11347,1.11344,1000000,1820000
2019-04-02 12:29:12.977000,1.11348,1.11344,2890000,1820000
2019-04-02 12:29:14.238000,1.11348,1.11344,2890000,1010000
2019-04-02 12:29:14.801000,1.11345,1.11343,1000000,1250000
2019-04-02 12:29:14.904000,1.11346,1.11342,4220000,1690000
2019-04-02 12:29:16.777000,1.11345,1.11341,3250000,4540000
2019-04-02 12:29:17.647000,1.11344,1.11341,2440000,3640000
2019-04-02 12:29:17.749000,1.11343,1.11341,1570000,1250000
2019-04-02 12:29:18.804000,1.11342,1.11339,1010000,2440000
2019-04-02 12:29:29.574000,1.11338,1.11337,1000000,2570000
2019-04-02 12:29:29.676000,1.11338,1.11336,3560000,1120000
2019-04-02 12:29:29.778000,1.11336,1.11332,4870000,3320000
2019-04-02 12:29:30.938000,1.11334,1.11332,1250000,1950000
2019-04-02 12:29:31.041000,1.11334,1.11331,3700000,1000000
2019-04-02 12:29:31.143000,1.11333,1.11331,1820000,1000000
2019-04-02 12:29:31.194000,1.11334,1.11332,1250000,1200000
2019-04-02 12:29:31.298000,1.11334,1.11331,1250000,2890000
2019-04-02 12:29:31.407000,1.11334,1.11332,1250000,1000000
2019-04-02 12:29:31.510000,1.11335,1.11331,11560000,2890000
2019-04-02 12:29:31.613000,1.11335,1.11332,11120000,1000000
2019-04-02 12:29:31.715000,1.11335,1.11331,10370000,3640000
2019-04-02 12:29:32.079000,1.11335,1.11332,1750000,1120000
2019-04-02 12:29:32.181000,1.11335,1.11331,1750000,3640000
2019-04-02 12:29:32.284000,1.11335,1.11331,1750000,3760000
2019-04-02 12:29:32.643000,1.11336,1.11332,2440000,2950000
2019-04-02 12:29:33.815000,1.11338,1.11335,7500000,1250000
2019-04-02 12:29:33.918000,1.1134,1.11338,4120000,1370000
2019-04-02 12:29:34.072000,1.11342,1.11338,1690000,1750000
2019-04-02 12:29:34.348000,1.11342,1.11339,1010000,1810000
2019-04-02 12:29:34.451000,1.11342,1.11338,1760000,2570000
2019-04-02 12:29:35.912000,1.1134,1.11337,1000000,3700000
2019-04-02 12:29:36.014000,1.11339,1.11336,1250000,1390000
2019-04-02 12:29:36.219000,1.11339,1.11336,1410000,1250000
2019-04-02 12:29:36.321000,1.11338,1.11334,2890000,1350000
2019-04-02 12:29:36.424000,1.11336,1.11333,1100000,1250000
2019-04-02 12:29:37.161000,1.11336,1.11333,1010000,1250000
2019-04-02 12:29:37.417000,1.11335,1.11333,1000000,1250000
2019-04-02 12:29:42.900000,1.11336,1.11333,1950000,1000000
2019-04-02 12:29:45.153000,1.11337,1.11333,1000000,1500000
2019-04-02 12:29:45.290000,1.11338,1.11333,4200000,1000000
2019-04-02 12:29:46.118000,1.11338,1.11333,3600000,1000000
2019-04-02 12:29:46.264000,1.11337,1.11332,1220000,1200000
2019-04-02 12:29:46.407000,1.11338,1.11331,1500000,1000000
2019-04-02 12:29:46.689000,1.11336,1.11331,1200000,1970000
2019-04-02 12:29:46.793000,1.11334,1.11331,9750000,1970000
2019-04-02 12:29:46.845000,1.11333,1.11329,10500000,1000000
2019-04-02 12:29:46.897000,1.11333,1.11329,11100000,1000000
2019-04-02 12:29:46.948000,1.11332,1.11326,1100000,1200000
2019-04-02 12:29:47.051000,1.11331,1.11325,1220000,5850000
2019-04-02 12:29:47.174000,1.11331,1.11326,1100000,2850000
2019-04-02 12:29:47.277000,1.11331,1.11326,1220000,1200000
2019-04-02 12:29:47.380000,1.11331,1.11326,1200000,1220000
2019-04-02 12:29:47.869000,1.11331,1.11325,2720000,3970000
2019-04-02 12:29:48.037000,1.11331,1.11326,1500000,1000000
2019-04-02 12:29:48.277000,1.11331,1.11324,1500000,4200000
2019-04-02 12:29:48.379000,1.1133,1.11324,1000000,4950000
2019-04-02 12:29:49.191000,1.11331,1.11324,1000000,4570000
2019-04-02 12:29:49.749000,1.11331,1.11325,1200000,1000000
2019-04-02 12:29:50.154000,1.1133,1.11324,1000000,1120000
2019-04-02 12:29:50.256000,1.11332,1.11328,1000000,1000000
2019-04-02 12:29:50.393000,1.11333,1.1133,1000000,1500000
2019-04-02 12:29:50.445000,1.11338,1.1133,1000000,4870000
2019-04-02 12:29:50.547000,1.11339,1.1133,1000000,5620000
2019-04-02 12:29:50.837000,1.11337,1.1133,1000000,3000000
2019-04-02 12:29:50.940000,1.11338,1.1133,1000000,3370000
2019-04-02 12:29:51.144000,1.11337,1.1133,1000000,3370000
2019-04-02 12:29:51.247000,1.11337,1.11329,1000000,2620000
2019-04-02 12:29:51.385000,1.11339,1.1133,2250000,3750000
2019-04-02 12:29:51.690000,1.1134,1.11331,3750000,1000000
2019-04-02 12:29:51.792000,1.11339,1.1133,1000000,3750000
2019-04-02 12:29:52.215000,1.1134,1.11332,1000000,1500000
2019-04-02 12:29:52.320000,1.11339,1.11335,1500000,1570000
2019-04-02 12:29:52.458000,1.11338,1.11331,1000000,1200000
2019-04-02 12:29:52.561000,1.11339,1.11331,6070000,1200000
2019-04-02 12:29:52.663000,1.11337,1.11331,1000000,1200000
2019-04-02 12:29:53.192000,1.11337,1.11332,1000000,1200000
2019-04-02 12:29:53.295000,1.11337,1.11331,1000000,1200000
2019-04-02 12:29:53.448000,1.11339,1.11331,3750000,1200000
2019-04-02 12:29:53.500000,1.11337,1.11331,1000000,1200000
2019-04-02 12:29:53.603000,1.11337,1.1133,1000000,2700000
2019-04-02 12:29:54.059000,1.11337,1.11331,1000000,1970000
2019-04-02 12:29:54.110000,1.11339,1.11331,2250000,2720000
2019-04-02 12:29:54.212000,1.11339,1.11332,1500000,1220000
2019-04-02 12:29:55.245000,1.11339,1.11331,1000000,2100000
2019-04-02 12:29:55.347000,1.1134,1.11331,5320000,1600000
2019-04-02 12:29:57.185000,1.11339,1.11331,1000000,1600000
2019-04-02 12:29:57.375000,1.11341,1.11333,1500000,1500000
2019-04-02 12:29:57.428000,1.11341,1.11335,1500000,1000000
2019-04-02 12:29:57.479000,1.1134,1.11333,1000000,1500000
2019-04-02 12:29:57.879000,1.11334,1.11329,1000000,1500000
2019-04-02 12:29:57.981000,1.11339,1.11331,1000000,3000000
2019-04-02 12:29:58.084000,1.11339,1.11332,1000000,1000000
2019-04-02 12:29:58.290000,1.1134,1.11332,1500000,1500000
2019-04-02 12:29:58.412000,1.1134,1.11334,1500000,1000000
2019-04-02 12:29:58.566000,1.11341,1.11334,1670000,1000000
2019-04-02 12:29:58.617000,1.11341,1.11332,1500000,1500000
2019-04-02 12:29:59.500000,1.11341,1.11332,1220000,2620000
2019-04-02 12:29:59.714000,1.1134,1.11333,1000000,1000000
2019-04-02 12:30:00.071000,1.11341,1.11334,1000000,1000000
2019-04-02 12:30:00.122000,1.11344,1.11336,1500000,1000000
2019-04-02 12:30:00.173000,1.11344,1.11338,1000000,1000000
2019-04-02 12:30:00.274000,1.11346,1.11341,1500000,1000000
2019-04-02 12:30:00.326000,1.11352,1.11344,1000000,1000000
2019-04-02 12:30:00.378000,1.11347,1.11342,1000000,1000000
2019-04-02 12:30:00.431000,1.11345,1.11336,1000000,1000000
2019-04-02 12:30:00.788000,1.11346,1.11337,1000000,1000000
2019-04-02 12:30:00.853000,1.11346,1.11339,1000000,1000000
2019-04-02 12:30:01.006000,1.11346,1.11336,1000000,2250000
2019-04-02 12:30:01.058000,1.11346,1.11339,1000000,1000000
2019-04-02 12:30:01.160000,1.11344,1.11339,1000000,1500000
2019-04-02 12:30:01.720000,1.11345,1.11338,1500000,1500000
2019-04-02 12:30:01.822000,1.11344,1.11338,1000000,1500000
2019-04-02 12:30:02.026000,1.11348,1.11343,1500000,1000000
2019-04-02 12:30:02.077000,1.1135,1.11342,1500000,1500000
2019-04-02 12:30:02.129000,1.11345,1.11338,1500000,1220000
2019-04-02 12:30:02.232000,1.11339,1.11335,1000000,1500000
2019-04-02 12:30:02.772000,1.11336,1.11331,1500000,1500000
2019-04-02 12:30:02.823000,1.11331,1.1133,1000000,1000000
2019-04-02 12:30:02.926000,1.11331,1.1133,1000000,1000000
2019-04-02 12:30:02.978000,1.11331,1.11325,1000000,1500000
2019-04-02 12:30:03.080000,1.11332,1.11325,1000000,1500000
2019-04-02 12:30:03.242000,1.11331,1.11325,1000000,1500000
2019-04-02 12:30:03.705000,1.11331,1.11323,1500000,1500000
2019-04-02 12:30:03.807000,1.11331,1.11325,1000000,1000000
2019-04-02 12:30:03.909000,1.11331,1.11322,1000000,3500000
2019-04-02 12:30:04.063000,1.11331,1.11325,1970000,1000000
2019-04-02 12:30:04.796000,1.11331,1.11325,1950000,1000000
2019-04-02 12:30:05.347000,1.1133,1.11325,1000000,1000000
2019-04-02 12:30:05.643000,1.11331,1.11325,1200000,1000000
2019-04-02 12:30:06.516000,1.11331,1.11327,1950000,1500000
2019-04-02 12:30:06.649000,1.11332,1.11329,1500000,1000000
2019-04-02 12:30:06.979000,1.11337,1.1133,3750000,3220000
2019-04-02 12:30:07.181000,1.11337,1.11333,1000000,1000000
2019-04-02 12:30:07.284000,1.11341,1.11337,1000000,1500000
2019-04-02 12:30:07.336000,1.11341,1.11336,1000000,1100000
2019-04-02 12:30:07.387000,1.11344,1.11337,2850000,2000000
2019-04-02 12:30:07.489000,1.11345,1.1134,4270000,1000000
2019-04-02 12:30:07.593000,1.11345,1.1134,2700000,1000000
2019-04-02 12:30:07.735000,1.11345,1.1134,2720000,1000000
2019-04-02 12:30:07.888000,1.11345,1.1134,1950000,1000000
2019-04-02 12:30:09.208000,1.11345,1.11341,1000000,1000000
2019-04-02 12:30:09.259000,1.11351,1.11343,1500000,2250000
2019-04-02 12:30:09.470000,1.11349,1.11342,1000000,1000000
2019-04-02 12:30:09.573000,1.11349,1.11342,2720000,1200000
2019-04-02 12:30:09.962000,1.11348,1.11343,1100000,1000000
2019-04-02 12:30:10.358000,1.11347,1.11343,1000000,1950000
2019-04-02 12:30:10.562000,1.11348,1.11345,1000000,1200000
2019-04-02 12:30:10.664000,1.11348,1.11346,1000000,1200000
2019-04-02 12:30:10.970000,1.11348,1.11346,1000000,1220000
2019-04-02 12:30:11.074000,1.11349,1.11347,1000000,1200000
2019-04-02 12:30:11.585000,1.11349,1.11346,1000000,2140000
2019-04-02 12:30:11.791000,1.1135,1.11349,1000000,1000000
2019-04-02 12:30:11.842000,1.11355,1.11352,1000000,1750000
2019-04-02 12:30:11.944000,1.11356,1.11353,1250000,2140000
2019-04-02 12:30:12.050000,1.11356,1.11353,1250000,2260000
2019-04-02 12:30:12.103000,1.11358,1.11354,1010000,1370000
2019-04-02 12:30:12.259000,1.11357,1.11354,1000000,1850000
2019-04-02 12:30:12.362000,1.11358,1.11355,1250000,1310000
2019-04-02 12:30:12.414000,1.11361,1.11357,1250000,1200000
2019-04-02 12:30:12.533000,1.11361,1.11357,1000000,1950000
2019-04-02 12:30:12.639000,1.1136,1.11357,1000000,1200000
2019-04-02 12:30:12.742000,1.1136,1.11356,1000000,2140000
2019-04-02 12:30:13.208000,1.1136,1.11357,1000000,1200000
2019-04-02 12:30:13.310000,1.11361,1.11357,1000000,1950000
2019-04-02 12:30:14.311000,1.11362,1.1136,3190000,1250000
2019-04-02 12:30:15.075000,1.11363,1.1136,2250000,2510000
2019-04-02 12:30:15.178000,1.11363,1.1136,2250000,3320000
2019-04-02 12:30:15.444000,1.11364,1.11362,1500000,2120000
2019-04-02 12:30:15.547000,1.11367,1.11364,2120000,1200000
2019-04-02 12:30:15.813000,1.11364,1.11363,1690000,1120000
2019-04-02 12:30:15.915000,1.11364,1.11361,1500000,2200000
2019-04-02 12:30:16.037000,1.11364,1.11361,1750000,1950000
2019-04-02 12:30:16.723000,1.11358,1.11356,1000000,1250000
2019-04-02 12:30:16.775000,1.11358,1.11354,3310000,1200000
2019-04-02 12:30:16.877000,1.11357,1.11355,1250000,1000000
2019-04-02 12:30:16.980000,1.11357,1.11354,1250000,1950000
2019-04-02 12:30:17.237000,1.11358,1.11354,2500000,2140000
2019-04-02 12:30:17.395000,1.11358,1.11355,1760000,1310000
2019-04-02 12:30:17.818000,1.11358,1.11354,1370000,4010000
2019-04-02 12:30:18.129000,1.11357,1.11353,1000000,2810000
2019-04-02 12:30:18.829000,1.11357,1.11353,1500000,2260000
2019-04-02 12:30:18.931000,1.11356,1.11353,1250000,1390000
2019-04-02 12:30:20.241000,1.11357,1.11353,2440000,2120000
2019-04-02 12:30:20.293000,1.11358,1.11355,2250000,1250000
2019-04-02 12:30:20.345000,1.1136,1.11358,2190000,1950000
2019-04-02 12:30:20.448000,1.1136,1.11357,1250000,2140000
2019-04-02 12:30:20.613000,1.11361,1.11357,1250000,2260000
2019-04-02 12:30:21.259000,1.11361,1.11357,1250000,1250000
2019-04-02 12:30:21.361000,1.11361,1.11357,1250000,2260000
2019-04-02 12:30:21.514000,1.11361,1.11357,1250000,2140000
2019-04-02 12:30:21.617000,1.11361,1.11358,1250000,1120000
2019-04-02 12:30:22.084000,1.11361,1.11358,1000000,1370000
2019-04-02 12:30:22.217000,1.11362,1.11358,3260000,2120000
2019-04-02 12:30:24.016000,1.11361,1.11358,1000000,2870000
2019-04-02 12:30:24.118000,1.11361,1.11358,1250000,1250000
2019-04-02 12:30:24.322000,1.11361,1.11357,2870000,2890000
2019-04-02 12:30:24.425000,1.11357,1.11356,1250000,1000000
2019-04-02 12:30:24.527000,1.11357,1.11354,1250000,1310000
2019-04-02 12:30:24.840000,1.11356,1.11353,1250000,1510000
2019-04-02 12:30:25.180000,1.11356,1.11352,1250000,4950000
2019-04-02 12:30:25.901000,1.11357,1.11352,1200000,4200000
2019-04-02 12:30:28.018000,1.11357,1.11353,6640000,1250000
2019-04-02 12:30:28.164000,1.11355,1.11352,1000000,1750000
2019-04-02 12:30:29.888000,1.11356,1.11352,3260000,3620000
2019-04-02 12:30:34.748000,1.11354,1.11352,1000000,3070000
2019-04-02 12:30:34.853000,1.11356,1.11352,4690000,2950000
2019-04-02 12:30:34.966000,1.11355,1.11351,2440000,4450000
2019-04-02 12:30:35.070000,1.11355,1.11352,1000000,1750000
2019-04-02 12:30:35.172000,1.11356,1.11352,5060000,3700000
2019-04-02 12:30:36.885000,1.11356,1.11352,2870000,3260000
2019-04-02 12:30:37.106000,1.11354,1.11352,1000000,3260000
2019-04-02 12:30:38.316000,1.11354,1.11353,1000000,1000000
2019-04-02 12:30:38.520000,1.11354,1.11352,1000000,2440000
2019-04-02 12:30:47,1.11355,1.11352,2440000,3190000
2019-04-02 12:30:54.979000,1.11356,1.11355,1250000,1500000
2019-04-02 12:30:55.150000,1.11354,1.11352,1250000,1000000
2019-04-02 12:30:55.252000,1.11353,1.11351,1370000,1500000
2019-04-02 12:30:55.354000,1.11353,1.1135,2120000,2250000
2019-04-02 12:30:55.528000,1.11353,1.1135,2620000,2500000
2019-04-02 12:30:56.056000,1.11353,1.1135,2810000,3190000
2019-04-02 12:30:58.129000,1.11353,1.1135,1310000,1370000
2019-04-02 12:30:58.283000,1.11353,1.11352,1000000,1000000
2019-04-02 12:30:58.385000,1.11356,1.11352,5510000,1500000
2019-04-02 12:30:59.711000,1.11355,1.11352,1000000,3450000
2019-04-02 12:31:04.789000,1.11356,1.11352,3390000,2500000
2019-04-02 12:31:04.891000,1.11356,1.11352,4010000,3890000
2019-04-02 12:31:05.642000,1.11356,1.11352,2540000,2500000
2019-04-02 12:31:05.744000,1.11356,1.11352,3260000,3320000
2019-04-02 12:31:06.152000,1.11355,1.11352,1690000,3260000
2019-04-02 12:31:08.912000,1.11354,1.11351,1100000,4000000
2019-04-02 12:31:10.230000,1.11353,1.11351,1000000,1000000
2019-04-02 12:31:10.281000,1.1135,1.11348,1620000,1310000
2019-04-02 12:31:10.397000,1.1135,1.11348,2450000,1000000
2019-04-02 12:31:10.500000,1.1135,1.11347,2450000,1500000
2019-04-02 12:31:11.893000,1.11349,1.11346,1120000,3070000
2019-04-02 12:31:12.850000,1.11349,1.11346,1120000,4070000
2019-04-02 12:31:13.054000,1.11349,1.11346,2060000,3450000
2019-04-02 12:31:13.475000,1.1135,1.11347,2940000,1690000
2019-04-02 12:31:13.578000,1.1135,1.11348,2940000,1000000
2019-04-02 12:31:13.746000,1.11352,1.1135,4720000,1250000
2019-04-02 12:31:13.849000,1.11352,1.11349,1120000,4750000
2019-04-02 12:31:13.960000,1.11351,1.11349,1000000,1940000
2019-04-02 12:31:14.065000,1.11352,1.1135,1100000,2120000
2019-04-02 12:31:14.118000,1.11353,1.11351,1120000,1250000
2019-04-02 12:31:14.220000,1.11353,1.11352,1000000,1310000
2019-04-02 12:31:14.827000,1.11355,1.11352,2810000,1310000
2019-04-02 12:31:15.293000,1.11355,1.11352,3690000,1250000
2019-04-02 12:31:15.395000,1.11355,1.11352,2060000,1250000
2019-04-02 12:31:16.004000,1.11354,1.11352,1000000,1250000
2019-04-02 12:31:16.106000,1.11353,1.11351,1000000,1750000
2019-04-02 12:31:16.403000,1.11354,1.11352,1500000,1690000
2019-04-02 12:31:19.132000,1.11353,1.1135,1000000,3120000
2019-04-02 12:31:19.235000,1.11353,1.11351,1000000,1250000
2019-04-02 12:31:20.599000,1.11352,1.1135,2500000,1870000
2019-04-02 12:31:20.702000,1.11351,1.11348,2120000,1870000
2019-04-02 12:31:20.958000,1.11351,1.11348,1690000,3450000
2019-04-02 12:31:21.913000,1.11351,1.11349,1250000,1000000
2019-04-02 12:31:22.066000,1.11351,1.11348,1690000,3560000
2019-04-02 12:31:24.710000,1.1135,1.11347,1250000,3760000
2019-04-02 12:31:24.812000,1.11349,1.11347,1000000,2440000
2019-04-02 12:31:24.914000,1.1135,1.11347,1690000,3070000
2019-04-02 12:31:25.978000,1.1135,1.11347,1690000,3140000
2019-04-02 12:31:26.210000,1.1135,1.11347,1690000,2810000
2019-04-02 12:31:26.971000,1.1135,1.11347,1690000,3140000
2019-04-02 12:31:27.128000,1.1135,1.11347,1690000,2810000
2019-04-02 12:31:37.986000,1.11349,1.11347,1000000,1250000
2019-04-02 12:31:38.139000,1.1135,1.11347,2440000,1250000
2019-04-02 12:31:45.146000,1.1135,1.11347,1250000,3510000
2019-04-02 12:31:45.349000,1.1135,1.11347,1250000,4760000
2019-04-02 12:31:46.203000,1.1135,1.11347,2060000,2640000
2019-04-02 12:31:46.306000,1.1135,1.11347,2060000,1690000
2019-04-02 12:31:51.386000,1.1135,1.11348,1250000,1120000
2019-04-02 12:31:51.488000,1.1135,1.11347,1250000,1310000
2019-04-02 12:31:51.539000,1.11352,1.11351,2620000,1120000
2019-04-02 12:31:51.642000,1.11354,1.11352,1000000,1120000
2019-04-02 12:31:51.744000,1.11355,1.11352,1120000,1120000
2019-04-02 12:32:03.373000,1.11354,1.11352,1000000,1500000
2019-04-02 12:32:03.612000,1.11355,1.11352,3750000,1500000
2019-04-02 12:32:05.960000,1.11354,1.11352,1000000,1120000
2019-04-02 12:32:06.966000,1.11355,1.11352,3750000,1120000
2019-04-02 12:32:07.635000,1.11354,1.11352,1000000,1000000
2019-04-02 12:32:07.738000,1.11351,1.1135,1250000,2620000
2019-04-02 12:32:07.789000,1.1135,1.11349,1000000,1000000
2019-04-02 12:32:07.892000,1.1135,1.11348,1000000,1310000
2019-04-02 12:32:07.994000,1.1135,1.11347,1000000,3750000
2019-04-02 12:32:08.163000,1.1135,1.11347,1750000,3000000
2019-04-02 12:32:09.981000,1.11348,1.11347,1250000,1000000
2019-04-02 12:32:10.085000,1.11347,1.11344,1500000,4870000
2019-04-02 12:32:10.590000,1.11347,1.11345,1000000,2120000
2019-04-02 12:32:10.724000,1.11348,1.11346,1500000,1310000
2019-04-02 12:32:10.826000,1.11349,1.11346,2060000,2440000
2019-04-02 12:32:11.132000,1.1135,1.11346,3700000,4190000
2019-04-02 12:32:11.449000,1.1135,1.11346,5500000,3260000
2019-04-02 12:32:13.561000,1.11348,1.11346,1000000,2440000
2019-04-02 12:32:14.424000,1.11349,1.11346,3190000,2060000
2019-04-02 12:32:18.421000,1.11348,1.11346,1000000,3260000
2019-04-02 12:32:19.407000,1.11349,1.11346,1690000,3260000
2019-04-02 12:32:20.528000,1.1135,1.11348,1570000,1370000
2019-04-02 12:32:20.580000,1.11354,1.11352,3260000,1690000
2019-04-02 12:32:20.632000,1.11355,1.11353,1000000,3190000
2019-04-02 12:32:20.683000,1.11356,1.11354,1000000,3620000
2019-04-02 12:32:21.126000,1.11356,1.11354,1250000,5140000
2019-04-02 12:32:21.229000,1.11356,1.11354,1250000,3060000
2019-04-02 12:32:21.331000,1.11356,1.11354,1690000,2810000
2019-04-02 12:32:25.259000,1.11358,1.11356,1100000,3690000
2019-04-02 12:32:25.313000,1.1136,1.11357,1500000,6700000
2019-04-02 12:32:28.340000,1.11359,1.11357,1000000,6070000
2019-04-02 12:32:28.543000,1.11361,1.11357,4310000,6070000
2019-04-02 12:32:28.923000,1.11359,1.11357,1000000,1690000
2019-04-02 12:32:29.178000,1.11358,1.11356,1000000,2870000
2019-04-02 12:32:29.435000,1.11359,1.11356,3560000,1250000
2019-04-02 12:32:30.414000,1.11358,1.11356,1000000,1250000
2019-04-02 12:32:30.595000,1.11359,1.11356,4010000,1250000
2019-04-02 12:32:30.701000,1.11358,1.11356,1000000,1250000
2019-04-02 12:32:30.752000,1.11357,1.11355,1250000,3190000
2019-04-02 12:32:30.855000,1.11357,1.11354,2250000,4760000
2019-04-02 12:32:30.906000,1.11357,1.11355,2250000,1250000
2019-04-02 12:32:31.018000,1.11357,1.11354,3190000,4820000
2019-04-02 12:32:31.120000,1.11356,1.11354,1000000,1250000
2019-04-02 12:32:31.896000,1.11354,1.11353,1000000,1310000
2019-04-02 12:32:31.999000,1.11355,1.11352,1500000,2570000
2019-04-02 12:32:32.103000,1.11354,1.11351,1310000,2140000
2019-04-02 12:32:33.064000,1.11351,1.1135,2440000,1000000
2019-04-02 12:32:33.167000,1.11351,1.11348,3190000,1310000
2019-04-02 12:32:33.218000,1.11349,1.11347,1000000,5250000
2019-04-02 12:32:33.320000,1.1135,1.11347,1000000,3820000
2019-04-02 12:32:33.422000,1.1135,1.11347,1500000,2700000
2019-04-02 12:32:33.524000,1.11349,1.11347,1000000,2620000
2019-04-02 12:32:33.795000,1.11348,1.11345,1690000,4070000
2019-04-02 12:32:34.646000,1.11348,1.11345,2890000,2810000
2019-04-02 12:32:34.750000,1.11347,1.11345,1000000,1310000
2019-04-02 12:32:35.828000,1.11348,1.11345,4390000,1310000
2019-04-02 12:32:36.301000,1.11347,1.11345,1000000,1120000
2019-04-02 12:32:36.403000,1.11348,1.11345,4010000,1250000
2019-04-02 12:32:36.641000,1.11348,1.11345,4040000,1250000
2019-04-02 12:32:37.417000,1.11348,1.11345,4010000,1250000
2019-04-02 12:32:37.775000,1.11347,1.11344,1010000,4690000
2019-04-02 12:32:39.261000,1.11347,1.11344,1100000,4370000
2019-04-02 12:32:39.465000,1.11348,1.11345,3450000,1370000
2019-04-02 12:32:39.568000,1.11349,1.11346,2510000,1310000
2019-04-02 12:32:42.871000,1.1135,1.11347,2250000,3620000
2019-04-02 12:32:42.974000,1.1135,1.11347,2440000,3260000
2019-04-02 12:32:43.097000,1.11349,1.11346,1250000,5950000
2019-04-02 12:32:43.199000,1.11349,1.11346,1250000,3640000
2019-04-02 12:32:43.352000,1.1135,1.11346,5500000,3510000
2019-04-02 12:32:43.454000,1.11349,1.11346,1250000,4010000
2019-04-02 12:32:44.282000,1.1135,1.11347,4370000,1000000
2019-04-02 12:32:44.468000,1.1135,1.11346,5120000,5140000
2019-04-02 12:32:44.875000,1.11349,1.11346,1000000,4070000
2019-04-02 12:32:45.078000,1.1135,1.11346,4760000,4070000
2019-04-02 12:32:45.555000,1.11349,1.11346,1000000,4070000
2019-04-02 12:32:45.922000,1.11349,1.11346,5740000,2060000
2019-04-02 12:32:46.027000,1.11346,1.11343,5220000,1000000
2019-04-02 12:32:46.129000,1.11345,1.11342,1810000,1950000
2019-04-02 12:32:46.496000,1.11343,1.11342,1000000,1000000
2019-04-02 12:32:46.700000,1.11344,1.11342,1120000,1000000
2019-04-02 12:32:47.168000,1.11344,1.1134,2200000,4820000
2019-04-02 12:32:48.514000,1.11342,1.11339,1250000,4140000
2019-04-02 12:32:48.618000,1.11341,1.11338,1250000,6070000
2019-04-02 12:32:51.911000,1.11338,1.11337,1250000,2250000
2019-04-02 12:32:52.013000,1.11338,1.11337,1120000,1250000
2019-04-02 12:32:52.217000,1.11338,1.11335,2140000,1370000
2019-04-02 12:32:52.571000,1.11336,1.11334,2440000,1310000
2019-04-02 12:32:52.677000,1.11336,1.11333,2500000,2260000
2019-04-02 12:32:56.401000,1.11335,1.11333,1250000,1760000
2019-04-02 12:33:00.594000,1.11334,1.11332,8250000,4700000
2019-04-02 12:33:00.696000,1.11333,1.11332,1000000,1000000
2019-04-02 12:33:01.174000,1.11333,1.1133,1000000,3940000
2019-04-02 12:33:01.227000,1.11333,1.11331,1000000,3750000
2019-04-02 12:33:01.279000,1.11335,1.11332,1690000,1690000
2019-04-02 12:33:04.560000,1.11336,1.11332,2870000,4510000
2019-04-02 12:33:05.280000,1.11336,1.11334,1000000,2120000
2019-04-02 12:33:05.382000,1.11337,1.11335,1000000,2250000
2019-04-02 12:33:05.485000,1.11338,1.11336,1500000,4810000
2019-04-02 12:33:05.642000,1.1134,1.11339,1000000,1250000
2019-04-02 12:33:05.746000,1.11341,1.11339,1500000,1250000
2019-04-02 12:33:07.151000,1.11342,1.11339,1000000,4820000
2019-04-02 12:33:07.254000,1.11343,1.1134,1500000,5570000
2019-04-02 12:33:07.356000,1.11346,1.11343,2250000,4390000
2019-04-02 12:33:07.409000,1.11346,1.11344,1000000,2500000
2019-04-02 12:33:07.512000,1.11348,1.11345,3190000,1690000
2019-04-02 12:33:07.569000,1.11348,1.11346,1500000,1250000
2019-04-02 12:33:07.672000,1.11347,1.11345,1000000,6190000
2019-04-02 12:33:07.877000,1.11348,1.11345,2440000,1310000
2019-04-02 12:33:09.753000,1.11349,1.11346,4070000,1250000
2019-04-02 12:33:11.924000,1.11349,1.11346,1500000,3820000
2019-04-02 12:33:12.078000,1.11349,1.11346,1750000,4010000
2019-04-02 12:33:12.267000,1.11349,1.11346,1500000,3070000
2019-04-02 12:33:12.369000,1.1135,1.11347,3750000,2500000
2019-04-02 12:33:12.472000,1.11348,1.11346,1500000,3820000
2019-04-02 12:33:12.580000,1.11347,1.11346,1000000,2250000
2019-04-02 12:33:12.683000,1.11346,1.11345,4120000,1000000
2019-04-02 12:33:12.785000,1.11344,1.11342,1120000,1570000
2019-04-02 12:33:12.887000,1.11344,1.11341,5620000,1570000
2019-04-02 12:33:15.130000,1.11343,1.11341,1250000,1690000
2019-04-02 12:33:15.338000,1.11343,1.11341,1500000,1370000
2019-04-02 12:33:15.442000,1.11343,1.1134,2440000,5620000
2019-04-02 12:33:17.636000,1.11342,1.1134,1000000,4500000
2019-04-02 12:33:17.832000,1.11342,1.1134,1000000,2060000
2019-04-02 12:33:17.935000,1.11342,1.11339,5060000,1250000
2019-04-02 12:33:18.037000,1.11341,1.11338,1500000,2950000
2019-04-02 12:33:18.139000,1.11341,1.11338,1690000,2890000
2019-04-02 12:33:18.414000,1.11339,1.11338,9190000,1000000
2019-04-02 12:33:18.516000,1.11339,1.11337,17440001,1250000
2019-04-02 12:33:18.618000,1.11338,1.11336,15750000,2950000
2019-04-02 12:33:18.989000,1.11338,1.11335,1870000,1370000
2019-04-02 12:33:19.092000,1.11336,1.11334,1000000,2510000
2019-04-02 12:33:19.201000,1.11336,1.11333,1690000,3260000
2019-04-02 12:33:28.789000,1.11335,1.11332,3940000,2640000
2019-04-02 12:33:28.891000,1.11333,1.11332,9000000,1390000
2019-04-02 12:33:29.023000,1.11332,1.11331,1500000,1250000
2019-04-02 12:33:29.234000,1.11332,1.1133,2440000,1250000
2019-04-02 12:33:29.399000,1.1133,1.11328,1000000,2060000
2019-04-02 12:33:29.552000,1.11331,1.11327,2890000,3250000
2019-04-02 12:33:29.756000,1.11331,1.11328,1870000,1250000
2019-04-02 12:33:30.055000,1.11332,1.11331,1000000,1250000
2019-04-02 12:33:30.158000,1.11332,1.11329,1000000,8320000
2019-04-02 12:33:30.260000,1.11332,1.11329,2810000,1250000
2019-04-02 12:33:30.413000,1.11331,1.11329,1250000,1000000
2019-04-02 12:33:35.101000,1.11333,1.1133,5260000,1250000
2019-04-02 12:33:35.203000,1.11335,1.11332,3250000,3690000
2019-04-02 12:33:35.306000,1.11335,1.11332,1000000,3690000
2019-04-02 12:33:36.061000,1.11336,1.11333,1000000,1500000
2019-04-02 12:33:36.281000,1.11336,1.11333,1000000,2450000
2019-04-02 12:33:36.384000,1.11336,1.11333,1000000,2320000
2019-04-02 12:33:36.487000,1.11337,1.11333,2810000,3820000
2019-04-02 12:33:37.582000,1.11337,1.11336,1000000,1250000
2019-04-02 12:33:37.685000,1.11338,1.11335,1500000,4820000
2019-04-02 12:33:38.004000,1.11338,1.11335,1690000,3940000
2019-04-02 12:33:38.106000,1.11337,1.11335,1000000,3940000
2019-04-02 12:33:38.844000,1.11336,1.11334,1500000,1890000
2019-04-02 12:33:38.948000,1.11336,1.11333,1500000,5700000
2019-04-02 12:33:41.576000,1.11338,1.11336,3820000,4220000
2019-04-02 12:33:41.628000,1.11341,1.1134,1500000,1310000
2019-04-02 12:33:41.730000,1.11343,1.1134,1500000,5190000
2019-04-02 12:33:41.782000,1.11342,1.11341,1000000,2060000
2019-04-02 12:33:41.833000,1.11345,1.11342,14510000,1620000
2019-04-02 12:33:41.971000,1.11346,1.11343,3190000,1250000
2019-04-02 12:33:42.074000,1.11345,1.11343,1000000,1310000
2019-04-02 12:33:42.227000,1.11346,1.11343,4690000,1690000
2019-04-02 12:33:42.442000,1.11346,1.11343,1500000,2570000
2019-04-02 12:33:42.545000,1.11346,1.11344,1000000,3320000
2019-04-02 12:33:42.647000,1.11347,1.11345,1000000,1250000
2019-04-02 12:33:42.751000,1.11348,1.11346,2440000,1250000
2019-04-02 12:33:43.499000,1.11348,1.11346,1500000,2120000
2019-04-02 12:33:43.601000,1.11349,1.11347,1500000,1370000
2019-04-02 12:33:43.654000,1.11354,1.11351,1500000,2370000
2019-04-02 12:33:43.771000,1.11357,1.11355,1500000,2560000
2019-04-02 12:33:43.874000,1.11358,1.11356,1000000,3250000
2019-04-02 12:33:43.977000,1.11359,1.11356,1690000,2500000
2019-04-02 12:33:44.107000,1.11359,1.11357,1500000,1250000
2019-04-02 12:33:44.211000,1.11361,1.11357,4850000,1370000
2019-04-02 12:33:44.862000,1.11361,1.11359,1120000,2810000
2019-04-02 12:33:44.965000,1.11363,1.11359,4070000,1690000
2019-04-02 12:33:45.118000,1.11363,1.11362,1000000,2060000
2019-04-02 12:33:45.220000,1.11366,1.11364,1000000,6370000
2019-04-02 12:33:45.352000,1.11367,1.11364,1500000,3500000
2019-04-02 12:33:45.456000,1.11365,1.11363,1690000,3820000
2019-04-02 12:33:45.558000,1.11363,1.11362,1000000,4200000
2019-04-02 12:33:45.671000,1.11366,1.11364,2620000,1620000
2019-04-02 12:33:45.773000,1.11364,1.11362,12370000,2500000
2019-04-02 12:33:45.876000,1.11363,1.11359,2370000,3100000
2019-04-02 12:33:45.978000,1.11361,1.11359,1000000,2510000
2019-04-02 12:33:46.085000,1.11363,1.11359,7420000,2510000
2019-04-02 12:33:46.341000,1.11361,1.11359,1000000,1010000
2019-04-02 12:33:46.606000,1.1136,1.11358,9000000,1600000
2019-04-02 12:33:46.710000,1.11359,1.11357,1000000,1620000
2019-04-02 12:33:46.813000,1.1136,1.11357,10310000,1010000
2019-04-02 12:33:46.916000,1.11357,1.11356,2250000,2620000
2019-04-02 12:33:47.057000,1.11359,1.11356,1000000,3450000
2019-04-02 12:33:47.161000,1.1136,1.11357,1100000,1620000
2019-04-02 12:33:47.315000,1.11359,1.11356,1500000,1570000
2019-04-02 12:33:47.418000,1.11358,1.11355,1000000,2510000
2019-04-02 12:33:47.529000,1.11357,1.11355,1000000,1010000
2019-04-02 12:33:47.785000,1.11356,1.11354,1000000,3450000
2019-04-02 12:33:48.179000,1.11356,1.11353,1500000,3760000
2019-04-02 12:33:48.282000,1.11355,1.11352,2440000,1890000
2019-04-02 12:33:48.747000,1.11357,1.11355,10970000,4690000
2019-04-02 12:33:48.849000,1.11359,1.11357,1000000,1250000
2019-04-02 12:33:48.901000,1.1136,1.11358,1000000,4810000
2019-04-02 12:33:48.952000,1.11362,1.11359,1250000,3310000
2019-04-02 12:33:49.003000,1.11363,1.11361,3750000,1370000
2019-04-02 12:33:49.116000,1.1136,1.11358,1000000,2040000
2019-04-02 12:33:49.219000,1.1136,1.11358,1750000,1120000
2019-04-02 12:33:49.323000,1.11359,1.11356,1250000,5250000
2019-04-02 12:33:51.586000,1.11358,1.11356,1250000,1120000
2019-04-02 12:33:51.691000,1.11358,1.11356,1120000,1750000
2019-04-02 12:33:51.793000,1.11359,1.11356,1250000,2870000
2019-04-02 12:33:53.243000,1.11358,1.11356,1000000,1370000
2019-04-02 12:33:53.346000,1.11359,1.11355,3000000,4120000
2019-04-02 12:33:53.976000,1.11356,1.11353,1500000,3450000
2019-04-02 12:33:54.332000,1.11355,1.11353,1000000,2620000
2019-04-02 12:33:54.434000,1.11356,1.11354,1500000,2810000
2019-04-02 12:33:54.541000,1.11357,1.11355,1000000,3250000
2019-04-02 12:33:54.593000,1.11358,1.11355,2250000,2120000
2019-04-02 12:33:54.698000,1.11357,1.11355,1500000,1310000
2019-04-02 12:33:56.070000,1.11356,1.11353,1500000,3190000
2019-04-02 12:33:56.476000,1.11355,1.11352,1000000,3000000
2019-04-02 12:33:56.578000,1.11356,1.11352,2250000,2120000
2019-04-02 12:33:56.681000,1.11355,1.11352,1690000,4000000
2019-04-02 12:33:56.989000,1.11355,1.11352,1810000,1750000
2019-04-02 12:33:57.091000,1.11354,1.11351,4810000,1750000
2019-04-02 12:33:57.193000,1.11354,1.1135,11810000,3250000
2019-04-02 12:33:57.296000,1.11353,1.1135,2190000,2870000
2019-04-02 12:33:57.426000,1.11353,1.1135,2810000,2120000
2019-04-02 12:33:57.579000,1.11353,1.1135,1000000,2120000
2019-04-02 12:33:59.203000,1.11352,1.11349,1250000,5700000
2019-04-02 12:33:59.254000,1.11351,1.11349,2500000,1870000
2019-04-02 12:33:59.497000,1.1135,1.11348,1690000,1000000
2019-04-02 12:33:59.752000,1.1135,1.11347,1250000,1690000
2019-04-02 12:34:00.282000,1.1135,1.11347,1810000,1250000
2019-04-02 12:34:00.519000,1.1135,1.11347,1810000,2560000
2019-04-02 12:34:00.621000,1.11353,1.1135,1500000,4690000
2019-04-02 12:34:00.775000,1.11352,1.1135,1000000,3000000
2019-04-02 12:34:00.826000,1.11354,1.1135,2440000,3000000
2019-04-02 12:34:00.878000,1.11352,1.1135,1000000,1250000
2019-04-02 12:34:01.009000,1.11352,1.11349,1500000,2870000
2019-04-02 12:34:01.787000,1.11352,1.11349,1870000,1120000
2019-04-02 12:34:02.297000,1.11351,1.11348,1000000,3310000
2019-04-02 12:34:02.976000,1.1135,1.11348,1000000,2560000
2019-04-02 12:34:03.090000,1.1135,1.11347,1000000,3000000
2019-04-02 12:34:03.395000,1.11351,1.11347,2890000,3750000
2019-04-02 12:34:03.498000,1.11352,1.1135,1200000,1370000
2019-04-02 12:34:03.549000,1.11353,1.1135,1500000,1370000
2019-04-02 12:34:03.674000,1.11352,1.11349,1250000,2560000
2019-04-02 12:34:03.779000,1.11351,1.11349,1000000,2560000
2019-04-02 12:34:03.881000,1.11351,1.11349,1250000,1000000
2019-04-02 12:34:03.933000,1.11349,1.11347,1250000,2640000
2019-04-02 12:34:04.035000,1.11349,1.11346,1250000,4120000
2019-04-02 12:34:04.186000,1.1135,1.11346,2810000,4200000
2019-04-02 12:34:04.289000,1.11349,1.11346,1000000,3450000
2019-04-02 12:34:04.493000,1.1135,1.11346,3560000,3450000
2019-04-02 12:34:04.835000,1.11349,1.11346,1250000,3750000
2019-04-02 12:34:06.376000,1.1135,1.11347,2440000,1310000
2019-04-02 12:34:06.529000,1.11349,1.11346,1250000,3820000
2019-04-02 12:34:07.845000,1.11348,1.11345,1500000,2570000
2019-04-02 12:34:07.991000,1.11347,1.11344,1000000,4200000
2019-04-02 12:34:08.093000,1.11347,1.11344,1000000,4120000
2019-04-02 12:34:08.446000,1.11347,1.11343,3560000,4570000
2019-04-02 12:34:08.548000,1.11347,1.11344,2620000,1820000
2019-04-02 12:34:08.803000,1.11347,1.11344,2440000,1760000
2019-04-02 12:34:08.907000,1.11346,1.11344,1690000,1100000
2019-04-02 12:34:09.011000,1.11345,1.11342,1000000,5700000
2019-04-02 12:34:09.266000,1.11346,1.11342,2440000,4220000
2019-04-02 12:34:09.501000,1.11345,1.11342,1250000,4140000
2019-04-02 12:34:10.253000,1.11347,1.11344,3070000,1250000
2019-04-02 12:34:10.355000,1.11348,1.11345,2540000,1250000
2019-04-02 12:34:10.457000,1.11348,1.11345,1250000,1750000
2019-04-02 12:34:13.456000,1.11348,1.11345,1570000,1870000
2019-04-02 12:34:14.107000,1.11348,1.11345,1870000,1250000
2019-04-02 12:34:14.863000,1.11348,1.11345,1870000,1250000
2019-04-02 12:34:17.165000,1.11345,1.11343,9160000,1950000
2019-04-02 12:34:17.268000,1.11344,1.1134,3750000,4010000
2019-04-02 12:34:17.370000,1.11343,1.1134,2190000,1310000
2019-04-02 12:34:18.134000,1.11341,1.11339,1000000,1810000
2019-04-02 12:34:18.241000,1.11341,1.11339,1500000,1310000
2019-04-02 12:34:19.086000,1.11339,1.11338,8440000,1120000
2019-04-02 12:34:19.137000,1.11338,1.11337,3000000,2810000
2019-04-02 12:34:19.291000,1.11337,1.11335,1000000,2620000
2019-04-02 12:34:19.553000,1.11336,1.11334,1000000,1250000
2019-04-02 12:34:20.437000,1.11333,1.11331,2500000,6190000
2019-04-02 12:34:20.489000,1.11332,1.1133,1000000,3450000
2019-04-02 12:34:20.591000,1.11331,1.11329,18690001,1500000
2019-04-02 12:34:20.753000,1.11329,1.11328,1250000,1000000
2019-04-02 12:34:20.805000,1.11325,1.11323,1250000,1500000
2019-04-02 12:34:20.911000,1.11319,1.11318,1250000,2250000
2019-04-02 12:34:20.964000,1.11319,1.11317,1120000,1000000
2019-04-02 12:34:21.073000,1.11318,1.11316,1000000,4020000
2019-04-02 12:34:21.175000,1.11318,1.11315,3190000,2600000
2019-04-02 12:34:21.332000,1.11318,1.11316,1200000,1250000
2019-04-02 12:34:21.953000,1.11318,1.11315,1760000,1750000
2019-04-02 12:34:22.170000,1.1132,1.11319,1500000,2060000
2019-04-02 12:34:22.272000,1.11323,1.11322,1250000,1120000
2019-04-02 12:34:22.706000,1.11325,1.11322,1820000,1250000
2019-04-02 12:34:23.650000,1.11326,1.11323,1370000,3370000
2019-04-02 12:34:23.702000,1.11328,1.11326,1500000,2440000
2019-04-02 12:34:23.805000,1.11329,1.11327,1000000,1690000
2019-04-02 12:34:23.926000,1.1133,1.11327,1250000,3010000
2019-04-02 12:34:24.546000,1.11329,1.11327,1250000,1250000
2019-04-02 12:34:25.024000,1.1133,1.11327,1000000,2570000
2019-04-02 12:34:25.126000,1.11333,1.1133,2560000,2120000
2019-04-02 12:34:25.229000,1.11333,1.11329,2880000,2190000
2019-04-02 12:34:25.379000,1.11332,1.11329,1250000,1570000
2019-04-02 12:34:25.735000,1.11332,1.11329,1000000,2320000
2019-04-02 12:34:25.838000,1.11333,1.1133,2440000,1370000
2019-04-02 12:34:25.997000,1.11331,1.1133,1000000,1570000
2019-04-02 12:34:26.100000,1.11331,1.11328,1000000,3320000
2019-04-02 12:34:26.304000,1.11332,1.11328,3190000,3320000
2019-04-02 12:34:26.508000,1.11331,1.11328,1250000,2510000
2019-04-02 12:34:26.850000,1.11332,1.11328,2060000,3070000
2019-04-02 12:34:27.169000,1.11333,1.11331,1570000,1370000
2019-04-02 12:34:27.273000,1.11335,1.11332,1750000,1950000
2019-04-02 12:34:27.376000,1.11336,1.11334,1250000,1120000
2019-04-02 12:34:27.624000,1.11337,1.11334,1250000,2260000
2019-04-02 12:34:27.726000,1.11339,1.11336,5140000,1750000
2019-04-02 12:34:27.828000,1.11341,1.11338,2890000,1250000
2019-04-02 12:34:28.039000,1.11341,1.11338,1000000,2870000
2019-04-02 12:34:28.092000,1.11338,1.11337,1690000,2250000
2019-04-02 12:34:28.196000,1.11338,1.11336,1250000,1500000
2019-04-02 12:34:28.607000,1.11338,1.11335,3370000,2500000
2019-04-02 12:34:28.709000,1.11339,1.11336,4310000,1370000
2019-04-02 12:34:28.811000,1.11341,1.11339,1500000,1250000
2019-04-02 12:34:29.323000,1.11342,1.11338,4750000,4690000
2019-04-02 12:34:29.733000,1.11342,1.11338,4750000,4890000
2019-04-02 12:34:30.624000,1.11342,1.1134,2120000,1000000
2019-04-02 12:34:30.893000,1.11342,1.1134,2060000,1000000
2019-04-02 12:34:31.758000,1.11343,1.11341,1000000,1750000
2019-04-02 12:34:31.861000,1.11345,1.11342,2440000,4890000
2019-04-02 12:34:31.912000,1.11346,1.11344,1500000,1750000
2019-04-02 12:34:31.963000,1.11347,1.11345,3560000,1120000
2019-04-02 12:34:32.140000,1.11346,1.11345,1250000,1200000
2019-04-02 12:34:32.242000,1.11344,1.11343,1250000,1500000
2019-04-02 12:34:32.651000,1.11345,1.11343,1000000,2140000
2019-04-02 12:34:33.449000,1.11345,1.11343,4000000,1120000
2019-04-02 12:34:33.552000,1.11344,1.11342,1250000,2140000
2019-04-02 12:34:34.233000,1.11343,1.11342,2060000,1000000
2019-04-02 12:34:34.335000,1.11342,1.11341,1250000,1000000
2019-04-02 12:34:34.437000,1.11343,1.1134,2120000,2620000
2019-04-02 12:34:34.641000,1.11343,1.1134,1310000,2060000
2019-04-02 12:34:34.845000,1.11343,1.1134,1250000,4070000
2019-04-02 12:34:35.866000,1.11342,1.11341,1250000,1000000
2019-04-02 12:34:35.969000,1.11342,1.1134,1250000,1870000
2019-04-02 12:34:37.744000,1.11341,1.1134,1000000,1000000
2019-04-02 12:34:37.899000,1.11341,1.11339,1000000,1250000
2019-04-02 12:34:38.399000,1.1134,1.11339,1000000,1250000
2019-04-02 12:34:38.501000,1.11341,1.11339,1500000,1250000
2019-04-02 12:34:38.604000,1.11339,1.11336,2810000,2950000
2019-04-02 12:34:38.734000,1.11339,1.11338,1000000,1250000
2019-04-02 12:34:38.836000,1.11341,1.11338,2870000,2160000
2019-04-02 12:34:38.938000,1.11341,1.11337,2620000,3750000
2019-04-02 12:34:39.041000,1.11341,1.11337,2620000,5720000
2019-04-02 12:34:39.208000,1.11341,1.11337,2950000,5200000
2019-04-02 12:34:41.400000,1.11339,1.11337,1250000,3070000
2019-04-02 12:34:42.673000,1.1134,1.11337,2890000,2500000
2019-04-02 12:34:42.776000,1.11341,1.11338,2140000,1250000
2019-04-02 12:34:44.075000,1.11341,1.11338,1200000,2870000
2019-04-02 12:34:44.381000,1.11341,1.11337,4470000,4750000
2019-04-02 12:34:44.432000,1.11338,1.11337,1000000,1690000
2019-04-02 12:34:44.709000,1.11338,1.11335,1010000,3620000
2019-04-02 12:34:44.811000,1.11338,1.11335,3470000,1000000
2019-04-02 12:34:44.914000,1.11338,1.11334,4970000,2440000
2019-04-02 12:34:46.178000,1.11338,1.11336,1690000,1690000
2019-04-02 12:34:47.116000,1.11339,1.11338,1200000,1250000
2019-04-02 12:34:47.219000,1.11341,1.11338,1120000,2890000
2019-04-02 12:34:48.211000,1.11342,1.11339,5070000,1000000
2019-04-02 12:34:48.313000,1.11342,1.11338,4200000,3260000
2019-04-02 12:34:48.467000,1.11342,1.11338,4220000,3190000
2019-04-02 12:34:48.628000,1.11342,1.11338,4390000,4070000
2019-04-02 12:34:48.733000,1.11342,1.11338,4410000,4000000
2019-04-02 12:34:49.498000,1.11342,1.11338,3640000,4070000
2019-04-02 12:34:54.282000,1.1134,1.11338,2870000,1100000
2019-04-02 12:34:54.334000,1.11341,1.11338,4120000,2570000
2019-04-02 12:34:58.472000,1.11343,1.1134,4410000,1750000
2019-04-02 12:34:58.578000,1.11343,1.11341,2320000,1250000
2019-04-02 12:34:58.884000,1.11344,1.11343,2700000,1690000
2019-04-02 12:34:58.987000,1.11346,1.11344,1000000,3250000
2019-04-02 12:34:59.105000,1.11347,1.11344,1120000,4070000
2019-04-02 12:35:05.026000,1.11348,1.11345,3260000,2060000
2019-04-02 12:35:05.231000,1.11348,1.11345,1870000,2950000
2019-04-02 12:35:06.286000,1.11347,1.11345,1000000,2870000
2019-04-02 12:35:06.654000,1.11348,1.11345,4950000,2120000
2019-04-02 12:35:06.756000,1.11345,1.11342,1940000,7160000
2019-04-02 12:35:06.859000,1.11345,1.11342,1500000,4070000
2019-04-02 12:35:06.962000,1.11345,1.11342,1250000,3640000
2019-04-02 12:35:08.549000,1.11344,1.1134,5950000,3700000
2019-04-02 12:35:08.705000,1.1134,1.11339,8810000,1000000
2019-04-02 12:35:08.809000,1.11339,1.11337,1000000,2500000
2019-04-02 12:35:08.912000,1.1134,1.11337,1690000,2570000
2019-04-02 12:35:09.014000,1.11341,1.11337,7100000,2440000
2019-04-02 12:35:09.117000,1.11341,1.11337,4410000,4370000
2019-04-02 12:35:09.220000,1.11341,1.11337,4390000,4070000
2019-04-02 12:35:10.085000,1.1134,1.11337,1750000,2440000
2019-04-02 12:35:10.268000,1.11338,1.11335,1570000,4000000
2019-04-02 12:35:10.371000,1.11337,1.11334,1200000,5870000
2019-04-02 12:35:10.850000,1.11337,1.11334,1390000,2060000
2019-04-02 12:35:10.953000,1.11338,1.11334,2810000,4000000
2019-04-02 12:35:16.347000,1.11338,1.11335,7410000,1250000
2019-04-02 12:35:16.448000,1.11338,1.11335,7390000,1250000
2019-04-02 12:35:18.053000,1.11336,1.11335,1000000,1250000
2019-04-02 12:35:18.157000,1.11336,1.11334,2250000,1250000
2019-04-02 12:35:18.259000,1.11335,1.11333,2120000,1000000
2019-04-02 12:35:18.361000,1.11335,1.11331,2700000,5570000
2019-04-02 12:35:18.470000,1.11335,1.11331,4000000,5120000
2019-04-02 12:35:19.216000,1.11334,1.11332,1000000,2950000
2019-04-02 12:35:19.319000,1.11335,1.11332,2620000,3700000
2019-04-02 12:35:19.536000,1.11334,1.11332,1000000,2950000
2019-04-02 12:35:19.780000,1.11335,1.11332,2620000,2950000
2019-04-02 12:35:19.984000,1.11334,1.11332,1000000,2950000
2019-04-02 12:35:20.086000,1.11335,1.11332,1870000,2950000
2019-04-02 12:35:20.742000,1.11336,1.11333,1010000,2060000
2019-04-02 12:35:20.957000,1.11337,1.11334,4390000,1690000
2019-04-02 12:35:21.059000,1.11336,1.11333,1000000,3620000
2019-04-02 12:35:21.161000,1.11337,1.11333,5140000,3700000
2019-04-02 12:35:21.264000,1.11336,1.11333,1000000,3700000
2019-04-02 12:35:21.570000,1.11337,1.11333,4390000,3700000
2019-04-02 12:35:22.131000,1.11337,1.11333,5950000,3640000
2019-04-02 12:35:22.375000,1.11337,1.11334,4410000,1250000
2019-04-02 12:35:22.529000,1.11337,1.11335,1970000,1690000
2019-04-02 12:35:22.580000,1.11338,1.11335,3820000,1750000
2019-04-02 12:35:22.737000,1.11337,1.11335,1100000,2440000
2019-04-02 12:35:22.839000,1.11338,1.11335,3260000,1690000
2019-04-02 12:35:22.942000,1.11338,1.11335,4040000,1750000
2019-04-02 12:35:23.045000,1.11338,1.11335,3260000,1250000
2019-04-02 12:35:23.378000,1.11337,1.11335,1100000,1250000
2019-04-02 12:35:23.481000,1.11336,1.11334,1690000,1000000
2019-04-02 12:35:23.583000,1.11335,1.11332,1000000,5320000
2019-04-02 12:35:24.199000,1.11334,1.11332,1000000,2870000
2019-04-02 12:35:24.301000,1.11335,1.11332,1000000,2500000
2019-04-02 12:35:24.748000,1.11336,1.11332,4760000,2570000
2019-04-02 12:35:25.461000,1.11336,1.11332,4410000,2870000
2019-04-02 12:35:25.609000,1.11334,1.11332,1000000,3320000
2019-04-02 12:35:25.825000,1.11336,1.11332,4410000,2870000
2019-04-02 12:35:26.008000,1.11336,1.11332,4010000,3320000
2019-04-02 12:35:26.284000,1.11336,1.11332,4410000,2870000
2019-04-02 12:35:26.385000,1.11336,1.11332,4010000,3320000
2019-04-02 12:35:28.247000,1.11334,1.11332,1000000,3620000
2019-04-02 12:35:28.349000,1.11333,1.11332,1000000,1000000
2019-04-02 12:35:28.503000,1.11334,1.11332,1000000,2440000
2019-04-02 12:35:28.605000,1.11336,1.11333,2320000,1000000
2019-04-02 12:35:30.645000,1.11337,1.11334,4010000,1000000
2019-04-02 12:35:30.749000,1.11338,1.11335,3070000,1250000
2019-04-02 12:35:35.417000,1.11337,1.11334,1010000,2440000
2019-04-02 12:35:35.520000,1.11336,1.11333,2890000,1310000
2019-04-02 12:35:35.966000,1.11336,1.11332,4040000,3250000
2019-04-02 12:35:36.068000,1.11336,1.11332,4760000,4070000
2019-04-02 12:35:36.424000,1.11335,1.11332,1000000,4070000
2019-04-02 12:35:36.840000,1.11336,1.11332,4390000,4000000
2019-04-02 12:35:36.943000,1.11334,1.11332,1000000,4070000
2019-04-02 12:35:37.198000,1.11334,1.11332,1250000,3260000
2019-04-02 12:35:37.322000,1.11333,1.11331,1000000,2120000
2019-04-02 12:35:37.525000,1.11333,1.11331,1690000,1310000
2019-04-02 12:35:39.186000,1.11332,1.1133,8440000,1000000
2019-04-02 12:35:39.289000,1.1133,1.11327,8320000,8250000
2019-04-02 12:35:39.391000,1.1133,1.11327,1010000,3190000
2019-04-02 12:35:39.493000,1.11329,1.11327,1000000,3190000
2019-04-02 12:35:39.692000,1.1133,1.11327,1010000,3190000
2019-04-02 12:35:41.399000,1.11329,1.11327,6190000,1250000
2019-04-02 12:35:41.508000,1.11327,1.11326,2060000,1000000
2019-04-02 12:35:41.611000,1.11327,1.11326,1200000,1250000
2019-04-02 12:35:41.714000,1.11329,1.11325,9470000,3250000
2019-04-02 12:35:42.296000,1.11327,1.11325,1750000,1870000
2019-04-02 12:35:42.399000,1.11325,1.11324,8440000,1500000
2019-04-02 12:35:42.507000,1.11325,1.11321,4760000,7570000
2019-04-02 12:35:42.558000,1.11323,1.11321,1250000,2810000
2019-04-02 12:35:43.545000,1.11325,1.11322,3560000,1250000
2019-04-02 12:35:43.597000,1.11326,1.11325,1570000,1690000
2019-04-02 12:35:43.648000,1.11328,1.11325,1890000,4190000
2019-04-02 12:35:43.751000,1.11329,1.11327,1000000,1750000
2019-04-02 12:35:43.912000,1.1133,1.11327,1000000,3950000
2019-04-02 12:35:44.373000,1.1133,1.11327,1100000,2250000
2019-04-02 12:35:45.290000,1.11329,1.11327,3000000,1000000
2019-04-02 12:35:45.393000,1.11328,1.11325,2890000,1370000
2019-04-02 12:35:47.510000,1.11327,1.11325,1250000,1000000
2019-04-02 12:35:47.612000,1.11326,1.11323,1010000,1310000
2019-04-02 12:35:47.917000,1.11326,1.11322,2200000,4390000
2019-04-02 12:35:48.020000,1.11326,1.11322,2890000,4200000
2019-04-02 12:35:48.649000,1.11326,1.11322,2320000,5950000
2019-04-02 12:35:48.839000,1.11327,1.11325,1870000,1250000
2019-04-02 12:35:48.992000,1.11327,1.11323,2120000,6660000
2019-04-02 12:35:49.096000,1.11324,1.11323,1250000,1200000
2019-04-02 12:35:49.250000,1.11324,1.11321,4310000,2200000
2019-04-02 12:35:49.370000,1.11323,1.11321,1000000,1370000
2019-04-02 12:35:50.310000,1.11323,1.11321,1000000,1250000
2019-04-02 12:35:50.417000,1.11324,1.11322,1000000,2870000
2019-04-02 12:35:50.469000,1.11326,1.11323,4010000,1250000
2019-04-02 12:35:50.572000,1.11326,1.11323,1100000,4370000
2019-04-02 12:35:50.674000,1.11327,1.11323,1010000,5200000
2019-04-02 12:35:51.121000,1.11328,1.11325,2160000,4370000
2019-04-02 12:35:51.224000,1.11329,1.11327,1540000,1010000
2019-04-02 12:35:51.722000,1.11328,1.11325,1690000,4310000
2019-04-02 12:35:51.825000,1.11327,1.11325,3940000,1000000
2019-04-02 12:35:51.928000,1.11327,1.11324,4690000,1250000
2019-04-02 12:35:52.189000,1.11327,1.11325,1000000,1250000
2019-04-02 12:35:52.292000,1.11328,1.11326,1000000,1750000
2019-04-02 12:35:52.395000,1.11329,1.11327,1500000,1250000
2019-04-02 12:35:52.497000,1.1133,1.11327,3190000,1010000
2019-04-02 12:35:52.670000,1.1133,1.11327,2620000,2950000
2019-04-02 12:35:53.650000,1.11331,1.11328,5140000,1250000
2019-04-02 12:35:53.854000,1.11331,1.11328,2620000,1820000
2019-04-02 12:35:54.634000,1.1133,1.11328,1000000,3320000
2019-04-02 12:35:54.736000,1.1133,1.11328,1500000,1690000
2019-04-02 12:35:54.890000,1.11329,1.11328,1000000,1000000
2019-04-02 12:35:56.590000,1.11329,1.11327,1000000,1310000
2019-04-02 12:35:58.508000,1.11332,1.1133,2850000,3190000
2019-04-02 12:35:58.560000,1.11333,1.11331,1250000,1690000
2019-04-02 12:35:58.663000,1.11335,1.11332,5140000,1250000
2019-04-02 12:35:59.176000,1.11335,1.11332,4570000,2500000
2019-04-02 12:35:59.380000,1.11334,1.11332,1000000,2500000
2019-04-02 12:35:59.685000,1.11335,1.11332,1870000,2500000
2019-04-02 12:36:00.269000,1.11336,1.11333,2810000,1010000
2019-04-02 12:36:01.273000,1.11335,1.11333,1000000,1010000
2019-04-02 12:36:01.729000,1.11336,1.11333,3560000,1010000
2019-04-02 12:36:04.026000,1.11336,1.11333,1310000,3010000
2019-04-02 12:36:04.899000,1.11336,1.11333,2060000,1690000
2019-04-02 12:36:11.444000,1.11335,1.11333,1000000,1250000
2019-04-02 12:36:11.990000,1.11334,1.11332,1000000,1950000
2019-04-02 12:36:12.130000,1.11335,1.11332,2620000,1570000
2019-04-02 12:36:12.232000,1.11335,1.11333,1500000,1250000
2019-04-02 12:36:12.334000,1.11335,1.11334,1000000,1000000
2019-04-02 12:36:12.436000,1.11336,1.11334,2060000,1000000
2019-04-02 12:36:16.797000,1.11336,1.11334,4000000,1000000
2019-04-02 12:36:16.920000,1.11334,1.11333,1250000,1000000
2019-04-02 12:36:17.023000,1.11334,1.11332,1690000,1250000
2019-04-02 12:36:17.125000,1.11334,1.11332,1000000,1750000
2019-04-02 12:36:17.227000,1.11335,1.11334,1500000,1000000
2019-04-02 12:36:17.330000,1.11336,1.11333,3000000,1100000
2019-04-02 12:36:17.432000,1.11336,1.11333,1870000,2570000
2019-04-02 12:36:18.150000,1.11336,1.11335,1120000,1000000
2019-04-02 12:36:18.202000,1.1134,1.11339,2250000,1000000
2019-04-02 12:36:18.304000,1.11342,1.11339,2440000,3190000
2019-04-02 12:36:18.457000,1.11342,1.11339,1690000,5640000
2019-04-02 12:36:19.860000,1.11342,1.11339,2440000,1760000
2019-04-02 12:36:20.012000,1.11341,1.11339,1000000,1760000
2019-04-02 12:36:20.216000,1.11342,1.11339,2440000,1760000
2019-04-02 12:36:24.233000,1.11342,1.11341,1000000,1250000
2019-04-02 12:36:24.335000,1.11342,1.1134,1250000,1000000
2019-04-02 12:36:24.437000,1.11341,1.11339,1000000,3190000
2019-04-02 12:36:24.590000,1.11342,1.11339,1760000,1690000
2019-04-02 12:36:26.133000,1.11341,1.11339,2500000,1000000
2019-04-02 12:36:26.235000,1.1134,1.11338,1250000,2060000
2019-04-02 12:36:27.664000,1.1134,1.11338,2500000,1000000
2019-04-02 12:36:27.767000,1.11338,1.11337,1250000,3070000
2019-04-02 12:36:27.870000,1.11337,1.11336,1690000,1000000
2019-04-02 12:36:27.972000,1.11337,1.11335,2440000,1000000
2019-04-02 12:36:31.229000,1.11336,1.11335,2250000,1000000
2019-04-02 12:36:31.382000,1.11336,1.11334,2250000,1250000
2019-04-02 12:36:32.804000,1.11335,1.11333,1250000,1250000
2019-04-02 12:36:34.364000,1.11335,1.11334,1250000,1000000
2019-04-02 12:36:35.217000,1.11336,1.11333,1250000,3450000
2019-04-02 12:36:35.359000,1.11336,1.11334,1250000,1000000
2019-04-02 12:36:35.668000,1.11335,1.11333,1250000,1570000
2019-04-02 12:36:35.771000,1.11334,1.11333,1250000,1000000
2019-04-02 12:36:35.918000,1.11334,1.11331,2440000,2200000
2019-04-02 12:36:36.021000,1.11334,1.11333,1500000,1000000
2019-04-02 12:36:36.123000,1.11335,1.11333,1500000,1010000
2019-04-02 12:36:36.225000,1.11335,1.11334,1000000,8250000
2019-04-02 12:36:36.276000,1.11337,1.11334,1760000,1810000
2019-04-02 12:36:36.896000,1.11337,1.11334,1690000,1390000
2019-04-02 12:36:40.646000,1.11337,1.11335,1100000,3250000
2019-04-02 12:36:40.748000,1.11338,1.11335,1250000,5200000
2019-04-02 12:36:40.851000,1.11338,1.11336,1000000,3010000
2019-04-02 12:36:40.953000,1.11339,1.11336,2510000,3750000
2019-04-02 12:36:42.693000,1.11339,1.11337,1500000,1750000
2019-04-02 12:36:42.808000,1.11341,1.11338,1010000,2810000
2019-04-02 12:36:43.196000,1.1134,1.11338,1000000,2140000
2019-04-02 12:36:43.298000,1.1134,1.11337,3190000,1000000
2019-04-02 12:36:43.401000,1.11339,1.11336,4120000,2510000
2019-04-02 12:36:43.503000,1.11339,1.11335,4040000,2870000
2019-04-02 12:36:43.605000,1.11338,1.11335,1760000,2060000
2019-04-02 12:36:45.298000,1.11338,1.11334,7450000,5510000
2019-04-02 12:36:45.503000,1.11336,1.11333,1500000,2820000
2019-04-02 12:36:46.144000,1.11334,1.11333,1250000,1000000
2019-04-02 12:36:46.246000,1.11334,1.11332,1250000,2060000
2019-04-02 12:36:46.967000,1.11335,1.11331,4760000,6820000
2019-04-02 12:36:47.817000,1.11334,1.11331,1250000,6450000
2019-04-02 12:36:48.984000,1.11335,1.11331,4010000,7570000
2019-04-02 12:36:49.365000,1.11336,1.11332,2810000,4370000
2019-04-02 12:36:49.885000,1.11334,1.11332,1250000,3260000
2019-04-02 12:36:53.335000,1.11333,1.11331,2250000,1500000
2019-04-02 12:36:53.438000,1.11332,1.11329,1690000,2540000
2019-04-02 12:36:53.552000,1.11331,1.11329,1000000,1310000
2019-04-02 12:36:54.979000,1.11331,1.11328,1820000,2000000
2019-04-02 12:36:55.030000,1.11329,1.11327,1250000,2510000
2019-04-02 12:36:57.033000,1.1133,1.11328,1220000,4690000
2019-04-02 12:36:57.085000,1.11331,1.11329,1250000,6370000
2019-04-02 12:36:57.136000,1.11332,1.11331,1100000,2810000
2019-04-02 12:36:57.241000,1.11334,1.11332,1690000,1250000
2019-04-02 12:36:57.396000,1.11335,1.11332,2140000,1310000
2019-04-02 12:36:57.885000,1.11336,1.11333,2950000,1000000
2019-04-02 12:36:57.987000,1.11336,1.11332,2950000,6640000
2019-04-02 12:36:58.275000,1.11336,1.11333,2950000,1500000
2019-04-02 12:37:00.293000,1.11336,1.11333,1760000,2440000
2019-04-02 12:37:00.446000,1.11337,1.11334,2570000,1000000
2019-04-02 12:37:00.549000,1.11337,1.11333,3700000,4760000
2019-04-02 12:37:00.702000,1.11337,1.11334,1950000,3620000
2019-04-02 12:37:00.856000,1.11338,1.11335,1000000,1690000
2019-04-02 12:37:01.830000,1.11338,1.11335,1000000,1750000
2019-04-02 12:37:02.516000,1.11339,1.11335,4910000,3250000
2019-04-02 12:37:02.635000,1.11337,1.11335,1250000,1120000
2019-04-02 12:37:02.737000,1.11336,1.11334,1000000,1570000
2019-04-02 12:37:03.653000,1.11336,1.11333,2250000,2510000
2019-04-02 12:37:04.248000,1.11335,1.11333,1250000,1120000
2019-04-02 12:37:04.351000,1.11335,1.11332,1820000,3560000
2019-04-02 12:37:07.616000,1.11333,1.11332,1250000,1000000
2019-04-02 12:37:07.719000,1.11333,1.1133,1250000,3390000
2019-04-02 12:37:07.874000,1.11333,1.1133,4370000,1120000
2019-04-02 12:37:08.326000,1.11332,1.11329,1690000,1390000
2019-04-02 12:37:08.429000,1.11331,1.11329,1000000,1310000
2019-04-02 12:37:10.979000,1.1133,1.11328,1750000,1200000
2019-04-02 12:37:11.187000,1.1133,1.11327,1750000,5890000
2019-04-02 12:37:19.782000,1.1133,1.11328,1500000,2700000
2019-04-02 12:37:19.834000,1.11332,1.11329,5140000,2060000
2019-04-02 12:37:20.293000,1.11333,1.11331,3820000,1750000
2019-04-02 12:37:20.465000,1.11333,1.11331,1690000,1310000
2019-04-02 12:37:20.568000,1.11333,1.11332,1000000,1690000
2019-04-02 12:37:20.671000,1.11335,1.11332,3620000,3640000
2019-04-02 12:37:20.773000,1.11336,1.11333,2060000,1100000
2019-04-02 12:37:21.898000,1.11336,1.11334,2440000,1200000
2019-04-02 12:37:22.003000,1.11337,1.11334,1500000,2950000
2019-04-02 12:37:22.106000,1.11337,1.11335,1000000,3700000
2019-04-02 12:37:22.208000,1.11338,1.11335,1500000,4820000
2019-04-02 12:37:22.694000,1.11338,1.11335,2810000,3640000
2019-04-02 12:37:22.786000,1.11336,1.11335,1000000,1100000
2019-04-02 12:37:22.888000,1.11337,1.11335,1310000,1000000
2019-04-02 12:37:22.990000,1.11336,1.11334,1000000,2510000
2019-04-02 12:37:28.526000,1.11335,1.11334,1500000,1120000
2019-04-02 12:37:29.958000,1.11336,1.11334,2440000,1200000
2019-04-02 12:37:30.561000,1.11336,1.11335,1000000,1500000
2019-04-02 12:37:30.664000,1.11339,1.11336,1250000,3370000
2019-04-02 12:37:30.766000,1.1134,1.11337,1500000,4450000
2019-04-02 12:37:30.869000,1.11341,1.11339,1500000,2140000
2019-04-02 12:37:36.177000,1.11344,1.11343,3000000,1120000
2019-04-02 12:37:36.228000,1.11345,1.11344,6000000,15820000
2019-04-02 12:37:36.315000,1.11347,1.11346,1200000,1250000
2019-04-02 12:37:36.419000,1.11348,1.11346,1250000,3450000
2019-04-02 12:37:36.522000,1.1135,1.11347,3750000,1570000
2019-04-02 12:37:36.624000,1.1135,1.11348,1000000,1690000
2019-04-02 12:37:36.988000,1.1135,1.11347,2500000,3010000
2019-04-02 12:37:37.091000,1.11349,1.11347,1250000,1010000
2019-04-02 12:37:37.321000,1.11349,1.11347,2500000,1000000
2019-04-02 12:37:37.423000,1.11346,1.11345,35810001,1570000
2019-04-02 12:37:37.474000,1.11348,1.11346,3190000,1250000
2019-04-02 12:37:39.629000,1.11348,1.11345,3940000,1390000
2019-04-02 12:37:39.804000,1.11346,1.11345,8250000,1100000
2019-04-02 12:37:40.009000,1.11346,1.11344,1500000,1100000
2019-04-02 12:37:40.112000,1.11343,1.11341,4470000,13830000
2019-04-02 12:37:40.229000,1.11342,1.11341,1250000,1000000
2019-04-02 12:37:40.331000,1.11342,1.1134,1250000,3000000
2019-04-02 12:37:41.145000,1.11343,1.1134,3190000,1760000
2019-04-02 12:37:41.298000,1.11343,1.1134,1120000,2200000
2019-04-02 12:37:41.741000,1.11343,1.11341,1310000,1100000
2019-04-02 12:37:42.432000,1.11343,1.11341,2500000,1000000
2019-04-02 12:37:42.573000,1.11343,1.11341,1250000,1500000
2019-04-02 12:37:42.677000,1.11344,1.11342,1000000,2060000
2019-04-02 12:37:42.801000,1.11346,1.11344,1000000,2500000
2019-04-02 12:37:42.904000,1.11347,1.11344,1120000,2950000
2019-04-02 12:37:43.006000,1.11347,1.11344,1310000,2890000
2019-04-02 12:37:43.480000,1.11347,1.11344,1120000,3720000
2019-04-02 12:37:44.345000,1.11343,1.11342,1000000,1250000
2019-04-02 12:37:44.448000,1.11343,1.11341,2060000,1200000
2019-04-02 12:37:44.601000,1.11343,1.1134,2060000,3260000
2019-04-02 12:37:44.702000,1.11343,1.1134,1810000,2890000
2019-04-02 12:37:45.012000,1.11342,1.1134,2120000,1570000
2019-04-02 12:37:45.786000,1.11342,1.11339,2870000,1570000
2019-04-02 12:37:52.627000,1.11342,1.11339,2890000,1250000
2019-04-02 12:37:52.996000,1.11341,1.11339,1000000,1250000
2019-04-02 12:38:01.090000,1.1134,1.11338,1000000,2200000
2019-04-02 12:38:01.191000,1.11341,1.11338,1000000,2120000
2019-04-02 12:38:11.481000,1.11342,1.11339,1870000,2570000
2019-04-02 12:38:12.485000,1.11344,1.11342,2700000,4310000
2019-04-02 12:38:12.588000,1.11354,1.11351,29170000,3970000
2019-04-02 12:38:12.751000,1.11355,1.11353,1010000,1690000
2019-04-02 12:38:13.006000,1.11356,1.11354,1010000,1000000
2019-04-02 12:38:13.108000,1.11355,1.11353,1250000,1390000
2019-04-02 12:38:15.499000,1.11355,1.11353,1750000,1120000
2019-04-02 12:38:15.645000,1.11355,1.11352,3700000,1480000
2019-04-02 12:38:16.324000,1.11356,1.11353,4450000,1000000
2019-04-02 12:38:16.427000,1.11356,1.11353,2140000,1250000
2019-04-02 12:38:18.039000,1.11354,1.11352,1000000,3620000
2019-04-02 12:38:18.166000,1.11355,1.11352,2120000,1690000
2019-04-02 12:38:18.424000,1.11353,1.11351,1750000,1290000
2019-04-02 12:38:18.527000,1.11349,1.11348,3790000,1000000
2019-04-02 12:38:18.679000,1.11348,1.11346,3260000,2690000
2019-04-02 12:38:18.781000,1.11348,1.11346,3260000,1250000
2019-04-02 12:38:19.138000,1.11347,1.11346,1000000,1250000
2019-04-02 12:38:19.846000,1.11348,1.11346,4760000,1250000
2019-04-02 12:38:20.316000,1.11347,1.11345,2250000,1360000
2019-04-02 12:38:20.419000,1.11343,1.11341,1000000,1870000
2019-04-02 12:38:20.521000,1.11342,1.11341,1000000,1690000
2019-04-02 12:38:20.935000,1.11343,1.11341,2890000,1250000
2019-04-02 12:38:21.037000,1.11341,1.11339,1000000,1580000
2019-04-02 12:38:24.147000,1.11344,1.11342,2060000,1870000
2019-04-02 12:38:24.402000,1.11344,1.11343,1120000,1310000
2019-04-02 12:38:24.505000,1.11346,1.11345,1200000,1250000
2019-04-02 12:38:24.644000,1.11348,1.11345,2700000,2870000
2019-04-02 12:38:28.701000,1.11348,1.11345,2250000,2120000
2019-04-02 12:38:28.833000,1.11348,1.11345,2510000,1390000
2019-04-02 12:38:28.936000,1.11348,1.11345,2440000,1370000
2019-04-02 12:38:29.195000,1.11348,1.11345,1500000,2870000
2019-04-02 12:38:30.149000,1.11349,1.11346,2890000,1250000
2019-04-02 12:38:30.999000,1.1135,1.11347,2700000,1120000
2019-04-02 12:38:31.101000,1.1135,1.11347,1000000,2070000
2019-04-02 12:38:31.745000,1.1135,1.11347,2870000,1690000
2019-04-02 12:38:32.259000,1.11349,1.11346,2500000,2970000
2019-04-02 12:38:32.398000,1.11348,1.11346,2870000,1000000
2019-04-02 12:38:32.501000,1.11347,1.11345,1250000,1000000
2019-04-02 12:38:32.705000,1.11347,1.11344,1690000,2140000
2019-04-02 12:38:32.807000,1.11347,1.11344,1250000,1580000
2019-04-02 12:38:32.961000,1.11347,1.11344,2060000,1090000
2019-04-02 12:38:34.481000,1.11346,1.11344,1000000,2510000
2019-04-02 12:38:34.745000,1.11345,1.11344,1690000,1000000
2019-04-02 12:38:34.848000,1.11344,1.11342,1000000,3720000
2019-04-02 12:38:35.776000,1.11343,1.11342,1000000,1120000
2019-04-02 12:38:35.878000,1.11344,1.1134,1570000,3560000
2019-04-02 12:38:36.133000,1.11343,1.1134,2560000,1840000
2019-04-02 12:38:36.330000,1.11342,1.11339,2060000,2590000
2019-04-02 12:38:36.638000,1.11341,1.11339,1000000,2220000
2019-04-02 12:38:41.483000,1.11342,1.11341,1200000,1250000
2019-04-02 12:38:41.635000,1.11345,1.11343,1000000,3640000
2019-04-02 12:38:41.686000,1.11348,1.11345,3070000,3440000
2019-04-02 12:38:41.788000,1.11347,1.11345,1000000,3510000
2019-04-02 12:38:41.890000,1.11348,1.11345,1870000,4640000
2019-04-02 12:38:44.002000,1.11349,1.11346,2440000,2510000
2019-04-02 12:38:44.105000,1.1135,1.11347,2440000,2060000
2019-04-02 12:38:46.993000,1.11349,1.11347,1250000,1310000
2019-04-02 12:38:47.798000,1.11348,1.11346,1250000,2060000
2019-04-02 12:38:48.002000,1.11347,1.11344,1500000,6960000
2019-04-02 12:38:48.105000,1.11347,1.11344,1870000,4450000
2019-04-02 12:38:50.811000,1.11347,1.11345,1500000,1250000
2019-04-02 12:38:50.913000,1.11348,1.11345,2440000,1820000
2019-04-02 12:38:52.554000,1.11349,1.11347,1750000,1000000
2019-04-02 12:38:53.052000,1.1135,1.11347,2320000,2120000
2019-04-02 12:38:59.532000,1.11351,1.11348,4760000,1250000
2019-04-02 12:39:00.928000,1.1135,1.11347,2810000,2320000
2019-04-02 12:39:01.032000,1.1135,1.11347,1820000,1120000
2019-04-02 12:39:01.134000,1.1135,1.11347,1760000,1310000
2019-04-02 12:39:01.332000,1.1135,1.11347,1820000,1120000
2019-04-02 12:39:01.485000,1.1135,1.11347,1500000,1450000
2019-04-02 12:39:04.652000,1.11348,1.11347,1690000,1000000
2019-04-02 12:39:04.824000,1.11349,1.11346,3260000,1250000
2019-04-02 12:39:05.597000,1.11348,1.11346,1000000,1250000
2019-04-02 12:39:05.699000,1.11347,1.11344,1000000,6350000
2019-04-02 12:39:05.751000,1.11345,1.11343,3500000,3450000
2019-04-02 12:39:05.887000,1.11344,1.11342,1310000,2660000
2019-04-02 12:39:05.989000,1.11345,1.11342,4810000,1120000
2019-04-02 12:39:06.779000,1.11343,1.11341,1690000,1250000
2019-04-02 12:39:06.881000,1.11342,1.1134,1500000,1250000
2019-04-02 12:39:07.031000,1.11341,1.11338,1500000,4100000
2019-04-02 12:39:07.752000,1.11342,1.1134,1500000,1250000
2019-04-02 12:39:07.803000,1.11343,1.1134,1950000,2500000
2019-04-02 12:39:07.906000,1.11344,1.11341,3640000,1690000
2019-04-02 12:39:09.320000,1.11344,1.11341,2810000,2570000
2019-04-02 12:39:12.362000,1.11346,1.11344,1950000,1750000
2019-04-02 12:39:12.464000,1.11347,1.11345,1000000,1750000
2019-04-02 12:39:12.566000,1.11347,1.11345,1000000,1250000
2019-04-02 12:39:12.720000,1.11344,1.11343,1690000,3000000
2019-04-02 12:39:12.822000,1.11344,1.11341,1250000,4010000
2019-04-02 12:39:12.958000,1.11345,1.11342,3320000,1000000
2019-04-02 12:39:13.900000,1.11345,1.11343,2810000,1000000
2019-04-02 12:39:15.005000,1.11345,1.11341,2060000,4820000
2019-04-02 12:39:15.107000,1.11343,1.11341,1500000,2570000
2019-04-02 12:39:15.216000,1.11343,1.11341,1250000,1250000
2019-04-02 12:39:16.043000,1.11342,1.1134,1000000,1820000
2019-04-02 12:39:17.316000,1.11342,1.1134,1250000,1000000
2019-04-02 12:39:17.421000,1.11341,1.11339,1000000,1690000
2019-04-02 12:39:18.111000,1.11338,1.11336,1750000,20510000
2019-04-02 12:39:18.228000,1.11338,1.11335,3250000,9150000
2019-04-02 12:39:18.330000,1.11337,1.11334,3000000,2140000
2019-04-02 12:39:18.382000,1.11337,1.11335,1500000,1250000
2019-04-02 12:39:28.213000,1.11338,1.11337,1500000,1000000
2019-04-02 12:39:28.265000,1.11339,1.11338,1200000,1250000
2019-04-02 12:39:28.367000,1.1134,1.11338,1250000,1250000
2019-04-02 12:39:28.661000,1.11339,1.11338,1250000,1000000
2019-04-02 12:39:28.763000,1.1134,1.11338,1500000,1000000
2019-04-02 12:39:30.682000,1.1134,1.11338,2870000,1000000
2019-04-02 12:39:30.993000,1.11341,1.11338,1690000,2510000
2019-04-02 12:39:31.095000,1.11342,1.11339,2500000,1570000
2019-04-02 12:39:31.547000,1.11343,1.11339,4070000,2890000
2019-04-02 12:39:31.650000,1.11343,1.1134,1500000,1390000
2019-04-02 12:39:31.753000,1.11344,1.11341,3620000,2700000
2019-04-02 12:39:32.537000,1.11345,1.11344,1100000,1250000
2019-04-02 12:39:32.856000,1.11345,1.11342,1750000,5260000
2019-04-02 12:39:32.959000,1.11344,1.11341,2500000,4010000
2019-04-02 12:39:33.315000,1.11343,1.11341,1750000,1120000
2019-04-02 12:39:33.434000,1.11342,1.11339,3250000,3850000
2019-04-02 12:39:33.537000,1.11341,1.11339,1250000,1120000
2019-04-02 12:39:37.711000,1.11341,1.11338,2500000,2450000
2019-04-02 12:39:39.060000,1.1134,1.11337,1370000,3850000
2019-04-02 12:39:39.183000,1.11338,1.11336,1250000,2890000
2019-04-02 12:39:39.288000,1.1134,1.11337,1970000,2810000
2019-04-02 12:39:39.390000,1.11341,1.11338,3260000,1250000
2019-04-02 12:39:40.696000,1.11338,1.11337,1690000,2700000
2019-04-02 12:39:40.849000,1.11338,1.11336,1310000,1250000
2019-04-02 12:39:42.740000,1.11338,1.11335,2870000,2890000
2019-04-02 12:39:45.244000,1.11337,1.11335,1250000,1870000
2019-04-02 12:39:45.398000,1.11335,1.11333,1870000,1350000
2019-04-02 12:39:45.500000,1.11335,1.11332,3370000,2510000
2019-04-02 12:39:45.623000,1.11335,1.11333,1820000,1000000
2019-04-02 12:39:45.725000,1.11336,1.11333,4070000,2810000
2019-04-02 12:39:45.831000,1.11336,1.11334,1100000,1000000
2019-04-02 12:39:45.987000,1.11337,1.11334,1010000,3560000
2019-04-02 12:39:46.040000,1.11337,1.11335,1000000,1250000
2019-04-02 12:39:46.143000,1.11337,1.11334,1250000,3640000
2019-04-02 12:39:47.337000,1.11336,1.11333,1250000,3390000
2019-04-02 12:39:49.499000,1.11337,1.11334,1500000,1450000
2019-04-02 12:39:49.605000,1.11338,1.11335,2700000,1690000
2019-04-02 12:39:49.876000,1.11339,1.11336,3640000,1000000
2019-04-02 12:39:50.650000,1.11339,1.11336,1000000,5120000
2019-04-02 12:39:50.752000,1.11341,1.11339,4010000,1000000
2019-04-02 12:39:50.879000,1.11342,1.1134,1100000,1250000
2019-04-02 12:39:50.981000,1.11343,1.1134,3640000,1750000
2019-04-02 12:39:52.653000,1.11341,1.1134,1250000,1000000
2019-04-02 12:39:52.755000,1.11341,1.11338,2500000,4200000
2019-04-02 12:39:53.697000,1.11341,1.11339,1250000,1000000
2019-04-02 12:39:53.800000,1.11342,1.1134,4820000,1000000
2019-04-02 12:39:54.524000,1.11342,1.1134,1250000,1250000
2019-04-02 12:39:55.134000,1.11341,1.11339,1250000,1120000
2019-04-02 12:39:56.483000,1.1134,1.11338,1310000,1120000
2019-04-02 12:39:56.585000,1.11341,1.11338,2510000,1310000
2019-04-02 12:39:58.554000,1.11341,1.11338,1250000,5260000
2019-04-02 12:39:58.707000,1.11341,1.11338,1250000,5140000
2019-04-02 12:40:00.204000,1.11339,1.11337,2120000,4120000
2019-04-02 12:40:00.306000,1.11339,1.11336,3250000,2440000
2019-04-02 12:40:00.774000,1.11339,1.11337,1500000,2060000
2019-04-02 12:40:00.882000,1.1134,1.11337,2440000,1760000
2019-04-02 12:40:00.985000,1.1134,1.11338,1250000,1000000
2019-04-02 12:40:01.093000,1.11341,1.11338,2060000,1760000
2019-04-02 12:40:01.344000,1.11341,1.11339,1310000,1000000
2019-04-02 12:40:01.498000,1.11342,1.11339,2620000,1810000
2019-04-02 12:40:02.945000,1.11343,1.1134,2250000,1390000
2019-04-02 12:40:03.048000,1.11343,1.1134,3250000,2890000
2019-04-02 12:40:04.057000,1.11343,1.11341,1750000,1000000
2019-04-02 12:40:05.977000,1.11343,1.11341,1760000,1250000
2019-04-02 12:40:10.264000,1.11344,1.11343,1000000,1120000
2019-04-02 12:40:10.368000,1.11346,1.11344,3000000,1000000
2019-04-02 12:40:10.528000,1.11347,1.11345,4690000,1000000
2019-04-02 12:40:13.071000,1.11345,1.11344,1000000,1010000
2019-04-02 12:40:13.175000,1.11344,1.11343,3370000,1200000
2019-04-02 12:40:13.336000,1.11344,1.11342,5120000,1000000
2019-04-02 12:40:14.302000,1.11344,1.11341,5870000,2060000
2019-04-02 12:40:14.950000,1.11344,1.11343,1500000,1000000
2019-04-02 12:40:15.053000,1.11347,1.11344,5510000,1690000
2019-04-02 12:40:18.053000,1.11348,1.11346,1570000,3720000
2019-04-02 12:40:18.105000,1.11353,1.11351,1000000,1250000
2019-04-02 12:40:18.239000,1.11353,1.11352,1000000,2440000
2019-04-02 12:40:18.291000,1.11354,1.11352,2440000,2440000
2019-04-02 12:40:18.640000,1.11353,1.11351,1000000,2250000
2019-04-02 12:40:20.147000,1.11353,1.1135,3190000,3070000
2019-04-02 12:40:20.250000,1.1135,1.11349,1250000,2320000
2019-04-02 12:40:20.352000,1.1135,1.11348,4750000,3000000
2019-04-02 12:40:20.454000,1.1135,1.11347,4070000,1250000
2019-04-02 12:40:20.667000,1.11349,1.11347,1250000,1500000
2019-04-02 12:40:21.382000,1.11348,1.11346,1690000,1250000
2019-04-02 12:40:21.536000,1.11348,1.11346,3700000,1000000
2019-04-02 12:40:21.647000,1.11348,1.11346,2700000,1000000
2019-04-02 12:40:21.749000,1.11348,1.11346,3700000,1000000
2019-04-02 12:40:21.851000,1.11348,1.11345,4570000,1250000
2019-04-02 12:40:22.280000,1.11348,1.11345,5950000,1000000
2019-04-02 12:40:22.746000,1.11348,1.11345,3640000,1750000
2019-04-02 12:40:24.042000,1.11348,1.11345,3700000,1310000
2019-04-02 12:40:27.027000,1.11348,1.11347,1250000,1000000
2019-04-02 12:40:27.129000,1.11351,1.11348,6850000,1000000
2019-04-02 12:40:28.178000,1.11352,1.11351,1500000,1250000
2019-04-02 12:40:28.347000,1.11353,1.11351,1690000,1250000
2019-04-02 12:40:29.674000,1.11353,1.1135,3320000,2440000
2019-04-02 12:40:29.789000,1.11351,1.1135,1250000,1000000
2019-04-02 12:40:29.891000,1.11351,1.11349,1390000,1000000
2019-04-02 12:40:30.045000,1.11349,1.11347,1250000,1870000
2019-04-02 12:40:30.147000,1.11348,1.11347,1310000,1120000
2019-04-02 12:40:30.334000,1.11349,1.11346,3640000,1810000
2019-04-02 12:40:32.880000,1.11349,1.11347,2500000,1000000
2019-04-02 12:40:36.044000,1.11348,1.11345,1690000,3820000
2019-04-02 12:40:36.146000,1.11348,1.11345,3250000,2140000
2019-04-02 12:40:38.210000,1.11348,1.11345,3260000,1250000
2019-04-02 12:40:38.314000,1.11346,1.11343,1690000,3820000
2019-04-02 12:40:38.417000,1.11345,1.11343,1500000,1950000
2019-04-02 12:40:41.216000,1.11346,1.11343,2890000,1000000
2019-04-02 12:40:42.398000,1.11346,1.11344,1690000,1000000
2019-04-02 12:40:42.502000,1.11347,1.11344,3190000,1760000
2019-04-02 12:40:42.707000,1.11347,1.11344,1950000,2120000
2019-04-02 12:40:43.278000,1.11347,1.11344,1000000,3250000
2019-04-02 12:40:43.431000,1.11348,1.11345,2060000,1250000
2019-04-02 12:40:51.287000,1.11348,1.11346,2570000,1000000
2019-04-02 12:40:51.404000,1.11348,1.11345,4070000,2810000
2019-04-02 12:40:53.250000,1.11348,1.11345,3260000,2060000
2019-04-02 12:40:53.352000,1.11347,1.11345,1000000,1310000
2019-04-02 12:40:53.899000,1.11348,1.11345,3260000,1310000
2019-04-02 12:40:54.052000,1.11347,1.11345,1000000,1310000
2019-04-02 12:40:56.773000,1.11348,1.11345,3260000,2120000
2019-04-02 12:40:56.876000,1.11349,1.11347,6320000,1000000
2019-04-02 12:40:56.978000,1.11349,1.11347,1760000,1120000
2019-04-02 12:40:57.095000,1.11351,1.11349,3000000,1250000
2019-04-02 12:40:57.147000,1.11352,1.11351,1500000,1000000
2019-04-02 12:40:57.249000,1.11353,1.11351,4010000,1000000
2019-04-02 12:41:08.156000,1.11352,1.1135,1250000,8320000
2019-04-02 12:41:08.207000,1.11353,1.1135,10160000,4200000
2019-04-02 12:41:08.311000,1.11351,1.11349,3600000,1000000
2019-04-02 12:41:08.414000,1.11351,1.11349,1500000,1000000
2019-04-02 12:41:08.619000,1.11352,1.1135,1010000,1250000
2019-04-02 12:41:08.771000,1.11353,1.11351,1250000,1250000
2019-04-02 12:41:10.953000,1.11353,1.1135,1690000,2510000
2019-04-02 12:41:11.156000,1.11353,1.1135,2440000,2120000
2019-04-02 12:41:11.258000,1.11353,1.1135,1690000,2140000
2019-04-02 12:41:11.360000,1.11353,1.1135,2440000,3320000
2019-04-02 12:41:16.967000,1.1135,1.11349,1690000,1500000
2019-04-02 12:41:17.177000,1.1135,1.11348,1690000,1100000
2019-04-02 12:41:17.651000,1.11351,1.11347,2120000,7390000
2019-04-02 12:41:17.772000,1.1135,1.11348,1690000,1100000
2019-04-02 12:41:17.875000,1.1135,1.11347,1690000,3560000
2019-04-02 12:41:20.551000,1.1135,1.11347,2500000,3450000
2019-04-02 12:41:22.834000,1.11349,1.11347,2500000,1000000
2019-04-02 12:41:25.200000,1.11349,1.11347,1250000,1000000
2019-04-02 12:41:25.900000,1.11349,1.11347,1750000,1000000
2019-04-02 12:41:28.056000,1.11349,1.11346,2950000,2810000
2019-04-02 12:41:28.180000,1.11348,1.11345,3320000,2810000
2019-04-02 12:41:28.541000,1.11348,1.11345,3190000,2200000
2019-04-02 12:41:28.745000,1.11348,1.11345,1570000,2870000
2019-04-02 12:41:29.064000,1.11348,1.11345,2440000,2200000
2019-04-02 12:41:29.217000,1.11348,1.11345,1500000,2570000
2019-04-02 12:41:32.068000,1.11348,1.11345,2510000,1750000
2019-04-02 12:41:32.323000,1.11348,1.11345,2890000,1690000
2019-04-02 12:41:32.425000,1.11347,1.11345,1500000,1250000
2019-04-02 12:41:34.121000,1.11347,1.11344,3320000,2060000
2019-04-02 12:41:35.146000,1.11347,1.11344,3000000,2060000
2019-04-02 12:41:35.249000,1.11347,1.11345,3000000,1250000
2019-04-02 12:41:38.636000,1.11348,1.11345,2440000,3320000
2019-04-02 12:41:41.026000,1.11349,1.11346,3070000,2870000
2019-04-02 12:41:41.920000,1.11349,1.11346,1250000,4010000
2019-04-02 12:41:42.836000,1.1135,1.11347,3700000,1000000
2019-04-02 12:41:48.153000,1.11348,1.11346,1000000,1250000
2019-04-02 12:41:48.410000,1.11349,1.11346,3190000,1370000
2019-04-02 12:41:50.568000,1.11349,1.11346,4060000,2570000
2019-04-02 12:41:50.711000,1.11348,1.11346,2440000,1500000
2019-04-02 12:41:50.815000,1.11347,1.11344,1000000,5200000
2019-04-02 12:41:51.376000,1.11347,1.11344,3190000,2510000
2019-04-02 12:41:52.295000,1.11346,1.11344,1000000,1390000
2019-04-02 12:41:52.397000,1.11347,1.11344,1690000,1390000
2019-04-02 12:41:52.653000,1.11347,1.11344,1000000,2570000
2019-04-02 12:41:55.825000,1.11348,1.11345,3260000,1250000
2019-04-02 12:41:56.414000,1.11348,1.11345,3260000,1750000
2019-04-02 12:42:03.516000,1.11348,1.11345,2890000,3560000
2019-04-02 12:42:03.772000,1.11348,1.11345,3290000,1250000
2019-04-02 12:42:05.664000,1.11348,1.11345,2890000,1250000
2019-04-02 12:42:06.013000,1.11348,1.11345,2910000,1250000
2019-04-02 12:42:06.378000,1.11348,1.11345,3260000,1250000
2019-04-02 12:42:06.581000,1.11348,1.11345,2510000,1750000
2019-04-02 12:42:06.683000,1.11348,1.11345,1120000,1760000
2019-04-02 12:42:06.829000,1.11348,1.11345,3290000,1250000
2019-04-02 12:42:06.931000,1.11348,1.11345,3260000,1310000
2019-04-02 12:42:07.364000,1.11347,1.11345,1100000,1250000
2019-04-02 12:42:07.491000,1.11346,1.11344,1000000,2440000
2019-04-02 12:42:08.271000,1.11346,1.11344,1000000,2950000
2019-04-02 12:42:08.578000,1.11346,1.11344,1000000,2140000
2019-04-02 12:42:09.938000,1.11348,1.11345,4760000,1750000
2019-04-02 12:42:10.663000,1.11348,1.11345,4010000,1250000
2019-04-02 12:42:10.767000,1.11348,1.11345,4040000,1250000
2019-04-02 12:42:11.326000,1.11347,1.11345,1000000,1750000
2019-04-02 12:42:11.428000,1.11347,1.11345,1570000,1250000
2019-04-02 12:42:11.885000,1.11347,1.11344,1000000,4570000
2019-04-02 12:42:12.228000,1.11347,1.11344,1000000,5570000
2019-04-02 12:42:14.370000,1.11348,1.11345,2320000,1690000
2019-04-02 12:42:15.092000,1.11349,1.11346,4010000,1870000
2019-04-02 12:42:22.870000,1.11348,1.11345,1000000,6790000
2019-04-02 12:42:23.523000,1.11348,1.11345,3190000,3640000
2019-04-02 12:42:23.625000,1.11348,1.11345,2890000,2500000
2019-04-02 12:42:23.727000,1.11348,1.11345,2570000,2440000
2019-04-02 12:42:24.421000,1.11348,1.11345,2510000,2500000
2019-04-02 12:42:24.523000,1.11348,1.11345,2570000,2440000
2019-04-02 12:42:24.990000,1.11348,1.11345,2510000,2440000
2019-04-02 12:42:27.526000,1.11348,1.11345,2570000,1690000
2019-04-02 12:42:27.629000,1.11347,1.11345,1250000,3190000
2019-04-02 12:42:27.731000,1.11348,1.11345,4200000,2440000
2019-04-02 12:42:28.526000,1.11348,1.11345,3390000,2500000
2019-04-02 12:42:28.680000,1.11347,1.11345,1120000,1690000
2019-04-02 12:42:30.483000,1.11348,1.11345,4540000,1250000
2019-04-02 12:42:30.587000,1.11347,1.11344,2620000,2570000
2019-04-02 12:42:36.423000,1.11346,1.11343,4760000,3190000
2019-04-02 12:42:36.474000,1.11344,1.11342,4000000,1200000
2019-04-02 12:42:36.577000,1.11344,1.11341,4820000,1870000
2019-04-02 12:42:41.102000,1.11343,1.11341,1750000,1000000
2019-04-02 12:42:42.058000,1.11342,1.1134,1250000,1310000
2019-04-02 12:42:42.161000,1.11342,1.11339,2140000,2440000
2019-04-02 12:42:42.263000,1.11341,1.11339,1000000,1250000
2019-04-02 12:42:43.107000,1.11342,1.11339,2060000,1250000
2019-04-02 12:42:47.006000,1.11342,1.1134,1500000,1250000
2019-04-02 12:42:47.115000,1.11343,1.1134,2890000,3250000
2019-04-02 12:42:50.891000,1.11345,1.11343,5250000,3100000
2019-04-02 12:42:50.995000,1.11346,1.11344,1500000,3320000
2019-04-02 12:42:51.098000,1.11347,1.11344,2320000,4370000
2019-04-02 12:42:51.214000,1.11345,1.11343,1000000,1690000
2019-04-02 12:42:52.328000,1.11346,1.11343,2320000,4000000
2019-04-02 12:42:52.430000,1.11347,1.11343,2890000,4070000
2019-04-02 12:42:52.950000,1.11345,1.11343,1000000,2250000
2019-04-02 12:42:54.398000,1.11343,1.11342,2810000,1870000
2019-04-02 12:42:54.501000,1.11341,1.11338,4440000,5210000
2019-04-02 12:42:54.552000,1.11341,1.1134,2510000,1500000
2019-04-02 12:42:54.756000,1.11341,1.11339,1250000,3000000
2019-04-02 12:42:54.972000,1.1134,1.11338,1250000,1000000
2019-04-02 12:42:55.075000,1.1134,1.11337,1200000,3250000
2019-04-02 12:42:55.228000,1.11341,1.11339,1000000,1250000
2019-04-02 12:42:57.337000,1.11339,1.11337,2440000,3640000
2019-04-02 12:42:57.440000,1.11338,1.11336,2810000,2440000
2019-04-02 12:42:57.543000,1.11338,1.11335,4310000,1310000
2019-04-02 12:42:57.683000,1.11338,1.11335,3000000,4070000
2019-04-02 12:42:58.863000,1.11338,1.11335,3190000,2120000
2019-04-02 12:42:59.157000,1.11338,1.11336,1000000,5870000
2019-04-02 12:42:59.303000,1.11341,1.11339,1870000,2870000
2019-04-02 12:42:59.406000,1.11342,1.1134,1500000,1750000
2019-04-02 12:43:01.683000,1.11343,1.1134,1000000,4370000
2019-04-02 12:43:03.757000,1.11345,1.11344,3370000,2060000
2019-04-02 12:43:03.881000,1.11348,1.11345,1690000,4950000
2019-04-02 12:43:04.656000,1.11349,1.11347,2500000,1000000
2019-04-02 12:43:04.708000,1.1135,1.11348,2700000,1250000
2019-04-02 12:43:04.760000,1.11349,1.11346,2440000,6000000
2019-04-02 12:43:05.173000,1.11351,1.1135,3820000,1000000
2019-04-02 12:43:05.329000,1.11353,1.1135,1690000,4940000
2019-04-02 12:43:05.857000,1.11352,1.1135,1000000,1120000
2019-04-02 12:43:06.064000,1.11353,1.1135,1250000,4000000
2019-04-02 12:43:06.334000,1.11353,1.1135,1250000,3190000
2019-04-02 12:43:06.436000,1.11352,1.11349,1000000,7500000
2019-04-02 12:43:06.742000,1.11351,1.11349,1000000,2940000
2019-04-02 12:43:06.869000,1.11349,1.11347,4690000,2810000
2019-04-02 12:43:06.971000,1.11348,1.11347,1120000,1690000
2019-04-02 12:43:07.379000,1.11348,1.11346,1870000,2140000
2019-04-02 12:43:08.405000,1.11348,1.11346,1120000,1250000
2019-04-02 12:43:08.660000,1.11345,1.11344,1500000,1500000
2019-04-02 12:43:08.711000,1.11345,1.11343,2060000,1000000
2019-04-02 12:43:08.826000,1.11344,1.11342,2060000,1690000
2019-04-02 12:43:08.930000,1.11344,1.11342,2620000,1000000
2019-04-02 12:43:09.032000,1.11343,1.1134,1750000,1000000
2019-04-02 12:43:11.088000,1.11342,1.11339,2500000,2700000
2019-04-02 12:43:12.473000,1.11342,1.11339,1500000,3620000
2019-04-02 12:43:12.524000,1.11342,1.11339,1250000,2810000
2019-04-02 12:43:13.501000,1.11342,1.11339,2440000,2640000
2019-04-02 12:43:13.893000,1.11342,1.11339,2440000,2510000
2019-04-02 12:43:16.215000,1.11342,1.1134,1500000,1250000
2019-04-02 12:43:16.319000,1.11343,1.1134,1120000,4570000
2019-04-02 12:43:16.421000,1.11344,1.11342,1120000,1000000
2019-04-02 12:43:16.551000,1.11345,1.11342,1870000,2060000
2019-04-02 12:43:16.653000,1.11346,1.11343,3120000,1870000
2019-04-02 12:43:16.807000,1.11346,1.11343,1500000,3820000
2019-04-02 12:43:19.436000,1.11347,1.11345,1000000,1250000
2019-04-02 12:43:19.644000,1.11348,1.11345,2810000,1750000
2019-04-02 12:43:30.388000,1.11345,1.11344,1690000,4950000
2019-04-02 12:43:30.490000,1.11345,1.11344,5250000,1200000
2019-04-02 12:43:30.611000,1.11345,1.11342,7190000,3190000
2019-04-02 12:43:30.867000,1.11346,1.11344,1570000,2500000
2019-04-02 12:43:30.919000,1.11347,1.11345,2440000,1250000
2019-04-02 12:43:31.079000,1.11348,1.11345,2440000,2120000
2019-04-02 12:43:31.189000,1.11347,1.11345,1000000,1310000
2019-04-02 12:43:32.226000,1.11347,1.11344,1690000,3560000
2019-04-02 12:43:32.279000,1.11345,1.11344,1000000,1870000
2019-04-02 12:43:32.381000,1.11345,1.11343,1500000,1500000
2019-04-02 12:43:34.703000,1.11344,1.11342,1250000,2440000
2019-04-02 12:43:35.383000,1.1134,1.11338,1000000,6190000
2019-04-02 12:43:35.536000,1.11338,1.11337,1870000,1690000
2019-04-02 12:43:35.588000,1.11338,1.11336,1310000,2140000
2019-04-02 12:43:35.697000,1.11338,1.11336,1120000,1250000
2019-04-02 12:43:35.804000,1.11339,1.11338,2250000,1000000
2019-04-02 12:43:35.906000,1.1134,1.11338,1000000,4820000
2019-04-02 12:43:36.008000,1.11341,1.11338,2250000,5700000
2019-04-02 12:43:37.917000,1.11342,1.11339,3940000,2140000
2019-04-02 12:43:39.221000,1.11342,1.11339,1690000,3950000
2019-04-02 12:43:40.403000,1.11341,1.11339,1370000,2250000
2019-04-02 12:43:40.607000,1.1134,1.11338,2500000,1870000
2019-04-02 12:43:40.760000,1.11341,1.11338,1750000,4250000
2019-04-02 12:43:40.863000,1.11341,1.11338,2440000,4510000
2019-04-02 12:43:43.551000,1.11342,1.11339,2440000,2560000
2019-04-02 12:43:44.779000,1.11342,1.1134,1000000,2870000
2019-04-02 12:43:44.882000,1.11343,1.11341,1010000,2060000
2019-04-02 12:43:47.714000,1.11344,1.11341,2500000,1810000
2019-04-02 12:43:47.894000,1.11344,1.11341,1000000,2250000
2019-04-02 12:43:47.996000,1.11346,1.11344,1000000,2120000
2019-04-02 12:43:48.099000,1.11347,1.11345,1000000,1250000
2019-04-02 12:43:48.201000,1.11348,1.11345,3750000,1370000
2019-04-02 12:43:48.315000,1.11348,1.11344,3940000,7570000
2019-04-02 12:43:48.417000,1.11348,1.11344,3000000,8950000
2019-04-02 12:43:48.578000,1.11348,1.11344,3190000,6320000
2019-04-02 12:43:48.680000,1.11348,1.11345,3940000,1250000
2019-04-02 12:43:48.833000,1.11348,1.11346,2250000,1370000
2019-04-02 12:43:56.630000,1.11349,1.11346,3190000,4570000
2019-04-02 12:43:58.849000,1.11352,1.1135,1000000,5320000
2019-04-02 12:43:58.953000,1.11352,1.11351,1000000,1310000
2019-04-02 12:43:59.055000,1.11353,1.11351,1250000,3310000
2019-04-02 12:43:59.317000,1.11354,1.11353,1000000,2440000
2019-04-02 12:43:59.420000,1.11356,1.11353,3250000,3500000
2019-04-02 12:44:00.182000,1.11356,1.11353,1690000,5260000
2019-04-02 12:44:06.493000,1.11356,1.11353,2440000,3190000
2019-04-02 12:44:08.088000,1.11355,1.11353,1250000,1500000
2019-04-02 12:44:13.163000,1.11355,1.11352,4370000,2810000
2019-04-02 12:44:13.284000,1.11355,1.11353,1000000,1250000
2019-04-02 12:44:13.714000,1.11355,1.11352,3260000,2620000
2019-04-02 12:44:17.787000,1.11355,1.11353,1000000,2440000
2019-04-02 12:44:22.290000,1.11356,1.11355,2250000,1250000
2019-04-02 12:44:22.392000,1.11356,1.11354,1000000,3190000
2019-04-02 12:44:24.414000,1.11357,1.11355,2470000,1250000
2019-04-02 12:44:24.540000,1.11357,1.11355,1350000,3190000
2019-04-02 12:44:34.073000,1.11357,1.11356,1500000,2440000
2019-04-02 12:44:34.218000,1.11359,1.11357,1500000,3060000
2019-04-02 12:44:34.322000,1.11362,1.11361,3000000,2440000
2019-04-02 12:44:34.477000,1.11365,1.11363,3660000,1250000
2019-04-02 12:44:35.087000,1.11364,1.11362,1010000,1690000
2019-04-02 12:44:36.291000,1.11363,1.11361,1000000,1870000
2019-04-02 12:44:36.395000,1.11361,1.11359,1250000,2350000
2019-04-02 12:44:36.499000,1.11361,1.11358,1690000,2640000
2019-04-02 12:44:37.447000,1.1136,1.11357,2500000,2640000
2019-04-02 12:44:37.652000,1.11359,1.11356,1690000,6820000
2019-04-02 12:44:37.755000,1.11359,1.11356,2700000,1310000
2019-04-02 12:44:37.857000,1.11359,1.11356,3850000,1310000
2019-04-02 12:44:37.973000,1.11359,1.11356,3370000,2120000
2019-04-02 12:44:38.903000,1.11358,1.11356,1250000,1250000
2019-04-02 12:44:39.005000,1.11357,1.11355,1500000,2120000
2019-04-02 12:44:39.108000,1.11358,1.11356,1950000,1250000
2019-04-02 12:44:39.210000,1.11359,1.11356,3640000,2500000
2019-04-02 12:44:41.073000,1.11357,1.11356,1000000,1250000
2019-04-02 12:44:41.175000,1.11358,1.11355,2510000,3560000
2019-04-02 12:44:42.451000,1.11358,1.11356,2250000,1750000
2019-04-02 12:44:42.555000,1.1136,1.11357,4820000,1310000
2019-04-02 12:44:46.889000,1.1136,1.11357,3640000,2060000
2019-04-02 12:44:46.991000,1.11361,1.11359,1220000,1000000
2019-04-02 12:44:47.093000,1.11361,1.11359,1000000,1000000
2019-04-02 12:44:48.302000,1.11365,1.11362,18070000,3370000
2019-04-02 12:44:48.527000,1.11365,1.11362,3070000,6000000
2019-04-02 12:44:48.911000,1.11366,1.11363,1250000,5320000
2019-04-02 12:44:52.917000,1.11364,1.11363,2440000,1950000
2019-04-02 12:44:53.123000,1.11365,1.11363,1390000,1310000
2019-04-02 12:44:55.506000,1.11365,1.11363,1750000,1120000
2019-04-02 12:44:55.608000,1.11364,1.11362,1760000,1310000
2019-04-02 12:44:55.749000,1.11364,1.11362,1000000,2120000
2019-04-02 12:44:55.853000,1.11364,1.11362,1010000,1310000
2019-04-02 12:44:56.416000,1.11364,1.11362,1000000,2500000
2019-04-02 12:44:56.518000,1.11365,1.11362,1690000,3820000
2019-04-02 12:44:57.226000,1.11365,1.11362,3250000,2260000
2019-04-02 12:44:57.428000,1.11364,1.11362,1690000,1310000
2019-04-02 12:44:58.346000,1.11363,1.11361,1500000,2750000
2019-04-02 12:44:58.730000,1.11363,1.11361,2510000,1250000
2019-04-02 12:44:59.060000,1.11363,1.11361,1100000,1250000
2019-04-02 12:44:59.244000,1.11364,1.11361,4390000,1750000
2019-04-02 12:45:00.070000,1.11364,1.11361,2250000,2870000
