time,ask,bid,ask_volume,bid_volume
2023-12-07 13:25:00.085000,1.45038,1.4503,3600000,1800000
2023-12-07 13:25:00.187000,1.45039,1.45031,1200000,3600000
2023-12-07 13:25:00.290000,1.45039,1.4503,4950000,1800000
2023-12-07 13:25:00.846000,1.45038,1.45031,3600000,3600000
2023-12-07 13:25:01.150000,1.45039,1.45031,1200000,1200000
2023-12-07 13:25:01.252000,1.4504,1.45031,6300000,1800000
2023-12-07 13:25:01.404000,1.4504,1.45032,6300000,3600000
2023-12-07 13:25:01.608000,1.4504,1.45033,1200000,1200000
2023-12-07 13:25:02.115000,1.4504,1.45031,4500000,5400000
2023-12-07 13:25:02.217000,1.45039,1.45031,3600000,5400000
2023-12-07 13:25:02.319000,1.4504,1.45031,4950000,5400000
2023-12-07 13:25:02.926000,1.4504,1.4503,1200000,4500000
2023-12-07 13:25:03.232000,1.4504,1.45031,4500000,3600000
2023-12-07 13:25:03.686000,1.45037,1.45032,1200000,3600000
2023-12-07 13:25:03.737000,1.45037,1.4503,1200000,3600000
2023-12-07 13:25:04.246000,1.45037,1.45029,1200000,3600000
2023-12-07 13:25:04.398000,1.45036,1.45029,1200000,5400000
2023-12-07 13:25:04.551000,1.45038,1.45032,3600000,3600000
2023-12-07 13:25:04.956000,1.45039,1.45031,4050000,3600000
2023-12-07 13:25:05.109000,1.45034,1.45026,14550000,4350000
2023-12-07 13:25:05.160000,1.4502,1.45018,1200000,1800000
2023-12-07 13:25:05.212000,1.45017,1.45016,1200000,4500000
2023-12-07 13:25:05.264000,1.45016,1.45014,1200000,3600000
2023-12-07 13:25:05.315000,1.45016,1.45011,1200000,1200000
2023-12-07 13:25:05.367000,1.45009,1.45007,1800000,3600000
2023-12-07 13:25:05.419000,1.45004,1.45001,1200000,1720000
2023-12-07 13:25:05.633000,1.45006,1.45001,1200000,1200000
2023-12-07 13:25:05.737000,1.45004,1.45001,1200000,1200000
2023-12-07 13:25:06.094000,1.45004,1.44997,1200000,1200000
2023-12-07 13:25:06.705000,1.45003,1.44996,1200000,1200000
2023-12-07 13:25:07.113000,1.45002,1.44996,1200000,1200000
2023-12-07 13:25:07.215000,1.45002,1.44995,1200000,3600000
2023-12-07 13:25:07.317000,1.45002,1.44994,1200000,3600000
2023-12-07 13:25:07.623000,1.45,1.44994,1200000,3600000
2023-12-07 13:25:07.675000,1.45004,1.44997,1350000,3600000
2023-12-07 13:25:07.829000,1.45005,1.44997,1200000,3600000
2023-12-07 13:25:07.931000,1.45005,1.44998,1200000,3600000
2023-12-07 13:25:08.184000,1.45006,1.44999,1200000,3600000
2023-12-07 13:25:08.338000,1.45005,1.44998,1200000,3600000
2023-12-07 13:25:09.047000,1.45005,1.44999,1200000,3600000
2023-12-07 13:25:09.856000,1.45005,1.45,1200000,3600000
2023-12-07 13:25:10.009000,1.45006,1.45,4500000,3600000
2023-12-07 13:25:10.112000,1.45007,1.45001,3600000,4500000
2023-12-07 13:25:10.367000,1.45006,1.44998,1200000,6300000
2023-12-07 13:25:10.723000,1.45006,1.44999,1200000,3600000
2023-12-07 13:25:11.984000,1.45006,1.44998,1200000,1200000
2023-12-07 13:25:12.086000,1.45005,1.44997,4500000,3600000
2023-12-07 13:25:12.189000,1.45006,1.44999,4500000,3600000
2023-12-07 13:25:12.292000,1.45001,1.44997,1200000,3600000
2023-12-07 13:25:12.344000,1.44998,1.44993,1200000,3600000
2023-12-07 13:25:12.395000,1.44994,1.44992,1200000,1200000
2023-12-07 13:25:12.650000,1.44995,1.44992,4500000,1200000
2023-12-07 13:25:13.157000,1.44995,1.44987,1200000,3600000
2023-12-07 13:25:13.259000,1.44995,1.44989,1200000,3600000
2023-12-07 13:25:13.412000,1.44995,1.44988,1200000,3600000
2023-12-07 13:25:13.869000,1.44997,1.44991,4050000,3600000
2023-12-07 13:25:14.023000,1.44997,1.44995,3600000,1200000
2023-12-07 13:25:14.075000,1.44999,1.44995,1350000,1800000
2023-12-07 13:25:14.127000,1.45002,1.44996,1200000,3600000
2023-12-07 13:25:14.229000,1.45004,1.44996,1200000,3600000
2023-12-07 13:25:14.281000,1.45006,1.44997,1200000,4500000
2023-12-07 13:25:14.635000,1.45006,1.44998,4500000,3600000
2023-12-07 13:25:15.901000,1.45006,1.44999,1200000,3600000
2023-12-07 13:25:16.306000,1.45006,1.44997,1200000,4950000
2023-12-07 13:25:16.408000,1.45006,1.44998,1200000,3600000
2023-12-07 13:25:16.562000,1.45008,1.44997,1200000,4590000
2023-12-07 13:25:16.613000,1.45007,1.45001,1200000,3600000
2023-12-07 13:25:16.716000,1.45007,1.44999,1200000,3600000
2023-12-07 13:25:17.071000,1.45007,1.45,1200000,3600000
2023-12-07 13:25:17.174000,1.45007,1.45001,1200000,3600000
2023-12-07 13:25:17.784000,1.45006,1.45,3600000,3600000
2023-12-07 13:25:17.937000,1.45007,1.44999,2700000,6300000
2023-12-07 13:25:18.342000,1.45007,1.44999,3600000,3600000
2023-12-07 13:25:18.444000,1.45007,1.44999,1200000,4500000
2023-12-07 13:25:18.898000,1.45005,1.44999,1200000,1200000
2023-12-07 13:25:19.053000,1.45007,1.44999,1200000,4500000
2023-12-07 13:25:19.308000,1.45005,1.44999,1200000,1200000
2023-12-07 13:25:19.410000,1.45004,1.44999,1200000,1200000
2023-12-07 13:25:19.462000,1.45005,1.44997,4500000,3600000
2023-12-07 13:25:19.615000,1.45005,1.44998,1200000,3600000
2023-12-07 13:25:19.769000,1.45006,1.44996,4500000,3600000
2023-12-07 13:25:19.821000,1.45001,1.44995,1200000,4500000
2023-12-07 13:25:19.923000,1.45001,1.44994,1200000,4500000
2023-12-07 13:25:20.329000,1.44996,1.4499,4500000,2850000
2023-12-07 13:25:20.432000,1.44995,1.4499,1200000,1200000
2023-12-07 13:25:20.789000,1.44992,1.4499,1200000,1200000
2023-12-07 13:25:20.891000,1.44992,1.44989,1200000,1200000
2023-12-07 13:25:20.943000,1.44991,1.44986,1200000,1200000
2023-12-07 13:25:21.603000,1.44991,1.44983,1200000,5850000
2023-12-07 13:25:21.705000,1.44991,1.44984,1200000,3600000
2023-12-07 13:25:21.909000,1.44989,1.44984,1200000,3600000
2023-12-07 13:25:22.013000,1.44986,1.44982,1200000,1200000
2023-12-07 13:25:22.115000,1.44988,1.44981,1200000,1200000
2023-12-07 13:25:22.217000,1.44986,1.44982,1200000,1200000
2023-12-07 13:25:22.876000,1.44985,1.44979,3600000,1200000
2023-12-07 13:25:22.979000,1.44989,1.4498,1100000,1200000
2023-12-07 13:25:23.031000,1.4499,1.44982,1200000,3600000
2023-12-07 13:25:23.083000,1.44985,1.44979,3600000,4350000
2023-12-07 13:25:23.202000,1.44985,1.44979,1200000,1200000
2023-12-07 13:25:23.511000,1.44985,1.44981,1200000,1200000
2023-12-07 13:25:23.614000,1.44986,1.44981,3600000,1200000
2023-12-07 13:25:23.719000,1.4499,1.44983,1200000,3600000
2023-12-07 13:25:23.822000,1.44991,1.44983,1200000,5400000
2023-12-07 13:25:23.873000,1.44994,1.44986,1600000,3600000
2023-12-07 13:25:23.976000,1.44994,1.44988,1200000,3600000
2023-12-07 13:25:24.078000,1.44994,1.44987,1200000,3600000
2023-12-07 13:25:24.738000,1.44995,1.44987,1200000,3600000
2023-12-07 13:25:24.841000,1.44997,1.44987,1800000,3600000
2023-12-07 13:25:25.247000,1.44995,1.44988,1200000,3600000
2023-12-07 13:25:25.704000,1.44995,1.44989,1200000,3600000
2023-12-07 13:25:25.806000,1.44997,1.44988,1200000,3600000
2023-12-07 13:25:26.617000,1.44999,1.44993,1200000,3600000
2023-12-07 13:25:26.719000,1.45,1.44993,5400000,3600000
2023-12-07 13:25:26.822000,1.45001,1.44994,4500000,3600000
2023-12-07 13:25:27.178000,1.45002,1.44992,1200000,4950000
2023-12-07 13:25:27.331000,1.45001,1.44994,1200000,3600000
2023-12-07 13:25:27.687000,1.45001,1.44993,1200000,4500000
2023-12-07 13:25:27.942000,1.45001,1.44994,4500000,3600000
2023-12-07 13:25:28.145000,1.45001,1.44993,1200000,4500000
2023-12-07 13:25:28.551000,1.45001,1.44994,1200000,3600000
2023-12-07 13:25:28.805000,1.44999,1.44994,1440000,3600000
2023-12-07 13:25:28.857000,1.44987,1.44985,1200000,1200000
2023-12-07 13:25:28.909000,1.44985,1.44982,1200000,2250000
2023-12-07 13:25:29.012000,1.44988,1.44982,7200000,1200000
2023-12-07 13:25:29.064000,1.44987,1.44981,1200000,1200000
2023-12-07 13:25:29.167000,1.44985,1.44982,1200000,1200000
2023-12-07 13:25:29.368000,1.44984,1.44982,1200000,1200000
2023-12-07 13:25:29.421000,1.44981,1.44976,1200000,1350000
2023-12-07 13:25:29.523000,1.44983,1.44976,5100000,1200000
2023-12-07 13:25:29.575000,1.44984,1.44976,5400000,1200000
2023-12-07 13:25:29.779000,1.44984,1.44976,5100000,1200000
2023-12-07 13:25:30.287000,1.44984,1.44977,1600000,3600000
2023-12-07 13:25:30.389000,1.44984,1.44978,1200000,1200000
2023-12-07 13:25:30.795000,1.44984,1.44976,1200000,3600000
2023-12-07 13:25:32.210000,1.44985,1.44976,1200000,5400000
2023-12-07 13:25:32.262000,1.44987,1.44977,1350000,1200000
2023-12-07 13:25:32.466000,1.44986,1.4498,1200000,3600000
2023-12-07 13:25:32.568000,1.44986,1.44978,4500000,4500000
2023-12-07 13:25:33.684000,1.44984,1.44978,1200000,4500000
2023-12-07 13:25:33.736000,1.44986,1.44978,1200000,2700000
2023-12-07 13:25:34.093000,1.44982,1.44978,1200000,4500000
2023-12-07 13:25:34.145000,1.44984,1.44978,1200000,1200000
2023-12-07 13:25:34.247000,1.44985,1.44978,1800000,1200000
2023-12-07 13:25:34.502000,1.44984,1.44978,1200000,1200000
2023-12-07 13:25:34.859000,1.44981,1.44974,3600000,4350000
2023-12-07 13:25:34.911000,1.44984,1.44974,1200000,3600000
2023-12-07 13:25:35.013000,1.44984,1.44975,1800000,4050000
2023-12-07 13:25:35.115000,1.44984,1.44978,1800000,1200000
2023-12-07 13:25:35.167000,1.44984,1.44976,1800000,4500000
2023-12-07 13:25:35.319000,1.44985,1.44978,1200000,1200000
2023-12-07 13:25:35.423000,1.44981,1.44974,1200000,6300000
2023-12-07 13:25:35.475000,1.44983,1.44974,5850000,7200000
2023-12-07 13:25:35.526000,1.44976,1.44974,1200000,1200000
2023-12-07 13:25:35.629000,1.44975,1.44973,1200000,1200000
2023-12-07 13:25:35.732000,1.44975,1.44969,1200000,1200000
2023-12-07 13:25:36.088000,1.44977,1.44971,5850000,3600000
2023-12-07 13:25:36.191000,1.44978,1.44971,1200000,3600000
2023-12-07 13:25:36.293000,1.44978,1.4497,1200000,5400000
2023-12-07 13:25:36.396000,1.44976,1.4497,5400000,1200000
2023-12-07 13:25:36.498000,1.44976,1.44969,5400000,1200000
2023-12-07 13:25:36.702000,1.44976,1.4497,1200000,3600000
2023-12-07 13:25:36.957000,1.44978,1.44971,4500000,3600000
2023-12-07 13:25:37.060000,1.44975,1.4497,3600000,1800000
2023-12-07 13:25:37.366000,1.44975,1.44969,1200000,3600000
2023-12-07 13:25:38.476000,1.44978,1.44971,5400000,1200000
2023-12-07 13:25:38.528000,1.44978,1.44975,1200000,3600000
2023-12-07 13:25:38.631000,1.44976,1.4497,4500000,4350000
2023-12-07 13:25:38.682000,1.44976,1.44971,1200000,1800000
2023-12-07 13:25:38.784000,1.44976,1.4497,1200000,1200000
2023-12-07 13:25:38.886000,1.44976,1.44969,1200000,1800000
2023-12-07 13:25:39.140000,1.44975,1.44969,3600000,5400000
2023-12-07 13:25:39.293000,1.44976,1.44969,5400000,5400000
2023-12-07 13:25:39.495000,1.44975,1.44969,3600000,5400000
2023-12-07 13:25:39.599000,1.44978,1.44972,1800000,3600000
2023-12-07 13:25:39.702000,1.44976,1.4497,5400000,1200000
2023-12-07 13:25:39.804000,1.44975,1.4497,3600000,1200000
2023-12-07 13:25:40.008000,1.44975,1.44969,3600000,1200000
2023-12-07 13:25:40.110000,1.44976,1.44969,5400000,1200000
2023-12-07 13:25:40.566000,1.44976,1.4497,4500000,2250000
2023-12-07 13:25:40.669000,1.4498,1.44972,1800000,5400000
2023-12-07 13:25:40.772000,1.44979,1.44972,5400000,3600000
2023-12-07 13:25:40.823000,1.44977,1.4497,1800000,4950000
2023-12-07 13:25:40.926000,1.44976,1.4497,3600000,1200000
2023-12-07 13:25:41.028000,1.44977,1.44971,3600000,3600000
2023-12-07 13:25:41.131000,1.44975,1.4497,3600000,1800000
2023-12-07 13:25:41.182000,1.44977,1.4497,4500000,1800000
2023-12-07 13:25:41.690000,1.44977,1.44969,1200000,6300000
2023-12-07 13:25:41.944000,1.44976,1.44969,4500000,1200000
2023-12-07 13:25:42.098000,1.44978,1.44971,5850000,3600000
2023-12-07 13:25:42.150000,1.44977,1.44969,1200000,6300000
2023-12-07 13:25:42.404000,1.44976,1.44969,3600000,6300000
2023-12-07 13:25:42.608000,1.44975,1.44969,1800000,2700000
2023-12-07 13:25:42.659000,1.44977,1.44969,4500000,2700000
2023-12-07 13:25:42.762000,1.44978,1.4497,4050000,5400000
2023-12-07 13:25:42.865000,1.44975,1.44969,3600000,4500000
2023-12-07 13:25:42.968000,1.44976,1.4497,3600000,3600000
2023-12-07 13:25:43.070000,1.44977,1.44969,1200000,6300000
2023-12-07 13:25:43.274000,1.44978,1.44971,3600000,3600000
2023-12-07 13:25:43.427000,1.44976,1.4497,3600000,3600000
2023-12-07 13:25:43.530000,1.44976,1.44969,3600000,2700000
2023-12-07 13:25:43.841000,1.44978,1.44971,5100000,3600000
2023-12-07 13:25:43.893000,1.44977,1.44969,1200000,6300000
2023-12-07 13:25:44.704000,1.44977,1.44973,3600000,1200000
2023-12-07 13:25:44.807000,1.4498,1.44974,4500000,3600000
2023-12-07 13:25:45.821000,1.44981,1.44974,1200000,3600000
2023-12-07 13:25:45.873000,1.44982,1.44977,1200000,3600000
2023-12-07 13:25:45.924000,1.44984,1.44977,1200000,3600000
2023-12-07 13:25:46.179000,1.44984,1.44978,4500000,3600000
2023-12-07 13:25:47.597000,1.44983,1.44977,3600000,3600000
2023-12-07 13:25:47.699000,1.44984,1.44978,1200000,3600000
2023-12-07 13:25:48.811000,1.44985,1.44978,5400000,3600000
2023-12-07 13:25:49.569000,1.44984,1.44978,3600000,3600000
2023-12-07 13:25:49.822000,1.44985,1.44978,5400000,3600000
2023-12-07 13:25:50.632000,1.44985,1.44977,1200000,5490000
2023-12-07 13:25:50.684000,1.44988,1.44983,6300000,1800000
2023-12-07 13:25:50.787000,1.44991,1.44986,1200000,5400000
2023-12-07 13:25:50.889000,1.44993,1.44986,1200000,5400000
2023-12-07 13:25:51.245000,1.44993,1.44985,1200000,3600000
2023-12-07 13:25:51.296000,1.44993,1.44987,1200000,3600000
2023-12-07 13:25:51.448000,1.44994,1.44987,1350000,3600000
2023-12-07 13:25:51.551000,1.44994,1.44986,1350000,3600000
2023-12-07 13:25:52.768000,1.44997,1.44989,1100000,2700000
2023-12-07 13:25:52.820000,1.44998,1.44992,5400000,3600000
2023-12-07 13:25:53.479000,1.44999,1.44991,3600000,1350000
2023-12-07 13:25:53.582000,1.44998,1.44992,3600000,3600000
2023-12-07 13:25:54.694000,1.44997,1.44991,3600000,4500000
2023-12-07 13:25:54.745000,1.44999,1.44991,7650000,1200000
2023-12-07 13:25:55.658000,1.44997,1.44991,3600000,4500000
2023-12-07 13:25:55.760000,1.44998,1.44992,3600000,3600000
2023-12-07 13:25:56.415000,1.44997,1.44991,3600000,4500000
2023-12-07 13:25:57.324000,1.44996,1.4499,3600000,5400000
2023-12-07 13:25:57.476000,1.44996,1.44991,3600000,1200000
2023-12-07 13:25:57.780000,1.44996,1.44992,3600000,1600000
2023-12-07 13:25:57.832000,1.45005,1.44999,4500000,1200000
2023-12-07 13:25:57.935000,1.45006,1.45,3600000,4500000
2023-12-07 13:25:58.087000,1.45007,1.45001,6300000,3600000
2023-12-07 13:25:58.240000,1.45007,1.45,4500000,4500000
2023-12-07 13:25:58.595000,1.45008,1.45001,4950000,4500000
2023-12-07 13:25:59.102000,1.45009,1.45002,5400000,4500000
2023-12-07 13:25:59.205000,1.45008,1.45002,4500000,4500000
2023-12-07 13:25:59.409000,1.45008,1.45001,4500000,4500000
2023-12-07 13:25:59.866000,1.45011,1.45006,2340000,3600000
2023-12-07 13:25:59.970000,1.45008,1.45003,3600000,1200000
2023-12-07 13:26:00.073000,1.45007,1.45002,1200000,1200000
2023-12-07 13:26:00.175000,1.45008,1.45,4500000,1200000
2023-12-07 13:26:00.278000,1.45004,1.45001,5400000,1200000
2023-12-07 13:26:00.636000,1.45006,1.45001,4950000,1200000
2023-12-07 13:26:00.739000,1.45004,1.44999,1200000,3600000
2023-12-07 13:26:00.790000,1.44998,1.44996,2700000,1200000
2023-12-07 13:26:00.893000,1.44995,1.44989,1800000,1200000
2023-12-07 13:26:00.995000,1.44997,1.44989,1200000,5400000
2023-12-07 13:26:01.097000,1.44998,1.4499,4500000,1800000
2023-12-07 13:26:01.200000,1.44997,1.44989,3600000,1800000
2023-12-07 13:26:01.302000,1.44997,1.44988,3600000,4500000
2023-12-07 13:26:01.353000,1.44994,1.44989,4500000,1200000
2023-12-07 13:26:01.608000,1.44993,1.44989,3600000,1200000
2023-12-07 13:26:01.913000,1.44994,1.44985,3600000,4500000
2023-12-07 13:26:02.066000,1.44995,1.44985,3600000,1200000
2023-12-07 13:26:02.422000,1.44994,1.44986,5100000,1200000
2023-12-07 13:26:02.524000,1.44994,1.44986,5400000,1200000
2023-12-07 13:26:02.830000,1.44993,1.44986,3600000,4500000
2023-12-07 13:26:02.933000,1.4499,1.44986,1200000,3600000
2023-12-07 13:26:03.036000,1.44987,1.44984,4050000,1200000
2023-12-07 13:26:03.290000,1.44987,1.44983,3600000,1200000
2023-12-07 13:26:03.544000,1.44987,1.44979,3600000,1800000
2023-12-07 13:26:03.697000,1.44988,1.44979,5850000,1800000
2023-12-07 13:26:03.799000,1.44988,1.4498,1200000,1200000
2023-12-07 13:26:04.256000,1.44987,1.4498,3600000,1200000
2023-12-07 13:26:04.978000,1.44988,1.44979,4350000,1800000
2023-12-07 13:26:05.132000,1.44988,1.4498,4950000,1200000
2023-12-07 13:26:06.297000,1.44989,1.44985,4050000,1200000
2023-12-07 13:26:06.350000,1.44992,1.44987,1200000,3600000
2023-12-07 13:26:06.452000,1.44993,1.44987,3600000,3600000
2023-12-07 13:26:06.808000,1.44992,1.44987,1200000,3600000
2023-12-07 13:26:06.860000,1.44992,1.44985,4500000,4500000
2023-12-07 13:26:06.963000,1.44994,1.44987,1200000,3600000
2023-12-07 13:26:07.420000,1.44995,1.44988,4950000,1200000
2023-12-07 13:26:07.775000,1.44995,1.44987,1200000,3600000
2023-12-07 13:26:08.131000,1.44995,1.44988,1200000,1200000
2023-12-07 13:26:08.234000,1.44996,1.44989,4500000,4500000
2023-12-07 13:26:09.552000,1.44996,1.4499,1200000,3600000
2023-12-07 13:26:09.705000,1.44996,1.44989,4500000,4500000
2023-12-07 13:26:12.077000,1.44997,1.4499,5400000,3600000
2023-12-07 13:26:12.535000,1.44995,1.4499,1200000,3600000
2023-12-07 13:26:12.638000,1.44992,1.44987,3600000,1200000
2023-12-07 13:26:13.548000,1.44992,1.44986,3600000,1200000
2023-12-07 13:26:13.751000,1.44992,1.44985,3600000,5400000
2023-12-07 13:26:13.853000,1.44991,1.44983,4500000,6300000
2023-12-07 13:26:13.909000,1.44987,1.44983,4500000,1200000
2023-12-07 13:26:14.517000,1.44986,1.44983,3600000,1200000
2023-12-07 13:26:14.619000,1.44987,1.44983,5400000,1200000
2023-12-07 13:26:14.873000,1.44987,1.44981,3600000,1200000
2023-12-07 13:26:15.988000,1.44987,1.4498,3600000,4500000
2023-12-07 13:26:16.090000,1.44986,1.4498,3600000,4500000
2023-12-07 13:26:16.293000,1.44987,1.44981,3600000,3600000
2023-12-07 13:26:16.698000,1.44986,1.4498,3600000,4500000
2023-12-07 13:26:17.404000,1.44986,1.44979,3600000,5400000
2023-12-07 13:26:18.064000,1.44986,1.44978,3600000,4500000
2023-12-07 13:26:18.166000,1.44986,1.4498,3600000,3600000
2023-12-07 13:26:19.076000,1.44987,1.44979,6300000,1200000
2023-12-07 13:26:19.178000,1.44986,1.44979,3600000,1200000
2023-12-07 13:26:19.329000,1.44984,1.44979,1200000,1200000
2023-12-07 13:26:19.433000,1.44987,1.4498,3600000,3600000
2023-12-07 13:26:19.534000,1.44987,1.4498,3600000,4500000
2023-12-07 13:26:19.637000,1.44988,1.4498,4500000,4500000
2023-12-07 13:26:20.195000,1.44988,1.44979,3600000,4500000
2023-12-07 13:26:20.399000,1.44986,1.4498,3600000,1200000
2023-12-07 13:26:20.603000,1.44986,1.44979,3600000,1200000
2023-12-07 13:26:20.654000,1.44987,1.4498,2250000,1200000
2023-12-07 13:26:22.020000,1.44985,1.4498,3600000,1200000
2023-12-07 13:26:22.173000,1.44988,1.4498,4350000,1200000
2023-12-07 13:26:22.325000,1.44988,1.44979,5100000,1800000
2023-12-07 13:26:22.628000,1.44986,1.44978,1200000,5400000
2023-12-07 13:26:24.396000,1.44987,1.4498,4950000,4500000
2023-12-07 13:26:24.704000,1.4499,1.44987,2100000,13140000
2023-12-07 13:26:24.756000,1.44998,1.44996,1350000,1200000
2023-12-07 13:26:24.808000,1.45004,1.44996,4950000,1200000
2023-12-07 13:26:24.911000,1.45006,1.44998,1350000,1200000
2023-12-07 13:26:24.963000,1.45006,1.44996,4950000,1200000
2023-12-07 13:26:25.065000,1.45006,1.44996,4350000,1200000
2023-12-07 13:26:25.167000,1.45006,1.44998,4950000,1200000
2023-12-07 13:26:25.269000,1.45005,1.44998,3600000,1200000
2023-12-07 13:26:25.575000,1.45006,1.45,2250000,1200000
2023-12-07 13:26:25.627000,1.4501,1.45002,6300000,1200000
2023-12-07 13:26:25.679000,1.45007,1.45002,3600000,1200000
2023-12-07 13:26:26.441000,1.45007,1.45001,7200000,1200000
2023-12-07 13:26:26.796000,1.45006,1.45001,3600000,1200000
2023-12-07 13:26:27.200000,1.45008,1.45,5400000,1200000
2023-12-07 13:26:27.554000,1.45007,1.45,3600000,1200000
2023-12-07 13:26:28.186000,1.45007,1.45001,5400000,1200000
2023-12-07 13:26:28.290000,1.45006,1.44998,1200000,3600000
2023-12-07 13:26:28.392000,1.45007,1.44999,5850000,1200000
2023-12-07 13:26:29.855000,1.45005,1.44999,3600000,4500000
2023-12-07 13:26:30.008000,1.45006,1.45,3600000,3600000
2023-12-07 13:26:30.110000,1.45006,1.44999,3600000,4500000
2023-12-07 13:26:30.212000,1.45007,1.44999,7200000,4500000
2023-12-07 13:26:30.516000,1.45006,1.44999,3600000,4500000
2023-12-07 13:26:30.873000,1.45007,1.45,4500000,4500000
2023-12-07 13:26:32.143000,1.45006,1.45,5400000,1200000
2023-12-07 13:26:33.809000,1.45006,1.44999,3600000,4500000
2023-12-07 13:26:34.166000,1.45006,1.44997,5400000,1200000
2023-12-07 13:26:34.269000,1.45006,1.44998,3600000,4500000
2023-12-07 13:26:34.624000,1.45007,1.44998,5400000,1200000
2023-12-07 13:26:35.178000,1.45006,1.44999,3600000,3600000
2023-12-07 13:26:37.046000,1.45007,1.44999,7200000,1200000
2023-12-07 13:26:37.198000,1.45007,1.44997,5400000,5850000
2023-12-07 13:26:37.300000,1.45007,1.44997,5100000,5400000
2023-12-07 13:26:38.265000,1.45002,1.44996,1800000,1200000
2023-12-07 13:26:38.369000,1.44998,1.44995,1800000,1200000
2023-12-07 13:26:38.472000,1.44997,1.44992,3600000,1200000
2023-12-07 13:26:38.575000,1.44997,1.44991,1800000,1200000
2023-12-07 13:26:39.083000,1.44999,1.4499,4500000,1200000
2023-12-07 13:26:39.185000,1.44997,1.44991,1200000,1200000
2023-12-07 13:26:39.439000,1.44996,1.44991,3600000,1200000
2023-12-07 13:26:39.641000,1.44996,1.4499,3600000,4500000
2023-12-07 13:26:39.945000,1.44997,1.4499,1200000,1200000
2023-12-07 13:26:40.097000,1.44997,1.44989,1200000,1800000
2023-12-07 13:26:40.300000,1.44996,1.4499,3600000,3600000
2023-12-07 13:26:40.402000,1.44997,1.44989,5400000,1200000
2023-12-07 13:26:40.808000,1.44995,1.44989,1200000,1200000
2023-12-07 13:26:40.911000,1.44997,1.44989,2850000,1200000
2023-12-07 13:26:41.013000,1.44998,1.44988,1600000,1200000
2023-12-07 13:26:41.065000,1.44998,1.44988,1350000,1200000
2023-12-07 13:26:41.218000,1.44998,1.4499,3600000,1200000
2023-12-07 13:26:41.370000,1.44999,1.4499,8550000,1200000
2023-12-07 13:26:41.977000,1.44998,1.4499,5400000,1200000
2023-12-07 13:26:42.281000,1.44997,1.44988,1200000,1200000
2023-12-07 13:26:43.945000,1.44998,1.44992,4500000,3600000
2023-12-07 13:26:44.047000,1.44998,1.44991,1200000,4500000
2023-12-07 13:26:44.302000,1.44998,1.44992,4500000,3600000
2023-12-07 13:26:44.808000,1.44998,1.44991,4500000,5400000
2023-12-07 13:26:46.277000,1.44995,1.44991,1200000,1200000
2023-12-07 13:26:46.329000,1.4499,1.44986,1200000,9000000
2023-12-07 13:26:46.432000,1.44988,1.44986,1200000,1200000
2023-12-07 13:26:46.484000,1.44987,1.44982,3600000,1200000
2023-12-07 13:26:46.588000,1.44978,1.44973,1200000,1200000
2023-12-07 13:26:46.691000,1.44976,1.44973,1200000,1200000
2023-12-07 13:26:46.794000,1.44978,1.44972,1200000,1200000
2023-12-07 13:26:46.846000,1.4498,1.44975,3150000,1800000
2023-12-07 13:26:46.948000,1.44984,1.44975,3600000,1800000
2023-12-07 13:26:47,1.44986,1.44978,5100000,4500000
2023-12-07 13:26:47.153000,1.44986,1.44978,5850000,4500000
2023-12-07 13:26:47.661000,1.44985,1.44978,1200000,4500000
2023-12-07 13:26:48.421000,1.44985,1.44977,1200000,3600000
2023-12-07 13:26:48.626000,1.44986,1.44978,4500000,4500000
2023-12-07 13:26:48.729000,1.44986,1.4498,1200000,3600000
2023-12-07 13:26:51.201000,1.44986,1.44978,1200000,4500000
2023-12-07 13:26:51.456000,1.44987,1.4498,1200000,3600000
2023-12-07 13:26:51.659000,1.44988,1.44981,3600000,4500000
2023-12-07 13:26:51.762000,1.44989,1.44981,1200000,4950000
2023-12-07 13:26:51.915000,1.44988,1.44982,5400000,5850000
2023-12-07 13:26:52.068000,1.44987,1.4498,1200000,2250000
2023-12-07 13:26:52.171000,1.44987,1.44981,4500000,3600000
2023-12-07 13:26:53.486000,1.44985,1.44978,1200000,3600000
2023-12-07 13:26:53.638000,1.44986,1.44978,1200000,5400000
2023-12-07 13:26:53.792000,1.4498,1.44978,1200000,1200000
2023-12-07 13:26:53.895000,1.44977,1.44975,1200000,1200000
2023-12-07 13:26:53.998000,1.44976,1.44969,1200000,3600000
2023-12-07 13:26:54.100000,1.44976,1.4497,1200000,1200000
2023-12-07 13:26:54.507000,1.44978,1.44972,1800000,1200000
2023-12-07 13:26:54.611000,1.44981,1.44976,1800000,3600000
2023-12-07 13:26:54.713000,1.44982,1.44978,1200000,3600000
2023-12-07 13:26:54.816000,1.44985,1.44978,1200000,3600000
2023-12-07 13:26:54.917000,1.44985,1.44977,1200000,3600000
2023-12-07 13:26:55.120000,1.44986,1.44978,1200000,3600000
2023-12-07 13:26:55.222000,1.44987,1.4498,1200000,3600000
2023-12-07 13:26:55.526000,1.44986,1.4498,1200000,3600000
2023-12-07 13:26:55.578000,1.44986,1.44978,1200000,4500000
2023-12-07 13:26:55.984000,1.44988,1.44983,1350000,3600000
2023-12-07 13:26:56.036000,1.44987,1.4498,4500000,4050000
2023-12-07 13:26:56.138000,1.44986,1.44979,1200000,5400000
2023-12-07 13:26:56.697000,1.44986,1.4498,1200000,3600000
2023-12-07 13:26:57.355000,1.44987,1.44981,4500000,3600000
2023-12-07 13:26:57.457000,1.44986,1.44979,1200000,3600000
2023-12-07 13:26:58.517000,1.44986,1.4498,1200000,3600000
2023-12-07 13:26:58.874000,1.44986,1.44979,1200000,3600000
2023-12-07 13:26:59.077000,1.44986,1.44978,1200000,4950000
2023-12-07 13:26:59.180000,1.44987,1.44981,4950000,3600000
2023-12-07 13:26:59.536000,1.44987,1.44979,1200000,4500000
2023-12-07 13:26:59.588000,1.44987,1.44981,4500000,3600000
2023-12-07 13:27:00.548000,1.44986,1.44981,1200000,3600000
2023-12-07 13:27:00.600000,1.44985,1.44979,1200000,3600000
2023-12-07 13:27:01.155000,1.44987,1.44979,4500000,3600000
2023-12-07 13:27:01.257000,1.44987,1.4498,4500000,3600000
2023-12-07 13:27:01.360000,1.44986,1.44979,1200000,3600000
2023-12-07 13:27:01.664000,1.44986,1.4498,1200000,3600000
2023-12-07 13:27:02.120000,1.44986,1.44979,1200000,3600000
2023-12-07 13:27:02.729000,1.44985,1.44979,1200000,3600000
2023-12-07 13:27:02.831000,1.44985,1.44978,1200000,3600000
2023-12-07 13:27:02.933000,1.44985,1.4498,1200000,3600000
2023-12-07 13:27:03.287000,1.44985,1.44977,1200000,4500000
2023-12-07 13:27:03.390000,1.44985,1.44979,1200000,3600000
2023-12-07 13:27:03.492000,1.44986,1.4498,1200000,3600000
2023-12-07 13:27:03.595000,1.44986,1.44979,1200000,3600000
2023-12-07 13:27:04.603000,1.44985,1.44979,1200000,3600000
2023-12-07 13:27:05.259000,1.44986,1.44979,1200000,3600000
2023-12-07 13:27:05.863000,1.44985,1.44979,1200000,3600000
2023-12-07 13:27:05.966000,1.44986,1.44977,1200000,3600000
2023-12-07 13:27:06.271000,1.44986,1.44978,1200000,3600000
2023-12-07 13:27:06.524000,1.44986,1.44979,1200000,3600000
2023-12-07 13:27:06.626000,1.44985,1.44979,1200000,3600000
2023-12-07 13:27:07.637000,1.44985,1.44978,1200000,3600000
2023-12-07 13:27:07.740000,1.44985,1.44977,1200000,4500000
2023-12-07 13:27:07.992000,1.44985,1.44979,4500000,3600000
2023-12-07 13:27:09.708000,1.44981,1.44978,1200000,3600000
2023-12-07 13:27:09.760000,1.44976,1.44975,1200000,3150000
2023-12-07 13:27:09.812000,1.44973,1.44969,1800000,3600000
2023-12-07 13:27:09.863000,1.44974,1.44967,1800000,3600000
2023-12-07 13:27:10.017000,1.44975,1.44968,1800000,1200000
2023-12-07 13:27:10.525000,1.44973,1.44969,1200000,1200000
2023-12-07 13:27:10.628000,1.44975,1.44969,1800000,1200000
2023-12-07 13:27:11.035000,1.44971,1.44967,1100000,3600000
2023-12-07 13:27:11.138000,1.44963,1.44957,4500000,3600000
2023-12-07 13:27:11.190000,1.44963,1.44961,1200000,1200000
2023-12-07 13:27:11.242000,1.44963,1.44959,3600000,1200000
2023-12-07 13:27:11.446000,1.44962,1.44957,1800000,3600000
2023-12-07 13:27:12.307000,1.44962,1.44956,5400000,4500000
2023-12-07 13:27:13.221000,1.44963,1.44956,1800000,4500000
2023-12-07 13:27:14.740000,1.44963,1.44958,1800000,3600000
2023-12-07 13:27:14.893000,1.44962,1.44956,1800000,1200000
2023-12-07 13:27:14.995000,1.44962,1.44958,1800000,1200000
2023-12-07 13:27:15.046000,1.44964,1.44958,2250000,4500000
2023-12-07 13:27:15.200000,1.44964,1.44959,1800000,3600000
2023-12-07 13:27:15.353000,1.44962,1.44957,1800000,3600000
2023-12-07 13:27:15.455000,1.44963,1.44957,1800000,1200000
2023-12-07 13:27:15.559000,1.44966,1.4496,2700000,3600000
2023-12-07 13:27:15.663000,1.44969,1.44967,1800000,1200000
2023-12-07 13:27:15.765000,1.44974,1.44966,3600000,3600000
2023-12-07 13:27:16.019000,1.44974,1.44967,2700000,3600000
2023-12-07 13:27:16.373000,1.44974,1.44965,1800000,3600000
2023-12-07 13:27:16.678000,1.44973,1.44967,1800000,3600000
2023-12-07 13:27:16.982000,1.44974,1.44966,2700000,3600000
2023-12-07 13:27:17.085000,1.44974,1.44967,1800000,1200000
2023-12-07 13:27:17.237000,1.44977,1.44968,1800000,4500000
2023-12-07 13:27:17.340000,1.44975,1.44969,1800000,1200000
2023-12-07 13:27:17.544000,1.44976,1.44969,1800000,1200000
2023-12-07 13:27:17.799000,1.44976,1.4497,1800000,3600000
2023-12-07 13:27:17.901000,1.44977,1.44968,1800000,1200000
2023-12-07 13:27:18.306000,1.44977,1.44969,1800000,3600000
2023-12-07 13:27:18.459000,1.44976,1.44969,1800000,4500000
2023-12-07 13:27:18.611000,1.44976,1.4497,1800000,3600000
2023-12-07 13:27:18.714000,1.44976,1.44969,1800000,1200000
2023-12-07 13:27:19.017000,1.44976,1.4497,1800000,3600000
2023-12-07 13:27:19.119000,1.44978,1.44975,4500000,1800000
2023-12-07 13:27:19.171000,1.44984,1.44979,1800000,1200000
2023-12-07 13:27:19.274000,1.44986,1.44979,1800000,1200000
2023-12-07 13:27:19.679000,1.44986,1.4498,1800000,1200000
2023-12-07 13:27:19.781000,1.44985,1.4498,1800000,1200000
2023-12-07 13:27:20.186000,1.44987,1.44979,5400000,4500000
2023-12-07 13:27:20.289000,1.44986,1.44981,1800000,4500000
2023-12-07 13:27:22.003000,1.44986,1.4498,5400000,3600000
2023-12-07 13:27:23.213000,1.44985,1.4498,1800000,4500000
2023-12-07 13:27:23.567000,1.44986,1.44979,1800000,4500000
2023-12-07 13:27:23.872000,1.44985,1.4498,1800000,3600000
2023-12-07 13:27:23.975000,1.44975,1.44972,1800000,1100000
2023-12-07 13:27:24.078000,1.44975,1.44969,1800000,1200000
2023-12-07 13:27:24.130000,1.44973,1.44969,1800000,1800000
2023-12-07 13:27:24.233000,1.44972,1.44969,1800000,1200000
2023-12-07 13:27:24.387000,1.44973,1.44969,1800000,1200000
2023-12-07 13:27:24.642000,1.44974,1.44967,1800000,4500000
2023-12-07 13:27:24.996000,1.44974,1.44969,1800000,3600000
2023-12-07 13:27:25.300000,1.44977,1.44971,7650000,4500000
2023-12-07 13:27:25.403000,1.44979,1.44972,1800000,1200000
2023-12-07 13:27:25.506000,1.4498,1.44972,1800000,4500000
2023-12-07 13:27:25.608000,1.44981,1.44974,1800000,1200000
2023-12-07 13:27:25.660000,1.44983,1.44975,4500000,4500000
2023-12-07 13:27:26.569000,1.44982,1.44975,3600000,1200000
2023-12-07 13:27:26.721000,1.44984,1.44974,2700000,4500000
2023-12-07 13:27:26.872000,1.44982,1.44975,1800000,4500000
2023-12-07 13:27:27.428000,1.44984,1.44977,2700000,3600000
2023-12-07 13:27:27.935000,1.44983,1.44976,2700000,3600000
2023-12-07 13:27:28.139000,1.44983,1.44977,2700000,1200000
2023-12-07 13:27:28.190000,1.44985,1.4498,3600000,1200000
2023-12-07 13:27:28.293000,1.44984,1.44977,1800000,4500000
2023-12-07 13:27:29.460000,1.44986,1.44982,3600000,1800000
2023-12-07 13:27:29.563000,1.44988,1.44984,1800000,1200000
2023-12-07 13:27:29.615000,1.44993,1.44988,3600000,3600000
2023-12-07 13:27:29.666000,1.44993,1.44986,3600000,3600000
2023-12-07 13:27:30.124000,1.44988,1.44982,1800000,7720000
2023-12-07 13:27:30.176000,1.4499,1.44983,1800000,5400000
2023-12-07 13:27:30.278000,1.4499,1.44985,1800000,3600000
2023-12-07 13:27:30.329000,1.4499,1.44983,1800000,5850000
2023-12-07 13:27:31.597000,1.44991,1.44983,2250000,4500000
2023-12-07 13:27:32.253000,1.44991,1.44982,2250000,5850000
2023-12-07 13:27:32.507000,1.4499,1.44983,1800000,1200000
2023-12-07 13:27:32.559000,1.44992,1.44985,2700000,3600000
2023-12-07 13:27:32.611000,1.44991,1.44983,1800000,6750000
2023-12-07 13:27:32.764000,1.44991,1.44982,1800000,5400000
2023-12-07 13:27:32.917000,1.4499,1.44982,1800000,1200000
2023-12-07 13:27:33.728000,1.44988,1.44981,2700000,4500000
2023-12-07 13:27:33.831000,1.44987,1.44982,1800000,1200000
2023-12-07 13:27:33.882000,1.44989,1.44982,1800000,5400000
2023-12-07 13:27:34.491000,1.44988,1.44982,1800000,1800000
2023-12-07 13:27:34.593000,1.4499,1.44981,1800000,1800000
2023-12-07 13:27:34.848000,1.44988,1.44982,1800000,1800000
2023-12-07 13:27:35.404000,1.44989,1.44982,1800000,1800000
2023-12-07 13:27:35.506000,1.4499,1.44982,1800000,1800000
2023-12-07 13:27:35.557000,1.44988,1.44982,1800000,1200000
2023-12-07 13:27:35.711000,1.44988,1.44981,2700000,5400000
2023-12-07 13:27:35.863000,1.44988,1.44982,2700000,3600000
2023-12-07 13:27:36.016000,1.44988,1.44981,2700000,5400000
2023-12-07 13:27:36.268000,1.44987,1.44981,1800000,1800000
2023-12-07 13:27:39.246000,1.44988,1.44982,6300000,1200000
2023-12-07 13:27:39.399000,1.44987,1.44982,1800000,1200000
2023-12-07 13:27:39.804000,1.44987,1.4498,2700000,1800000
2023-12-07 13:27:39.919000,1.44986,1.4498,1200000,5400000
2023-12-07 13:27:40.072000,1.44985,1.4498,2700000,1200000
2023-12-07 13:27:40.225000,1.44986,1.4498,1200000,1200000
2023-12-07 13:27:40.681000,1.44986,1.44979,6300000,6300000
2023-12-07 13:27:40.783000,1.44985,1.44979,1200000,6300000
2023-12-07 13:27:41.441000,1.44984,1.44979,1800000,1800000
2023-12-07 13:27:41.794000,1.44985,1.44979,5400000,6300000
2023-12-07 13:27:41.947000,1.44984,1.44979,1800000,5400000
2023-12-07 13:27:42.704000,1.44985,1.4498,1800000,3600000
2023-12-07 13:27:42.806000,1.44985,1.44979,1800000,1800000
2023-12-07 13:27:44.718000,1.44986,1.44984,2250000,1200000
2023-12-07 13:27:44.821000,1.44989,1.44984,1800000,5400000
2023-12-07 13:27:44.872000,1.4499,1.44985,1800000,3600000
2023-12-07 13:27:44.923000,1.44991,1.44986,1800000,3600000
2023-12-07 13:27:45.127000,1.44992,1.44986,2700000,3600000
2023-12-07 13:27:45.331000,1.4499,1.44983,1800000,5400000
2023-12-07 13:27:45.433000,1.44991,1.44983,1800000,5400000
2023-12-07 13:27:45.536000,1.44991,1.44985,1800000,3600000
2023-12-07 13:27:46.297000,1.4499,1.44983,1800000,4500000
2023-12-07 13:27:46.449000,1.44991,1.44983,1800000,4950000
2023-12-07 13:27:46.551000,1.44991,1.44982,1800000,4500000
2023-12-07 13:27:46.603000,1.44993,1.44986,3150000,3600000
2023-12-07 13:27:48.069000,1.44993,1.44987,1800000,3600000
2023-12-07 13:27:48.172000,1.44991,1.44985,3600000,1200000
2023-12-07 13:27:48.274000,1.44992,1.44983,3600000,4050000
2023-12-07 13:27:48.426000,1.44991,1.44983,1800000,4050000
2023-12-07 13:27:48.629000,1.44986,1.44982,1200000,3600000
2023-12-07 13:27:48.681000,1.44986,1.44981,2700000,1200000
2023-12-07 13:27:49.641000,1.44986,1.4498,2700000,1350000
2023-12-07 13:27:51.808000,1.44983,1.44977,2700000,1800000
2023-12-07 13:27:51.912000,1.44984,1.44978,2700000,4500000
2023-12-07 13:27:52.219000,1.44984,1.44977,2700000,1800000
2023-12-07 13:27:52.372000,1.44982,1.44977,1320000,3600000
2023-12-07 13:27:52.475000,1.44983,1.44978,1200000,3600000
2023-12-07 13:27:52.577000,1.44984,1.44978,2700000,3600000
2023-12-07 13:27:52.833000,1.44984,1.44977,2700000,1200000
2023-12-07 13:27:53.794000,1.44984,1.44978,2700000,3600000
2023-12-07 13:27:55.459000,1.4498,1.44976,1800000,1200000
2023-12-07 13:27:55.562000,1.44982,1.44976,1200000,4500000
2023-12-07 13:27:55.868000,1.44982,1.44977,1200000,3600000
2023-12-07 13:27:57.027000,1.44985,1.44979,3150000,3600000
2023-12-07 13:27:57.891000,1.44986,1.4498,2700000,3600000
2023-12-07 13:27:58.044000,1.44985,1.4498,1800000,3600000
2023-12-07 13:27:58.146000,1.44985,1.44979,1800000,1200000
2023-12-07 13:27:58.806000,1.44988,1.44983,3220000,3600000
2023-12-07 13:27:58.858000,1.44988,1.44982,1800000,4500000
2023-12-07 13:27:58.960000,1.44989,1.44982,2700000,4500000
2023-12-07 13:27:59.365000,1.44989,1.44983,1800000,1200000
2023-12-07 13:27:59.417000,1.44992,1.44986,1800000,1200000
2023-12-07 13:27:59.519000,1.44993,1.44987,1800000,3600000
2023-12-07 13:27:59.621000,1.44993,1.44988,1200000,3600000
2023-12-07 13:28:00.433000,1.44993,1.44989,1800000,3600000
2023-12-07 13:28:00.586000,1.44994,1.44989,2700000,3600000
2023-12-07 13:28:01.394000,1.44993,1.44988,1800000,4500000
2023-12-07 13:28:02.100000,1.44996,1.44994,1800000,1200000
2023-12-07 13:28:02.203000,1.44999,1.44994,4500000,3600000
2023-12-07 13:28:02.254000,1.44999,1.44992,2700000,4500000
2023-12-07 13:28:02.357000,1.44999,1.44993,6300000,3600000
2023-12-07 13:28:02.511000,1.44997,1.44991,6300000,3600000
2023-12-07 13:28:02.715000,1.44997,1.4499,6300000,4500000
2023-12-07 13:28:02.817000,1.44996,1.4499,1800000,4500000
2023-12-07 13:28:03.371000,1.44997,1.4499,2700000,1200000
2023-12-07 13:28:03.641000,1.44997,1.44992,1200000,3600000
2023-12-07 13:28:04.003000,1.44998,1.44992,2700000,1200000
2023-12-07 13:28:04.156000,1.44998,1.44991,2700000,4500000
2023-12-07 13:28:04.411000,1.44997,1.44991,1800000,1200000
2023-12-07 13:28:04.614000,1.44998,1.44991,2700000,1200000
2023-12-07 13:28:04.716000,1.44998,1.44992,1200000,3600000
2023-12-07 13:28:04.819000,1.44998,1.44993,1200000,3600000
2023-12-07 13:28:05.123000,1.44997,1.44992,1800000,3600000
2023-12-07 13:28:05.225000,1.44998,1.4499,1800000,1200000
2023-12-07 13:28:05.327000,1.44998,1.44992,2700000,3600000
2023-12-07 13:28:05.934000,1.44998,1.44991,6300000,4500000
2023-12-07 13:28:06.036000,1.44998,1.44992,2700000,3600000
2023-12-07 13:28:06.290000,1.44994,1.4499,1800000,1200000
2023-12-07 13:28:06.341000,1.44994,1.44988,4500000,3600000
2023-12-07 13:28:06.595000,1.44994,1.44987,1800000,3600000
2023-12-07 13:28:07.051000,1.44993,1.44989,1800000,3600000
2023-12-07 13:28:07.153000,1.44993,1.44988,1800000,4500000
2023-12-07 13:28:07.659000,1.44996,1.44991,1800000,3600000
2023-12-07 13:28:07.711000,1.44995,1.44989,1200000,1200000
2023-12-07 13:28:08.068000,1.44995,1.44988,1800000,1200000
2023-12-07 13:28:08.374000,1.44995,1.44989,2700000,3600000
2023-12-07 13:28:08.628000,1.44994,1.44988,1800000,1200000
2023-12-07 13:28:08.730000,1.44994,1.44989,1800000,1200000
2023-12-07 13:28:09.187000,1.44994,1.44988,1800000,1200000
2023-12-07 13:28:09.489000,1.44995,1.44988,2700000,1200000
2023-12-07 13:28:10.499000,1.44994,1.44988,1800000,4500000
2023-12-07 13:28:10.600000,1.44994,1.44989,1800000,1200000
2023-12-07 13:28:12.212000,1.44995,1.44989,2700000,1200000
2023-12-07 13:28:12.365000,1.44998,1.44993,5400000,3600000
2023-12-07 13:28:12.773000,1.44998,1.44992,2700000,1200000
2023-12-07 13:28:12.875000,1.44998,1.44991,2700000,4500000
2023-12-07 13:28:12.977000,1.44999,1.44991,2700000,1200000
2023-12-07 13:28:13.079000,1.44998,1.44993,2700000,1200000
2023-12-07 13:28:13.284000,1.44999,1.44994,1800000,1200000
2023-12-07 13:28:13.590000,1.44998,1.44994,1800000,1200000
2023-12-07 13:28:13.692000,1.44998,1.44993,1800000,4500000
2023-12-07 13:28:13.846000,1.44996,1.44993,1800000,1200000
2023-12-07 13:28:13.897000,1.44996,1.4499,1800000,1800000
2023-12-07 13:28:13.949000,1.44997,1.44993,1800000,1200000
2023-12-07 13:28:14.052000,1.44998,1.44993,1200000,1200000
2023-12-07 13:28:15.013000,1.44997,1.44993,1800000,1200000
2023-12-07 13:28:16.023000,1.44998,1.44993,1800000,1200000
2023-12-07 13:28:18.797000,1.44997,1.44993,1800000,1200000
2023-12-07 13:28:19.052000,1.44998,1.44993,1800000,1200000
2023-12-07 13:28:19.155000,1.44997,1.44992,1800000,1200000
2023-12-07 13:28:19.459000,1.44999,1.44991,2700000,1200000
2023-12-07 13:28:19.663000,1.44998,1.44993,2700000,1200000
2023-12-07 13:28:19.866000,1.44997,1.44991,5400000,4500000
2023-12-07 13:28:19.968000,1.44998,1.44992,2700000,1200000
2023-12-07 13:28:20.374000,1.44997,1.44992,1800000,1200000
2023-12-07 13:28:20.475000,1.44997,1.44993,1800000,1200000
2023-12-07 13:28:20.729000,1.44998,1.44993,2700000,1200000
2023-12-07 13:28:21.236000,1.44997,1.44993,1800000,1200000
2023-12-07 13:28:21.692000,1.44999,1.44992,2700000,1200000
2023-12-07 13:28:21.795000,1.44998,1.44994,1800000,1200000
2023-12-07 13:28:22.101000,1.44998,1.44993,1800000,1200000
2023-12-07 13:28:22.355000,1.44999,1.44993,1800000,1200000
2023-12-07 13:28:22.458000,1.44998,1.44994,3600000,1200000
2023-12-07 13:28:22.610000,1.44998,1.44993,1800000,1200000
2023-12-07 13:28:23.117000,1.44998,1.44994,1800000,1200000
2023-12-07 13:28:23.169000,1.45,1.44994,6300000,4500000
2023-12-07 13:28:23.675000,1.44999,1.44994,1800000,4500000
2023-12-07 13:28:25.386000,1.45,1.44994,1800000,4500000
2023-12-07 13:28:31.368000,1.45,1.44995,1800000,3600000
2023-12-07 13:28:34.898000,1.44998,1.44995,1200000,1200000
2023-12-07 13:28:35.001000,1.44997,1.44991,5400000,1200000
2023-12-07 13:28:35.103000,1.44996,1.44991,3600000,1200000
2023-12-07 13:28:35.257000,1.44996,1.4499,1800000,1200000
2023-12-07 13:28:35.359000,1.44996,1.44989,1800000,4500000
2023-12-07 13:28:35.511000,1.44997,1.44989,2700000,5400000
2023-12-07 13:28:35.613000,1.44997,1.44991,2700000,1200000
2023-12-07 13:28:36.119000,1.44997,1.44992,5400000,1200000
2023-12-07 13:28:39.801000,1.44997,1.44991,1800000,4500000
2023-12-07 13:28:39.904000,1.45,1.44992,5400000,4500000
2023-12-07 13:28:40.006000,1.44999,1.44994,1800000,1200000
2023-12-07 13:28:40.211000,1.44998,1.44994,1800000,1200000
2023-12-07 13:28:40.517000,1.44999,1.44994,2700000,1200000
2023-12-07 13:28:40.822000,1.45002,1.44996,2250000,3600000
2023-12-07 13:28:40.874000,1.45003,1.44997,2250000,1200000
2023-12-07 13:28:40.926000,1.45008,1.45,1800000,4500000
2023-12-07 13:28:41.028000,1.45007,1.45001,3600000,3600000
2023-12-07 13:28:41.282000,1.45007,1.45,1800000,4500000
2023-12-07 13:28:44.067000,1.45008,1.45005,1800000,1200000
2023-12-07 13:28:44.170000,1.4501,1.45008,1800000,1200000
2023-12-07 13:28:44.222000,1.45013,1.45008,1800000,1200000
2023-12-07 13:28:44.425000,1.45015,1.45008,1800000,1200000
2023-12-07 13:28:45.034000,1.45015,1.45005,1800000,1800000
2023-12-07 13:28:45.238000,1.45015,1.45008,1800000,1200000
2023-12-07 13:28:45.341000,1.45015,1.45007,1800000,3600000
2023-12-07 13:28:45.443000,1.45015,1.45008,1800000,1200000
2023-12-07 13:28:45.546000,1.45016,1.45006,1800000,3600000
2023-12-07 13:28:45.648000,1.45016,1.4501,1800000,4500000
2023-12-07 13:28:45.751000,1.45017,1.45008,1800000,1200000
2023-12-07 13:28:45.955000,1.45016,1.45007,7200000,4500000
2023-12-07 13:28:46.058000,1.45015,1.45007,1800000,4500000
2023-12-07 13:28:47.018000,1.45015,1.45009,1800000,1200000
2023-12-07 13:28:47.374000,1.45015,1.45008,1800000,3600000
2023-12-07 13:28:47.729000,1.45015,1.45009,1800000,3600000
2023-12-07 13:28:47.831000,1.45015,1.45008,1800000,4500000
2023-12-07 13:28:48.942000,1.45015,1.45007,1800000,4500000
2023-12-07 13:28:51.115000,1.45016,1.45007,1800000,4500000
2023-12-07 13:28:51.217000,1.45015,1.45007,1800000,4500000
2023-12-07 13:28:54.246000,1.45015,1.45013,1800000,1200000
2023-12-07 13:28:54.298000,1.45018,1.45015,1800000,3600000
2023-12-07 13:28:54.401000,1.45022,1.45014,1800000,4500000
2023-12-07 13:28:54.554000,1.45024,1.45015,1800000,3600000
2023-12-07 13:28:54.758000,1.45023,1.45015,1800000,3600000
2023-12-07 13:28:55.164000,1.45023,1.45016,1800000,3600000
2023-12-07 13:28:56.226000,1.45024,1.45016,2700000,3600000
2023-12-07 13:28:58.242000,1.45021,1.45015,5400000,3600000
2023-12-07 13:28:58.293000,1.45024,1.45016,3150000,3600000
2023-12-07 13:28:58.702000,1.45025,1.45016,1800000,3600000
2023-12-07 13:28:58.855000,1.45025,1.45017,1800000,4500000
2023-12-07 13:28:59.311000,1.45023,1.45017,3600000,4500000
2023-12-07 13:28:59.363000,1.45025,1.45017,1800000,4500000
2023-12-07 13:29:00.172000,1.45026,1.45017,1800000,3600000
2023-12-07 13:29:00.274000,1.45026,1.45018,1800000,3600000
2023-12-07 13:29:02.393000,1.45025,1.45018,1800000,3600000
2023-12-07 13:29:02.445000,1.45021,1.45015,1800000,5850000
2023-12-07 13:29:02.497000,1.45024,1.45017,1800000,3600000
2023-12-07 13:29:02.649000,1.45025,1.45017,1800000,3600000
2023-12-07 13:29:02.751000,1.45022,1.45017,1440000,3600000
2023-12-07 13:29:02.854000,1.45017,1.45015,1800000,1200000
2023-12-07 13:29:03.260000,1.45015,1.45009,1800000,3600000
2023-12-07 13:29:03.413000,1.45014,1.45008,1800000,3600000
2023-12-07 13:29:03.530000,1.45014,1.45006,1800000,4500000
2023-12-07 13:29:03.582000,1.45014,1.45009,5400000,1200000
2023-12-07 13:29:04.039000,1.45013,1.45009,1800000,1200000
2023-12-07 13:29:04.091000,1.45013,1.45006,1800000,3600000
2023-12-07 13:29:04.245000,1.45013,1.45007,1800000,3600000
2023-12-07 13:29:04.752000,1.45014,1.45008,1800000,3600000
2023-12-07 13:29:04.854000,1.45013,1.45006,1800000,3600000
2023-12-07 13:29:05.157000,1.45013,1.45005,1800000,6300000
2023-12-07 13:29:05.311000,1.45012,1.45005,1800000,1800000
2023-12-07 13:29:05.413000,1.45013,1.45005,1800000,5400000
2023-12-07 13:29:05.515000,1.45012,1.45005,1800000,1800000
2023-12-07 13:29:05.667000,1.45013,1.45005,1800000,5400000
2023-12-07 13:29:07.332000,1.45011,1.45005,5400000,4500000
2023-12-07 13:29:07.587000,1.4501,1.45004,5400000,4500000
2023-12-07 13:29:07.892000,1.4501,1.45005,1800000,3600000
2023-12-07 13:29:08.045000,1.4501,1.45004,1800000,3600000
2023-12-07 13:29:08.147000,1.45012,1.45004,1800000,3600000
2023-12-07 13:29:08.299000,1.45012,1.45003,1800000,4950000
2023-12-07 13:29:08.907000,1.45011,1.45002,1800000,1200000
2023-12-07 13:29:09.010000,1.45012,1.45003,1800000,4500000
2023-12-07 13:29:09.214000,1.45011,1.45003,3600000,1200000
2023-12-07 13:29:09.317000,1.45012,1.45003,1800000,1200000
2023-12-07 13:29:09.420000,1.4501,1.45003,1800000,1200000
2023-12-07 13:29:09.471000,1.45012,1.45003,1800000,4500000
2023-12-07 13:29:09.523000,1.45007,1.44999,1800000,3600000
2023-12-07 13:29:09.574000,1.45006,1.44999,3600000,3600000
2023-12-07 13:29:09.829000,1.45005,1.44999,1800000,3600000
2023-12-07 13:29:10.032000,1.45005,1.44997,1800000,4950000
2023-12-07 13:29:10.591000,1.45003,1.44996,1800000,4500000
2023-12-07 13:29:10.693000,1.45004,1.44997,1800000,3600000
2023-12-07 13:29:10.847000,1.45004,1.44996,1800000,1200000
2023-12-07 13:29:14.680000,1.45004,1.44995,1800000,3600000
2023-12-07 13:29:14.832000,1.45002,1.44994,1800000,4950000
2023-12-07 13:29:14.934000,1.45005,1.44995,1800000,3600000
2023-12-07 13:29:15.037000,1.45005,1.44996,3600000,3600000
2023-12-07 13:29:15.240000,1.45004,1.44996,1800000,3600000
2023-12-07 13:29:15.342000,1.45004,1.44995,1800000,3600000
2023-12-07 13:29:15.646000,1.45004,1.44996,1800000,3600000
2023-12-07 13:29:15.748000,1.45002,1.44994,1800000,4500000
2023-12-07 13:29:16.864000,1.45003,1.44992,1800000,6300000
2023-12-07 13:29:16.967000,1.45002,1.44994,1800000,3600000
2023-12-07 13:29:17.119000,1.45003,1.44994,1800000,3600000
2023-12-07 13:29:17.221000,1.45001,1.44993,1800000,6300000
2023-12-07 13:29:17.424000,1.45002,1.44994,2250000,3600000
2023-12-07 13:29:18.586000,1.45,1.44993,1200000,6300000
2023-12-07 13:29:18.740000,1.44999,1.44993,1800000,3600000
2023-12-07 13:29:18.842000,1.45,1.44992,2700000,3600000
2023-12-07 13:29:18.943000,1.44997,1.44992,1800000,3600000
2023-12-07 13:29:18.995000,1.44996,1.4499,1800000,3600000
2023-12-07 13:29:19.047000,1.44996,1.44988,1800000,3600000
2023-12-07 13:29:19.149000,1.44998,1.44989,1800000,3600000
2023-12-07 13:29:19.201000,1.44996,1.44988,1800000,3600000
2023-12-07 13:29:19.455000,1.44998,1.44988,1800000,3600000
2023-12-07 13:29:19.507000,1.44995,1.44987,1800000,4950000
2023-12-07 13:29:19.558000,1.44998,1.44988,3280000,3600000
2023-12-07 13:29:19.965000,1.44996,1.44987,1800000,4950000
2023-12-07 13:29:20.067000,1.44998,1.44989,1800000,3600000
2023-12-07 13:29:21.232000,1.44998,1.4499,1800000,3600000
2023-12-07 13:29:22.896000,1.44998,1.44987,3600000,4950000
2023-12-07 13:29:23.202000,1.44997,1.44989,1800000,3600000
2023-12-07 13:29:23.304000,1.44995,1.44987,1800000,4350000
2023-12-07 13:29:23.408000,1.44995,1.44987,1800000,4950000
2023-12-07 13:29:23.816000,1.44994,1.44987,2250000,4950000
2023-12-07 13:29:23.919000,1.44993,1.44987,3600000,4950000
2023-12-07 13:29:24.278000,1.44994,1.44987,2250000,4950000
2023-12-07 13:29:24.993000,1.44995,1.44987,1800000,1200000
2023-12-07 13:29:25.247000,1.44994,1.44987,1800000,1200000
2023-12-07 13:29:25.552000,1.44992,1.44986,5400000,4950000
2023-12-07 13:29:25.604000,1.44995,1.44987,1800000,3600000
2023-12-07 13:29:25.758000,1.44992,1.44986,1800000,1200000
2023-12-07 13:29:27.684000,1.44992,1.44984,1800000,1350000
2023-12-07 13:29:27.787000,1.44991,1.44984,1800000,1200000
2023-12-07 13:29:28.144000,1.44993,1.44984,1800000,4500000
2023-12-07 13:29:28.196000,1.4499,1.44984,1800000,1200000
2023-12-07 13:29:28.298000,1.44991,1.44984,1800000,1200000
2023-12-07 13:29:30.076000,1.44994,1.44988,1800000,1200000
2023-12-07 13:29:30.127000,1.44997,1.44992,1800000,1800000
2023-12-07 13:29:30.179000,1.44998,1.44995,3600000,1200000
2023-12-07 13:29:30.232000,1.45,1.44993,1800000,2700000
2023-12-07 13:29:30.289000,1.45004,1.44993,3600000,4500000
2023-12-07 13:29:30.392000,1.45002,1.44993,3600000,1200000
2023-12-07 13:29:30.545000,1.45001,1.44993,3600000,1200000
2023-12-07 13:29:30.647000,1.45002,1.44993,3600000,1200000
2023-12-07 13:29:30.951000,1.45004,1.44993,3600000,4500000
2023-12-07 13:29:31.002000,1.45001,1.44993,3600000,1200000
2023-12-07 13:29:31.105000,1.45002,1.44993,3600000,1200000
2023-12-07 13:29:31.308000,1.45001,1.44993,3600000,1200000
2023-12-07 13:29:32.168000,1.45003,1.44992,2250000,1200000
2023-12-07 13:29:32.625000,1.45004,1.44993,3600000,1200000
2023-12-07 13:29:32.879000,1.45004,1.44995,3600000,1200000
2023-12-07 13:29:33.184000,1.45005,1.44996,3600000,3600000
2023-12-07 13:29:33.288000,1.45004,1.44995,3600000,1200000
2023-12-07 13:29:34.400000,1.45005,1.44995,3600000,1200000
2023-12-07 13:29:34.654000,1.45004,1.44995,3600000,1200000
2023-12-07 13:29:34.756000,1.45006,1.44995,3600000,3600000
2023-12-07 13:29:34.858000,1.45004,1.44995,3600000,1200000
2023-12-07 13:29:34.961000,1.45005,1.44996,3600000,3600000
2023-12-07 13:29:36.173000,1.45005,1.44995,3600000,1200000
2023-12-07 13:29:36.677000,1.45006,1.44995,3600000,3600000
2023-12-07 13:29:37.585000,1.45005,1.44995,3600000,4500000
2023-12-07 13:29:37.889000,1.45005,1.44996,3600000,1200000
2023-12-07 13:29:38.445000,1.45006,1.44996,4500000,1200000
2023-12-07 13:29:38.547000,1.45004,1.44996,3600000,1200000
2023-12-07 13:29:38.650000,1.45006,1.44996,1200000,1200000
2023-12-07 13:29:38.701000,1.45003,1.44995,3600000,1200000
2023-12-07 13:29:38.854000,1.45006,1.44995,5400000,1200000
2023-12-07 13:29:38.956000,1.45004,1.44995,3600000,3600000
2023-12-07 13:29:39.008000,1.45002,1.44994,3600000,1200000
2023-12-07 13:29:39.111000,1.45001,1.4499,3600000,4500000
2023-12-07 13:29:39.213000,1.44998,1.4499,3600000,1200000
2023-12-07 13:29:39.316000,1.44999,1.4499,5850000,1200000
2023-12-07 13:29:39.672000,1.44996,1.4499,3600000,1200000
2023-12-07 13:29:39.723000,1.44999,1.4499,3600000,1200000
2023-12-07 13:29:39.877000,1.44998,1.4499,3600000,1200000
2023-12-07 13:29:39.979000,1.44999,1.4499,3600000,1200000
2023-12-07 13:29:40.081000,1.45,1.4499,5400000,1200000
2023-12-07 13:29:40.234000,1.45002,1.44993,3600000,3600000
2023-12-07 13:29:40.337000,1.45003,1.44994,3600000,3600000
2023-12-07 13:29:40.795000,1.45002,1.44992,3600000,1200000
2023-12-07 13:29:41.102000,1.45003,1.44994,3600000,3600000
2023-12-07 13:29:41.356000,1.45002,1.44992,3600000,1200000
2023-12-07 13:29:41.458000,1.45003,1.44992,5400000,4500000
2023-12-07 13:29:41.763000,1.45003,1.44994,3600000,3600000
2023-12-07 13:29:42.118000,1.45004,1.44992,7200000,2700000
2023-12-07 13:29:42.169000,1.45002,1.44992,3600000,1200000
2023-12-07 13:29:42.272000,1.45003,1.44994,3600000,3600000
2023-12-07 13:29:42.780000,1.45002,1.44992,3600000,1200000
2023-12-07 13:29:42.831000,1.45003,1.44994,3600000,3600000
2023-12-07 13:29:43.389000,1.45003,1.44992,3600000,1200000
2023-12-07 13:29:43.441000,1.45003,1.44994,3600000,3600000
2023-12-07 13:29:45.109000,1.45002,1.44991,3600000,4500000
2023-12-07 13:29:45.212000,1.45003,1.44991,5400000,4500000
2023-12-07 13:29:45.264000,1.45006,1.4499,4500000,6750000
2023-12-07 13:29:45.366000,1.45005,1.44993,4500000,3600000
2023-12-07 13:29:45.417000,1.45005,1.44991,6300000,4500000
2023-12-07 13:29:45.570000,1.45002,1.44991,3600000,4500000
2023-12-07 13:29:45.877000,1.45002,1.44993,3600000,3600000
2023-12-07 13:29:45.934000,1.45004,1.44991,3600000,1200000
2023-12-07 13:29:46.593000,1.45001,1.44991,1200000,1200000
2023-12-07 13:29:46.696000,1.45001,1.4499,4500000,1200000
2023-12-07 13:29:47.305000,1.45001,1.44989,5400000,3600000
2023-12-07 13:29:47.458000,1.45,1.4499,3600000,3600000
2023-12-07 13:29:50.181000,1.45001,1.44989,2700000,4500000
2023-12-07 13:29:50.484000,1.45001,1.4499,4500000,3600000
2023-12-07 13:29:51.148000,1.44997,1.44991,1200000,1200000
2023-12-07 13:29:51.258000,1.45001,1.4499,3600000,3600000
2023-12-07 13:29:51.361000,1.45002,1.44991,3600000,3600000
2023-12-07 13:29:51.565000,1.45002,1.44992,5400000,1800000
2023-12-07 13:29:51.667000,1.45,1.44991,1800000,3600000
2023-12-07 13:29:51.770000,1.44995,1.44989,5400000,3600000
2023-12-07 13:29:51.872000,1.44993,1.44987,5400000,1200000
2023-12-07 13:29:51.975000,1.4499,1.44986,5400000,1200000
2023-12-07 13:29:52.356000,1.44989,1.44986,3600000,1200000
2023-12-07 13:29:52.408000,1.44993,1.44986,3600000,1200000
2023-12-07 13:29:52.511000,1.44996,1.44986,3600000,1200000
2023-12-07 13:29:52.564000,1.4499,1.44986,3600000,1200000
2023-12-07 13:29:52.666000,1.44995,1.44986,3600000,3600000
2023-12-07 13:29:52.870000,1.44996,1.44985,3600000,1200000
2023-12-07 13:29:52.972000,1.44997,1.44986,3600000,3600000
2023-12-07 13:29:53.176000,1.44996,1.44986,1200000,3600000
2023-12-07 13:29:53.379000,1.44994,1.44984,3600000,1200000
2023-12-07 13:29:53.632000,1.44995,1.44986,1800000,3600000
2023-12-07 13:29:53.683000,1.44996,1.44982,4500000,4500000
2023-12-07 13:29:53.836000,1.44995,1.44983,3600000,1200000
2023-12-07 13:29:54.141000,1.44995,1.44983,3600000,3600000
2023-12-07 13:29:55.353000,1.44995,1.44984,3600000,3600000
2023-12-07 13:29:55.807000,1.44993,1.44984,3600000,3600000
2023-12-07 13:29:55.909000,1.44993,1.44985,3600000,3600000
2023-12-07 13:29:56.062000,1.44994,1.44983,3600000,5400000
2023-12-07 13:29:57.173000,1.44993,1.44983,3600000,3600000
2023-12-07 13:29:57.326000,1.44992,1.44983,3600000,3600000
2023-12-07 13:29:57.831000,1.44994,1.44984,3600000,3600000
2023-12-07 13:29:58.034000,1.44995,1.44983,3600000,1200000
2023-12-07 13:29:58.339000,1.44992,1.44984,3600000,3600000
2023-12-07 13:29:58.491000,1.44995,1.44983,5400000,1200000
2023-12-07 13:29:58.643000,1.44992,1.44983,3600000,3600000
2023-12-07 13:29:58.946000,1.44992,1.44981,3600000,3600000
2023-12-07 13:29:59.048000,1.44991,1.4498,3600000,3600000
2023-12-07 13:29:59.151000,1.44989,1.44982,3600000,3600000
2023-12-07 13:29:59.607000,1.44989,1.44983,3600000,3600000
2023-12-07 13:29:59.659000,1.44991,1.44981,3600000,3600000
2023-12-07 13:30:00.013000,1.44992,1.44979,1800000,1800000
2023-12-07 13:30:00.318000,1.44996,1.44972,1200000,3600000
2023-12-07 13:30:00.369000,1.44994,1.44972,1200000,3600000
2023-12-07 13:30:00.471000,1.44992,1.44971,1200000,3600000
2023-12-07 13:30:00.777000,1.44993,1.44973,3600000,3600000
2023-12-07 13:30:00.879000,1.44993,1.44981,1200000,3600000
2023-12-07 13:30:00.930000,1.44992,1.44977,3600000,1200000
2023-12-07 13:30:00.981000,1.44992,1.44975,3600000,1800000
2023-12-07 13:30:01.084000,1.44992,1.44974,3600000,3600000
2023-12-07 13:30:01.236000,1.44993,1.44973,7200000,3600000
2023-12-07 13:30:01.438000,1.4499,1.44973,1200000,3600000
2023-12-07 13:30:01.541000,1.44976,1.44963,3600000,1800000
2023-12-07 13:30:01.592000,1.44976,1.44954,3600000,3600000
2023-12-07 13:30:01.695000,1.44972,1.44953,3600000,3600000
2023-12-07 13:30:01.797000,1.44963,1.44949,1200000,3600000
2023-12-07 13:30:01.849000,1.44964,1.44946,3600000,1200000
2023-12-07 13:30:01.900000,1.44968,1.44959,3600000,1800000
2023-12-07 13:30:01.952000,1.45041,1.45024,1200000,900000
2023-12-07 13:30:02.010000,1.45032,1.45026,1350000,3600000
2023-12-07 13:30:02.065000,1.45032,1.4502,1350000,1200000
2023-12-07 13:30:02.116000,1.45034,1.45025,3600000,1800000
2023-12-07 13:30:02.167000,1.45034,1.45023,3600000,1800000
2023-12-07 13:30:02.219000,1.45034,1.45026,3600000,1470000
2023-12-07 13:30:02.270000,1.45043,1.45026,1800000,1470000
2023-12-07 13:30:02.373000,1.45043,1.45028,1800000,3600000
2023-12-07 13:30:02.475000,1.45046,1.45031,3600000,1600000
2023-12-07 13:30:02.577000,1.45052,1.45034,1800000,3600000
2023-12-07 13:30:02.729000,1.45053,1.45034,1800000,3600000
2023-12-07 13:30:02.882000,1.45054,1.45034,1800000,3600000
2023-12-07 13:30:03.187000,1.45054,1.45035,5400000,4500000
2023-12-07 13:30:03.238000,1.45051,1.45035,3600000,1200000
2023-12-07 13:30:03.290000,1.45054,1.45035,1800000,4500000
2023-12-07 13:30:03.342000,1.45047,1.45033,1800000,1200000
2023-12-07 13:30:03.444000,1.45043,1.45025,1800000,4500000
2023-12-07 13:30:03.496000,1.45041,1.45025,1200000,4500000
2023-12-07 13:30:03.599000,1.45032,1.4502,1800000,1200000
2023-12-07 13:30:03.650000,1.45031,1.45014,1800000,4500000
2023-12-07 13:30:03.905000,1.45033,1.45015,1800000,3600000
2023-12-07 13:30:04.058000,1.45015,1.45013,1800000,1200000
2023-12-07 13:30:04.109000,1.4502,1.45006,1800000,3600000
2023-12-07 13:30:04.161000,1.45016,1.45006,1800000,1200000
2023-12-07 13:30:04.264000,1.45023,1.45016,1800000,3600000
2023-12-07 13:30:04.316000,1.45025,1.45016,3600000,3600000
2023-12-07 13:30:04.418000,1.45026,1.45015,1800000,3600000
2023-12-07 13:30:04.469000,1.45031,1.45014,1800000,1200000
2023-12-07 13:30:04.521000,1.45034,1.45029,1800000,1600000
2023-12-07 13:30:04.573000,1.45036,1.45023,3600000,12150000
2023-12-07 13:30:04.625000,1.45065,1.45056,1620000,1200000
2023-12-07 13:30:04.728000,1.45076,1.45056,1800000,1200000
2023-12-07 13:30:04.830000,1.45072,1.45056,1200000,1200000
2023-12-07 13:30:04.934000,1.45071,1.45063,3600000,1200000
2023-12-07 13:30:04.985000,1.45077,1.45059,3600000,7650000
2023-12-07 13:30:05.037000,1.45088,1.45076,3600000,9450000
2023-12-07 13:30:05.088000,1.45137,1.45129,1200000,1800000
2023-12-07 13:30:05.140000,1.45159,1.45148,1800000,1800000
2023-12-07 13:30:05.243000,1.45159,1.45149,1200000,1200000
2023-12-07 13:30:05.295000,1.45158,1.45155,3600000,1800000
2023-12-07 13:30:05.347000,1.45183,1.45162,1100000,1200000
2023-12-07 13:30:05.399000,1.45183,1.45168,1100000,1600000
2023-12-07 13:30:05.450000,1.45209,1.45191,2100000,1800000
2023-12-07 13:30:05.503000,1.45215,1.4519,1100000,2100000
2023-12-07 13:30:05.555000,1.45221,1.45218,1800000,1800000
2023-12-07 13:30:05.607000,1.45219,1.45211,1800000,1800000
2023-12-07 13:30:05.659000,1.45212,1.45201,1200000,1800000
2023-12-07 13:30:05.710000,1.45212,1.45208,1200000,1800000
2023-12-07 13:30:05.762000,1.45222,1.45212,1200000,1800000
2023-12-07 13:30:05.865000,1.45218,1.45213,3600000,1800000
2023-12-07 13:30:05.916000,1.45226,1.45211,3600000,3600000
2023-12-07 13:30:05.968000,1.45225,1.45215,3600000,3600000
2023-12-07 13:30:06.071000,1.45228,1.45207,2100000,1800000
2023-12-07 13:30:06.122000,1.45219,1.45207,3600000,1800000
2023-12-07 13:30:06.225000,1.45209,1.45199,1200000,1800000
2023-12-07 13:30:06.339000,1.45198,1.45189,1200000,3600000
2023-12-07 13:30:06.390000,1.45187,1.45182,3600000,1200000
2023-12-07 13:30:06.443000,1.45184,1.45176,3600000,3600000
2023-12-07 13:30:06.494000,1.45187,1.45175,3600000,1800000
2023-12-07 13:30:06.547000,1.45187,1.45175,3600000,1800000
2023-12-07 13:30:06.649000,1.45172,1.45163,3600000,1800000
2023-12-07 13:30:06.701000,1.45173,1.45157,2470000,1800000
2023-12-07 13:30:06.752000,1.45163,1.45156,1800000,3600000
2023-12-07 13:30:06.804000,1.45177,1.45163,4500000,1800000
2023-12-07 13:30:06.907000,1.45177,1.45164,4500000,3600000
2023-12-07 13:30:07.009000,1.45176,1.45163,3600000,1800000
2023-12-07 13:30:07.112000,1.45168,1.45159,3600000,1800000
2023-12-07 13:30:07.215000,1.4515,1.45145,1800000,3600000
2023-12-07 13:30:07.267000,1.45153,1.45145,3600000,1800000
2023-12-07 13:30:07.369000,1.45154,1.45142,3600000,1800000
2023-12-07 13:30:07.421000,1.45157,1.45142,3600000,1800000
2023-12-07 13:30:07.574000,1.45152,1.45141,3600000,1800000
2023-12-07 13:30:07.829000,1.45153,1.45143,1200000,1800000
2023-12-07 13:30:07.932000,1.4516,1.45154,900000,3600000
2023-12-07 13:30:07.984000,1.45174,1.45162,3600000,1800000
2023-12-07 13:30:08.036000,1.45176,1.45162,3600000,1800000
2023-12-07 13:30:08.138000,1.45177,1.45162,1200000,1800000
2023-12-07 13:30:08.241000,1.45178,1.45165,1200000,1800000
2023-12-07 13:30:08.344000,1.45178,1.45169,1200000,1800000
2023-12-07 13:30:08.395000,1.45182,1.4517,3600000,1800000
2023-12-07 13:30:08.599000,1.45182,1.45169,3600000,1800000
2023-12-07 13:30:08.650000,1.45183,1.45172,1200000,1800000
2023-12-07 13:30:08.702000,1.45185,1.45172,1200000,1800000
2023-12-07 13:30:08.804000,1.45176,1.45166,3600000,1800000
2023-12-07 13:30:08.907000,1.45177,1.45165,4500000,1800000
2023-12-07 13:30:09.110000,1.45168,1.45158,3600000,1800000
2023-12-07 13:30:09.162000,1.45174,1.45161,3600000,1800000
2023-12-07 13:30:09.469000,1.45172,1.4516,1200000,1800000
2023-12-07 13:30:09.571000,1.45167,1.45158,1200000,1800000
2023-12-07 13:30:09.623000,1.45157,1.45151,3600000,1200000
2023-12-07 13:30:09.726000,1.45155,1.45144,3600000,2250000
2023-12-07 13:30:09.778000,1.45136,1.45132,1800000,1800000
2023-12-07 13:30:09.829000,1.45139,1.45126,1410000,1800000
2023-12-07 13:30:09.881000,1.45146,1.4513,3600000,1800000
2023-12-07 13:30:10.136000,1.45148,1.45132,3600000,1800000
2023-12-07 13:30:10.239000,1.45149,1.45134,1200000,1800000
2023-12-07 13:30:10.341000,1.45144,1.45129,3600000,1800000
2023-12-07 13:30:10.444000,1.45133,1.45121,3600000,2700000
2023-12-07 13:30:10.495000,1.45145,1.45129,3600000,1800000
2023-12-07 13:30:10.547000,1.45145,1.4513,3600000,1800000
2023-12-07 13:30:10.599000,1.45133,1.4512,1200000,2250000
2023-12-07 13:30:10.651000,1.45123,1.45116,3600000,1800000
2023-12-07 13:30:10.703000,1.45123,1.45113,3600000,1800000
2023-12-07 13:30:10.754000,1.45126,1.45114,4350000,1800000
2023-12-07 13:30:10.806000,1.45116,1.45106,1200000,1800000
2023-12-07 13:30:10.909000,1.45133,1.45115,4500000,3600000
2023-12-07 13:30:11.114000,1.45134,1.45114,4500000,2700000
2023-12-07 13:30:11.165000,1.45127,1.45115,1200000,1800000
2023-12-07 13:30:11.369000,1.45125,1.45115,1200000,1800000
2023-12-07 13:30:11.472000,1.45125,1.45114,1200000,1800000
2023-12-07 13:30:11.574000,1.45131,1.45115,1200000,1800000
2023-12-07 13:30:11.626000,1.45123,1.45111,1200000,1800000
2023-12-07 13:30:11.779000,1.45124,1.45111,3600000,5400000
2023-12-07 13:30:11.882000,1.45116,1.451,1200000,3600000
2023-12-07 13:30:11.934000,1.45111,1.451,3600000,4050000
2023-12-07 13:30:11.985000,1.45134,1.45119,4050000,1800000
2023-12-07 13:30:12.037000,1.45145,1.45138,3600000,1800000
2023-12-07 13:30:12.089000,1.45151,1.45138,3600000,1800000
2023-12-07 13:30:12.141000,1.45155,1.45144,3600000,1800000
2023-12-07 13:30:12.244000,1.45151,1.45141,1200000,1800000
2023-12-07 13:30:12.296000,1.4515,1.45137,4500000,1800000
2023-12-07 13:30:12.399000,1.45148,1.45132,1600000,1800000
2023-12-07 13:30:12.450000,1.45127,1.45124,1200000,3600000
2023-12-07 13:30:12.503000,1.45124,1.45112,1800000,1100000
2023-12-07 13:30:12.606000,1.45134,1.45122,3600000,1200000
2023-12-07 13:30:12.658000,1.4514,1.45121,3600000,4590000
2023-12-07 13:30:12.710000,1.4515,1.45127,5400000,1200000
2023-12-07 13:30:12.762000,1.45145,1.45126,3600000,4500000
2023-12-07 13:30:12.864000,1.45145,1.45125,3600000,3600000
2023-12-07 13:30:12.917000,1.45137,1.4512,1800000,5170000
2023-12-07 13:30:13.019000,1.45134,1.45121,4500000,3600000
2023-12-07 13:30:13.122000,1.45139,1.45122,1800000,3600000
2023-12-07 13:30:13.225000,1.4514,1.45122,3600000,3600000
2023-12-07 13:30:13.327000,1.45138,1.45121,3600000,4500000
2023-12-07 13:30:13.379000,1.45141,1.45123,3600000,4500000
2023-12-07 13:30:13.431000,1.45144,1.45124,3600000,3600000
2023-12-07 13:30:13.533000,1.45144,1.45127,1800000,1800000
2023-12-07 13:30:13.636000,1.45142,1.45125,3600000,3600000
2023-12-07 13:30:13.739000,1.45142,1.45128,3600000,4500000
2023-12-07 13:30:13.791000,1.45144,1.45129,3600000,3600000
2023-12-07 13:30:13.893000,1.45145,1.45128,5400000,3600000
2023-12-07 13:30:13.945000,1.45144,1.45126,5850000,3600000
2023-12-07 13:30:14.048000,1.45138,1.45123,1800000,3600000
2023-12-07 13:30:14.100000,1.4514,1.45124,4500000,3600000
2023-12-07 13:30:14.151000,1.45142,1.45126,3600000,3600000
2023-12-07 13:30:14.254000,1.45137,1.45124,3600000,3600000
2023-12-07 13:30:14.306000,1.45141,1.45124,3600000,3600000
2023-12-07 13:30:14.358000,1.45147,1.45142,1100000,1320000
2023-12-07 13:30:14.461000,1.45157,1.45143,3600000,3600000
2023-12-07 13:30:14.513000,1.45161,1.45153,4500000,3600000
2023-12-07 13:30:14.565000,1.45165,1.45152,3600000,3600000
2023-12-07 13:30:14.768000,1.45162,1.45152,5220000,3600000
2023-12-07 13:30:14.872000,1.45143,1.45138,1320000,3600000
2023-12-07 13:30:14.924000,1.45133,1.45124,3600000,2220000
2023-12-07 13:30:14.976000,1.45133,1.45123,3600000,3600000
2023-12-07 13:30:15.028000,1.45119,1.45113,1220000,2250000
2023-12-07 13:30:15.131000,1.45118,1.45101,4140000,3600000
2023-12-07 13:30:15.234000,1.45116,1.451,3600000,3600000
2023-12-07 13:30:15.337000,1.45117,1.451,1800000,3600000
2023-12-07 13:30:15.542000,1.45119,1.451,4140000,6220000
2023-12-07 13:30:15.645000,1.45119,1.45102,3490000,3600000
2023-12-07 13:30:15.747000,1.45118,1.451,2590000,1600000
2023-12-07 13:30:15.850000,1.45118,1.451,2220000,1600000
2023-12-07 13:30:15.952000,1.4512,1.45099,5220000,2850000
2023-12-07 13:30:16.055000,1.45116,1.45099,1200000,1600000
2023-12-07 13:30:16.158000,1.45116,1.451,5490000,4050000
2023-12-07 13:30:16.261000,1.4511,1.451,3600000,3600000
2023-12-07 13:30:16.312000,1.45113,1.451,2370000,3600000
2023-12-07 13:30:16.364000,1.45108,1.451,1200000,3600000
2023-12-07 13:30:16.490000,1.45121,1.45107,2590000,3600000
2023-12-07 13:30:16.593000,1.45118,1.45107,2590000,3600000
2023-12-07 13:30:16.696000,1.45108,1.45102,1200000,3600000
2023-12-07 13:30:16.749000,1.45092,1.4508,3600000,3600000
2023-12-07 13:30:16.801000,1.45091,1.45078,3600000,4050000
2023-12-07 13:30:16.854000,1.45086,1.45079,2120000,4050000
2023-12-07 13:30:16.905000,1.45076,1.45069,4050000,1100000
2023-12-07 13:30:16.957000,1.45074,1.45063,3720000,1100000
2023-12-07 13:30:17.009000,1.45073,1.45061,3720000,4050000
2023-12-07 13:30:17.113000,1.45073,1.45061,2590000,3600000
2023-12-07 13:30:17.165000,1.45072,1.45057,5590000,3600000
2023-12-07 13:30:17.267000,1.45071,1.45057,1890000,4050000
2023-12-07 13:30:17.319000,1.45073,1.4506,3600000,3600000
2023-12-07 13:30:17.421000,1.45074,1.45057,3600000,4050000
2023-12-07 13:30:17.473000,1.45075,1.45059,4800000,4050000
2023-12-07 13:30:17.576000,1.45074,1.45057,4050000,3870000
2023-12-07 13:30:17.678000,1.45074,1.45063,3600000,3600000
2023-12-07 13:30:17.730000,1.45073,1.45058,4050000,1220000
2023-12-07 13:30:17.833000,1.45074,1.45061,3600000,1220000
2023-12-07 13:30:17.937000,1.45082,1.4507,3600000,2220000
2023-12-07 13:30:17.992000,1.45096,1.45086,2250000,1600000
2023-12-07 13:30:18.098000,1.45096,1.45092,3600000,1200000
2023-12-07 13:30:18.149000,1.45104,1.45098,3600000,3600000
2023-12-07 13:30:18.201000,1.45107,1.45092,3600000,1200000
2023-12-07 13:30:18.303000,1.45109,1.45093,5100000,3600000
2023-12-07 13:30:18.558000,1.45117,1.45105,5470000,1600000
2023-12-07 13:30:18.661000,1.45118,1.4511,2470000,3600000
2023-12-07 13:30:18.713000,1.45112,1.45103,1800000,1220000
2023-12-07 13:30:18.765000,1.45118,1.4511,3600000,3600000
2023-12-07 13:30:18.817000,1.4511,1.45105,1350000,3600000
2023-12-07 13:30:18.869000,1.45113,1.45099,3600000,3720000
2023-12-07 13:30:18.972000,1.45111,1.45101,3600000,3600000
2023-12-07 13:30:19.023000,1.45112,1.45098,3600000,1220000
2023-12-07 13:30:19.126000,1.45114,1.4511,1200000,3600000
2023-12-07 13:30:19.178000,1.45119,1.45105,5400000,5220000
2023-12-07 13:30:19.230000,1.45122,1.45107,1350000,4140000
2023-12-07 13:30:19.282000,1.45125,1.4512,3600000,1800000
2023-12-07 13:30:19.333000,1.45132,1.45127,5850000,1800000
2023-12-07 13:30:19.385000,1.4513,1.45124,5400000,5400000
2023-12-07 13:30:19.437000,1.45134,1.45128,3600000,3600000
2023-12-07 13:30:19.489000,1.45135,1.45126,5400000,3600000
2023-12-07 13:30:19.591000,1.4513,1.45125,1800000,5400000
2023-12-07 13:30:19.796000,1.4513,1.45124,5400000,3600000
2023-12-07 13:30:19.900000,1.45114,1.4511,1200000,1800000
2023-12-07 13:30:20.003000,1.45121,1.4511,1200000,1440000
2023-12-07 13:30:20.410000,1.45123,1.4511,4500000,3870000
2023-12-07 13:30:20.513000,1.45123,1.45113,6300000,3600000
2023-12-07 13:30:20.817000,1.45124,1.45111,1200000,3600000
2023-12-07 13:30:20.919000,1.45125,1.45111,4500000,3600000
2023-12-07 13:30:21.072000,1.45123,1.45115,3600000,1200000
2023-12-07 13:30:21.123000,1.45122,1.45113,1200000,3600000
2023-12-07 13:30:21.175000,1.4512,1.45112,4500000,3600000
2023-12-07 13:30:21.278000,1.45105,1.45099,1200000,3600000
2023-12-07 13:30:21.330000,1.45103,1.45092,3600000,3600000
2023-12-07 13:30:21.382000,1.45104,1.45099,1350000,3600000
2023-12-07 13:30:21.485000,1.45093,1.45088,1240000,4050000
2023-12-07 13:30:21.589000,1.451,1.45093,3600000,1200000
2023-12-07 13:30:21.693000,1.45099,1.45091,3600000,5640000
2023-12-07 13:30:21.796000,1.45099,1.45093,5850000,4180000
2023-12-07 13:30:21.900000,1.45099,1.45088,1800000,4500000
2023-12-07 13:30:21.952000,1.45092,1.45088,1200000,1200000
2023-12-07 13:30:22.004000,1.45089,1.45079,2970000,1100000
2023-12-07 13:30:22.056000,1.45081,1.45071,3600000,3600000
2023-12-07 13:30:22.108000,1.4508,1.4507,3600000,3600000
2023-12-07 13:30:22.211000,1.45081,1.45068,4350000,2220000
2023-12-07 13:30:22.263000,1.45089,1.45081,4500000,1200000
2023-12-07 13:30:22.366000,1.45088,1.45081,3600000,1200000
2023-12-07 13:30:22.469000,1.45089,1.45081,4500000,1200000
2023-12-07 13:30:22.673000,1.45089,1.45082,4500000,3720000
2023-12-07 13:30:22.725000,1.45097,1.4509,1100000,3600000
2023-12-07 13:30:22.826000,1.45101,1.4509,4500000,3600000
2023-12-07 13:30:22.929000,1.45102,1.45094,5100000,1320000
2023-12-07 13:30:23.032000,1.45103,1.45091,1800000,4070000
2023-12-07 13:30:23.135000,1.45101,1.45088,3600000,3600000
2023-12-07 13:30:23.187000,1.45103,1.45089,5490000,1200000
2023-12-07 13:30:23.289000,1.45101,1.45088,10800000,5550000
2023-12-07 13:30:23.493000,1.45103,1.4509,4500000,3690000
2023-12-07 13:30:23.545000,1.45104,1.45098,4950000,1800000
2023-12-07 13:30:23.647000,1.45107,1.45098,1800000,1800000
2023-12-07 13:30:23.750000,1.45106,1.45095,1720000,3600000
2023-12-07 13:30:23.802000,1.45109,1.45098,3600000,2790000
2023-12-07 13:30:23.904000,1.45113,1.45102,5940000,3600000
2023-12-07 13:30:23.956000,1.45111,1.45099,3600000,3600000
2023-12-07 13:30:24.058000,1.45112,1.451,2550000,3600000
2023-12-07 13:30:24.160000,1.45111,1.45099,4590000,3600000
2023-12-07 13:30:24.263000,1.45103,1.45093,5040000,1720000
2023-12-07 13:30:24.315000,1.45103,1.45093,5490000,1200000
2023-12-07 13:30:24.418000,1.45101,1.45093,3600000,1200000
2023-12-07 13:30:24.520000,1.45104,1.45096,1440000,4050000
2023-12-07 13:30:24.623000,1.45102,1.45093,1350000,1200000
2023-12-07 13:30:24.726000,1.45101,1.45091,1200000,3600000
2023-12-07 13:30:24.877000,1.45103,1.45093,3600000,1220000
2023-12-07 13:30:24.929000,1.45107,1.45098,1200000,4950000
2023-12-07 13:30:24.981000,1.45107,1.451,1200000,3600000
2023-12-07 13:30:25.235000,1.45114,1.45099,5590000,3600000
2023-12-07 13:30:25.338000,1.45113,1.451,5590000,3600000
2023-12-07 13:30:25.490000,1.45113,1.45101,5590000,3600000
2023-12-07 13:30:25.541000,1.45111,1.45099,1320000,3600000
2023-12-07 13:30:25.645000,1.45111,1.45099,3720000,3600000
2023-12-07 13:30:25.747000,1.45111,1.45099,4140000,3600000
2023-12-07 13:30:25.849000,1.45111,1.45099,3600000,3600000
2023-12-07 13:30:25.952000,1.45111,1.451,2250000,4500000
2023-12-07 13:30:26.004000,1.45112,1.45102,1600000,3600000
2023-12-07 13:30:26.107000,1.45119,1.45109,1200000,3600000
2023-12-07 13:30:26.159000,1.45121,1.4511,4140000,3600000
2023-12-07 13:30:26.262000,1.45122,1.45111,1350000,3600000
2023-12-07 13:30:26.465000,1.45123,1.45112,1350000,3600000
2023-12-07 13:30:26.720000,1.45123,1.45111,1890000,3600000
2023-12-07 13:30:26.822000,1.45123,1.45111,1840000,3600000
2023-12-07 13:30:27.026000,1.45119,1.45111,2970000,3600000
2023-12-07 13:30:27.078000,1.45113,1.45106,4140000,1200000
2023-12-07 13:30:27.181000,1.45112,1.45102,4590000,3600000
2023-12-07 13:30:27.385000,1.45112,1.45101,6390000,3600000
2023-12-07 13:30:27.487000,1.45111,1.45101,1200000,3600000
2023-12-07 13:30:27.796000,1.45117,1.45108,1100000,5400000
2023-12-07 13:30:27.850000,1.4512,1.45111,5040000,3600000
2023-12-07 13:30:28.054000,1.45117,1.45111,1220000,3600000
2023-12-07 13:30:28.157000,1.45112,1.45102,3600000,3600000
2023-12-07 13:30:28.209000,1.45116,1.4511,3970000,3600000
2023-12-07 13:30:28.261000,1.45124,1.45114,1600000,5850000
2023-12-07 13:30:28.313000,1.45122,1.45112,1220000,3600000
2023-12-07 13:30:28.415000,1.45123,1.45113,1220000,3600000
2023-12-07 13:30:28.518000,1.45121,1.45111,1840000,4050000
2023-12-07 13:30:28.672000,1.45122,1.45111,3300000,3600000
2023-12-07 13:30:28.723000,1.45121,1.45111,1220000,3600000
2023-12-07 13:30:28.826000,1.45119,1.45111,1220000,4050000
2023-12-07 13:30:28.878000,1.4512,1.4511,5970000,3600000
2023-12-07 13:30:29.031000,1.4512,1.45111,1720000,3600000
2023-12-07 13:30:29.083000,1.45122,1.45112,4720000,3600000
2023-12-07 13:30:29.135000,1.45116,1.45113,1200000,3600000
2023-12-07 13:30:29.188000,1.45109,1.45099,1200000,5400000
2023-12-07 13:30:29.291000,1.45108,1.451,5040000,3600000
2023-12-07 13:30:29.342000,1.45108,1.45098,3600000,1200000
2023-12-07 13:30:29.445000,1.45109,1.45099,5100000,3600000
2023-12-07 13:30:29.548000,1.45109,1.45099,3600000,3600000
2023-12-07 13:30:29.651000,1.45108,1.451,3600000,3600000
2023-12-07 13:30:29.703000,1.4511,1.45099,3600000,3600000
2023-12-07 13:30:29.755000,1.4511,1.45101,3600000,1200000
2023-12-07 13:30:29.858000,1.45122,1.4511,4800000,1800000
2023-12-07 13:30:29.910000,1.45121,1.45111,4500000,4050000
2023-12-07 13:30:30.167000,1.45124,1.45114,1200000,1200000
2023-12-07 13:30:30.321000,1.45125,1.45115,3600000,3600000
2023-12-07 13:30:30.424000,1.4513,1.45121,1350000,5400000
2023-12-07 13:30:30.475000,1.45133,1.45121,1200000,5400000
2023-12-07 13:30:30.679000,1.45133,1.45122,4500000,3600000
2023-12-07 13:30:30.933000,1.45126,1.45119,3720000,3970000
2023-12-07 13:30:30.985000,1.4512,1.45113,1200000,1200000
2023-12-07 13:30:31.037000,1.45123,1.45113,8550000,1200000
2023-12-07 13:30:31.088000,1.45114,1.45108,2340000,3600000
2023-12-07 13:30:31.140000,1.45113,1.45104,6840000,1100000
2023-12-07 13:30:31.192000,1.45112,1.45102,1200000,3600000
2023-12-07 13:30:31.295000,1.45111,1.45102,1200000,3600000
2023-12-07 13:30:31.397000,1.45109,1.45101,1200000,3600000
2023-12-07 13:30:31.502000,1.4511,1.45101,1200000,4500000
2023-12-07 13:30:31.554000,1.45114,1.45103,4350000,1200000
2023-12-07 13:30:31.606000,1.45112,1.45107,3600000,1200000
2023-12-07 13:30:31.659000,1.45114,1.45108,5490000,3600000
2023-12-07 13:30:32.269000,1.45115,1.45112,1200000,1200000
2023-12-07 13:30:32.320000,1.45122,1.45112,4500000,4500000
2023-12-07 13:30:32.625000,1.45122,1.45113,3600000,1200000
2023-12-07 13:30:32.777000,1.45122,1.45112,3600000,4500000
2023-12-07 13:30:33.384000,1.45122,1.45113,3600000,1200000
2023-12-07 13:30:33.436000,1.45124,1.45114,3600000,1200000
2023-12-07 13:30:33.539000,1.45124,1.45113,5400000,1200000
2023-12-07 13:30:33.692000,1.45123,1.4512,3600000,3900000
2023-12-07 13:30:33.744000,1.45143,1.45137,1350000,2250000
2023-12-07 13:30:33.796000,1.45143,1.45139,1350000,4140000
2023-12-07 13:30:33.848000,1.45155,1.45141,2170000,3600000
2023-12-07 13:30:34.053000,1.45154,1.45143,3600000,2970000
2023-12-07 13:30:34.157000,1.45162,1.4515,3600000,2970000
2023-12-07 13:30:34.208000,1.45161,1.45153,2220000,3600000
2023-12-07 13:30:34.312000,1.45157,1.45146,3690000,4050000
2023-12-07 13:30:34.414000,1.45155,1.45145,3600000,5940000
2023-12-07 13:30:34.517000,1.45156,1.45146,3600000,4500000
2023-12-07 13:30:34.620000,1.45155,1.45143,4500000,5100000
2023-12-07 13:30:34.672000,1.45155,1.45143,5940000,4050000
2023-12-07 13:30:34.724000,1.45156,1.45144,3600000,3600000
2023-12-07 13:30:34.877000,1.45156,1.45146,7290000,3600000
2023-12-07 13:30:35.030000,1.45156,1.45144,3600000,3600000
2023-12-07 13:30:35.133000,1.45142,1.45137,1800000,1100000
2023-12-07 13:30:35.185000,1.45143,1.45137,1200000,3600000
2023-12-07 13:30:35.237000,1.45142,1.45132,3600000,1350000
2023-12-07 13:30:35.288000,1.45146,1.45132,6840000,1350000
2023-12-07 13:30:35.441000,1.45144,1.45134,3600000,3600000
2023-12-07 13:30:35.696000,1.45141,1.45131,5400000,3600000
2023-12-07 13:30:35.748000,1.45142,1.4513,1200000,4500000
2023-12-07 13:30:35.799000,1.45144,1.4513,2700000,5940000
2023-12-07 13:30:35.902000,1.45141,1.45131,1200000,3600000
2023-12-07 13:30:35.954000,1.45141,1.45129,6750000,4950000
2023-12-07 13:30:36.208000,1.4514,1.45129,3600000,4950000
2023-12-07 13:30:36.310000,1.45141,1.45129,3600000,1200000
2023-12-07 13:30:36.512000,1.45138,1.45128,1200000,1600000
2023-12-07 13:30:36.615000,1.4514,1.4513,4500000,3600000
2023-12-07 13:30:36.718000,1.45144,1.45132,1600000,4140000
2023-12-07 13:30:36.770000,1.45145,1.45132,5940000,4590000
2023-12-07 13:30:36.872000,1.45144,1.45132,1200000,5490000
2023-12-07 13:30:36.974000,1.45145,1.45133,4500000,3600000
2023-12-07 13:30:37.227000,1.45146,1.45136,4350000,3600000
2023-12-07 13:30:37.330000,1.45142,1.45132,5400000,3600000
2023-12-07 13:30:37.382000,1.45141,1.45132,1200000,4500000
2023-12-07 13:30:37.484000,1.45144,1.45132,4950000,5040000
2023-12-07 13:30:37.739000,1.45147,1.45137,3600000,5040000
2023-12-07 13:30:37.790000,1.45147,1.45137,3600000,5040000
2023-12-07 13:30:37.892000,1.45151,1.45137,3600000,1240000
2023-12-07 13:30:37.995000,1.4515,1.45138,3600000,1620000
2023-12-07 13:30:38.249000,1.45151,1.45138,3600000,4840000
2023-12-07 13:30:38.451000,1.45151,1.45138,3600000,5490000
2023-12-07 13:30:38.553000,1.45151,1.45142,5400000,3600000
2023-12-07 13:30:38.960000,1.45143,1.45136,4500000,1100000
2023-12-07 13:30:39.011000,1.45143,1.45131,5400000,3690000
2023-12-07 13:30:39.064000,1.45141,1.4513,4500000,4050000
2023-12-07 13:30:39.166000,1.4514,1.45129,3600000,4140000
2023-12-07 13:30:39.269000,1.45134,1.45123,3600000,4800000
2023-12-07 13:30:39.321000,1.45134,1.45123,3600000,5040000
2023-12-07 13:30:39.472000,1.45134,1.45124,3600000,1200000
2023-12-07 13:30:39.726000,1.45135,1.45131,1200000,1200000
2023-12-07 13:30:39.829000,1.4514,1.4513,1890000,3600000
2023-12-07 13:30:39.881000,1.45136,1.45124,5400000,1600000
2023-12-07 13:30:39.933000,1.45135,1.45123,1200000,1200000
2023-12-07 13:30:40.252000,1.45134,1.45125,1200000,1200000
2023-12-07 13:30:40.557000,1.45134,1.45124,1200000,4500000
2023-12-07 13:30:40.862000,1.45137,1.45126,1200000,4500000
2023-12-07 13:30:40.965000,1.45138,1.45128,1800000,1720000
2023-12-07 13:30:41.068000,1.45144,1.45135,1800000,3600000
2023-12-07 13:30:41.170000,1.45144,1.45134,1800000,4500000
2023-12-07 13:30:41.323000,1.45144,1.45135,5400000,3600000
2023-12-07 13:30:42.083000,1.45144,1.45136,4500000,1200000
2023-12-07 13:30:42.186000,1.45144,1.45135,1200000,4500000
2023-12-07 13:30:42.592000,1.45144,1.45136,1200000,3600000
2023-12-07 13:30:43.201000,1.45144,1.45135,1200000,4500000
2023-12-07 13:30:43.709000,1.45145,1.45135,4500000,4500000
2023-12-07 13:30:44.012000,1.45145,1.45137,1200000,3600000
2023-12-07 13:30:44.063000,1.45145,1.45135,4500000,4500000
2023-12-07 13:30:44.369000,1.45146,1.45135,1200000,3600000
2023-12-07 13:30:44.926000,1.45147,1.45135,7650000,4500000
2023-12-07 13:30:45.079000,1.45145,1.45136,1200000,3600000
2023-12-07 13:30:45.437000,1.45145,1.45137,1200000,3600000
2023-12-07 13:30:45.892000,1.45147,1.4514,1200000,5220000
2023-12-07 13:30:45.944000,1.45157,1.45147,1890000,3600000
2023-12-07 13:30:45.996000,1.45156,1.45146,8190000,3600000
2023-12-07 13:30:46.098000,1.45157,1.45154,1350000,1200000
2023-12-07 13:30:46.201000,1.45164,1.45155,1200000,1200000
2023-12-07 13:30:46.252000,1.45164,1.45157,1200000,3600000
2023-12-07 13:30:46.355000,1.45164,1.45156,4500000,1200000
2023-12-07 13:30:46.458000,1.45164,1.45155,1200000,1200000
2023-12-07 13:30:46.662000,1.45166,1.45155,5220000,1200000
2023-12-07 13:30:46.766000,1.45166,1.45157,4240000,1200000
2023-12-07 13:30:46.872000,1.45167,1.45156,3690000,4500000
2023-12-07 13:30:46.975000,1.45166,1.45156,4470000,1200000
2023-12-07 13:30:47.129000,1.45166,1.45157,3600000,1200000
2023-12-07 13:30:47.333000,1.45167,1.45166,1200000,1200000
2023-12-07 13:30:47.385000,1.45176,1.45166,7740000,1200000
2023-12-07 13:30:47.539000,1.45176,1.45167,5040000,1200000
2023-12-07 13:30:47.845000,1.45175,1.45165,5220000,1200000
2023-12-07 13:30:47.949000,1.45163,1.45154,1200000,4350000
2023-12-07 13:30:48.001000,1.45165,1.45157,1220000,1200000
2023-12-07 13:30:48.052000,1.45167,1.45157,5220000,1200000
2023-12-07 13:30:48.104000,1.45165,1.45155,3600000,1200000
2023-12-07 13:30:48.257000,1.45167,1.45156,5970000,1200000
2023-12-07 13:30:49.069000,1.45169,1.45161,2470000,2700000
2023-12-07 13:30:49.121000,1.4517,1.4516,3600000,4500000
2023-12-07 13:30:49.275000,1.45172,1.4516,5040000,3600000
2023-12-07 13:30:49.378000,1.45171,1.4516,6840000,1200000
2023-12-07 13:30:49.481000,1.4517,1.4516,6390000,1200000
2023-12-07 13:30:49.583000,1.4517,1.45158,5400000,4500000
2023-12-07 13:30:49.686000,1.45171,1.45163,5400000,3600000
2023-12-07 13:30:49.738000,1.45169,1.45159,3600000,1350000
2023-12-07 13:30:49.840000,1.45169,1.45158,3600000,4500000
2023-12-07 13:30:49.943000,1.4516,1.45153,1800000,1100000
2023-12-07 13:30:49.996000,1.45155,1.45148,5940000,1800000
2023-12-07 13:30:50.047000,1.45151,1.45148,1440000,1800000
2023-12-07 13:30:50.099000,1.45151,1.45144,3600000,1800000
2023-12-07 13:30:50.202000,1.45151,1.45142,3600000,1200000
2023-12-07 13:30:50.304000,1.45152,1.45139,3600000,4500000
2023-12-07 13:30:50.609000,1.45145,1.45134,4500000,1200000
2023-12-07 13:30:50.966000,1.45145,1.45136,4050000,1200000
2023-12-07 13:30:51.068000,1.45146,1.45135,3240000,1200000
2023-12-07 13:30:51.172000,1.45136,1.45129,1440000,3600000
2023-12-07 13:30:51.224000,1.45133,1.45124,1440000,6300000
2023-12-07 13:30:51.276000,1.45127,1.45122,3600000,1800000
2023-12-07 13:30:51.335000,1.45131,1.45122,3600000,1200000
2023-12-07 13:30:51.441000,1.45131,1.45123,4140000,1200000
2023-12-07 13:30:51.493000,1.45131,1.45121,4500000,4500000
2023-12-07 13:30:51.545000,1.45132,1.45124,3720000,1200000
2023-12-07 13:30:51.647000,1.45132,1.45124,4140000,1200000
2023-12-07 13:30:51.851000,1.4513,1.45121,3490000,1350000
2023-12-07 13:30:51.954000,1.45131,1.45123,3600000,1200000
2023-12-07 13:30:52.057000,1.45132,1.45122,5940000,4500000
2023-12-07 13:30:52.160000,1.45134,1.45128,3600000,4050000
2023-12-07 13:30:52.263000,1.45134,1.45124,1840000,1200000
2023-12-07 13:30:52.366000,1.45133,1.45123,2590000,5400000
2023-12-07 13:30:52.469000,1.45132,1.45123,1840000,3600000
2023-12-07 13:30:52.520000,1.4513,1.4512,3600000,3600000
2023-12-07 13:30:52.623000,1.45131,1.45121,5550000,3600000
2023-12-07 13:30:52.675000,1.45129,1.45119,5040000,5400000
2023-12-07 13:30:52.726000,1.45131,1.45121,5040000,3600000
2023-12-07 13:30:52.830000,1.45128,1.45119,1890000,4050000
2023-12-07 13:30:52.932000,1.45132,1.45122,7090000,3600000
2023-12-07 13:30:53.239000,1.45129,1.45121,1440000,3600000
2023-12-07 13:30:53.342000,1.45124,1.45114,4350000,3720000
2023-12-07 13:30:53.445000,1.45125,1.45116,1440000,3600000
2023-12-07 13:30:53.497000,1.45123,1.45113,4140000,3600000
2023-12-07 13:30:53.621000,1.45125,1.45116,1350000,3600000
2023-12-07 13:30:53.673000,1.45126,1.45114,5100000,4140000
2023-12-07 13:30:53.779000,1.45121,1.45111,4590000,3690000
2023-12-07 13:30:53.881000,1.45121,1.45112,1320000,3600000
2023-12-07 13:30:53.985000,1.45114,1.45108,1200000,4500000
2023-12-07 13:30:54.088000,1.45122,1.45113,1350000,4500000
2023-12-07 13:30:54.190000,1.45124,1.45114,4470000,4500000
2023-12-07 13:30:54.293000,1.45124,1.45118,1200000,3600000
2023-12-07 13:30:54.396000,1.45119,1.4511,4140000,3600000
2023-12-07 13:30:54.448000,1.45122,1.45112,3600000,3600000
2023-12-07 13:30:54.550000,1.45118,1.45109,1320000,3600000
2023-12-07 13:30:54.653000,1.4512,1.45109,4620000,4500000
2023-12-07 13:30:54.958000,1.45118,1.45109,1320000,3600000
2023-12-07 13:30:55.060000,1.45118,1.45108,4140000,4500000
2023-12-07 13:30:55.162000,1.45118,1.45109,4140000,3600000
2023-12-07 13:30:55.264000,1.45118,1.4511,3600000,3600000
2023-12-07 13:30:55.569000,1.45119,1.45109,4140000,3600000
2023-12-07 13:30:56.023000,1.4512,1.45109,4050000,4500000
2023-12-07 13:30:56.126000,1.4512,1.45111,1200000,3600000
2023-12-07 13:30:56.229000,1.45121,1.45111,6750000,1200000
2023-12-07 13:30:56.432000,1.45121,1.45112,4950000,1200000
2023-12-07 13:30:56.537000,1.45118,1.45114,1800000,3600000
2023-12-07 13:30:56.589000,1.45114,1.45107,1200000,1200000
2023-12-07 13:30:56.641000,1.45115,1.45111,1200000,3600000
2023-12-07 13:30:56.692000,1.45123,1.45114,4500000,1200000
2023-12-07 13:30:56.744000,1.45121,1.4511,1200000,4950000
2023-12-07 13:30:56.847000,1.45115,1.45108,1200000,3600000
2023-12-07 13:30:56.899000,1.45102,1.451,1200000,3750000
2023-12-07 13:30:57.002000,1.45098,1.45095,2250000,1800000
2023-12-07 13:30:57.054000,1.45095,1.45091,1800000,1200000
2023-12-07 13:30:57.106000,1.45096,1.45093,6300000,2250000
2023-12-07 13:30:57.209000,1.45095,1.45091,5400000,1200000
2023-12-07 13:30:57.312000,1.45098,1.45091,4350000,1200000
2023-12-07 13:30:57.415000,1.45093,1.45088,3600000,1200000
2023-12-07 13:30:57.518000,1.45092,1.45088,3600000,1200000
2023-12-07 13:30:57.621000,1.45092,1.45088,4050000,1200000
2023-12-07 13:30:57.723000,1.45085,1.45079,3600000,1600000
2023-12-07 13:30:57.826000,1.45083,1.45079,4500000,1350000
2023-12-07 13:30:57.929000,1.45083,1.4508,1350000,3600000
2023-12-07 13:30:58.032000,1.45085,1.45077,1200000,3600000
2023-12-07 13:30:58.084000,1.45083,1.45077,6750000,3600000
2023-12-07 13:30:58.237000,1.45083,1.45073,8550000,4350000
2023-12-07 13:30:58.289000,1.45083,1.45072,3600000,1200000
2023-12-07 13:30:58.392000,1.45085,1.45076,1100000,3600000
2023-12-07 13:30:58.444000,1.45083,1.45074,3600000,1200000
2023-12-07 13:30:58.598000,1.45083,1.45075,3600000,3600000
2023-12-07 13:30:58.650000,1.45089,1.4508,1100000,3690000
2023-12-07 13:30:58.702000,1.45093,1.45083,6600000,3600000
2023-12-07 13:30:58.754000,1.45096,1.45086,5850000,3600000
2023-12-07 13:30:58.806000,1.45097,1.45089,4950000,3600000
2023-12-07 13:30:58.857000,1.45097,1.45093,1350000,3600000
2023-12-07 13:30:58.909000,1.45104,1.45092,4350000,3600000
2023-12-07 13:30:59.012000,1.45104,1.45095,3600000,1200000
2023-12-07 13:30:59.114000,1.45107,1.45094,3600000,4500000
2023-12-07 13:30:59.217000,1.45108,1.45097,1200000,3600000
2023-12-07 13:30:59.269000,1.45106,1.45095,4500000,3600000
2023-12-07 13:30:59.371000,1.45102,1.45093,3600000,3600000
2023-12-07 13:30:59.474000,1.45103,1.45094,4350000,3600000
2023-12-07 13:30:59.626000,1.45104,1.45093,3600000,3600000
2023-12-07 13:30:59.729000,1.45097,1.45095,2250000,3600000
2023-12-07 13:30:59.782000,1.45097,1.45089,3600000,1800000
2023-12-07 13:30:59.834000,1.45096,1.45085,3600000,4500000
2023-12-07 13:30:59.937000,1.45096,1.45085,4950000,4500000
2023-12-07 13:31:00.039000,1.45097,1.45084,4350000,4500000
2023-12-07 13:31:00.091000,1.45094,1.45084,1800000,3600000
2023-12-07 13:31:00.143000,1.45093,1.45081,6220000,6300000
2023-12-07 13:31:00.195000,1.45096,1.45086,2100000,3600000
2023-12-07 13:31:00.247000,1.45093,1.45083,3600000,3600000
2023-12-07 13:31:00.299000,1.45092,1.4508,5100000,6300000
2023-12-07 13:31:00.401000,1.45092,1.4508,5850000,5400000
2023-12-07 13:31:00.453000,1.45088,1.45079,3600000,4500000
2023-12-07 13:31:00.556000,1.45089,1.45078,4350000,1200000
2023-12-07 13:31:00.659000,1.45086,1.45078,3600000,1200000
2023-12-07 13:31:00.761000,1.45086,1.45078,3600000,1200000
2023-12-07 13:31:01.016000,1.45082,1.45077,4950000,1200000
2023-12-07 13:31:01.069000,1.45081,1.45074,2250000,1200000
2023-12-07 13:31:01.121000,1.45082,1.45079,2700000,1200000
2023-12-07 13:31:01.224000,1.45092,1.45078,4050000,6300000
2023-12-07 13:31:01.429000,1.4509,1.45079,4590000,1200000
2023-12-07 13:31:01.481000,1.4508,1.45077,1200000,3600000
2023-12-07 13:31:01.584000,1.45081,1.45076,1960000,1200000
2023-12-07 13:31:01.686000,1.45081,1.45076,1350000,1200000
2023-12-07 13:31:01.789000,1.4508,1.45076,4500000,1200000
2023-12-07 13:31:01.841000,1.45076,1.45071,1240000,1800000
2023-12-07 13:31:01.945000,1.45071,1.45064,3600000,3600000
2023-12-07 13:31:02.047000,1.45071,1.45064,3600000,4500000
2023-12-07 13:31:03.060000,1.45064,1.4506,3600000,1200000
2023-12-07 13:31:03.111000,1.45066,1.4506,1200000,1200000
2023-12-07 13:31:03.164000,1.45069,1.45057,1600000,4500000
2023-12-07 13:31:03.266000,1.45068,1.45058,1200000,4500000
2023-12-07 13:31:03.318000,1.4507,1.4506,5850000,4140000
2023-12-07 13:31:03.421000,1.45072,1.45065,3600000,3600000
2023-12-07 13:31:03.525000,1.45076,1.45066,4050000,3600000
2023-12-07 13:31:03.627000,1.45073,1.45064,1200000,3600000
2023-12-07 13:31:03.730000,1.4507,1.45059,4950000,4500000
2023-12-07 13:31:03.832000,1.4507,1.4506,4050000,3600000
2023-12-07 13:31:03.985000,1.45071,1.45061,5550000,3600000
2023-12-07 13:31:04.087000,1.4507,1.45062,3600000,1800000
2023-12-07 13:31:04.190000,1.45068,1.4506,4500000,1800000
2023-12-07 13:31:04.293000,1.45067,1.45059,2100000,1200000
2023-12-07 13:31:04.396000,1.4507,1.45062,5100000,1800000
2023-12-07 13:31:04.447000,1.4507,1.45062,5850000,1800000
2023-12-07 13:31:04.702000,1.4507,1.45061,4950000,1800000
2023-12-07 13:31:05.260000,1.45071,1.45063,1600000,1800000
2023-12-07 13:31:05.517000,1.4507,1.4506,6390000,1800000
2023-12-07 13:31:05.771000,1.4507,1.45061,5850000,1800000
2023-12-07 13:31:06.380000,1.4507,1.45062,5850000,1800000
2023-12-07 13:31:07.037000,1.45069,1.45062,1200000,1800000
2023-12-07 13:31:07.140000,1.4507,1.45062,4950000,1800000
2023-12-07 13:31:07.243000,1.4507,1.45063,4050000,2220000
2023-12-07 13:31:07.296000,1.45076,1.45072,3600000,3600000
2023-12-07 13:31:07.399000,1.45082,1.45074,4350000,1800000
2023-12-07 13:31:07.502000,1.45082,1.45074,4950000,1800000
2023-12-07 13:31:07.706000,1.45085,1.45081,1200000,1800000
2023-12-07 13:31:07.758000,1.45091,1.45082,4500000,1800000
2023-12-07 13:31:07.861000,1.45093,1.45085,3600000,1800000
2023-12-07 13:31:07.913000,1.45094,1.45085,4050000,5400000
2023-12-07 13:31:07.965000,1.45092,1.45085,3600000,1800000
2023-12-07 13:31:08.221000,1.45101,1.45093,1600000,1800000
2023-12-07 13:31:08.324000,1.45105,1.45098,3970000,1200000
2023-12-07 13:31:08.375000,1.45111,1.45102,4500000,1800000
2023-12-07 13:31:08.427000,1.45109,1.45102,1800000,1800000
2023-12-07 13:31:08.530000,1.45113,1.45104,3600000,1800000
2023-12-07 13:31:08.633000,1.45114,1.45102,4050000,6300000
2023-12-07 13:31:08.735000,1.45113,1.45103,3600000,6300000
2023-12-07 13:31:08.939000,1.45113,1.45105,3600000,1800000
2023-12-07 13:31:09.041000,1.45113,1.45105,4050000,1800000
2023-12-07 13:31:09.447000,1.45113,1.45105,3600000,1800000
2023-12-07 13:31:09.549000,1.45114,1.45106,3600000,1800000
2023-12-07 13:31:09.753000,1.45114,1.45106,3600000,1800000
2023-12-07 13:31:09.805000,1.4511,1.45103,4050000,1800000
2023-12-07 13:31:09.958000,1.45112,1.45103,4950000,1800000
2023-12-07 13:31:10.162000,1.45112,1.45104,4500000,1800000
2023-12-07 13:31:10.417000,1.45114,1.45108,4050000,1800000
2023-12-07 13:31:10.468000,1.45112,1.45105,1200000,2030000
2023-12-07 13:31:10.571000,1.45112,1.45105,1600000,1800000
2023-12-07 13:31:10.622000,1.45111,1.45102,4350000,1800000
2023-12-07 13:31:10.725000,1.4511,1.45103,4350000,1800000
2023-12-07 13:31:10.929000,1.4511,1.45102,4350000,1800000
2023-12-07 13:31:11.032000,1.45112,1.45104,4950000,1800000
2023-12-07 13:31:11.083000,1.45111,1.45102,3600000,2250000
2023-12-07 13:31:11.188000,1.45109,1.45099,1600000,6300000
2023-12-07 13:31:11.240000,1.4511,1.45102,1200000,1800000
2023-12-07 13:31:11.444000,1.45113,1.45102,3600000,2700000
2023-12-07 13:31:11.546000,1.45114,1.45105,4500000,1800000
2023-12-07 13:31:11.750000,1.45113,1.45104,1200000,1800000
2023-12-07 13:31:11.852000,1.45112,1.45103,3600000,1800000
2023-12-07 13:31:11.955000,1.45113,1.45106,1200000,1800000
2023-12-07 13:31:14.079000,1.45113,1.45106,1720000,2250000
2023-12-07 13:31:14.181000,1.45113,1.45105,1720000,1800000
2023-12-07 13:31:14.284000,1.45118,1.45116,1170000,1200000
2023-12-07 13:31:14.386000,1.45125,1.45117,1100000,2250000
2023-12-07 13:31:14.438000,1.45123,1.45115,1200000,1800000
2023-12-07 13:31:14.490000,1.4512,1.45112,3600000,1200000
2023-12-07 13:31:14.592000,1.45123,1.45114,1350000,1800000
2023-12-07 13:31:14.795000,1.45122,1.45113,3600000,2700000
2023-12-07 13:31:14.947000,1.45122,1.45113,3600000,1800000
2023-12-07 13:31:15.050000,1.45126,1.45119,4050000,1200000
2023-12-07 13:31:15.103000,1.45136,1.45129,4050000,2700000
2023-12-07 13:31:15.206000,1.45136,1.45131,1200000,1800000
2023-12-07 13:31:15.308000,1.45137,1.45133,1200000,1800000
2023-12-07 13:31:15.410000,1.45138,1.45132,1200000,1800000
2023-12-07 13:31:15.462000,1.45146,1.45132,5100000,1800000
2023-12-07 13:31:15.564000,1.45145,1.45135,5100000,1800000
2023-12-07 13:31:15.869000,1.45145,1.45138,1600000,1800000
2023-12-07 13:31:16.073000,1.45146,1.45138,5850000,1800000
2023-12-07 13:31:16.276000,1.45146,1.45137,4350000,1800000
2023-12-07 13:31:16.328000,1.45147,1.45138,1600000,1800000
2023-12-07 13:31:16.431000,1.45151,1.45146,3600000,2700000
2023-12-07 13:31:16.483000,1.45156,1.45144,4350000,2700000
2023-12-07 13:31:16.586000,1.45157,1.45148,1100000,3600000
2023-12-07 13:31:16.690000,1.45159,1.45156,1100000,1800000
2023-12-07 13:31:16.742000,1.45164,1.45155,1220000,1800000
2023-12-07 13:31:16.793000,1.45155,1.45148,3600000,1800000
2023-12-07 13:31:16.896000,1.45155,1.45146,3600000,2250000
2023-12-07 13:31:17.150000,1.45153,1.45143,1840000,3600000
2023-12-07 13:31:17.253000,1.45154,1.45146,4820000,2250000
2023-12-07 13:31:17.355000,1.45153,1.45145,1600000,1800000
2023-12-07 13:31:17.407000,1.45148,1.45139,1440000,1800000
2023-12-07 13:31:17.458000,1.45146,1.45137,3600000,2100000
2023-12-07 13:31:17.561000,1.45146,1.4514,2550000,1800000
2023-12-07 13:31:17.613000,1.45144,1.45137,4050000,1800000
2023-12-07 13:31:17.716000,1.45145,1.45137,4500000,1800000
2023-12-07 13:31:17.869000,1.45145,1.45137,4050000,2120000
2023-12-07 13:31:17.972000,1.45155,1.45148,2340000,2250000
2023-12-07 13:31:18.074000,1.45155,1.45146,5550000,2250000
2023-12-07 13:31:18.176000,1.45155,1.45147,2550000,3600000
2023-12-07 13:31:18.228000,1.45153,1.45145,5400000,1800000
2023-12-07 13:31:18.584000,1.45152,1.45144,3600000,1800000
2023-12-07 13:31:18.738000,1.45153,1.45145,5850000,1800000
2023-12-07 13:31:18.840000,1.45155,1.45147,4800000,2250000
2023-12-07 13:31:18.942000,1.45155,1.45147,4350000,2250000
2023-12-07 13:31:19.147000,1.45156,1.45148,1200000,1800000
2023-12-07 13:31:19.250000,1.45157,1.4515,1700000,2250000
2023-12-07 13:31:19.301000,1.45159,1.4515,5490000,2250000
2023-12-07 13:31:19.404000,1.45158,1.45149,1320000,2250000
2023-12-07 13:31:19.507000,1.45157,1.45149,1320000,1800000
2023-12-07 13:31:20.522000,1.4516,1.45152,3600000,1800000
2023-12-07 13:31:20.625000,1.45162,1.45154,1600000,5400000
2023-12-07 13:31:20.778000,1.45166,1.45158,4050000,1800000
2023-12-07 13:31:20.830000,1.45166,1.45158,1800000,1800000
2023-12-07 13:31:20.984000,1.45164,1.45157,1200000,1800000
2023-12-07 13:31:21.238000,1.45155,1.45149,3600000,4050000
2023-12-07 13:31:21.341000,1.45156,1.45147,4050000,2700000
2023-12-07 13:31:21.444000,1.45156,1.45148,4050000,1800000
2023-12-07 13:31:21.546000,1.45156,1.45148,4590000,1800000
2023-12-07 13:31:21.649000,1.4516,1.45151,4950000,2250000
2023-12-07 13:31:21.701000,1.45163,1.45153,5950000,2250000
2023-12-07 13:31:22.057000,1.45155,1.45147,4140000,2700000
2023-12-07 13:31:22.160000,1.45156,1.45148,3600000,2250000
2023-12-07 13:31:22.212000,1.45166,1.45158,3720000,1800000
2023-12-07 13:31:22.314000,1.45164,1.45158,1200000,1800000
2023-12-07 13:31:22.467000,1.45166,1.45158,4800000,1800000
2023-12-07 13:31:22.569000,1.45165,1.45156,1320000,1800000
2023-12-07 13:31:22.722000,1.45166,1.45156,4350000,1990000
2023-12-07 13:31:22.774000,1.4517,1.45163,2470000,1800000
2023-12-07 13:31:22.826000,1.45168,1.45161,3600000,1200000
2023-12-07 13:31:22.878000,1.45167,1.45158,1440000,5400000
2023-12-07 13:31:22.929000,1.45168,1.4516,5590000,1800000
2023-12-07 13:31:23.032000,1.45167,1.45158,4840000,1800000
2023-12-07 13:31:23.084000,1.45167,1.4516,1200000,1800000
2023-12-07 13:31:23.187000,1.45171,1.45164,3600000,1800000
2023-12-07 13:31:23.341000,1.45171,1.45163,1800000,1800000
2023-12-07 13:31:23.393000,1.45168,1.45161,4500000,1200000
2023-12-07 13:31:23.444000,1.45171,1.45162,5850000,1800000
2023-12-07 13:31:23.547000,1.45171,1.45162,5100000,1800000
2023-12-07 13:31:24.156000,1.4517,1.45162,1220000,1800000
2023-12-07 13:31:24.208000,1.45167,1.45162,1200000,1800000
2023-12-07 13:31:24.311000,1.45167,1.4516,5040000,1200000
2023-12-07 13:31:24.413000,1.45167,1.4516,4050000,1200000
2023-12-07 13:31:24.515000,1.45168,1.45159,4590000,1200000
2023-12-07 13:31:24.717000,1.45167,1.45159,4590000,1800000
2023-12-07 13:31:25.121000,1.45159,1.45156,2590000,1800000
2023-12-07 13:31:25.173000,1.4516,1.45154,1350000,1350000
2023-12-07 13:31:25.276000,1.45161,1.45154,3600000,1200000
2023-12-07 13:31:25.378000,1.45163,1.45153,1200000,1800000
2023-12-07 13:31:25.481000,1.45164,1.45154,4090000,1800000
2023-12-07 13:31:25.583000,1.45164,1.45155,1800000,1200000
2023-12-07 13:31:25.636000,1.45165,1.45157,1200000,2700000
2023-12-07 13:31:25.738000,1.45166,1.45158,1320000,1800000
2023-12-07 13:31:26.094000,1.45167,1.45162,1100000,1800000
2023-12-07 13:31:26.146000,1.45174,1.45169,3220000,1800000
2023-12-07 13:31:26.249000,1.45176,1.45169,1890000,1800000
2023-12-07 13:31:26.351000,1.45175,1.45168,1320000,1800000
2023-12-07 13:31:26.505000,1.45177,1.45168,4470000,2700000
2023-12-07 13:31:26.607000,1.45177,1.45169,5220000,1800000
2023-12-07 13:31:26.759000,1.45177,1.45169,5040000,1800000
2023-12-07 13:31:26.861000,1.45177,1.45168,1440000,2700000
2023-12-07 13:31:27.014000,1.45177,1.45168,2590000,2700000
2023-12-07 13:31:27.065000,1.45175,1.45166,1200000,1200000
2023-12-07 13:31:27.219000,1.45176,1.45164,1350000,2700000
2023-12-07 13:31:27.321000,1.45166,1.45162,3600000,2250000
2023-12-07 13:31:27.373000,1.45171,1.45161,3150000,1800000
2023-12-07 13:31:27.476000,1.45173,1.45165,1100000,1200000
2023-12-07 13:31:27.580000,1.45174,1.45166,1200000,1800000
2023-12-07 13:31:27.835000,1.45176,1.45167,2550000,1800000
2023-12-07 13:31:27.938000,1.45176,1.45166,4590000,2700000
2023-12-07 13:31:28.343000,1.45176,1.45166,6300000,1800000
2023-12-07 13:31:28.546000,1.45177,1.45165,6300000,1800000
2023-12-07 13:31:28.799000,1.45175,1.45165,1600000,3150000
2023-12-07 13:31:28.901000,1.45176,1.45166,4050000,2250000
2023-12-07 13:31:29.156000,1.45176,1.45168,4050000,1200000
2023-12-07 13:31:29.258000,1.45176,1.45169,4050000,1200000
2023-12-07 13:31:29.361000,1.45185,1.45176,4590000,1800000
2023-12-07 13:31:29.464000,1.45186,1.45176,3600000,2250000
2023-12-07 13:31:29.567000,1.45187,1.45177,4590000,2250000
2023-12-07 13:31:29.669000,1.45185,1.45177,4950000,3340000
2023-12-07 13:31:29.774000,1.45187,1.45179,3600000,2700000
2023-12-07 13:31:29.877000,1.45194,1.45186,5170000,1800000
2023-12-07 13:31:29.980000,1.45198,1.45187,1320000,5850000
2023-12-07 13:31:30.083000,1.45197,1.45188,4050000,2250000
2023-12-07 13:31:30.185000,1.45197,1.45189,1200000,10800000
2023-12-07 13:31:30.288000,1.45197,1.4519,1320000,1800000
2023-12-07 13:31:30.542000,1.45197,1.4519,1220000,1800000
2023-12-07 13:31:30.644000,1.45197,1.45189,1220000,1800000
2023-12-07 13:31:30.846000,1.45198,1.45189,3600000,6840000
2023-12-07 13:31:30.898000,1.45201,1.45195,4840000,2250000
2023-12-07 13:31:31.458000,1.45201,1.45195,3620000,1800000
2023-12-07 13:31:32.217000,1.45196,1.45192,1440000,1200000
2023-12-07 13:31:32.319000,1.45196,1.45188,4800000,1200000
2023-12-07 13:31:32.725000,1.45197,1.45188,4620000,2250000
2023-12-07 13:31:33.030000,1.45198,1.45188,5850000,2790000
2023-12-07 13:31:33.132000,1.45196,1.45188,1200000,2250000
2023-12-07 13:31:33.184000,1.45197,1.45188,4950000,5550000
2023-12-07 13:31:33.337000,1.45197,1.45189,4950000,1800000
2023-12-07 13:31:33.440000,1.45201,1.45193,1350000,3150000
2023-12-07 13:31:33.543000,1.45201,1.45195,3600000,3600000
2023-12-07 13:31:33.849000,1.45203,1.45195,4500000,1800000
2023-12-07 13:31:33.952000,1.45202,1.45195,1200000,1890000
2023-12-07 13:31:34.055000,1.45202,1.45195,1200000,2220000
2023-12-07 13:31:34.157000,1.45202,1.45195,1200000,1800000
2023-12-07 13:31:34.310000,1.45202,1.45193,4500000,5220000
2023-12-07 13:31:34.362000,1.45197,1.45191,4500000,1200000
2023-12-07 13:31:34.464000,1.45195,1.4519,1200000,1800000
2023-12-07 13:31:34.567000,1.45195,1.45187,1200000,2590000
2023-12-07 13:31:34.669000,1.45198,1.45193,3600000,1200000
2023-12-07 13:31:34.772000,1.452,1.45195,1200000,5220000
2023-12-07 13:31:34.875000,1.45201,1.45195,4500000,5400000
2023-12-07 13:31:34.977000,1.45201,1.45194,4500000,1800000
2023-12-07 13:31:35.080000,1.45201,1.45195,4500000,3720000
