time,ask,bid,ask_volume,bid_volume
2022-10-20 14:25:00.025000,1.49734,1.49728,2240000,3600000
2022-10-20 14:25:00.127000,1.49735,1.49729,2780000,3600000
2022-10-20 14:25:00.228000,1.49734,1.49728,2240000,3600000
2022-10-20 14:25:00.420000,1.49734,1.49728,2240000,4800000
2022-10-20 14:25:00.471000,1.49735,1.49729,2240000,3900000
2022-10-20 14:25:00.572000,1.49736,1.49731,1440000,3830000
2022-10-20 14:25:00.789000,1.49736,1.49728,2240000,3830000
2022-10-20 14:25:01.014000,1.49736,1.49731,1440000,3600000
2022-10-20 14:25:01.065000,1.49735,1.49729,2240000,3830000
2022-10-20 14:25:01.217000,1.49736,1.4973,1440000,3600000
2022-10-20 14:25:01.369000,1.49736,1.49731,1440000,3600000
2022-10-20 14:25:01.471000,1.49736,1.49732,1440000,3600000
2022-10-20 14:25:01.572000,1.49736,1.49731,1440000,3600000
2022-10-20 14:25:02.120000,1.49736,1.4973,3240000,4730000
2022-10-20 14:25:02.419000,1.49738,1.49732,3860000,3600000
2022-10-20 14:25:02.672000,1.49736,1.4973,2780000,3830000
2022-10-20 14:25:03.278000,1.49737,1.49731,2960000,3600000
2022-10-20 14:25:03.521000,1.49736,1.4973,2780000,3830000
2022-10-20 14:25:03.623000,1.49737,1.49729,3840000,3830000
2022-10-20 14:25:03.975000,1.49736,1.49731,1920000,3600000
2022-10-20 14:25:04.636000,1.49736,1.49731,1320000,3600000
2022-10-20 14:25:05.286000,1.49737,1.49734,1200000,3600000
2022-10-20 14:25:05.337000,1.4974,1.49735,1670000,3600000
2022-10-20 14:25:05.438000,1.4974,1.49734,2780000,3830000
2022-10-20 14:25:05.490000,1.49742,1.49736,4070000,1200000
2022-10-20 14:25:05.591000,1.49745,1.4974,1740000,3600000
2022-10-20 14:25:05.758000,1.49746,1.49741,2820000,3600000
2022-10-20 14:25:05.817000,1.49744,1.4974,1500000,3600000
2022-10-20 14:25:05.969000,1.49746,1.4974,4340000,3600000
2022-10-20 14:25:06.020000,1.49746,1.4974,2240000,3600000
2022-10-20 14:25:06.173000,1.49743,1.49739,1200000,3830000
2022-10-20 14:25:06.274000,1.4974,1.49736,5840000,2100000
2022-10-20 14:25:06.376000,1.49739,1.49735,1200000,1500000
2022-10-20 14:25:06.478000,1.49741,1.49734,3240000,2100000
2022-10-20 14:25:06.580000,1.49741,1.49734,1320000,4500000
2022-10-20 14:25:06.631000,1.49739,1.49733,2780000,3600000
2022-10-20 14:25:06.682000,1.49738,1.49735,1320000,1500000
2022-10-20 14:25:06.733000,1.49737,1.49731,2240000,3830000
2022-10-20 14:25:06.835000,1.49738,1.49732,3240000,3600000
2022-10-20 14:25:07.030000,1.49739,1.49733,4760000,3600000
2022-10-20 14:25:07.865000,1.49738,1.49732,2780000,3600000
2022-10-20 14:25:08.017000,1.4974,1.49732,2780000,3600000
2022-10-20 14:25:08.239000,1.49737,1.49731,2240000,3600000
2022-10-20 14:25:08.391000,1.49739,1.49731,3240000,3600000
2022-10-20 14:25:08.515000,1.49737,1.49731,2780000,3600000
2022-10-20 14:25:09.209000,1.49738,1.49732,3420000,3600000
2022-10-20 14:25:09.362000,1.49737,1.49731,2780000,3600000
2022-10-20 14:25:09.545000,1.49739,1.49731,3860000,3600000
2022-10-20 14:25:10.336000,1.49736,1.4973,2960000,3600000
2022-10-20 14:25:11.193000,1.49737,1.49731,4620000,3600000
2022-10-20 14:25:11.345000,1.49736,1.4973,3260000,3600000
2022-10-20 14:25:12.675000,1.49735,1.49729,2780000,3600000
2022-10-20 14:25:12.779000,1.49736,1.4973,2960000,3600000
2022-10-20 14:25:12.932000,1.49737,1.49731,2960000,3600000
2022-10-20 14:25:13.033000,1.49738,1.49732,3190000,3600000
2022-10-20 14:25:13.135000,1.49738,1.4973,2780000,3600000
2022-10-20 14:25:13.409000,1.49739,1.49731,3190000,3600000
2022-10-20 14:25:13.613000,1.49737,1.49731,3010000,3600000
2022-10-20 14:25:13.866000,1.49739,1.49733,5060000,3600000
2022-10-20 14:25:14.083000,1.49737,1.49731,2780000,4500000
2022-10-20 14:25:14.235000,1.49736,1.4973,3010000,3600000
2022-10-20 14:25:14.337000,1.49735,1.49729,2470000,3600000
2022-10-20 14:25:14.439000,1.49736,1.4973,2780000,3600000
2022-10-20 14:25:16.235000,1.49735,1.49729,2780000,3600000
2022-10-20 14:25:16.835000,1.49736,1.4973,3860000,3600000
2022-10-20 14:25:16.936000,1.49735,1.49729,2780000,3600000
2022-10-20 14:25:17.134000,1.49737,1.49729,3720000,3600000
2022-10-20 14:25:17.498000,1.49736,1.4973,2780000,3600000
2022-10-20 14:25:18.022000,1.49736,1.4973,3420000,3600000
2022-10-20 14:25:18.124000,1.49735,1.49729,3470000,3600000
2022-10-20 14:25:18.816000,1.49736,1.4973,4740000,3600000
2022-10-20 14:25:19.032000,1.49736,1.4973,4140000,3600000
2022-10-20 14:25:19.150000,1.49735,1.49729,2240000,3600000
2022-10-20 14:25:20.047000,1.49736,1.49731,1880000,3600000
2022-10-20 14:25:20.199000,1.49736,1.4973,2470000,3600000
2022-10-20 14:25:20.301000,1.49737,1.49731,3980000,3600000
2022-10-20 14:25:20.537000,1.49736,1.4973,2470000,3600000
2022-10-20 14:25:21.284000,1.49737,1.49731,3910000,3600000
2022-10-20 14:25:21.436000,1.49737,1.49732,1200000,3600000
2022-10-20 14:25:21.538000,1.49739,1.49733,5170000,3600000
2022-10-20 14:25:21.640000,1.49737,1.49731,2780000,3600000
2022-10-20 14:25:21.742000,1.49737,1.49731,2780000,3900000
2022-10-20 14:25:21.844000,1.49737,1.49731,2780000,3830000
2022-10-20 14:25:21.948000,1.49738,1.49732,3420000,3600000
2022-10-20 14:25:22.104000,1.49737,1.49731,2780000,3600000
2022-10-20 14:25:25.678000,1.49739,1.49733,5450000,3600000
2022-10-20 14:25:25.780000,1.49736,1.4973,2240000,3600000
2022-10-20 14:25:26.876000,1.49736,1.49731,2240000,1200000
2022-10-20 14:25:26.978000,1.49738,1.49732,4090000,3600000
2022-10-20 14:25:27.029000,1.49739,1.49734,3000000,3600000
2022-10-20 14:25:27.131000,1.49739,1.49733,3010000,5400000
2022-10-20 14:25:27.334000,1.4974,1.49734,3190000,4040000
2022-10-20 14:25:27.486000,1.49739,1.49733,3010000,3600000
2022-10-20 14:25:27.841000,1.49739,1.49733,2640000,3600000
2022-10-20 14:25:27.993000,1.4974,1.49735,1620000,3600000
2022-10-20 14:25:28.247000,1.4974,1.49736,1500000,3600000
2022-10-20 14:25:28.349000,1.49743,1.49735,3440000,4040000
2022-10-20 14:25:28.529000,1.49741,1.49735,2470000,4640000
2022-10-20 14:25:28.685000,1.49743,1.49735,2470000,4040000
2022-10-20 14:25:28.787000,1.49744,1.49736,2540000,6970000
2022-10-20 14:25:28.889000,1.49743,1.49738,1500000,3600000
2022-10-20 14:25:29.142000,1.49744,1.49736,2540000,6300000
2022-10-20 14:25:29.244000,1.49744,1.49738,2640000,3600000
2022-10-20 14:25:29.447000,1.49744,1.49738,2340000,4500000
2022-10-20 14:25:29.808000,1.49744,1.49738,3540000,4500000
2022-10-20 14:25:30.062000,1.49744,1.49738,4620000,4040000
2022-10-20 14:25:30.265000,1.49743,1.49737,2240000,3600000
2022-10-20 14:25:30.367000,1.49744,1.49738,3470000,3600000
2022-10-20 14:25:30.527000,1.49743,1.49737,2240000,4500000
2022-10-20 14:25:30.730000,1.49743,1.49737,3080000,3600000
2022-10-20 14:25:30.831000,1.49743,1.49737,3010000,3600000
2022-10-20 14:25:30.966000,1.49744,1.49738,3720000,3600000
2022-10-20 14:25:31.067000,1.49744,1.49738,4620000,3600000
2022-10-20 14:25:31.459000,1.49744,1.49738,3260000,3600000
2022-10-20 14:25:31.612000,1.49745,1.49739,3080000,3600000
2022-10-20 14:25:31.713000,1.49746,1.4974,4620000,3600000
2022-10-20 14:25:31.815000,1.49746,1.4974,3650000,3600000
2022-10-20 14:25:31.916000,1.49746,1.4974,3010000,3600000
2022-10-20 14:25:31.968000,1.49741,1.49735,2340000,6600000
2022-10-20 14:25:32.069000,1.49742,1.49736,2340000,5630000
2022-10-20 14:25:32.171000,1.49744,1.49737,3010000,1200000
2022-10-20 14:25:32.577000,1.49745,1.49739,3010000,3600000
2022-10-20 14:25:32.984000,1.49744,1.49738,2240000,4500000
2022-10-20 14:25:33.339000,1.49745,1.49739,2570000,3600000
2022-10-20 14:25:33.441000,1.49744,1.49738,2340000,4500000
2022-10-20 14:25:33.543000,1.49745,1.49739,3050000,3600000
2022-10-20 14:25:33.644000,1.49744,1.49738,2780000,4500000
2022-10-20 14:25:33.746000,1.49744,1.49738,4020000,3600000
2022-10-20 14:25:34.866000,1.49744,1.49738,3120000,3600000
2022-10-20 14:25:35.120000,1.49745,1.49739,4620000,3600000
2022-10-20 14:25:35.222000,1.49744,1.49738,3260000,3600000
2022-10-20 14:25:35.323000,1.49743,1.49737,3010000,4940000
2022-10-20 14:25:35.425000,1.49744,1.49737,3260000,4040000
2022-10-20 14:25:35.527000,1.49746,1.4974,3080000,4040000
2022-10-20 14:25:35.629000,1.49748,1.49741,4160000,3600000
2022-10-20 14:25:35.731000,1.49748,1.49738,3190000,3600000
2022-10-20 14:25:35.832000,1.49746,1.4974,3010000,3600000
2022-10-20 14:25:36.293000,1.49745,1.49739,3010000,4040000
2022-10-20 14:25:37.669000,1.49739,1.49736,2520000,2240000
2022-10-20 14:25:37.720000,1.49737,1.49731,2240000,4040000
2022-10-20 14:25:37.822000,1.49737,1.49732,2240000,1200000
2022-10-20 14:25:37.924000,1.49737,1.49731,2340000,3600000
2022-10-20 14:25:38.076000,1.49737,1.49731,2820000,3600000
2022-10-20 14:25:39.164000,1.49737,1.49729,2820000,3600000
2022-10-20 14:25:39.317000,1.49735,1.4973,1620000,3600000
2022-10-20 14:25:39.419000,1.49736,1.4973,4920000,3600000
2022-10-20 14:25:39.520000,1.49734,1.49729,1200000,3600000
2022-10-20 14:25:39.673000,1.49734,1.49729,1500000,3600000
2022-10-20 14:25:39.825000,1.49734,1.49729,1200000,3830000
2022-10-20 14:25:40.047000,1.49735,1.49729,3910000,3600000
2022-10-20 14:25:40.149000,1.49734,1.49729,2100000,3600000
2022-10-20 14:25:40.429000,1.49734,1.49729,1500000,3600000
2022-10-20 14:25:41.087000,1.49732,1.49727,3010000,1200000
2022-10-20 14:25:41.188000,1.4973,1.49726,1200000,4940000
2022-10-20 14:25:41.290000,1.4973,1.49726,1500000,3600000
2022-10-20 14:25:41.442000,1.49731,1.49726,3010000,4500000
2022-10-20 14:25:41.544000,1.4973,1.49725,1200000,4040000
2022-10-20 14:25:41.646000,1.4973,1.49724,3470000,4500000
2022-10-20 14:25:41.748000,1.49729,1.49725,1200000,3600000
2022-10-20 14:25:42.310000,1.49727,1.49722,1320000,8100000
2022-10-20 14:25:42.513000,1.49727,1.49723,1200000,3600000
2022-10-20 14:25:42.615000,1.49726,1.49723,2240000,1200000
2022-10-20 14:25:42.666000,1.49726,1.4972,2470000,4200000
2022-10-20 14:25:42.717000,1.49725,1.49719,4640000,4200000
2022-10-20 14:25:42.768000,1.49722,1.49716,3240000,3600000
2022-10-20 14:25:42.921000,1.49722,1.49716,3490000,3600000
2022-10-20 14:25:43.276000,1.49721,1.49715,2340000,3600000
2022-10-20 14:25:43.480000,1.49722,1.49716,3260000,3600000
2022-10-20 14:25:43.581000,1.49721,1.49715,2340000,4500000
2022-10-20 14:25:43.686000,1.49722,1.49716,3490000,3600000
2022-10-20 14:25:43.787000,1.49721,1.49715,2340000,4500000
2022-10-20 14:25:43.839000,1.49722,1.49717,1320000,3600000
2022-10-20 14:25:43.940000,1.49723,1.49716,4090000,3600000
2022-10-20 14:25:44.578000,1.4972,1.49715,1200000,3600000
2022-10-20 14:25:44.679000,1.49721,1.49715,2340000,3600000
2022-10-20 14:25:44.781000,1.49723,1.49716,1320000,3600000
2022-10-20 14:25:44.882000,1.49721,1.49715,2340000,3600000
2022-10-20 14:25:45.726000,1.49722,1.49716,1320000,3600000
2022-10-20 14:25:47.012000,1.49721,1.49715,4020000,4040000
2022-10-20 14:25:47.165000,1.4972,1.49714,3010000,3600000
2022-10-20 14:25:47.266000,1.49719,1.49713,2240000,4940000
2022-10-20 14:25:47.368000,1.4972,1.49712,2540000,4940000
2022-10-20 14:25:47.571000,1.49719,1.49711,2340000,4040000
2022-10-20 14:25:48.085000,1.4972,1.49713,2960000,3600000
2022-10-20 14:25:48.257000,1.49715,1.49712,2240000,1200000
2022-10-20 14:25:48.331000,1.49715,1.49709,2240000,3600000
2022-10-20 14:25:48.433000,1.49716,1.4971,2700000,3600000
2022-10-20 14:25:48.944000,1.49716,1.4971,4800000,3600000
2022-10-20 14:25:49.046000,1.49714,1.49709,1500000,3600000
2022-10-20 14:25:49.148000,1.49715,1.49709,3440000,3600000
2022-10-20 14:25:49.250000,1.49714,1.49708,2240000,3900000
2022-10-20 14:25:49.301000,1.49717,1.49708,2700000,3900000
2022-10-20 14:25:49.555000,1.49717,1.49714,1340000,4500000
2022-10-20 14:25:49.606000,1.49723,1.49715,1500000,3600000
2022-10-20 14:25:49.657000,1.49723,1.49716,2470000,3600000
2022-10-20 14:25:49.708000,1.49721,1.49715,2240000,4940000
2022-10-20 14:25:50.316000,1.49722,1.49716,2240000,3600000
2022-10-20 14:25:50.418000,1.49725,1.49718,2540000,4320000
2022-10-20 14:25:50.519000,1.49725,1.49719,2240000,4370000
2022-10-20 14:25:52.719000,1.49727,1.4972,4270000,3600000
2022-10-20 14:25:52.770000,1.49725,1.49719,2240000,3600000
2022-10-20 14:25:52.973000,1.49725,1.49719,2540000,3600000
2022-10-20 14:25:53.248000,1.49726,1.49718,2240000,3600000
2022-10-20 14:25:53.350000,1.49725,1.49719,2540000,3600000
2022-10-20 14:25:53.452000,1.49724,1.49719,1500000,3600000
2022-10-20 14:25:53.553000,1.49724,1.4972,1500000,3600000
2022-10-20 14:25:53.706000,1.49726,1.4972,1500000,3600000
2022-10-20 14:25:53.757000,1.49727,1.4972,3140000,3600000
2022-10-20 14:25:54.005000,1.49727,1.49721,4340000,3600000
2022-10-20 14:25:54.106000,1.49727,1.4972,4340000,3600000
2022-10-20 14:25:54.306000,1.49727,1.49721,4340000,3600000
2022-10-20 14:25:54.469000,1.49726,1.4972,2540000,3600000
2022-10-20 14:25:54.781000,1.49726,1.4972,2240000,3600000
2022-10-20 14:25:55.097000,1.49727,1.49721,2240000,3600000
2022-10-20 14:25:55.199000,1.49727,1.49721,2540000,3600000
2022-10-20 14:25:55.320000,1.49726,1.4972,2240000,3600000
2022-10-20 14:25:55.430000,1.49728,1.4972,2470000,3600000
2022-10-20 14:25:55.740000,1.49726,1.4972,2700000,3600000
2022-10-20 14:25:56.450000,1.49727,1.49721,3300000,3600000
2022-10-20 14:25:56.653000,1.49726,1.4972,2700000,3600000
2022-10-20 14:25:56.755000,1.49726,1.4972,3000000,3600000
2022-10-20 14:25:56.856000,1.49725,1.49719,2470000,3600000
2022-10-20 14:25:56.958000,1.49725,1.49719,2540000,3600000
2022-10-20 14:25:57.108000,1.49725,1.49719,2240000,3600000
2022-10-20 14:25:59.453000,1.49726,1.4972,2700000,3600000
2022-10-20 14:26:00.898000,1.49726,1.4972,3440000,3600000
2022-10-20 14:26:02.157000,1.49726,1.4972,3140000,3600000
2022-10-20 14:26:03.144000,1.49726,1.4972,3300000,3600000
2022-10-20 14:26:04.574000,1.49726,1.4972,2240000,3830000
2022-10-20 14:26:04.786000,1.49727,1.49719,3300000,3830000
2022-10-20 14:26:05.494000,1.49727,1.49721,2700000,3600000
2022-10-20 14:26:05.774000,1.49727,1.49721,3420000,3600000
2022-10-20 14:26:06.712000,1.49726,1.49721,1920000,3600000
2022-10-20 14:26:07.814000,1.49727,1.49721,3860000,3600000
2022-10-20 14:26:07.966000,1.49726,1.49719,1920000,3600000
2022-10-20 14:26:08.118000,1.49725,1.49719,3680000,3600000
2022-10-20 14:26:09.004000,1.49726,1.49721,1320000,3600000
2022-10-20 14:26:09.056000,1.49725,1.49719,2780000,3600000
2022-10-20 14:26:09.786000,1.49725,1.49719,2960000,3600000
2022-10-20 14:26:09.887000,1.49725,1.49719,3240000,3600000
2022-10-20 14:26:09.983000,1.49725,1.49721,1320000,3600000
2022-10-20 14:26:10.998000,1.49726,1.49721,1200000,3600000
2022-10-20 14:26:11.358000,1.49725,1.49719,3370000,3600000
2022-10-20 14:26:11.476000,1.49725,1.49719,3530000,3600000
2022-10-20 14:26:11.770000,1.49722,1.49717,1320000,4500000
2022-10-20 14:26:11.872000,1.49721,1.49715,3140000,3600000
2022-10-20 14:26:11.974000,1.49722,1.49716,4500000,4500000
2022-10-20 14:26:12.076000,1.49723,1.49717,1200000,3600000
2022-10-20 14:26:12.177000,1.49725,1.49717,3370000,3600000
2022-10-20 14:26:12.566000,1.49725,1.4972,1200000,3600000
2022-10-20 14:26:12.668000,1.49726,1.49719,1200000,3600000
2022-10-20 14:26:12.804000,1.49725,1.49719,2240000,3600000
2022-10-20 14:26:14.074000,1.49726,1.4972,1500000,3600000
2022-10-20 14:26:14.232000,1.49726,1.49718,2700000,3600000
2022-10-20 14:26:14.778000,1.49724,1.49718,4500000,3600000
2022-10-20 14:26:14.880000,1.49723,1.49716,2240000,5040000
2022-10-20 14:26:15.033000,1.49724,1.49718,5630000,3600000
2022-10-20 14:26:15.135000,1.49723,1.49717,3600000,3600000
2022-10-20 14:26:15.236000,1.49722,1.49716,2470000,3600000
2022-10-20 14:26:15.642000,1.49723,1.49717,4340000,3600000
2022-10-20 14:26:15.743000,1.49723,1.49717,3830000,3600000
2022-10-20 14:26:15.845000,1.49724,1.49718,2240000,3600000
2022-10-20 14:26:16.483000,1.49726,1.4972,5330000,3600000
2022-10-20 14:26:16.534000,1.49725,1.49717,2240000,3600000
2022-10-20 14:26:16.686000,1.49726,1.49719,4940000,3600000
2022-10-20 14:26:16.788000,1.49727,1.49719,2700000,3600000
2022-10-20 14:26:16.839000,1.49724,1.49718,2240000,3600000
2022-10-20 14:26:16.890000,1.49726,1.49719,2700000,3600000
2022-10-20 14:26:17.285000,1.49726,1.4972,4040000,3600000
2022-10-20 14:26:17.488000,1.49727,1.49721,4270000,3600000
2022-10-20 14:26:17.641000,1.49726,1.4972,2240000,3600000
2022-10-20 14:26:17.743000,1.49727,1.4972,4040000,3600000
2022-10-20 14:26:17.844000,1.49726,1.49718,2240000,3600000
2022-10-20 14:26:18.260000,1.49724,1.49718,2240000,3600000
2022-10-20 14:26:18.413000,1.49724,1.49716,3370000,5040000
2022-10-20 14:26:18.514000,1.49723,1.49717,2240000,3600000
2022-10-20 14:26:18.666000,1.49724,1.49718,3140000,3600000
2022-10-20 14:26:20.838000,1.49725,1.49718,1200000,3600000
2022-10-20 14:26:20.940000,1.49724,1.49718,2240000,3600000
2022-10-20 14:26:21.042000,1.49721,1.49715,2240000,3600000
2022-10-20 14:26:21.143000,1.49722,1.49716,2240000,3600000
2022-10-20 14:26:21.246000,1.49722,1.49715,4040000,3600000
2022-10-20 14:26:21.369000,1.49722,1.49714,4500000,3600000
2022-10-20 14:26:21.524000,1.4972,1.49714,2240000,3600000
2022-10-20 14:26:21.625000,1.49719,1.49713,2240000,4040000
2022-10-20 14:26:21.727000,1.49717,1.49711,4640000,3830000
2022-10-20 14:26:21.879000,1.49718,1.4971,3140000,3600000
2022-10-20 14:26:21.981000,1.49719,1.49713,3970000,3600000
2022-10-20 14:26:22.083000,1.49719,1.49713,2470000,3600000
2022-10-20 14:26:22.817000,1.4972,1.49715,1200000,3600000
2022-10-20 14:26:22.919000,1.49721,1.49715,2240000,3600000
2022-10-20 14:26:23.021000,1.49719,1.49713,2240000,3600000
2022-10-20 14:26:23.173000,1.4972,1.49714,2470000,3600000
2022-10-20 14:26:25.378000,1.49719,1.49713,2240000,3600000
2022-10-20 14:26:26.031000,1.4972,1.49715,1200000,3600000
2022-10-20 14:26:26.133000,1.49721,1.49715,3830000,3600000
2022-10-20 14:26:26.234000,1.49721,1.49716,1340000,3600000
2022-10-20 14:26:26.336000,1.49721,1.49715,3140000,3600000
2022-10-20 14:26:26.438000,1.49719,1.49713,2240000,3600000
2022-10-20 14:26:27.086000,1.4972,1.49714,2240000,3600000
2022-10-20 14:26:27.288000,1.49721,1.49715,3140000,3600000
2022-10-20 14:26:27.643000,1.49721,1.49716,1200000,3600000
2022-10-20 14:26:28.153000,1.49721,1.49718,1200000,3600000
2022-10-20 14:26:29.048000,1.49721,1.49719,1200000,3600000
2022-10-20 14:26:30.964000,1.49724,1.49719,1440000,3600000
2022-10-20 14:26:31.066000,1.49725,1.4972,1500000,3600000
2022-10-20 14:26:31.269000,1.49726,1.4972,3470000,3600000
2022-10-20 14:26:31.522000,1.49725,1.49719,2240000,4500000
2022-10-20 14:26:31.738000,1.49726,1.4972,4510000,3600000
2022-10-20 14:26:31.890000,1.49726,1.4972,3470000,3600000
2022-10-20 14:26:32.500000,1.49725,1.49719,2240000,3600000
2022-10-20 14:26:32.703000,1.49726,1.4972,3470000,3600000
2022-10-20 14:26:33.615000,1.49727,1.49721,3860000,3600000
2022-10-20 14:26:33.881000,1.49728,1.49724,2700000,3600000
2022-10-20 14:26:34.001000,1.49729,1.49723,2780000,3600000
2022-10-20 14:26:34.361000,1.4973,1.49724,6530000,3600000
2022-10-20 14:26:34.463000,1.49729,1.49723,3010000,3600000
2022-10-20 14:26:35.039000,1.4973,1.49724,4620000,3600000
2022-10-20 14:26:35.140000,1.49729,1.49723,1440000,3600000
2022-10-20 14:26:35.191000,1.49727,1.49721,5640000,3600000
2022-10-20 14:26:35.293000,1.49724,1.4972,2240000,1200000
2022-10-20 14:26:35.395000,1.49725,1.4972,3240000,1200000
2022-10-20 14:26:35.497000,1.49726,1.4972,2930000,4500000
2022-10-20 14:26:35.599000,1.49727,1.49721,3080000,3600000
2022-10-20 14:26:35.751000,1.49727,1.49721,3010000,3600000
2022-10-20 14:26:36.055000,1.49726,1.4972,2780000,5400000
2022-10-20 14:26:36.381000,1.49725,1.4972,2240000,1200000
2022-10-20 14:26:36.570000,1.49726,1.4972,2240000,4500000
2022-10-20 14:26:36.672000,1.49727,1.49721,3680000,3600000
2022-10-20 14:26:36.774000,1.49726,1.4972,2240000,4500000
2022-10-20 14:26:36.926000,1.49728,1.4972,3680000,3600000
2022-10-20 14:26:37.462000,1.49727,1.49721,3650000,3600000
2022-10-20 14:26:38.503000,1.49726,1.4972,3240000,4500000
2022-10-20 14:26:39.773000,1.49725,1.4972,2240000,1200000
2022-10-20 14:26:40.052000,1.49726,1.4972,2240000,4500000
2022-10-20 14:26:40.356000,1.49725,1.4972,2240000,1200000
2022-10-20 14:26:40.675000,1.49724,1.4972,2240000,1200000
2022-10-20 14:26:40.777000,1.49723,1.4972,2700000,1200000
2022-10-20 14:26:41.089000,1.49724,1.4972,2240000,1200000
2022-10-20 14:26:41.817000,1.49725,1.4972,2780000,1200000
2022-10-20 14:26:41.920000,1.49725,1.49719,2240000,1200000
2022-10-20 14:26:42.394000,1.49723,1.4972,2240000,1200000
2022-10-20 14:26:42.495000,1.49725,1.4972,3370000,1200000
2022-10-20 14:26:42.951000,1.49724,1.4972,2240000,1200000
2022-10-20 14:26:43.154000,1.49725,1.4972,3010000,1200000
2022-10-20 14:26:43.509000,1.49726,1.4972,3470000,4500000
2022-10-20 14:26:44.399000,1.49725,1.4972,2240000,1200000
2022-10-20 14:26:44.501000,1.49726,1.4972,4140000,3600000
2022-10-20 14:26:44.603000,1.49725,1.49719,2780000,3600000
2022-10-20 14:26:44.907000,1.49726,1.4972,4880000,3600000
2022-10-20 14:26:45.009000,1.49726,1.4972,3370000,3600000
2022-10-20 14:26:45.110000,1.49727,1.49719,4160000,3600000
2022-10-20 14:26:45.334000,1.49726,1.49718,2340000,3600000
2022-10-20 14:26:46.298000,1.49726,1.4972,2470000,3600000
2022-10-20 14:26:46.586000,1.49725,1.49719,2240000,4500000
2022-10-20 14:26:46.703000,1.49726,1.4972,2780000,3600000
2022-10-20 14:26:47.216000,1.49724,1.49718,2240000,4500000
2022-10-20 14:26:47.317000,1.49726,1.4972,3650000,3600000
2022-10-20 14:26:47.368000,1.49724,1.49718,2240000,3600000
2022-10-20 14:26:47.899000,1.49725,1.49719,2240000,4500000
2022-10-20 14:26:48.001000,1.49724,1.49718,2240000,3600000
2022-10-20 14:26:49.442000,1.49723,1.49718,1320000,3600000
2022-10-20 14:26:49.955000,1.49724,1.49718,4370000,3600000
2022-10-20 14:26:51.948000,1.49725,1.49719,2240000,3600000
2022-10-20 14:26:52.135000,1.49727,1.49719,2780000,3600000
2022-10-20 14:26:52.315000,1.49726,1.49718,2240000,3600000
2022-10-20 14:26:52.467000,1.49727,1.49723,3780000,2700000
2022-10-20 14:26:52.518000,1.49731,1.49725,2540000,3600000
2022-10-20 14:26:52.620000,1.49734,1.49728,4810000,3600000
2022-10-20 14:26:53.656000,1.49736,1.4973,2270000,3600000
2022-10-20 14:26:53.758000,1.49738,1.4973,4370000,3600000
2022-10-20 14:26:53.860000,1.49739,1.49734,3540000,3600000
2022-10-20 14:26:53.964000,1.49736,1.4973,2240000,3900000
2022-10-20 14:26:54.066000,1.49736,1.4973,2240000,3830000
2022-10-20 14:26:55.395000,1.49737,1.49731,3240000,3600000
2022-10-20 14:26:55.497000,1.49738,1.49731,1320000,4500000
2022-10-20 14:26:55.599000,1.49738,1.49732,3680000,4500000
2022-10-20 14:26:55.803000,1.4974,1.49736,1200000,3600000
2022-10-20 14:26:55.905000,1.49744,1.49738,3010000,3600000
2022-10-20 14:26:56.007000,1.49745,1.49739,3980000,3600000
2022-10-20 14:26:56.109000,1.49745,1.49739,3680000,3600000
2022-10-20 14:26:56.160000,1.49746,1.49741,1670000,3600000
2022-10-20 14:26:56.413000,1.49747,1.49741,3010000,3600000
2022-10-20 14:26:56.515000,1.49746,1.49741,3240000,3600000
2022-10-20 14:26:56.617000,1.49746,1.49741,3860000,3600000
2022-10-20 14:26:56.718000,1.49746,1.49741,3720000,3600000
2022-10-20 14:26:56.923000,1.49746,1.49741,4920000,3600000
2022-10-20 14:26:57.113000,1.49745,1.49739,3980000,3600000
2022-10-20 14:26:58.932000,1.49745,1.49739,2340000,3600000
2022-10-20 14:26:59.188000,1.49746,1.49738,3540000,3600000
2022-10-20 14:27:00.240000,1.49744,1.49738,2240000,3600000
2022-10-20 14:27:00.749000,1.49742,1.49738,2240000,3600000
2022-10-20 14:27:00.851000,1.49737,1.49731,2240000,4370000
2022-10-20 14:27:00.902000,1.49739,1.49733,3140000,3600000
2022-10-20 14:27:01.003000,1.4974,1.49734,3600000,3600000
2022-10-20 14:27:01.145000,1.4974,1.49734,3600000,4200000
2022-10-20 14:27:01.315000,1.49738,1.49732,2240000,4200000
2022-10-20 14:27:01.366000,1.49737,1.49731,2240000,3600000
2022-10-20 14:27:01.468000,1.49739,1.49731,2240000,3600000
2022-10-20 14:27:01.890000,1.49737,1.49731,2240000,3600000
2022-10-20 14:27:01.991000,1.49738,1.49732,2240000,3600000
2022-10-20 14:27:02.194000,1.49737,1.49731,2240000,3600000
2022-10-20 14:27:02.347000,1.49737,1.49731,4320000,3600000
2022-10-20 14:27:02.448000,1.49734,1.49729,2240000,1200000
2022-10-20 14:27:02.601000,1.49737,1.4973,4990000,3600000
2022-10-20 14:27:02.702000,1.49737,1.49731,3470000,3600000
2022-10-20 14:27:02.753000,1.49737,1.49731,3540000,3600000
2022-10-20 14:27:02.804000,1.49737,1.49731,3240000,3600000
2022-10-20 14:27:02.936000,1.49736,1.4973,2240000,3600000
2022-10-20 14:27:03.325000,1.49738,1.49732,2340000,3600000
2022-10-20 14:27:03.633000,1.49738,1.49731,3240000,3600000
2022-10-20 14:27:03.734000,1.49738,1.49732,2780000,3600000
2022-10-20 14:27:03.988000,1.49736,1.4973,2240000,4040000
2022-10-20 14:27:04.090000,1.49734,1.49729,2240000,1200000
2022-10-20 14:27:04.242000,1.49735,1.49729,2240000,4500000
2022-10-20 14:27:04.344000,1.49736,1.4973,1200000,3600000
2022-10-20 14:27:04.597000,1.49735,1.49729,2240000,4500000
2022-10-20 14:27:05.156000,1.49737,1.4973,3680000,3600000
2022-10-20 14:27:05.461000,1.49735,1.49729,2240000,4500000
2022-10-20 14:27:05.684000,1.49738,1.49729,3680000,3600000
2022-10-20 14:27:05.836000,1.49738,1.4973,2780000,3600000
2022-10-20 14:27:05.887000,1.49738,1.4973,3240000,3900000
2022-10-20 14:27:05.989000,1.49738,1.4973,3240000,3600000
2022-10-20 14:27:06.093000,1.49738,1.4973,3420000,3600000
2022-10-20 14:27:06.195000,1.49736,1.4973,2240000,3600000
2022-10-20 14:27:06.246000,1.49738,1.49731,1320000,3600000
2022-10-20 14:27:06.394000,1.49739,1.49734,1200000,3600000
2022-10-20 14:27:06.448000,1.49739,1.49732,1200000,4140000
2022-10-20 14:27:06.651000,1.49738,1.49732,2240000,3600000
2022-10-20 14:27:06.854000,1.49738,1.49731,3080000,3600000
2022-10-20 14:27:06.956000,1.49739,1.49734,2240000,3600000
2022-10-20 14:27:07.058000,1.49739,1.49733,3140000,3600000
2022-10-20 14:27:07.724000,1.49739,1.49734,1200000,3600000
2022-10-20 14:27:07.826000,1.49738,1.49732,2240000,5480000
2022-10-20 14:27:07.932000,1.49739,1.49733,1200000,3600000
2022-10-20 14:27:08.135000,1.49738,1.49732,2240000,3600000
2022-10-20 14:27:08.339000,1.49737,1.49731,2240000,4040000
2022-10-20 14:27:08.390000,1.49734,1.49729,2240000,1500000
2022-10-20 14:27:08.542000,1.49735,1.49729,2240000,4500000
2022-10-20 14:27:08.644000,1.49734,1.49729,2240000,1200000
2022-10-20 14:27:09.292000,1.49733,1.49729,2240000,1200000
2022-10-20 14:27:09.394000,1.49734,1.49729,2240000,1200000
2022-10-20 14:27:10.015000,1.49737,1.49729,2930000,3600000
2022-10-20 14:27:10.117000,1.49735,1.49729,2240000,4730000
2022-10-20 14:27:10.219000,1.49736,1.4973,2240000,3600000
2022-10-20 14:27:10.471000,1.49737,1.4973,3240000,3600000
2022-10-20 14:27:10.522000,1.49735,1.49729,2240000,7200000
2022-10-20 14:27:10.729000,1.49737,1.49731,2240000,3600000
2022-10-20 14:27:11.092000,1.49736,1.4973,2240000,3600000
2022-10-20 14:27:11.143000,1.49738,1.4973,3680000,3600000
2022-10-20 14:27:11.245000,1.49737,1.4973,2780000,3600000
2022-10-20 14:27:11.557000,1.49737,1.49731,2780000,3600000
2022-10-20 14:27:11.709000,1.49736,1.4973,2240000,3600000
2022-10-20 14:27:11.811000,1.49737,1.49731,2780000,3600000
2022-10-20 14:27:12.028000,1.49738,1.4973,3860000,3600000
2022-10-20 14:27:12.181000,1.49736,1.4973,2240000,3600000
2022-10-20 14:27:12.333000,1.49738,1.4973,3860000,3600000
2022-10-20 14:27:13.213000,1.49736,1.4973,2240000,3600000
2022-10-20 14:27:13.454000,1.49737,1.4973,3240000,3600000
2022-10-20 14:27:13.676000,1.49736,1.4973,2240000,3600000
2022-10-20 14:27:13.879000,1.49735,1.49729,2240000,4500000
2022-10-20 14:27:13.981000,1.49737,1.49731,3860000,3600000
2022-10-20 14:27:14.139000,1.49737,1.4973,1920000,3600000
2022-10-20 14:27:14.241000,1.49737,1.49729,3860000,3600000
2022-10-20 14:27:14.342000,1.49737,1.49731,1920000,3600000
2022-10-20 14:27:14.393000,1.49736,1.49728,2240000,3600000
2022-10-20 14:27:14.444000,1.49737,1.49731,3860000,3600000
2022-10-20 14:27:14.596000,1.49737,1.4973,1920000,3600000
2022-10-20 14:27:14.711000,1.49738,1.4973,4090000,3600000
2022-10-20 14:27:15.050000,1.49737,1.49729,2780000,3600000
2022-10-20 14:27:15.152000,1.49738,1.4973,3860000,3600000
2022-10-20 14:27:15.427000,1.49737,1.49731,3240000,3830000
2022-10-20 14:27:15.530000,1.49737,1.49729,3680000,3600000
2022-10-20 14:27:15.632000,1.49735,1.49729,2240000,3600000
2022-10-20 14:27:16.218000,1.49737,1.4973,4760000,3600000
2022-10-20 14:27:16.320000,1.49735,1.49729,2240000,3600000
2022-10-20 14:27:16.743000,1.49737,1.4973,4760000,3600000
2022-10-20 14:27:16.845000,1.49737,1.49731,4760000,3600000
2022-10-20 14:27:16.947000,1.49737,1.4973,4760000,3600000
2022-10-20 14:27:17.049000,1.49735,1.49729,2240000,3600000
2022-10-20 14:27:17.150000,1.49737,1.49729,4760000,3600000
2022-10-20 14:27:17.252000,1.49736,1.4973,2780000,3600000
2022-10-20 14:27:17.687000,1.49736,1.49728,2240000,3600000
2022-10-20 14:27:17.789000,1.49737,1.49729,4760000,3600000
2022-10-20 14:27:18.156000,1.49735,1.49729,2240000,3600000
2022-10-20 14:27:18.316000,1.49737,1.49729,4760000,3600000
2022-10-20 14:27:18.519000,1.49737,1.49729,3680000,3600000
2022-10-20 14:27:18.621000,1.49737,1.49729,4880000,3600000
2022-10-20 14:27:18.729000,1.49734,1.49728,2240000,5400000
2022-10-20 14:27:18.872000,1.49737,1.49729,4880000,3600000
2022-10-20 14:27:18.974000,1.49737,1.49729,3980000,3600000
2022-10-20 14:27:19.126000,1.49737,1.4973,3980000,3600000
2022-10-20 14:27:19.231000,1.49736,1.49729,2470000,3600000
2022-10-20 14:27:19.948000,1.49734,1.49728,2240000,3600000
2022-10-20 14:27:20.542000,1.49736,1.49729,3540000,3600000
2022-10-20 14:27:21.428000,1.49737,1.4973,2240000,3830000
2022-10-20 14:27:21.631000,1.49738,1.49731,3980000,3600000
2022-10-20 14:27:21.784000,1.49737,1.4973,2470000,3600000
2022-10-20 14:27:22.937000,1.49735,1.49729,2240000,4500000
2022-10-20 14:27:23.190000,1.49736,1.4973,2240000,3600000
2022-10-20 14:27:23.292000,1.49735,1.49729,2240000,4500000
2022-10-20 14:27:23.393000,1.49737,1.49729,3470000,4500000
2022-10-20 14:27:24.828000,1.49737,1.4973,2340000,3600000
2022-10-20 14:27:24.930000,1.49737,1.49729,2240000,5840000
2022-10-20 14:27:25.032000,1.49738,1.4973,3240000,3600000
2022-10-20 14:27:25.133000,1.49738,1.49731,2780000,3600000
2022-10-20 14:27:25.235000,1.49739,1.4973,3260000,3600000
2022-10-20 14:27:25.438000,1.49735,1.49729,2240000,4940000
2022-10-20 14:27:25.489000,1.49738,1.49729,2820000,4940000
2022-10-20 14:27:25.590000,1.49738,1.4973,3420000,3600000
2022-10-20 14:27:25.692000,1.49738,1.4973,2240000,3600000
2022-10-20 14:27:25.794000,1.49736,1.4973,2240000,3600000
2022-10-20 14:27:25.962000,1.49737,1.49731,2240000,3600000
2022-10-20 14:27:26.064000,1.49739,1.49731,5220000,3600000
2022-10-20 14:27:26.166000,1.49738,1.49732,2780000,3600000
2022-10-20 14:27:26.759000,1.49739,1.49733,5060000,3600000
2022-10-20 14:27:26.810000,1.49736,1.4973,2240000,4500000
2022-10-20 14:27:26.862000,1.49739,1.49733,5060000,3600000
2022-10-20 14:27:27.229000,1.49738,1.49732,3010000,3600000
2022-10-20 14:27:27.432000,1.49736,1.4973,2240000,5400000
2022-10-20 14:27:27.533000,1.49739,1.49733,5060000,3600000
2022-10-20 14:27:27.686000,1.49739,1.49731,3010000,3600000
2022-10-20 14:27:27.988000,1.49737,1.49732,1670000,3600000
2022-10-20 14:27:28.039000,1.49736,1.4973,2240000,4500000
2022-10-20 14:27:28.192000,1.49737,1.49731,3010000,3600000
2022-10-20 14:27:28.344000,1.49736,1.4973,2470000,3600000
2022-10-20 14:27:28.497000,1.49736,1.49728,2240000,4500000
2022-10-20 14:27:28.649000,1.49737,1.49731,3080000,3600000
2022-10-20 14:27:28.700000,1.49735,1.49729,2240000,4500000
2022-10-20 14:27:28.802000,1.49736,1.4973,2930000,3600000
2022-10-20 14:27:28.927000,1.49735,1.49729,2240000,3600000
2022-10-20 14:27:29.356000,1.49736,1.49729,2930000,3600000
2022-10-20 14:27:29.708000,1.49737,1.49731,3840000,3600000
2022-10-20 14:27:29.809000,1.49737,1.49731,2780000,3600000
2022-10-20 14:27:30.266000,1.49738,1.49732,2960000,3600000
2022-10-20 14:27:30.863000,1.49736,1.4973,2240000,3600000
2022-10-20 14:27:31.093000,1.49737,1.49731,2240000,3600000
2022-10-20 14:27:31.609000,1.49739,1.49733,3240000,3600000
2022-10-20 14:27:31.711000,1.49738,1.49732,2240000,3600000
2022-10-20 14:27:32.105000,1.49737,1.49731,2240000,3600000
2022-10-20 14:27:32.207000,1.49738,1.49732,2570000,3600000
2022-10-20 14:27:32.308000,1.49736,1.4973,2240000,4500000
2022-10-20 14:27:32.461000,1.49736,1.4973,3440000,3600000
2022-10-20 14:27:32.512000,1.49736,1.4973,2470000,3600000
2022-10-20 14:27:32.925000,1.49735,1.49729,2240000,3600000
2022-10-20 14:27:34.120000,1.49736,1.49732,2240000,1200000
2022-10-20 14:27:34.171000,1.49738,1.49732,2780000,4500000
2022-10-20 14:27:34.374000,1.49736,1.4973,2240000,3600000
2022-10-20 14:27:34.484000,1.49738,1.49732,2780000,3600000
2022-10-20 14:27:34.586000,1.49736,1.4973,2240000,3600000
2022-10-20 14:27:35.206000,1.49738,1.49732,3680000,3600000
2022-10-20 14:27:35.934000,1.49738,1.49731,2240000,3600000
2022-10-20 14:27:36.399000,1.49739,1.49733,3140000,4040000
2022-10-20 14:27:36.551000,1.49739,1.49732,1200000,4500000
2022-10-20 14:27:36.653000,1.49739,1.49733,1200000,3600000
2022-10-20 14:27:37.311000,1.49738,1.49732,2240000,4940000
2022-10-20 14:27:37.507000,1.49739,1.49733,1500000,3600000
2022-10-20 14:27:37.729000,1.49738,1.49732,2240000,3600000
2022-10-20 14:27:37.831000,1.49736,1.4973,2240000,4500000
2022-10-20 14:27:37.932000,1.49737,1.49731,4440000,3600000
2022-10-20 14:27:38.135000,1.49737,1.49731,3370000,3600000
2022-10-20 14:27:38.338000,1.49736,1.4973,2240000,3600000
2022-10-20 14:27:39.070000,1.49738,1.4973,3740000,4040000
2022-10-20 14:27:39.401000,1.49736,1.4973,2240000,4940000
2022-10-20 14:27:39.503000,1.49738,1.49731,3300000,3600000
2022-10-20 14:27:39.604000,1.49739,1.49732,4500000,3600000
2022-10-20 14:27:39.722000,1.49738,1.49732,2240000,3600000
2022-10-20 14:27:39.954000,1.49737,1.49731,3080000,3600000
2022-10-20 14:27:40.005000,1.49735,1.49729,2240000,4500000
2022-10-20 14:27:40.107000,1.49737,1.4973,4440000,3600000
2022-10-20 14:27:40.420000,1.49737,1.49729,4440000,4500000
2022-10-20 14:27:40.522000,1.49737,1.49731,3830000,3600000
2022-10-20 14:27:40.623000,1.49737,1.4973,3830000,3600000
2022-10-20 14:27:41.214000,1.49737,1.4973,4440000,3600000
2022-10-20 14:27:41.316000,1.49737,1.49729,5340000,4500000
2022-10-20 14:27:41.598000,1.49734,1.49728,2470000,4500000
2022-10-20 14:27:41.700000,1.49733,1.49727,3680000,3600000
2022-10-20 14:27:41.801000,1.49733,1.49728,1500000,3600000
2022-10-20 14:27:41.954000,1.49734,1.49727,2100000,3600000
2022-10-20 14:27:42.055000,1.49732,1.49726,2470000,4200000
2022-10-20 14:27:42.157000,1.4973,1.49722,4280000,4790000
2022-10-20 14:27:42.208000,1.49728,1.4972,3680000,3830000
2022-10-20 14:27:42.260000,1.49726,1.4972,2240000,4140000
2022-10-20 14:27:42.361000,1.49728,1.49723,1500000,4040000
2022-10-20 14:27:42.463000,1.49727,1.49721,2240000,4200000
2022-10-20 14:27:42.622000,1.49727,1.49721,3080000,4200000
2022-10-20 14:27:42.674000,1.49726,1.4972,2540000,3600000
2022-10-20 14:27:42.775000,1.49726,1.4972,2240000,3600000
2022-10-20 14:27:42.877000,1.49727,1.49719,4370000,3600000
2022-10-20 14:27:43.080000,1.49727,1.49719,4970000,3600000
2022-10-20 14:27:43.131000,1.49724,1.49718,2240000,5580000
2022-10-20 14:27:43.538000,1.49726,1.4972,2340000,3600000
2022-10-20 14:27:43.791000,1.49727,1.49719,4850000,1200000
2022-10-20 14:27:43.994000,1.49727,1.4972,4850000,1200000
2022-10-20 14:27:44.313000,1.49726,1.49719,4320000,1200000
2022-10-20 14:27:44.415000,1.49722,1.49717,2240000,1200000
2022-10-20 14:27:44.517000,1.49725,1.49717,3540000,3600000
2022-10-20 14:27:44.618000,1.49724,1.49718,4440000,3600000
2022-10-20 14:27:44.771000,1.49723,1.49717,2240000,4500000
2022-10-20 14:27:44.873000,1.49724,1.49718,2240000,4500000
2022-10-20 14:27:44.975000,1.49726,1.49718,2290000,4500000
2022-10-20 14:27:45.077000,1.49725,1.49717,2240000,4500000
2022-10-20 14:27:45.203000,1.49725,1.49718,2780000,4500000
2022-10-20 14:27:45.435000,1.49723,1.49719,2470000,1200000
2022-10-20 14:27:45.536000,1.49723,1.49717,2470000,3600000
2022-10-20 14:27:45.966000,1.49725,1.49718,3950000,3600000
2022-10-20 14:27:46.236000,1.49723,1.49717,2240000,3600000
2022-10-20 14:27:46.439000,1.49723,1.49716,2540000,3600000
2022-10-20 14:27:46.541000,1.49723,1.49716,3080000,3600000
2022-10-20 14:27:46.642000,1.49722,1.49714,2470000,3600000
2022-10-20 14:27:47.830000,1.49723,1.49717,2540000,3600000
2022-10-20 14:27:47.881000,1.49723,1.49717,2240000,3600000
2022-10-20 14:27:47.983000,1.49724,1.49718,3910000,3600000
2022-10-20 14:27:48.034000,1.49722,1.49716,2240000,3600000
2022-10-20 14:27:48.611000,1.49721,1.49715,2240000,3600000
2022-10-20 14:27:49.819000,1.49722,1.49716,2240000,3600000
2022-10-20 14:27:50.086000,1.49723,1.49717,2240000,3600000
2022-10-20 14:27:50.339000,1.49722,1.49716,2240000,3600000
2022-10-20 14:27:50.981000,1.49723,1.49717,2240000,3600000
2022-10-20 14:27:51.184000,1.49724,1.49719,1440000,3600000
2022-10-20 14:27:51.286000,1.49724,1.49718,1440000,4500000
2022-10-20 14:27:51.388000,1.49723,1.49717,2240000,3600000
2022-10-20 14:27:52.042000,1.49724,1.49718,3140000,3600000
2022-10-20 14:27:52.143000,1.49724,1.49719,1200000,3600000
2022-10-20 14:27:52.245000,1.49724,1.49718,3680000,3600000
2022-10-20 14:27:54.897000,1.49724,1.4972,1200000,3600000
2022-10-20 14:27:54.948000,1.49724,1.49718,1200000,3600000
2022-10-20 14:27:55.265000,1.49724,1.49719,1200000,3600000
2022-10-20 14:27:55.615000,1.49724,1.49718,3140000,3600000
2022-10-20 14:27:55.717000,1.49724,1.49719,1200000,3600000
2022-10-20 14:27:56.158000,1.49724,1.49718,3140000,4500000
2022-10-20 14:27:56.266000,1.49724,1.49719,1200000,3600000
2022-10-20 14:27:56.671000,1.49724,1.4972,1200000,3600000
2022-10-20 14:27:56.874000,1.49725,1.49721,1200000,4500000
2022-10-20 14:27:57.026000,1.49724,1.49721,1200000,3600000
2022-10-20 14:27:57.229000,1.49724,1.4972,1200000,3600000
2022-10-20 14:27:57.331000,1.49724,1.49721,1200000,3600000
2022-10-20 14:27:58.414000,1.49725,1.49718,1200000,3600000
2022-10-20 14:27:58.465000,1.49724,1.49721,1200000,3600000
2022-10-20 14:27:58.573000,1.49724,1.49722,1200000,1200000
2022-10-20 14:27:59.155000,1.49728,1.49725,1800000,3600000
2022-10-20 14:27:59.207000,1.49731,1.49724,2780000,3600000
2022-10-20 14:27:59.359000,1.49731,1.49723,2240000,3600000
2022-10-20 14:27:59.542000,1.49732,1.49725,8150000,3600000
2022-10-20 14:27:59.695000,1.49732,1.49725,7970000,3600000
2022-10-20 14:27:59.796000,1.49731,1.49725,2240000,3600000
2022-10-20 14:27:59.949000,1.4973,1.49724,2240000,3600000
2022-10-20 14:28:00.107000,1.49732,1.49724,2340000,3600000
2022-10-20 14:28:00.725000,1.49732,1.49726,2240000,3600000
2022-10-20 14:28:00.827000,1.49733,1.49727,2780000,3600000
2022-10-20 14:28:01.081000,1.49731,1.49725,4730000,3600000
2022-10-20 14:28:01.132000,1.49733,1.49725,8410000,3600000
2022-10-20 14:28:01.755000,1.49733,1.49727,3240000,3600000
2022-10-20 14:28:02.185000,1.49734,1.49728,3420000,3600000
2022-10-20 14:28:02.287000,1.49734,1.49728,3140000,3600000
2022-10-20 14:28:02.388000,1.49735,1.49729,4370000,3600000
2022-10-20 14:28:02.619000,1.49734,1.49728,2240000,3600000
2022-10-20 14:28:02.828000,1.49735,1.49729,4370000,4500000
2022-10-20 14:28:03.169000,1.49735,1.49729,4510000,4500000
2022-10-20 14:28:03.271000,1.49733,1.49727,2780000,3600000
2022-10-20 14:28:03.373000,1.49732,1.49727,1200000,4040000
2022-10-20 14:28:03.740000,1.49731,1.49725,2240000,3600000
2022-10-20 14:28:03.841000,1.49732,1.49725,3680000,3600000
2022-10-20 14:28:03.943000,1.49733,1.49725,3240000,3600000
2022-10-20 14:28:04.095000,1.49733,1.49727,3010000,3600000
2022-10-20 14:28:04.197000,1.49735,1.49727,3010000,3600000
2022-10-20 14:28:04.655000,1.49733,1.49727,3240000,3600000
2022-10-20 14:28:04.757000,1.49734,1.49728,4580000,3600000
2022-10-20 14:28:04.858000,1.49733,1.49727,3010000,4500000
2022-10-20 14:28:04.960000,1.49729,1.49725,2240000,1200000
2022-10-20 14:28:05.011000,1.49733,1.49725,6170000,3600000
2022-10-20 14:28:05.214000,1.49732,1.49726,5340000,3600000
2022-10-20 14:28:05.367000,1.49731,1.49725,1440000,3600000
2022-10-20 14:28:05.418000,1.4973,1.49722,2240000,3600000
2022-10-20 14:28:05.519000,1.49731,1.49725,2340000,3600000
2022-10-20 14:28:05.634000,1.49731,1.49723,2240000,3600000
2022-10-20 14:28:05.928000,1.49731,1.49725,1340000,3600000
2022-10-20 14:28:06.080000,1.49732,1.49725,3140000,3600000
2022-10-20 14:28:06.254000,1.49732,1.49726,3140000,3600000
2022-10-20 14:28:06.457000,1.49732,1.49724,2240000,3600000
2022-10-20 14:28:08.080000,1.49733,1.49725,2930000,3600000
2022-10-20 14:28:08.182000,1.49731,1.49723,2240000,4500000
2022-10-20 14:28:08.283000,1.49731,1.49725,3140000,3600000
2022-10-20 14:28:08.658000,1.4973,1.49724,2240000,3600000
2022-10-20 14:28:08.871000,1.49731,1.49725,3140000,3600000
2022-10-20 14:28:08.978000,1.49731,1.49726,1200000,3600000
2022-10-20 14:28:09.487000,1.49731,1.49725,3140000,3600000
2022-10-20 14:28:10.387000,1.49729,1.49724,2110000,3600000
2022-10-20 14:28:10.590000,1.49728,1.49722,4040000,4040000
2022-10-20 14:28:11.103000,1.49727,1.49721,2240000,3600000
2022-10-20 14:28:11.204000,1.49728,1.49722,3140000,3600000
2022-10-20 14:28:11.508000,1.49727,1.49721,2240000,4040000
2022-10-20 14:28:11.610000,1.49728,1.49722,4320000,3600000
2022-10-20 14:28:11.712000,1.49729,1.49721,2780000,3600000
2022-10-20 14:28:12.117000,1.49729,1.49723,3140000,3600000
2022-10-20 14:28:12.421000,1.49729,1.49721,2240000,3600000
2022-10-20 14:28:12.624000,1.49729,1.49723,3140000,3600000
2022-10-20 14:28:13.033000,1.49728,1.49722,2240000,3600000
2022-10-20 14:28:13.206000,1.49729,1.49723,3140000,3600000
2022-10-20 14:28:13.561000,1.49729,1.49724,1200000,3600000
2022-10-20 14:28:13.718000,1.49729,1.49723,3140000,3600000
2022-10-20 14:28:13.870000,1.49729,1.49724,1200000,3600000
2022-10-20 14:28:14.114000,1.49728,1.49723,2520000,3600000
2022-10-20 14:28:14.216000,1.49728,1.49722,6770000,3600000
2022-10-20 14:28:14.369000,1.49727,1.49719,2240000,4200000
2022-10-20 14:28:14.470000,1.49727,1.49722,1670000,3600000
2022-10-20 14:28:14.583000,1.49726,1.4972,2780000,4200000
2022-10-20 14:28:14.685000,1.49726,1.4972,4370000,3600000
2022-10-20 14:28:14.786000,1.49726,1.49721,1200000,3600000
2022-10-20 14:28:15.108000,1.49726,1.4972,3680000,3600000
2022-10-20 14:28:15.726000,1.49726,1.4972,4280000,3600000
2022-10-20 14:28:16.335000,1.49725,1.49719,2780000,3600000
2022-10-20 14:28:17.292000,1.49727,1.49718,2780000,3600000
2022-10-20 14:28:17.394000,1.49726,1.49718,2240000,3600000
2022-10-20 14:28:17.496000,1.49727,1.4972,6120000,3600000
2022-10-20 14:28:17.600000,1.49725,1.49719,2240000,3600000
2022-10-20 14:28:18.404000,1.49726,1.4972,1200000,3600000
2022-10-20 14:28:18.606000,1.49726,1.49721,1200000,3600000
2022-10-20 14:28:18.772000,1.49725,1.49719,2240000,4500000
2022-10-20 14:28:19.027000,1.49726,1.4972,1440000,3600000
2022-10-20 14:28:19.321000,1.49725,1.49719,2240000,3600000
2022-10-20 14:28:19.372000,1.49725,1.49721,2240000,1200000
2022-10-20 14:28:22,1.49725,1.4972,4810000,1200000
2022-10-20 14:28:22.203000,1.49724,1.4972,2700000,1200000
2022-10-20 14:28:22.316000,1.49723,1.49719,2240000,1200000
2022-10-20 14:28:22.418000,1.49725,1.49719,5410000,1200000
2022-10-20 14:28:22.519000,1.49723,1.49719,2240000,1200000
2022-10-20 14:28:23.499000,1.49725,1.49719,4510000,1200000
2022-10-20 14:28:23.854000,1.49723,1.49719,2240000,1200000
2022-10-20 14:28:24.361000,1.49723,1.49719,2060000,1200000
2022-10-20 14:28:24.412000,1.49722,1.49717,1320000,3600000
2022-10-20 14:28:24.565000,1.49723,1.49717,3680000,3600000
2022-10-20 14:28:25.086000,1.49723,1.49718,3680000,1200000
2022-10-20 14:28:25.487000,1.49722,1.49718,3240000,1200000
2022-10-20 14:28:25.588000,1.49722,1.49717,3240000,1200000
2022-10-20 14:28:25.994000,1.49723,1.49717,3680000,4500000
2022-10-20 14:28:26.096000,1.49724,1.49718,3680000,3600000
2022-10-20 14:28:26.197000,1.49724,1.49719,3680000,1200000
2022-10-20 14:28:28.046000,1.49724,1.49718,4320000,4500000
2022-10-20 14:28:28.332000,1.49723,1.49718,4990000,1200000
2022-10-20 14:28:28.434000,1.49723,1.49717,4810000,4500000
2022-10-20 14:28:28.536000,1.49724,1.49718,5220000,4500000
2022-10-20 14:28:28.739000,1.49722,1.49718,2240000,1200000
2022-10-20 14:28:28.875000,1.49723,1.49716,2240000,1200000
2022-10-20 14:28:28.976000,1.49724,1.49718,4760000,4500000
2022-10-20 14:28:29.439000,1.49724,1.49718,4140000,4500000
2022-10-20 14:28:30.136000,1.49723,1.49718,2060000,4500000
2022-10-20 14:28:30.390000,1.4972,1.49716,2240000,1200000
2022-10-20 14:28:30.499000,1.4972,1.49715,2240000,1200000
2022-10-20 14:28:30.601000,1.4972,1.49714,5940000,4040000
2022-10-20 14:28:30.703000,1.49718,1.4971,2780000,4640000
2022-10-20 14:28:30.805000,1.49717,1.49711,7280000,3600000
2022-10-20 14:28:30.907000,1.49717,1.49711,6440000,4940000
2022-10-20 14:28:30.958000,1.49717,1.49713,1200000,1200000
2022-10-20 14:28:31.009000,1.49718,1.49713,4810000,1200000
2022-10-20 14:28:31.162000,1.49718,1.49713,4880000,1200000
2022-10-20 14:28:31.213000,1.4972,1.49714,8060000,4040000
2022-10-20 14:28:31.315000,1.4972,1.49714,4760000,1200000
2022-10-20 14:28:31.417000,1.4972,1.49716,2280000,3600000
2022-10-20 14:28:31.518000,1.49722,1.49715,2240000,1200000
2022-10-20 14:28:31.626000,1.49723,1.49715,4370000,4500000
2022-10-20 14:28:31.728000,1.49722,1.49717,3910000,1200000
2022-10-20 14:28:31.880000,1.49723,1.49718,1500000,4500000
2022-10-20 14:28:32.083000,1.49722,1.49718,2240000,1200000
2022-10-20 14:28:32.406000,1.49722,1.49716,2240000,3600000
2022-10-20 14:28:32.508000,1.49723,1.49717,3910000,3600000
2022-10-20 14:28:33.325000,1.49723,1.49718,1200000,3600000
2022-10-20 14:28:33.917000,1.49724,1.49718,2780000,3600000
2022-10-20 14:28:34.171000,1.49723,1.49717,2240000,3600000
2022-10-20 14:28:34.273000,1.49724,1.49717,2780000,3600000
2022-10-20 14:28:34.508000,1.49724,1.49717,2960000,3600000
2022-10-20 14:28:34.612000,1.49723,1.49718,1440000,3600000
2022-10-20 14:28:34.663000,1.49722,1.49716,3240000,3600000
2022-10-20 14:28:34.822000,1.49723,1.49717,4580000,3600000
2022-10-20 14:28:35.443000,1.49723,1.49718,1200000,3600000
2022-10-20 14:28:35.645000,1.49724,1.49718,3140000,3600000
2022-10-20 14:28:36.051000,1.49722,1.49715,1200000,4040000
2022-10-20 14:28:36.152000,1.4972,1.49714,2240000,4200000
2022-10-20 14:28:36.203000,1.4972,1.49714,2240000,3600000
2022-10-20 14:28:36.254000,1.49722,1.49716,4580000,3600000
2022-10-20 14:28:36.392000,1.49722,1.49717,1440000,3600000
2022-10-20 14:28:36.494000,1.49722,1.49716,3680000,3600000
2022-10-20 14:28:36.646000,1.49721,1.49715,2240000,3600000
2022-10-20 14:28:37.053000,1.4972,1.49714,2240000,3600000
2022-10-20 14:28:37.155000,1.49719,1.49713,2240000,3600000
2022-10-20 14:28:37.408000,1.49721,1.49712,2780000,3600000
2022-10-20 14:28:37.634000,1.49721,1.49714,4320000,3600000
2022-10-20 14:28:38.333000,1.4972,1.49713,2780000,3600000
2022-10-20 14:28:38.879000,1.49721,1.49714,4320000,3600000
2022-10-20 14:28:38.981000,1.4972,1.49713,2780000,3600000
2022-10-20 14:28:39.736000,1.49721,1.49714,4320000,3600000
2022-10-20 14:28:40.135000,1.49722,1.49716,4040000,3600000
2022-10-20 14:28:40.679000,1.49723,1.49717,2240000,3600000
2022-10-20 14:28:40.882000,1.49722,1.49716,3860000,4500000
2022-10-20 14:28:40.984000,1.49722,1.49714,3980000,3600000
2022-10-20 14:28:41.086000,1.49721,1.49714,3860000,3600000
2022-10-20 14:28:41.219000,1.49719,1.49713,2240000,3600000
2022-10-20 14:28:41.472000,1.49717,1.49711,2780000,3600000
2022-10-20 14:28:41.574000,1.49716,1.4971,2240000,3600000
2022-10-20 14:28:41.913000,1.49717,1.49711,4640000,3600000
2022-10-20 14:28:42.015000,1.49717,1.49711,2240000,3600000
2022-10-20 14:28:42.370000,1.49716,1.4971,2240000,3600000
2022-10-20 14:28:42.472000,1.49717,1.49711,5480000,3600000
2022-10-20 14:28:42.574000,1.49716,1.4971,2240000,3600000
2022-10-20 14:28:42.676000,1.49716,1.4971,3420000,3600000
2022-10-20 14:28:42.727000,1.49715,1.49708,4740000,6020000
2022-10-20 14:28:42.829000,1.49713,1.49707,2240000,3600000
2022-10-20 14:28:42.931000,1.49714,1.49708,2930000,3600000
2022-10-20 14:28:43.224000,1.49712,1.49706,2240000,4200000
2022-10-20 14:28:43.333000,1.49712,1.49706,2240000,3600000
2022-10-20 14:28:43.435000,1.49714,1.49708,3240000,3600000
2022-10-20 14:28:43.638000,1.49713,1.49707,5040000,3600000
2022-10-20 14:28:43.790000,1.49711,1.49705,2240000,3600000
2022-10-20 14:28:43.943000,1.49712,1.49705,3680000,3600000
2022-10-20 14:28:44.335000,1.4971,1.49704,2240000,3600000
2022-10-20 14:28:44.521000,1.49712,1.49706,3370000,3600000
2022-10-20 14:28:44.876000,1.49711,1.49703,2240000,4200000
2022-10-20 14:28:44.978000,1.4971,1.49704,2240000,3600000
2022-10-20 14:28:45.079000,1.49713,1.49705,2240000,3600000
2022-10-20 14:28:45.181000,1.49713,1.49707,3140000,3600000
2022-10-20 14:28:46.008000,1.49712,1.49706,2240000,3600000
2022-10-20 14:28:46.236000,1.49713,1.49707,1200000,3600000
2022-10-20 14:28:46.410000,1.49713,1.49709,1200000,3600000
2022-10-20 14:28:46.511000,1.49714,1.49707,1340000,3600000
2022-10-20 14:28:46.613000,1.49713,1.49707,3900000,3600000
2022-10-20 14:28:46.765000,1.49713,1.49707,3600000,3600000
2022-10-20 14:28:47.288000,1.49713,1.49708,1340000,3600000
2022-10-20 14:28:47.410000,1.49713,1.49707,3600000,3600000
2022-10-20 14:28:48.261000,1.49713,1.49708,1200000,3600000
2022-10-20 14:28:49.272000,1.49713,1.49707,3370000,3600000
2022-10-20 14:28:49.473000,1.49713,1.49708,1200000,3600000
2022-10-20 14:28:49.780000,1.49713,1.49707,3140000,3600000
2022-10-20 14:28:50.046000,1.49713,1.49708,1200000,3600000
2022-10-20 14:28:51.850000,1.49713,1.49707,3140000,3600000
2022-10-20 14:28:52.125000,1.49713,1.49708,1200000,3600000
2022-10-20 14:28:52.531000,1.49713,1.49707,3140000,3600000
2022-10-20 14:28:52.633000,1.49713,1.49708,1200000,3600000
2022-10-20 14:28:52.734000,1.49713,1.49707,3140000,3600000
2022-10-20 14:28:52.836000,1.49713,1.49708,1200000,3600000
2022-10-20 14:28:54.294000,1.49713,1.49707,3140000,3600000
2022-10-20 14:28:54.396000,1.49713,1.49708,1200000,3600000
2022-10-20 14:28:54.517000,1.49716,1.49708,5220000,3600000
2022-10-20 14:28:54.619000,1.49714,1.49708,3680000,3600000
2022-10-20 14:28:54.720000,1.49714,1.49706,2240000,3600000
2022-10-20 14:28:57.616000,1.49709,1.49704,1200000,4200000
2022-10-20 14:28:57.671000,1.49713,1.49707,5040000,3600000
2022-10-20 14:28:57.773000,1.49714,1.49708,4920000,3600000
2022-10-20 14:28:57.976000,1.49712,1.49706,3490000,3600000
2022-10-20 14:28:58.027000,1.4971,1.49704,2240000,3600000
2022-10-20 14:28:58.179000,1.49711,1.49705,3370000,3600000
2022-10-20 14:28:58.281000,1.49711,1.49706,1500000,3600000
2022-10-20 14:28:58.332000,1.49712,1.49706,2470000,3600000
2022-10-20 14:28:58.889000,1.49713,1.49707,3240000,3600000
2022-10-20 14:28:59.207000,1.49712,1.49706,2240000,3600000
2022-10-20 14:28:59.359000,1.49713,1.49707,3240000,3600000
2022-10-20 14:29:00.534000,1.49714,1.49708,2340000,3600000
2022-10-20 14:29:00.966000,1.49717,1.49714,3600000,1200000
2022-10-20 14:29:01.068000,1.4972,1.49715,1500000,3600000
2022-10-20 14:29:01.170000,1.49721,1.49715,3370000,3600000
2022-10-20 14:29:01.221000,1.49721,1.49715,3440000,3600000
2022-10-20 14:29:01.322000,1.49721,1.49715,3370000,3600000
2022-10-20 14:29:01.576000,1.4972,1.49714,5040000,3600000
2022-10-20 14:29:01.678000,1.49719,1.49713,2840000,4040000
2022-10-20 14:29:01.838000,1.49718,1.49712,2700000,4500000
2022-10-20 14:29:02.462000,1.49721,1.49714,3830000,3600000
2022-10-20 14:29:02.614000,1.49721,1.49715,4500000,3600000
2022-10-20 14:29:02.891000,1.49721,1.49714,3600000,3600000
2022-10-20 14:29:03.044000,1.49721,1.49715,3600000,3600000
2022-10-20 14:29:04.254000,1.49721,1.49716,1200000,3600000
2022-10-20 14:29:04.530000,1.49722,1.49716,2240000,3600000
2022-10-20 14:29:05.333000,1.49723,1.49717,3140000,3600000
2022-10-20 14:29:05.974000,1.49723,1.49718,1200000,3600000
2022-10-20 14:29:06.217000,1.49723,1.49717,4320000,3600000
2022-10-20 14:29:06.319000,1.49722,1.49717,1340000,3600000
2022-10-20 14:29:06.471000,1.49723,1.49717,3680000,3600000
2022-10-20 14:29:06.697000,1.49723,1.49717,5060000,3600000
2022-10-20 14:29:06.799000,1.49722,1.49716,2240000,3830000
2022-10-20 14:29:06.901000,1.49723,1.49717,5480000,3600000
2022-10-20 14:29:07.660000,1.49723,1.49718,1200000,3600000
2022-10-20 14:29:07.812000,1.49723,1.49717,3140000,3600000
2022-10-20 14:29:08.015000,1.49724,1.49717,1200000,3600000
2022-10-20 14:29:09.051000,1.49723,1.4972,1200000,3600000
2022-10-20 14:29:09.102000,1.49723,1.49718,1200000,3600000
2022-10-20 14:29:09.153000,1.49723,1.4972,1200000,3600000
2022-10-20 14:29:09.378000,1.49724,1.49718,1200000,3600000
2022-10-20 14:29:09.480000,1.49723,1.49718,1440000,3600000
2022-10-20 14:29:10.630000,1.49723,1.49717,3680000,3600000
2022-10-20 14:29:11.079000,1.49723,1.49717,3860000,3600000
2022-10-20 14:29:11.181000,1.49721,1.49715,3680000,3900000
2022-10-20 14:29:11.283000,1.49722,1.49716,4580000,3600000
2022-10-20 14:29:11.551000,1.49722,1.49716,4320000,3830000
2022-10-20 14:29:11.653000,1.49714,1.49712,2240000,1200000
2022-10-20 14:29:11.856000,1.49715,1.49712,2780000,1200000
2022-10-20 14:29:12.160000,1.49714,1.49711,1620000,1200000
2022-10-20 14:29:12.262000,1.49713,1.49707,3010000,3600000
2022-10-20 14:29:15.116000,1.49714,1.49711,3240000,1200000
2022-10-20 14:29:15.217000,1.49714,1.49708,3240000,3600000
2022-10-20 14:29:15.438000,1.49713,1.49707,2240000,3600000
2022-10-20 14:29:15.545000,1.49714,1.49708,4140000,3600000
2022-10-20 14:29:15.646000,1.49713,1.49707,2240000,3600000
2022-10-20 14:29:16.104000,1.49712,1.49706,2240000,3600000
2022-10-20 14:29:16.206000,1.49713,1.49707,3680000,3600000
2022-10-20 14:29:16.308000,1.49713,1.49705,2240000,3600000
2022-10-20 14:29:16.713000,1.4971,1.49704,2240000,3600000
2022-10-20 14:29:16.815000,1.49712,1.49706,2780000,3600000
2022-10-20 14:29:18.196000,1.49712,1.49705,2780000,3600000
2022-10-20 14:29:18.405000,1.49712,1.49706,2780000,3600000
2022-10-20 14:29:19.585000,1.49713,1.49707,3860000,3600000
2022-10-20 14:29:19.737000,1.49713,1.49707,3680000,3600000
2022-10-20 14:29:19.839000,1.49713,1.49707,3860000,3600000
2022-10-20 14:29:19.991000,1.49713,1.49707,3680000,3600000
2022-10-20 14:29:21.157000,1.49714,1.49708,3240000,3600000
2022-10-20 14:29:21.457000,1.49713,1.49707,2340000,3600000
2022-10-20 14:29:21.827000,1.49714,1.49708,3720000,3600000
2022-10-20 14:29:22.550000,1.49713,1.49707,2340000,3600000
2022-10-20 14:29:26.946000,1.49712,1.49706,2340000,3600000
2022-10-20 14:29:27.561000,1.49708,1.49704,2240000,8230000
2022-10-20 14:29:27.663000,1.49709,1.49703,1500000,6200000
2022-10-20 14:29:27.766000,1.49712,1.49706,3720000,3600000
2022-10-20 14:29:28.147000,1.49712,1.49705,3720000,3600000
2022-10-20 14:29:28.248000,1.49712,1.49706,3720000,3600000
2022-10-20 14:29:28.669000,1.49712,1.49706,3240000,3600000
2022-10-20 14:29:28.801000,1.49711,1.49703,2240000,3600000
2022-10-20 14:29:28.903000,1.49713,1.49707,4140000,3600000
2022-10-20 14:29:31.625000,1.49712,1.49706,2240000,3600000
2022-10-20 14:29:32.577000,1.49709,1.49703,2240000,7150000
2022-10-20 14:29:32.679000,1.49707,1.49703,2780000,2160000
2022-10-20 14:29:32.831000,1.49708,1.49703,2340000,2160000
2022-10-20 14:29:33.088000,1.49709,1.49703,4320000,5760000
2022-10-20 14:29:33.190000,1.49709,1.49703,4160000,5760000
2022-10-20 14:29:33.292000,1.49709,1.49703,3240000,5760000
2022-10-20 14:29:33.767000,1.4971,1.49704,3240000,3600000
2022-10-20 14:29:33.869000,1.49709,1.49703,2240000,5760000
2022-10-20 14:29:33.970000,1.49711,1.49703,3240000,3600000
2022-10-20 14:29:34.123000,1.49709,1.49703,2240000,5760000
2022-10-20 14:29:34.380000,1.4971,1.49704,3240000,3600000
2022-10-20 14:29:34.729000,1.49709,1.49703,2340000,5760000
2022-10-20 14:29:34.932000,1.4971,1.49704,3240000,3600000
2022-10-20 14:29:35.401000,1.49709,1.49703,2340000,5760000
2022-10-20 14:29:35.504000,1.49708,1.49703,2240000,2160000
2022-10-20 14:29:35.606000,1.49711,1.49704,4390000,3600000
2022-10-20 14:29:35.759000,1.49708,1.49703,2240000,2160000
2022-10-20 14:29:35.861000,1.49711,1.49705,3860000,3600000
2022-10-20 14:29:36.216000,1.49711,1.49706,1460000,3600000
2022-10-20 14:29:36.323000,1.49711,1.49706,1200000,3600000
2022-10-20 14:29:36.577000,1.49711,1.49704,1200000,3600000
2022-10-20 14:29:36.679000,1.49712,1.49706,2780000,3600000
2022-10-20 14:29:37.798000,1.49707,1.49703,2240000,2600000
2022-10-20 14:29:37.849000,1.49711,1.49706,2340000,3600000
2022-10-20 14:29:37.951000,1.49711,1.49705,4340000,3600000
2022-10-20 14:29:38.002000,1.49712,1.49704,3370000,3600000
2022-10-20 14:29:38.104000,1.49711,1.49706,1200000,3600000
2022-10-20 14:29:38.328000,1.49711,1.49705,1200000,3600000
2022-10-20 14:29:38.697000,1.49711,1.49706,1200000,3600000
2022-10-20 14:29:39.105000,1.4971,1.49704,2240000,3680000
2022-10-20 14:29:39.156000,1.49711,1.49706,1200000,3600000
2022-10-20 14:29:39.701000,1.4971,1.49704,2240000,5060000
2022-10-20 14:29:39.803000,1.49711,1.49705,1200000,3680000
2022-10-20 14:29:40.829000,1.4971,1.49704,2240000,5040000
2022-10-20 14:29:40.931000,1.49712,1.49703,1200000,5040000
2022-10-20 14:29:41.264000,1.49711,1.49706,1200000,3600000
2022-10-20 14:29:42.238000,1.4971,1.49704,2240000,3680000
2022-10-20 14:29:42.549000,1.49711,1.49705,1200000,3600000
2022-10-20 14:29:42.657000,1.49711,1.49706,1200000,3600000
2022-10-20 14:29:42.759000,1.49711,1.49705,3140000,3600000
2022-10-20 14:29:43.928000,1.49711,1.49706,1200000,3600000
2022-10-20 14:29:45.023000,1.49711,1.49705,3140000,3600000
2022-10-20 14:29:45.146000,1.49711,1.49706,1200000,3600000
2022-10-20 14:29:45.248000,1.49711,1.49705,3140000,3600000
2022-10-20 14:29:45.350000,1.49711,1.49706,1200000,3600000
2022-10-20 14:29:45.500000,1.49711,1.49705,3140000,3600000
2022-10-20 14:29:45.602000,1.49712,1.49705,1200000,3600000
2022-10-20 14:29:48.322000,1.49711,1.49707,1200000,3600000
2022-10-20 14:29:49.412000,1.49714,1.49707,2700000,3600000
2022-10-20 14:29:49.692000,1.49713,1.49707,2240000,3600000
2022-10-20 14:29:57.113000,1.49713,1.49707,3000000,3600000
2022-10-20 14:29:57.164000,1.49713,1.49707,2470000,3600000
2022-10-20 14:29:59.588000,1.49714,1.49707,2240000,4500000
2022-10-20 14:29:59.690000,1.49713,1.49707,2240000,4500000
2022-10-20 14:30:00.045000,1.49714,1.49706,2540000,3600000
2022-10-20 14:30:00.192000,1.49713,1.49707,2470000,3600000
2022-10-20 14:30:00.509000,1.49713,1.49705,3370000,4140000
2022-10-20 14:30:00.560000,1.49714,1.49706,3370000,3600000
2022-10-20 14:30:00.864000,1.49713,1.49705,3370000,4140000
2022-10-20 14:30:00.915000,1.49713,1.49707,3370000,3600000
2022-10-20 14:30:01.016000,1.49714,1.49704,3370000,4140000
2022-10-20 14:30:01.169000,1.49713,1.49707,3370000,3600000
2022-10-20 14:30:01.270000,1.49713,1.49705,3370000,4140000
2022-10-20 14:30:01.393000,1.49706,1.49703,1800000,3200000
2022-10-20 14:30:01.495000,1.49711,1.49705,2540000,3600000
2022-10-20 14:30:01.546000,1.49711,1.49703,2240000,8100000
2022-10-20 14:30:01.597000,1.49711,1.49706,1500000,4500000
2022-10-20 14:30:01.648000,1.49712,1.49706,3140000,4500000
2022-10-20 14:30:01.699000,1.49711,1.49706,1500000,1200000
2022-10-20 14:30:01.801000,1.4971,1.49706,1500000,3600000
2022-10-20 14:30:01.903000,1.49712,1.49708,4340000,1200000
2022-10-20 14:30:01.954000,1.49712,1.49708,3140000,1200000
2022-10-20 14:30:02.412000,1.49711,1.49708,2240000,1200000
2022-10-20 14:30:02.514000,1.4971,1.49707,2240000,1200000
2022-10-20 14:30:02.616000,1.49712,1.49707,3140000,1200000
2022-10-20 14:30:02.782000,1.49712,1.49708,3140000,1200000
2022-10-20 14:30:02.834000,1.49712,1.49706,3140000,3600000
2022-10-20 14:30:03.048000,1.49712,1.49707,1200000,3600000
2022-10-20 14:30:03.301000,1.49712,1.49704,1200000,4760000
2022-10-20 14:30:04.115000,1.49712,1.49706,1200000,3600000
2022-10-20 14:30:04.358000,1.49712,1.49707,1200000,3600000
2022-10-20 14:30:07.337000,1.49712,1.49705,1200000,5040000
2022-10-20 14:30:07.388000,1.49712,1.49707,1200000,3600000
2022-10-20 14:30:07.540000,1.49712,1.49706,1200000,3600000
2022-10-20 14:30:07.719000,1.49713,1.49706,1200000,3600000
2022-10-20 14:30:07.821000,1.49712,1.49706,3140000,3600000
2022-10-20 14:30:07.973000,1.49712,1.49707,1200000,3600000
2022-10-20 14:30:08.278000,1.49712,1.49706,1200000,3600000
2022-10-20 14:30:08.536000,1.49712,1.49707,1200000,3600000
2022-10-20 14:30:09.004000,1.49713,1.49705,1200000,4500000
2022-10-20 14:30:09.263000,1.49713,1.49706,1200000,3600000
2022-10-20 14:30:09.365000,1.49712,1.49709,1200000,4140000
2022-10-20 14:30:09.568000,1.49712,1.49707,1200000,4140000
2022-10-20 14:30:09.670000,1.49712,1.49709,1200000,3600000
2022-10-20 14:30:10.156000,1.49713,1.4971,1200000,3600000
2022-10-20 14:30:10.258000,1.49712,1.49709,1200000,3600000
2022-10-20 14:30:10.360000,1.49712,1.49708,1200000,4140000
2022-10-20 14:30:11.825000,1.49713,1.49709,1200000,4320000
2022-10-20 14:30:11.876000,1.49717,1.49712,4730000,4140000
2022-10-20 14:30:11.928000,1.49718,1.49714,4730000,3600000
2022-10-20 14:30:12.030000,1.49719,1.49713,6970000,3600000
2022-10-20 14:30:13.506000,1.4972,1.49714,6970000,3600000
2022-10-20 14:30:13.608000,1.4972,1.49715,4730000,3600000
2022-10-20 14:30:13.710000,1.49721,1.49715,6970000,3600000
2022-10-20 14:30:13.811000,1.49721,1.49712,4730000,4140000
2022-10-20 14:30:13.913000,1.4972,1.49714,2240000,3600000
2022-10-20 14:30:14.139000,1.49721,1.49713,4730000,3600000
2022-10-20 14:30:14.291000,1.49723,1.49712,3600000,3600000
2022-10-20 14:30:14.448000,1.4972,1.49714,2240000,3600000
2022-10-20 14:30:14.682000,1.49723,1.49712,3600000,3600000
2022-10-20 14:30:14.733000,1.49721,1.49715,2240000,3600000
2022-10-20 14:30:14.835000,1.49722,1.49714,2700000,3600000
2022-10-20 14:30:14.936000,1.49722,1.49713,2700000,3600000
2022-10-20 14:30:15.038000,1.49722,1.49714,2240000,3600000
2022-10-20 14:30:15.300000,1.49722,1.49713,3600000,3600000
2022-10-20 14:30:15.362000,1.49722,1.49716,3600000,3600000
2022-10-20 14:30:15.413000,1.49722,1.49713,3600000,3600000
2022-10-20 14:30:15.514000,1.49722,1.49716,3600000,3600000
2022-10-20 14:30:15.667000,1.49722,1.49714,2240000,3600000
2022-10-20 14:30:15.769000,1.49723,1.49717,3140000,3600000
2022-10-20 14:30:15.922000,1.49722,1.49717,4730000,3600000
2022-10-20 14:30:16.024000,1.4972,1.49716,1200000,3600000
2022-10-20 14:30:16.075000,1.4972,1.49713,3140000,3600000
2022-10-20 14:30:16.177000,1.4972,1.49715,4730000,3600000
2022-10-20 14:30:16.279000,1.49721,1.49715,2240000,3600000
2022-10-20 14:30:16.584000,1.49722,1.49715,4730000,3600000
2022-10-20 14:30:16.686000,1.49723,1.49715,4730000,3600000
2022-10-20 14:30:16.788000,1.49723,1.49717,6970000,3600000
2022-10-20 14:30:17.136000,1.4972,1.49714,2240000,3600000
2022-10-20 14:30:17.303000,1.49721,1.49715,2240000,3600000
2022-10-20 14:30:17.898000,1.49723,1.49717,6970000,3600000
2022-10-20 14:30:18,1.49724,1.49717,6970000,3600000
2022-10-20 14:30:18.102000,1.49724,1.49716,2240000,4500000
2022-10-20 14:30:18.407000,1.49722,1.49716,2700000,3600000
2022-10-20 14:30:18.762000,1.49721,1.49715,2240000,3600000
2022-10-20 14:30:18.864000,1.4972,1.49714,2240000,3600000
2022-10-20 14:30:19.098000,1.49722,1.49715,5170000,3600000
2022-10-20 14:30:19.200000,1.49721,1.49715,2240000,3600000
2022-10-20 14:30:19.302000,1.49722,1.49716,6970000,3600000
2022-10-20 14:30:19.506000,1.49723,1.49717,6970000,3600000
2022-10-20 14:30:22.084000,1.49724,1.49718,2240000,4140000
2022-10-20 14:30:22.186000,1.49723,1.49717,2240000,5480000
2022-10-20 14:30:22.780000,1.49725,1.49718,1500000,3600000
2022-10-20 14:30:24.489000,1.49723,1.49717,2240000,4140000
2022-10-20 14:30:25.498000,1.49724,1.49718,2930000,3600000
2022-10-20 14:30:26.006000,1.49725,1.49719,2470000,3600000
2022-10-20 14:30:26.259000,1.49724,1.49718,2240000,3600000
2022-10-20 14:30:26.462000,1.49725,1.49719,2540000,3600000
2022-10-20 14:30:26.564000,1.49725,1.49719,2240000,3600000
2022-10-20 14:30:27.424000,1.49724,1.49718,2240000,3600000
2022-10-20 14:30:29.094000,1.49725,1.4972,2470000,1320000
2022-10-20 14:30:29.145000,1.49727,1.4972,2470000,4040000
2022-10-20 14:30:29.246000,1.49727,1.4972,3530000,4040000
2022-10-20 14:30:30.330000,1.49727,1.4972,3140000,3600000
2022-10-20 14:30:30.735000,1.49726,1.4972,2240000,3600000
2022-10-20 14:30:30.837000,1.49725,1.4972,1200000,3600000
2022-10-20 14:30:30.939000,1.49726,1.4972,2240000,3600000
2022-10-20 14:30:31.334000,1.49726,1.4972,3300000,3600000
2022-10-20 14:30:31.588000,1.49725,1.49719,2700000,3600000
2022-10-20 14:30:32.970000,1.49725,1.49719,3000000,3600000
2022-10-20 14:30:33.495000,1.49725,1.49719,3140000,3600000
2022-10-20 14:30:34.929000,1.49726,1.4972,3740000,3600000
2022-10-20 14:30:35.031000,1.49725,1.49719,2930000,3600000
2022-10-20 14:30:35.730000,1.49726,1.4972,3970000,3600000
2022-10-20 14:30:36.034000,1.49725,1.49719,2700000,3600000
2022-10-20 14:30:38.742000,1.49726,1.49721,2240000,1920000
2022-10-20 14:30:38.793000,1.49729,1.49723,2540000,3600000
2022-10-20 14:30:38.895000,1.49726,1.49722,1200000,3600000
2022-10-20 14:30:38.997000,1.49729,1.49723,2700000,3600000
2022-10-20 14:30:39.048000,1.49731,1.49726,1500000,3600000
2022-10-20 14:30:39.150000,1.49732,1.49727,1500000,3600000
2022-10-20 14:30:39.201000,1.49733,1.49727,3440000,3600000
2022-10-20 14:30:39.252000,1.49733,1.49727,2240000,3600000
2022-10-20 14:30:39.354000,1.49736,1.49728,3440000,3600000
2022-10-20 14:30:39.405000,1.49733,1.49727,2240000,3600000
2022-10-20 14:30:39.456000,1.49735,1.49729,3000000,3600000
2022-10-20 14:30:39.558000,1.49736,1.49727,6740000,3600000
2022-10-20 14:30:39.660000,1.49737,1.49728,3900000,3600000
2022-10-20 14:30:40.011000,1.49736,1.49729,3000000,3600000
2022-10-20 14:30:40.806000,1.49737,1.49729,3000000,3600000
2022-10-20 14:30:40.908000,1.49737,1.49731,4040000,3600000
2022-10-20 14:30:41.009000,1.49736,1.4973,2930000,3600000
2022-10-20 14:30:41.111000,1.49735,1.49729,2240000,3600000
2022-10-20 14:30:42.015000,1.49736,1.4973,2700000,3600000
2022-10-20 14:30:42.218000,1.49737,1.49729,3070000,4500000
2022-10-20 14:30:42.324000,1.49738,1.49729,2470000,7020000
2022-10-20 14:30:42.426000,1.49738,1.49732,2700000,3600000
2022-10-20 14:30:42.579000,1.49739,1.49733,3740000,3600000
2022-10-20 14:30:42.680000,1.49738,1.49732,2700000,3600000
2022-10-20 14:30:42.985000,1.49739,1.49735,3140000,3600000
2022-10-20 14:30:43.086000,1.49741,1.49735,3440000,3600000
2022-10-20 14:30:43.239000,1.49743,1.49736,3440000,3600000
2022-10-20 14:30:43.340000,1.49743,1.49736,2540000,3600000
2022-10-20 14:30:43.442000,1.49741,1.49735,2240000,3600000
2022-10-20 14:30:43.544000,1.49742,1.49736,2240000,3600000
2022-10-20 14:30:43.646000,1.49743,1.49737,2470000,3600000
2022-10-20 14:30:43.697000,1.49742,1.49734,2240000,1200000
2022-10-20 14:30:43.799000,1.49742,1.49736,3600000,3600000
2022-10-20 14:30:43.901000,1.49743,1.49737,2240000,3600000
2022-10-20 14:30:44.003000,1.49741,1.49735,2240000,3600000
2022-10-20 14:30:44.105000,1.49741,1.49737,1200000,3600000
2022-10-20 14:30:44.207000,1.49744,1.49736,2540000,3600000
2022-10-20 14:30:44.308000,1.49744,1.49737,2470000,3600000
2022-10-20 14:30:44.359000,1.49744,1.49737,3440000,3600000
2022-10-20 14:30:44.461000,1.49745,1.49738,5240000,3600000
2022-10-20 14:30:44.563000,1.49745,1.49738,2100000,3600000
2022-10-20 14:30:44.823000,1.49743,1.49737,2240000,3600000
2022-10-20 14:30:45.026000,1.49739,1.49733,5400000,4640000
2022-10-20 14:30:45.152000,1.49739,1.49733,3600000,3600000
2022-10-20 14:30:45.257000,1.49741,1.49734,2700000,3600000
2022-10-20 14:30:45.308000,1.49744,1.49734,5400000,3600000
2022-10-20 14:30:45.409000,1.49743,1.49735,2540000,3600000
2022-10-20 14:30:45.460000,1.49743,1.49735,3440000,3600000
2022-10-20 14:30:45.562000,1.49741,1.49736,1500000,3600000
2022-10-20 14:30:45.613000,1.49744,1.49734,3440000,3600000
2022-10-20 14:30:45.765000,1.49741,1.49735,2240000,3600000
2022-10-20 14:30:45.867000,1.49742,1.49735,2240000,3600000
2022-10-20 14:30:45.969000,1.49741,1.49735,2240000,3600000
2022-10-20 14:30:46.070000,1.49743,1.49737,2240000,3600000
2022-10-20 14:30:46.121000,1.49743,1.49735,2240000,3600000
2022-10-20 14:30:46.223000,1.49743,1.49736,2240000,3600000
2022-10-20 14:30:46.409000,1.49742,1.49736,2240000,3600000
2022-10-20 14:30:46.612000,1.4974,1.49734,2240000,3600000
2022-10-20 14:30:46.713000,1.49738,1.4973,2240000,3600000
2022-10-20 14:30:46.970000,1.49734,1.49728,2240000,3600000
2022-10-20 14:30:47.324000,1.49735,1.49729,2540000,3600000
2022-10-20 14:30:47.426000,1.49737,1.49729,2470000,3600000
2022-10-20 14:30:47.477000,1.49736,1.4973,3440000,3600000
2022-10-20 14:30:47.579000,1.49735,1.49729,2470000,3600000
2022-10-20 14:30:47.851000,1.49736,1.4973,2540000,3600000
2022-10-20 14:30:47.902000,1.49734,1.49728,2470000,3600000
2022-10-20 14:30:49.361000,1.49736,1.4973,2640000,3600000
2022-10-20 14:30:49.665000,1.49735,1.49729,2540000,3600000
2022-10-20 14:30:49.818000,1.49735,1.49729,2340000,3600000
2022-10-20 14:30:49.919000,1.49735,1.49728,2640000,3600000
2022-10-20 14:30:50.145000,1.49735,1.49729,2640000,3600000
2022-10-20 14:30:51.193000,1.49734,1.49728,2470000,3600000
2022-10-20 14:30:51.887000,1.49736,1.49729,4020000,3600000
2022-10-20 14:30:52.560000,1.49737,1.49729,4620000,3600000
2022-10-20 14:30:52.662000,1.49737,1.49731,3490000,3600000
2022-10-20 14:30:52.764000,1.49736,1.4973,2340000,3600000
2022-10-20 14:30:52.865000,1.49737,1.49731,3260000,3600000
2022-10-20 14:30:52.967000,1.49736,1.4973,2340000,3600000
2022-10-20 14:30:53.069000,1.49736,1.4973,2240000,6000000
2022-10-20 14:30:53.171000,1.49736,1.4973,2340000,3600000
2022-10-20 14:30:53.272000,1.49737,1.49727,1620000,3600000
2022-10-20 14:30:53.323000,1.49737,1.49731,1620000,3600000
2022-10-20 14:30:53.439000,1.49736,1.4973,2340000,3600000
2022-10-20 14:30:54.137000,1.49735,1.49729,2240000,3600000
2022-10-20 14:30:54.243000,1.49736,1.4973,3470000,3600000
2022-10-20 14:30:54.344000,1.49735,1.49729,2340000,3600000
2022-10-20 14:30:54.754000,1.49736,1.4973,2780000,3600000
2022-10-20 14:30:54.977000,1.49737,1.49729,3080000,3600000
2022-10-20 14:30:55.080000,1.49735,1.49729,2470000,3600000
2022-10-20 14:30:55.352000,1.49737,1.4973,1620000,3600000
2022-10-20 14:30:55.454000,1.49737,1.4973,3680000,3600000
2022-10-20 14:30:55.606000,1.49736,1.4973,3000000,3600000
2022-10-20 14:30:55.708000,1.49736,1.49728,2470000,3600000
2022-10-20 14:30:55.895000,1.49736,1.4973,3000000,3600000
2022-10-20 14:30:56.059000,1.49737,1.49731,4510000,3600000
2022-10-20 14:30:56.161000,1.49737,1.49729,2700000,3600000
2022-10-20 14:30:56.263000,1.49737,1.49731,3010000,3600000
2022-10-20 14:30:56.365000,1.49736,1.4973,2240000,3600000
2022-10-20 14:30:57.590000,1.49739,1.49731,4510000,3600000
2022-10-20 14:30:57.692000,1.4974,1.49732,2470000,3600000
2022-10-20 14:30:57.793000,1.4974,1.49733,3470000,3600000
2022-10-20 14:30:58.162000,1.4974,1.49734,2470000,3600000
2022-10-20 14:30:58.416000,1.49741,1.49735,3080000,3600000
2022-10-20 14:30:58.544000,1.4974,1.49734,2470000,3600000
2022-10-20 14:30:59.531000,1.4974,1.49733,2340000,3600000
2022-10-20 14:30:59.848000,1.49741,1.49735,3490000,3600000
2022-10-20 14:31:00.093000,1.4974,1.49733,2340000,3600000
2022-10-20 14:31:00.195000,1.4974,1.49734,2340000,3600000
2022-10-20 14:31:00.246000,1.49737,1.49731,2240000,4500000
2022-10-20 14:31:00.348000,1.49736,1.4973,2470000,3600000
2022-10-20 14:31:00.449000,1.49735,1.49729,2240000,3600000
2022-10-20 14:31:00.652000,1.49737,1.49729,2930000,3600000
2022-10-20 14:31:00.754000,1.49735,1.49729,2240000,3600000
2022-10-20 14:31:01.064000,1.49737,1.49729,2930000,3600000
2022-10-20 14:31:01.372000,1.49735,1.49729,2240000,3600000
2022-10-20 14:31:01.626000,1.49736,1.49729,2470000,4140000
2022-10-20 14:31:01.778000,1.49736,1.4973,2470000,3600000
2022-10-20 14:31:02.714000,1.49735,1.49729,2240000,3600000
2022-10-20 14:31:03.533000,1.49736,1.4973,2930000,3600000
2022-10-20 14:31:04.476000,1.49737,1.4973,3830000,3600000
2022-10-20 14:31:04.641000,1.49737,1.49731,3830000,3600000
2022-10-20 14:31:05.356000,1.49739,1.49735,3440000,5660000
2022-10-20 14:31:05.408000,1.4974,1.49737,1800000,4320000
2022-10-20 14:31:05.561000,1.49742,1.49738,4730000,3600000
2022-10-20 14:31:05.612000,1.49744,1.49738,4730000,3600000
2022-10-20 14:31:05.663000,1.49741,1.49738,1200000,3600000
2022-10-20 14:31:06.108000,1.49745,1.4974,4730000,4140000
2022-10-20 14:31:06.159000,1.49747,1.49741,3140000,4140000
2022-10-20 14:31:06.261000,1.49748,1.49742,6970000,3600000
2022-10-20 14:31:06.362000,1.49747,1.49741,6970000,3600000
2022-10-20 14:31:06.637000,1.49747,1.49742,4730000,3600000
2022-10-20 14:31:07.041000,1.49747,1.49741,6970000,3600000
2022-10-20 14:31:07.143000,1.49747,1.49743,4730000,4500000
2022-10-20 14:31:07.245000,1.49747,1.49744,4730000,3600000
2022-10-20 14:31:07.448000,1.49747,1.49743,4730000,3600000
2022-10-20 14:31:07.550000,1.49748,1.49741,2240000,3600000
2022-10-20 14:31:07.652000,1.49746,1.4974,2240000,4140000
2022-10-20 14:31:07.703000,1.49748,1.4974,2240000,4140000
2022-10-20 14:31:07.754000,1.49746,1.4974,2240000,4620000
2022-10-20 14:31:07.805000,1.49748,1.49742,2240000,4140000
2022-10-20 14:31:08.457000,1.49747,1.49739,2240000,4140000
2022-10-20 14:31:08.775000,1.49747,1.49741,2240000,3600000
2022-10-20 14:31:08.934000,1.49746,1.4974,2240000,4140000
2022-10-20 14:31:09.578000,1.49748,1.49742,2700000,3600000
2022-10-20 14:31:09.896000,1.49747,1.49741,2240000,3600000
2022-10-20 14:31:09.998000,1.49748,1.49742,7870000,3600000
2022-10-20 14:31:10.228000,1.49747,1.49741,2240000,3600000
2022-10-20 14:31:11.306000,1.49749,1.49743,6970000,4140000
2022-10-20 14:31:11.407000,1.49751,1.49745,6970000,3600000
2022-10-20 14:31:11.509000,1.49751,1.49747,4730000,4140000
2022-10-20 14:31:11.615000,1.49751,1.49748,4730000,3600000
2022-10-20 14:31:11.717000,1.49752,1.4975,4730000,3600000
2022-10-20 14:31:11.819000,1.49753,1.49748,4730000,3600000
2022-10-20 14:31:11.870000,1.49755,1.4975,4730000,3600000
2022-10-20 14:31:11.971000,1.49756,1.4975,3440000,3600000
2022-10-20 14:31:12.023000,1.49754,1.49748,2540000,4140000
2022-10-20 14:31:12.594000,1.49756,1.4975,3440000,4140000
2022-10-20 14:31:12.645000,1.49757,1.49751,2540000,3600000
2022-10-20 14:31:12.696000,1.49757,1.49751,2470000,3600000
2022-10-20 14:31:12.747000,1.49755,1.49749,2240000,4760000
2022-10-20 14:31:12.849000,1.49756,1.4975,2240000,4140000
2022-10-20 14:31:12.950000,1.49757,1.49751,2470000,3600000
2022-10-20 14:31:13.052000,1.49756,1.4975,2240000,4140000
2022-10-20 14:31:13.204000,1.49757,1.49751,2470000,3600000
2022-10-20 14:31:13.306000,1.49758,1.49752,2470000,3600000
2022-10-20 14:31:13.509000,1.4976,1.49752,3440000,3600000
2022-10-20 14:31:13.610000,1.49759,1.49753,2930000,3600000
2022-10-20 14:31:15.453000,1.49756,1.4975,2240000,4760000
2022-10-20 14:31:15.504000,1.49759,1.49753,3370000,3600000
2022-10-20 14:31:16.162000,1.49759,1.49754,2240000,1200000
2022-10-20 14:31:16.314000,1.4976,1.49754,2930000,4500000
2022-10-20 14:31:16.416000,1.4976,1.49755,2470000,1200000
2022-10-20 14:31:16.855000,1.49759,1.49755,3370000,1200000
2022-10-20 14:31:16.957000,1.49759,1.49754,3000000,1200000
2022-10-20 14:31:17.207000,1.49759,1.49753,3000000,4500000
2022-10-20 14:31:17.561000,1.49759,1.49752,3440000,1200000
2022-10-20 14:31:17.662000,1.49759,1.49753,3370000,3600000
2022-10-20 14:31:18.127000,1.49761,1.49755,5240000,1320000
2022-10-20 14:31:18.229000,1.49762,1.49758,2240000,1200000
2022-10-20 14:31:18.331000,1.49761,1.49758,2240000,1200000
2022-10-20 14:31:18.382000,1.4976,1.49756,2240000,1200000
2022-10-20 14:31:18.484000,1.4976,1.49755,2240000,1200000
2022-10-20 14:31:18.585000,1.4976,1.49754,2240000,3600000
2022-10-20 14:31:18.687000,1.49759,1.49753,2240000,4500000
2022-10-20 14:31:18.789000,1.49761,1.49755,4270000,1920000
2022-10-20 14:31:18.891000,1.49766,1.49757,1500000,1920000
2022-10-20 14:31:18.993000,1.49768,1.49762,2240000,4500000
2022-10-20 14:31:19.095000,1.49767,1.49761,2240000,4140000
2022-10-20 14:31:19.196000,1.49769,1.49761,2240000,3600000
2022-10-20 14:31:21.856000,1.4977,1.49764,3300000,3600000
2022-10-20 14:31:21.958000,1.4977,1.49764,2240000,3600000
2022-10-20 14:31:22.060000,1.49772,1.49766,5040000,3600000
2022-10-20 14:31:22.263000,1.49772,1.49764,2240000,4970000
2022-10-20 14:31:22.415000,1.49771,1.49765,2240000,3600000
2022-10-20 14:31:22.517000,1.4977,1.49764,2700000,3600000
2022-10-20 14:31:22.719000,1.4977,1.49762,2240000,3600000
2022-10-20 14:31:23.106000,1.4977,1.49764,2700000,3600000
2022-10-20 14:31:23.419000,1.4977,1.49762,2240000,3600000
2022-10-20 14:31:23.666000,1.4977,1.49764,2700000,3600000
2022-10-20 14:31:24.317000,1.49769,1.49763,2240000,3600000
2022-10-20 14:31:24.742000,1.4977,1.49764,2700000,3600000
2022-10-20 14:31:25.685000,1.49769,1.49763,2240000,4140000
2022-10-20 14:31:25.808000,1.4977,1.49764,3300000,3600000
2022-10-20 14:31:26.943000,1.49769,1.49763,2700000,4140000
2022-10-20 14:31:27.100000,1.4977,1.49764,3300000,3600000
2022-10-20 14:31:27.373000,1.49769,1.49763,2700000,4140000
2022-10-20 14:31:28.157000,1.49768,1.49762,2240000,4140000
2022-10-20 14:31:28.309000,1.49766,1.4976,2240000,4810000
2022-10-20 14:31:28.411000,1.49765,1.49759,4500000,5040000
2022-10-20 14:31:28.462000,1.49764,1.49756,3600000,4620000
2022-10-20 14:31:28.564000,1.49762,1.49756,2240000,4550000
2022-10-20 14:31:28.669000,1.49764,1.49758,2240000,4320000
2022-10-20 14:31:28.771000,1.49765,1.49759,2470000,4040000
2022-10-20 14:31:28.872000,1.49766,1.4976,3900000,3600000
2022-10-20 14:31:28.974000,1.49765,1.49759,2470000,4140000
2022-10-20 14:31:29.077000,1.49766,1.4976,2540000,3600000
2022-10-20 14:31:29.179000,1.49765,1.49759,2470000,4140000
2022-10-20 14:31:29.332000,1.49766,1.49758,2540000,4140000
2022-10-20 14:31:29.383000,1.49765,1.49759,2470000,4140000
2022-10-20 14:31:29.484000,1.49766,1.4976,2240000,3600000
2022-10-20 14:31:29.825000,1.49765,1.49759,2240000,3960000
2022-10-20 14:31:29.984000,1.49764,1.49758,2240000,4620000
2022-10-20 14:31:30.265000,1.49765,1.49759,2240000,3680000
2022-10-20 14:31:30.371000,1.49767,1.49759,2700000,3600000
2022-10-20 14:31:30.422000,1.49765,1.49757,2240000,4880000
2022-10-20 14:31:30.523000,1.49763,1.49758,1200000,4040000
2022-10-20 14:31:30.625000,1.4976,1.49754,2700000,4140000
2022-10-20 14:31:30.727000,1.49761,1.49755,2540000,3600000
2022-10-20 14:31:30.778000,1.49761,1.49755,2240000,3600000
2022-10-20 14:31:30.879000,1.4976,1.49754,2240000,5040000
2022-10-20 14:31:31.032000,1.49763,1.49755,2240000,4140000
2022-10-20 14:31:31.133000,1.49762,1.49756,2240000,3600000
2022-10-20 14:31:31.787000,1.49763,1.49757,2240000,3600000
2022-10-20 14:31:31.958000,1.49762,1.49756,2240000,3600000
2022-10-20 14:31:32.254000,1.49763,1.49757,3140000,3600000
2022-10-20 14:31:32.306000,1.49761,1.49755,2240000,4140000
2022-10-20 14:31:32.407000,1.4976,1.49753,2700000,1440000
2022-10-20 14:31:32.509000,1.49757,1.49751,2240000,4160000
2022-10-20 14:31:32.763000,1.49758,1.49752,2700000,3680000
2022-10-20 14:31:32.915000,1.49759,1.49753,2240000,3600000
2022-10-20 14:31:33.017000,1.49759,1.49752,2240000,3600000
2022-10-20 14:31:33.220000,1.49761,1.49756,1800000,3600000
2022-10-20 14:31:33.353000,1.49763,1.49756,2700000,3600000
2022-10-20 14:31:33.657000,1.49762,1.49754,2240000,5660000
2022-10-20 14:31:33.709000,1.49763,1.49755,2930000,4320000
2022-10-20 14:31:33.811000,1.49763,1.49757,2240000,5060000
2022-10-20 14:31:33.967000,1.49764,1.49756,2240000,5480000
2022-10-20 14:31:34.278000,1.49762,1.49755,2240000,5220000
2022-10-20 14:31:34.408000,1.49764,1.49756,2470000,4320000
2022-10-20 14:31:34.510000,1.49764,1.49754,2240000,5220000
2022-10-20 14:31:35.264000,1.49763,1.49755,2700000,5040000
2022-10-20 14:31:35.366000,1.49763,1.49756,2700000,3600000
2022-10-20 14:31:35.468000,1.49763,1.49754,2700000,4550000
2022-10-20 14:31:35.569000,1.49764,1.49755,2700000,3600000
2022-10-20 14:31:35.816000,1.49762,1.49753,2240000,5960000
2022-10-20 14:31:36.020000,1.49763,1.49757,2700000,3600000
2022-10-20 14:31:36.274000,1.49761,1.49753,2240000,6350000
2022-10-20 14:31:36.325000,1.49763,1.49757,2700000,3680000
2022-10-20 14:31:36.830000,1.49763,1.49757,2240000,4320000
2022-10-20 14:31:37.342000,1.49764,1.49758,2240000,5520000
2022-10-20 14:31:37.494000,1.49765,1.49759,2240000,3680000
2022-10-20 14:31:37.646000,1.49764,1.49758,2240000,4620000
2022-10-20 14:31:37.748000,1.49765,1.49759,2470000,3600000
2022-10-20 14:31:37.850000,1.49764,1.49758,2240000,4140000
2022-10-20 14:31:38.053000,1.49765,1.49759,2470000,3600000
2022-10-20 14:31:38.154000,1.49764,1.49758,2240000,4580000
2022-10-20 14:31:38.256000,1.49765,1.49759,2240000,3600000
2022-10-20 14:31:39.103000,1.49766,1.4976,2240000,3600000
2022-10-20 14:31:39.205000,1.49768,1.49762,3190000,3600000
2022-10-20 14:31:40.900000,1.49767,1.49761,2240000,4140000
2022-10-20 14:31:41.002000,1.49764,1.49758,2240000,5040000
2022-10-20 14:31:41.053000,1.49766,1.49758,2240000,4140000
2022-10-20 14:31:41.155000,1.49765,1.49758,1200000,4140000
2022-10-20 14:31:41.257000,1.49764,1.49758,2240000,4140000
2022-10-20 14:31:41.359000,1.49765,1.49759,3370000,3600000
2022-10-20 14:31:41.460000,1.49764,1.49758,2240000,4140000
2022-10-20 14:31:43.181000,1.49765,1.49759,2240000,3600000
2022-10-20 14:31:43.232000,1.49765,1.49759,2240000,5220000
2022-10-20 14:31:43.333000,1.49766,1.4976,1200000,4320000
2022-10-20 14:31:43.588000,1.49767,1.4976,1200000,4320000
2022-10-20 14:31:43.723000,1.49766,1.4976,2240000,4320000
2022-10-20 14:31:43.950000,1.49767,1.49763,1200000,3600000
2022-10-20 14:31:44.512000,1.49766,1.4976,2240000,4320000
2022-10-20 14:31:44.615000,1.49768,1.4976,1200000,4140000
2022-10-20 14:31:45.439000,1.49767,1.49762,1200000,4140000
2022-10-20 14:31:48.949000,1.49767,1.49763,1200000,3600000
2022-10-20 14:31:49.824000,1.49767,1.49761,3140000,3600000
2022-10-20 14:31:50.988000,1.49768,1.49762,1200000,3600000
2022-10-20 14:31:51.098000,1.49767,1.49761,3140000,3600000
2022-10-20 14:31:52.302000,1.49767,1.49763,1200000,3600000
2022-10-20 14:31:53.251000,1.49769,1.49763,3440000,3600000
2022-10-20 14:31:53.357000,1.49769,1.49763,3370000,3600000
2022-10-20 14:31:54.855000,1.49769,1.49764,1320000,3600000
2022-10-20 14:31:55.007000,1.49769,1.49763,3470000,3600000
2022-10-20 14:31:57.306000,1.49768,1.49762,2240000,3600000
2022-10-20 14:31:57.408000,1.49767,1.49761,3680000,3600000
2022-10-20 14:31:57.510000,1.49766,1.4976,3680000,3600000
2022-10-20 14:31:57.662000,1.49767,1.49759,3980000,3600000
2022-10-20 14:31:57.764000,1.49766,1.4976,3910000,3600000
2022-10-20 14:31:57.865000,1.49766,1.4976,3980000,3600000
2022-10-20 14:31:58.389000,1.49765,1.49759,2540000,4040000
2022-10-20 14:31:58.777000,1.49761,1.49756,2780000,1200000
2022-10-20 14:31:58.879000,1.49763,1.49757,3440000,3600000
2022-10-20 14:31:59.055000,1.49764,1.49758,4880000,3600000
2022-10-20 14:31:59.107000,1.49762,1.49756,2780000,4500000
2022-10-20 14:31:59.260000,1.49763,1.49757,2240000,3600000
2022-10-20 14:31:59.362000,1.49764,1.49758,3910000,3600000
2022-10-20 14:31:59.413000,1.49762,1.49756,2240000,4640000
2022-10-20 14:31:59.573000,1.49763,1.49757,3010000,4040000
2022-10-20 14:31:59.725000,1.49763,1.49755,2240000,3600000
2022-10-20 14:32:00.282000,1.4976,1.49755,2220000,3600000
2022-10-20 14:32:00.333000,1.4976,1.49752,3540000,3600000
2022-10-20 14:32:00.536000,1.49759,1.49753,3240000,3600000
2022-10-20 14:32:00.926000,1.4976,1.49754,3530000,3600000
2022-10-20 14:32:01.028000,1.49761,1.49755,2240000,3600000
2022-10-20 14:32:01.664000,1.49762,1.49756,2240000,3600000
2022-10-20 14:32:01.772000,1.49763,1.49757,2470000,4940000
2022-10-20 14:32:01.877000,1.49764,1.49758,3080000,3600000
2022-10-20 14:32:02.162000,1.49764,1.49758,2240000,3600000
2022-10-20 14:32:02.263000,1.49764,1.49757,2780000,4040000
2022-10-20 14:32:02.315000,1.49762,1.49756,2240000,3600000
2022-10-20 14:32:02.518000,1.49763,1.49757,2470000,4500000
2022-10-20 14:32:02.721000,1.49764,1.49758,3980000,3600000
2022-10-20 14:32:02.822000,1.49764,1.49758,2780000,3600000
2022-10-20 14:32:02.975000,1.49765,1.49759,3440000,3600000
2022-10-20 14:32:03.077000,1.49765,1.49759,2240000,3600000
2022-10-20 14:32:03.260000,1.49765,1.49759,2540000,3600000
2022-10-20 14:32:03.362000,1.49766,1.4976,3680000,3600000
2022-10-20 14:32:03.835000,1.49767,1.49759,3980000,3600000
2022-10-20 14:32:04.815000,1.49766,1.4976,3910000,3600000
2022-10-20 14:32:05.313000,1.49766,1.4976,3980000,3600000
2022-10-20 14:32:05.982000,1.49765,1.49759,2540000,4040000
2022-10-20 14:32:07.114000,1.49764,1.49758,3010000,1200000
2022-10-20 14:32:07.216000,1.49762,1.49756,2780000,3600000
2022-10-20 14:32:07.420000,1.49762,1.49756,3080000,3600000
2022-10-20 14:32:07.471000,1.4976,1.49754,2240000,3600000
2022-10-20 14:32:07.572000,1.49763,1.49755,3080000,3600000
2022-10-20 14:32:07.674000,1.49762,1.49756,3010000,3600000
2022-10-20 14:32:07.877000,1.49763,1.49757,4550000,3600000
2022-10-20 14:32:08.181000,1.49762,1.49754,2780000,4940000
2022-10-20 14:32:08.283000,1.49762,1.49756,3240000,3600000
2022-10-20 14:32:08.697000,1.49761,1.49755,2930000,3600000
2022-10-20 14:32:08.799000,1.49759,1.49751,2780000,3600000
2022-10-20 14:32:08.900000,1.4976,1.49754,2700000,4320000
2022-10-20 14:32:09.043000,1.4976,1.49754,2930000,3600000
2022-10-20 14:32:09.146000,1.49758,1.49752,2240000,4140000
2022-10-20 14:32:09.248000,1.4976,1.49753,2470000,3600000
2022-10-20 14:32:09.405000,1.49758,1.49752,2240000,4140000
2022-10-20 14:32:09.900000,1.49758,1.49752,2240000,4320000
2022-10-20 14:32:10.292000,1.49757,1.49752,1500000,3600000
2022-10-20 14:32:11.277000,1.49757,1.49751,3440000,3600000
2022-10-20 14:32:11.379000,1.49756,1.4975,2240000,4140000
2022-10-20 14:32:11.784000,1.49756,1.4975,2240000,4320000
2022-10-20 14:32:12.345000,1.49758,1.49751,2930000,4140000
2022-10-20 14:32:12.446000,1.49757,1.49751,2240000,3680000
2022-10-20 14:32:13.164000,1.49758,1.49752,2240000,4140000
2022-10-20 14:32:13.367000,1.49758,1.49752,3440000,3600000
2022-10-20 14:32:13.418000,1.49759,1.49751,2470000,3600000
2022-10-20 14:32:13.681000,1.49759,1.49753,2540000,3600000
2022-10-20 14:32:13.783000,1.4976,1.49754,3440000,3600000
2022-10-20 14:32:13.986000,1.49761,1.49754,1500000,3600000
2022-10-20 14:32:14.101000,1.4976,1.49754,2470000,3600000
2022-10-20 14:32:14.203000,1.49761,1.49755,2540000,3600000
2022-10-20 14:32:14.254000,1.49759,1.49753,2240000,4140000
2022-10-20 14:32:14.356000,1.4976,1.49754,2470000,4140000
2022-10-20 14:32:14.457000,1.49761,1.49755,2540000,3600000
2022-10-20 14:32:14.704000,1.4976,1.49754,2470000,4140000
2022-10-20 14:32:15.638000,1.49761,1.49755,2470000,3600000
2022-10-20 14:32:15.865000,1.49762,1.49756,2540000,4320000
2022-10-20 14:32:15.967000,1.49764,1.49758,3900000,4140000
2022-10-20 14:32:16.423000,1.49765,1.49759,3440000,3600000
2022-10-20 14:32:16.525000,1.49765,1.49759,2470000,3600000
2022-10-20 14:32:17.072000,1.49764,1.49758,2240000,4140000
2022-10-20 14:32:17.179000,1.49765,1.49759,2470000,3600000
2022-10-20 14:32:17.673000,1.49765,1.49759,3440000,3600000
2022-10-20 14:32:18.390000,1.49764,1.49758,2540000,4140000
2022-10-20 14:32:19.479000,1.49765,1.49759,3440000,3600000
2022-10-20 14:32:19.982000,1.49765,1.49759,4340000,3600000
2022-10-20 14:32:20.855000,1.49764,1.49758,2540000,4140000
2022-10-20 14:32:20.957000,1.49762,1.49757,1200000,4140000
2022-10-20 14:32:21.099000,1.49763,1.49758,1500000,3600000
2022-10-20 14:32:21.201000,1.49763,1.49757,3370000,4140000
2022-10-20 14:32:21.302000,1.49763,1.49758,1500000,3600000
2022-10-20 14:32:21.536000,1.49764,1.49756,3370000,3600000
2022-10-20 14:32:21.638000,1.49761,1.49755,2540000,3680000
2022-10-20 14:32:21.740000,1.49762,1.49754,2470000,3680000
2022-10-20 14:32:22.158000,1.4976,1.49754,2240000,4620000
2022-10-20 14:32:22.581000,1.49762,1.49754,2470000,3680000
2022-10-20 14:32:23.860000,1.4976,1.49752,2240000,4140000
2022-10-20 14:32:23.987000,1.4976,1.49752,4200000,4370000
2022-10-20 14:32:24.097000,1.49758,1.49752,2240000,4140000
2022-10-20 14:32:24.583000,1.4976,1.49754,2240000,4160000
2022-10-20 14:32:24.989000,1.49761,1.49755,3140000,3680000
2022-10-20 14:32:25.297000,1.4976,1.49754,2240000,3600000
2022-10-20 14:32:25.398000,1.49758,1.49752,3140000,4140000
2022-10-20 14:32:25.754000,1.4976,1.49754,3140000,3600000
2022-10-20 14:32:25.855000,1.49761,1.49754,3140000,3600000
2022-10-20 14:32:25.957000,1.49759,1.49753,2240000,4140000
2022-10-20 14:32:26.119000,1.49761,1.49755,2240000,3600000
2022-10-20 14:32:26.272000,1.49761,1.49754,2240000,4140000
2022-10-20 14:32:26.399000,1.4976,1.49754,2240000,4140000
2022-10-20 14:32:26.506000,1.49758,1.49752,2240000,5220000
2022-10-20 14:32:26.661000,1.49759,1.49753,2240000,3600000
2022-10-20 14:32:26.778000,1.4976,1.49754,3140000,3600000
2022-10-20 14:32:26.982000,1.49759,1.49753,2240000,3600000
2022-10-20 14:32:27.185000,1.49758,1.49752,2240000,4140000
2022-10-20 14:32:27.298000,1.49759,1.49753,2240000,3600000
2022-10-20 14:32:27.654000,1.49758,1.49752,2240000,4140000
2022-10-20 14:32:27.806000,1.4976,1.49753,3140000,4140000
2022-10-20 14:32:27.968000,1.4976,1.49754,2240000,3600000
2022-10-20 14:32:28.070000,1.49759,1.49753,2240000,3600000
2022-10-20 14:32:28.172000,1.49759,1.49751,2240000,4140000
2022-10-20 14:32:28.476000,1.4976,1.49754,2700000,3600000
2022-10-20 14:32:28.797000,1.49759,1.49753,2240000,3600000
2022-10-20 14:32:28.919000,1.4976,1.49754,2700000,3600000
2022-10-20 14:32:29.020000,1.49759,1.49753,2240000,4140000
2022-10-20 14:32:29.173000,1.49761,1.49753,2470000,3600000
2022-10-20 14:32:29.275000,1.49759,1.49752,2240000,4140000
2022-10-20 14:32:29.376000,1.4976,1.49752,2470000,4140000
2022-10-20 14:32:30.167000,1.49758,1.49752,2240000,4140000
2022-10-20 14:32:30.218000,1.49761,1.49751,3370000,4140000
2022-10-20 14:32:30.269000,1.49758,1.49752,2240000,4140000
2022-10-20 14:32:30.644000,1.49759,1.49753,2240000,3600000
2022-10-20 14:32:31.973000,1.49761,1.49753,2470000,3600000
2022-10-20 14:32:32.201000,1.4976,1.49754,2540000,3600000
2022-10-20 14:32:32.303000,1.49761,1.49753,4340000,4140000
2022-10-20 14:32:32.405000,1.49759,1.49753,2240000,4140000
2022-10-20 14:32:32.676000,1.4976,1.49754,2470000,3600000
2022-10-20 14:32:32.913000,1.4976,1.49754,2540000,4140000
2022-10-20 14:32:33.014000,1.49759,1.49755,2240000,1460000
2022-10-20 14:32:33.065000,1.49762,1.49756,3320000,3680000
2022-10-20 14:32:33.913000,1.49762,1.49756,3110000,5960000
2022-10-20 14:32:34.384000,1.49762,1.49756,3110000,3680000
2022-10-20 14:32:34.486000,1.49762,1.49756,3110000,5060000
2022-10-20 14:32:35.655000,1.4976,1.49756,2240000,1200000
2022-10-20 14:32:35.706000,1.4976,1.49754,2470000,3680000
2022-10-20 14:32:35.807000,1.49761,1.49755,3440000,3600000
2022-10-20 14:32:35.909000,1.49761,1.49753,3440000,4160000
2022-10-20 14:32:36.119000,1.49761,1.49755,3440000,3600000
2022-10-20 14:32:36.220000,1.49761,1.49753,3440000,4160000
2022-10-20 14:32:36.367000,1.49759,1.49753,2240000,4160000
2022-10-20 14:32:36.474000,1.4976,1.49754,2470000,3680000
2022-10-20 14:32:37.256000,1.49758,1.49752,2240000,4580000
2022-10-20 14:32:37.459000,1.49758,1.49752,2240000,4160000
2022-10-20 14:32:37.938000,1.49758,1.49752,2240000,3680000
2022-10-20 14:32:38.040000,1.49756,1.4975,2240000,4760000
2022-10-20 14:32:38.142000,1.49757,1.4975,2240000,4760000
2022-10-20 14:32:39.676000,1.49758,1.49751,3600000,4140000
2022-10-20 14:32:39.778000,1.49759,1.49752,1200000,4440000
2022-10-20 14:32:39.829000,1.49759,1.49752,1500000,3680000
2022-10-20 14:32:39.932000,1.49757,1.49751,2240000,4160000
2022-10-20 14:32:40.250000,1.49756,1.4975,2240000,3680000
2022-10-20 14:32:40.351000,1.49755,1.4975,1200000,4140000
2022-10-20 14:32:40.454000,1.49756,1.4975,2240000,4140000
2022-10-20 14:32:40.657000,1.49756,1.4975,2240000,4320000
2022-10-20 14:32:40.759000,1.49757,1.49749,2240000,4140000
2022-10-20 14:32:40.894000,1.49756,1.4975,2240000,4320000
2022-10-20 14:32:41.126000,1.49756,1.4975,2240000,4140000
2022-10-20 14:32:41.723000,1.49757,1.49751,1800000,3600000
2022-10-20 14:32:43.677000,1.49756,1.4975,2470000,3600000
2022-10-20 14:32:43.728000,1.49754,1.49749,1500000,4140000
2022-10-20 14:32:43.779000,1.49755,1.49749,2470000,4140000
2022-10-20 14:32:44.562000,1.49757,1.49749,3440000,3600000
2022-10-20 14:32:44.614000,1.49758,1.49751,2100000,3600000
2022-10-20 14:32:44.665000,1.49757,1.49752,1500000,3600000
2022-10-20 14:32:45.075000,1.49756,1.4975,2240000,3680000
2022-10-20 14:32:47.278000,1.49755,1.49749,3140000,4320000
2022-10-20 14:32:47.380000,1.49754,1.49748,2840000,4370000
2022-10-20 14:32:47.483000,1.49754,1.49748,2240000,4850000
2022-10-20 14:32:47.585000,1.49755,1.49749,3370000,3680000
2022-10-20 14:32:48.464000,1.49754,1.49748,2240000,4850000
2022-10-20 14:32:48.566000,1.49755,1.49749,2930000,3680000
2022-10-20 14:32:50.717000,1.49756,1.4975,2540000,3600000
2022-10-20 14:32:52.269000,1.49757,1.49751,3440000,4140000
2022-10-20 14:32:52.321000,1.49758,1.49752,3140000,3600000
2022-10-20 14:32:52.422000,1.49758,1.49753,1200000,3600000
2022-10-20 14:32:52.575000,1.49758,1.49752,3140000,3600000
2022-10-20 14:32:52.885000,1.49756,1.4975,2240000,4040000
2022-10-20 14:32:52.987000,1.49755,1.4975,1200000,4140000
2022-10-20 14:32:53.093000,1.49757,1.49749,2240000,4140000
2022-10-20 14:32:53.347000,1.49757,1.49751,3140000,3600000
2022-10-20 14:32:53.449000,1.49756,1.4975,2240000,3600000
2022-10-20 14:32:53.693000,1.49757,1.49751,3140000,3600000
2022-10-20 14:32:55.006000,1.49757,1.49749,2240000,3600000
2022-10-20 14:32:55.158000,1.49755,1.49749,2240000,4500000
2022-10-20 14:32:56.888000,1.49756,1.4975,3440000,3600000
2022-10-20 14:32:57.123000,1.49755,1.49749,2470000,3600000
2022-10-20 14:32:57.225000,1.49756,1.4975,3440000,3600000
2022-10-20 14:32:58.562000,1.49757,1.49751,3830000,3600000
2022-10-20 14:33:00.171000,1.49757,1.49751,2700000,4320000
2022-10-20 14:33:01.285000,1.49758,1.49752,2470000,4140000
2022-10-20 14:33:01.387000,1.49759,1.49753,4340000,3600000
2022-10-20 14:33:01.489000,1.49759,1.49753,2470000,5060000
2022-10-20 14:33:01.540000,1.4976,1.49756,1500000,1800000
2022-10-20 14:33:01.642000,1.49761,1.49755,3440000,5040000
2022-10-20 14:33:01.765000,1.49761,1.49755,3440000,5040000
2022-10-20 14:33:02.096000,1.49761,1.49755,3440000,4760000
2022-10-20 14:33:02.198000,1.49761,1.49756,2470000,1200000
2022-10-20 14:33:02.350000,1.49762,1.49756,3780000,3600000
2022-10-20 14:33:02.452000,1.49761,1.49756,2240000,3240000
2022-10-20 14:33:02.553000,1.49762,1.49756,3550000,5940000
2022-10-20 14:33:02.655000,1.49758,1.49752,2240000,3600000
2022-10-20 14:33:05.646000,1.49757,1.49751,2240000,3680000
2022-10-20 14:33:06.119000,1.49756,1.4975,2240000,4140000
2022-10-20 14:33:06.760000,1.49755,1.4975,1200000,4140000
2022-10-20 14:33:06.913000,1.49756,1.4975,2240000,4140000
2022-10-20 14:33:11.068000,1.49755,1.49749,2240000,5040000
2022-10-20 14:33:11.882000,1.49756,1.4975,3140000,3600000
2022-10-20 14:33:12.034000,1.49755,1.49749,2240000,5040000
2022-10-20 14:33:12.429000,1.49757,1.49751,2700000,3600000
2022-10-20 14:33:14.537000,1.49759,1.49751,3140000,3600000
2022-10-20 14:33:15.474000,1.49757,1.49751,2240000,4580000
2022-10-20 14:33:15.576000,1.49758,1.49752,2240000,3600000
2022-10-20 14:33:16.695000,1.49757,1.49751,2240000,4140000
2022-10-20 14:33:18.125000,1.49757,1.49751,3860000,3600000
2022-10-20 14:33:18.227000,1.49757,1.49751,3680000,3600000
2022-10-20 14:33:21.248000,1.49757,1.49752,1200000,3600000
2022-10-20 14:33:21.689000,1.49758,1.49752,3240000,3600000
2022-10-20 14:33:21.806000,1.49758,1.49753,1320000,3600000
2022-10-20 14:33:21.984000,1.49758,1.49752,3240000,3600000
2022-10-20 14:33:22.537000,1.49757,1.49751,2240000,3600000
2022-10-20 14:33:23.268000,1.49758,1.49753,1200000,3600000
2022-10-20 14:33:23.369000,1.49759,1.49753,2780000,3600000
2022-10-20 14:33:24.287000,1.4976,1.49754,2240000,3600000
2022-10-20 14:33:25.417000,1.49759,1.49754,2240000,1200000
2022-10-20 14:33:25.519000,1.4976,1.49755,1500000,3600000
2022-10-20 14:33:25.621000,1.4976,1.49755,1500000,3600000
2022-10-20 14:33:25.986000,1.4976,1.49754,3440000,4500000
2022-10-20 14:33:26.567000,1.4976,1.49754,2930000,3830000
2022-10-20 14:33:26.725000,1.4976,1.49754,2540000,3600000
2022-10-20 14:33:27.222000,1.4976,1.49754,3000000,3600000
2022-10-20 14:33:27.552000,1.49761,1.49754,2540000,1200000
2022-10-20 14:33:27.654000,1.4976,1.49754,3000000,3600000
2022-10-20 14:33:30.265000,1.4976,1.49754,4040000,3600000
2022-10-20 14:33:30.519000,1.4976,1.49752,2930000,3600000
2022-10-20 14:33:30.670000,1.49758,1.49752,1200000,3600000
2022-10-20 14:33:32.241000,1.49759,1.49753,3970000,3600000
2022-10-20 14:33:33.033000,1.49759,1.49753,3830000,3600000
2022-10-20 14:33:33.236000,1.49758,1.49752,3140000,3600000
2022-10-20 14:33:33.439000,1.49757,1.49751,2240000,3600000
2022-10-20 14:33:33.908000,1.49758,1.49752,3140000,3600000
2022-10-20 14:33:34.381000,1.49758,1.49752,3300000,3600000
2022-10-20 14:33:34.731000,1.49758,1.49751,3300000,3600000
2022-10-20 14:33:34.833000,1.49758,1.49752,3300000,3600000
2022-10-20 14:33:35.005000,1.49758,1.49752,2240000,5040000
2022-10-20 14:33:35.107000,1.49759,1.49753,2240000,3600000
2022-10-20 14:33:35.259000,1.49761,1.49753,3370000,3600000
2022-10-20 14:33:35.862000,1.49761,1.49756,1500000,3600000
2022-10-20 14:33:36.014000,1.49762,1.49756,4310000,5400000
2022-10-20 14:33:36.116000,1.49762,1.49756,3320000,5630000
2022-10-20 14:33:36.903000,1.49763,1.49757,3020000,3600000
2022-10-20 14:33:37.416000,1.49762,1.49756,2830000,5040000
2022-10-20 14:33:37.518000,1.49763,1.49757,3020000,3600000
2022-10-20 14:33:38.074000,1.49762,1.49756,2830000,4140000
2022-10-20 14:33:38.278000,1.49763,1.49757,3020000,3600000
2022-10-20 14:33:38.380000,1.49764,1.49759,1980000,1920000
2022-10-20 14:33:38.481000,1.49767,1.49761,2240000,3600000
2022-10-20 14:33:39.520000,1.49766,1.4976,2240000,4040000
2022-10-20 14:33:40.438000,1.49765,1.49759,2240000,4140000
2022-10-20 14:33:41.698000,1.49764,1.49758,2240000,5940000
2022-10-20 14:33:42.793000,1.49766,1.49758,3140000,3600000
2022-10-20 14:33:44.031000,1.49766,1.4976,2240000,3600000
2022-10-20 14:33:46.864000,1.49767,1.49761,2240000,3600000
2022-10-20 14:33:48.278000,1.49768,1.49762,1200000,3600000
2022-10-20 14:33:48.437000,1.49769,1.49762,4270000,3600000
2022-10-20 14:33:48.488000,1.49767,1.49761,2240000,5220000
2022-10-20 14:33:48.539000,1.49769,1.49763,3370000,3600000
2022-10-20 14:33:48.590000,1.4977,1.49767,1500000,3600000
2022-10-20 14:33:48.692000,1.49772,1.49767,1500000,5220000
2022-10-20 14:33:48.743000,1.4978,1.49774,2240000,3600000
2022-10-20 14:33:48.845000,1.49782,1.49774,4040000,3600000
2022-10-20 14:33:48.947000,1.49781,1.49775,3440000,3600000
2022-10-20 14:33:48.998000,1.49783,1.49777,4800000,4140000
2022-10-20 14:33:49.100000,1.49785,1.49779,3370000,3600000
2022-10-20 14:33:49.201000,1.49784,1.49778,2240000,4140000
2022-10-20 14:33:49.354000,1.49783,1.49777,2240000,3600000
2022-10-20 14:33:49.405000,1.49781,1.49775,2240000,4140000
2022-10-20 14:33:49.542000,1.49782,1.49774,2240000,4140000
2022-10-20 14:33:49.766000,1.49784,1.49774,5480000,3600000
2022-10-20 14:33:49.867000,1.49782,1.49776,2240000,3600000
2022-10-20 14:33:49.989000,1.49781,1.49775,2240000,3600000
2022-10-20 14:33:50.293000,1.49782,1.49776,2240000,3600000
2022-10-20 14:33:50.496000,1.49782,1.49774,2240000,3600000
2022-10-20 14:33:50.598000,1.4978,1.49774,2240000,4140000
2022-10-20 14:33:51.060000,1.49781,1.49773,2240000,5220000
2022-10-20 14:33:51.162000,1.4978,1.49774,2240000,4140000
2022-10-20 14:33:51.435000,1.4978,1.49772,2240000,5220000
2022-10-20 14:33:51.768000,1.4978,1.49774,2240000,4140000
2022-10-20 14:33:51.870000,1.49778,1.49773,3140000,1200000
2022-10-20 14:33:52.796000,1.49779,1.49773,2240000,5040000
2022-10-20 14:33:52.998000,1.4978,1.49775,1200000,3600000
2022-10-20 14:33:53.049000,1.49779,1.49773,2240000,5040000
2022-10-20 14:33:53.475000,1.49781,1.49774,1200000,3600000
2022-10-20 14:33:53.526000,1.49779,1.49773,2240000,5040000
2022-10-20 14:33:54.462000,1.4978,1.49774,3140000,3600000
2022-10-20 14:33:54.564000,1.49781,1.49775,2700000,3600000
2022-10-20 14:33:56.336000,1.49781,1.49775,3300000,3600000
2022-10-20 14:33:56.437000,1.4978,1.49774,2240000,4140000
2022-10-20 14:33:57.815000,1.4978,1.49774,2240000,4320000
2022-10-20 14:33:58.018000,1.49781,1.49775,2240000,4140000
2022-10-20 14:33:59.579000,1.4978,1.49775,1200000,4140000
2022-10-20 14:33:59.687000,1.49781,1.49775,3140000,4140000
2022-10-20 14:34:00.157000,1.49781,1.49775,2240000,4320000
2022-10-20 14:34:00.259000,1.49784,1.49776,2700000,3600000
2022-10-20 14:34:00.419000,1.49782,1.49776,2240000,4140000
2022-10-20 14:34:00.724000,1.49781,1.49775,2240000,3600000
2022-10-20 14:34:00.825000,1.49781,1.49775,3300000,3600000
2022-10-20 14:34:01.197000,1.49781,1.49775,2240000,3600000
2022-10-20 14:34:01.299000,1.49782,1.49776,3140000,3600000
2022-10-20 14:34:01.350000,1.4978,1.49774,2240000,5040000
2022-10-20 14:34:02.449000,1.49779,1.49773,2240000,4320000
