time,ask,bid,ask_volume,bid_volume
2019-08-08 12:25:01.290000,1.05972,1.05969,3370000,1370000
2019-08-08 12:25:01.393000,1.05972,1.0597,1000000,1750000
2019-08-08 12:25:01.551000,1.05972,1.0597,1350000,1570000
2019-08-08 12:25:01.656000,1.05971,1.05969,6190000,1000000
2019-08-08 12:25:01.708000,1.0597,1.05967,1000000,7000000
2019-08-08 12:25:03.862000,1.05971,1.05967,2440000,3250000
2019-08-08 12:25:04.945000,1.05968,1.05967,1000000,1250000
2019-08-08 12:25:05.613000,1.05968,1.05966,1000000,1690000
2019-08-08 12:25:05.817000,1.05966,1.05965,1250000,1870000
2019-08-08 12:25:05.919000,1.05965,1.05963,1000000,3620000
2019-08-08 12:25:06.072000,1.05967,1.05965,2250000,1250000
2019-08-08 12:25:06.399000,1.05966,1.05963,1250000,5560000
2019-08-08 12:25:06.502000,1.05966,1.05963,1250000,5060000
2019-08-08 12:25:06.606000,1.05967,1.05964,2250000,1250000
2019-08-08 12:25:06.889000,1.05967,1.05964,1690000,1250000
2019-08-08 12:25:07.194000,1.05966,1.05963,1000000,4370000
2019-08-08 12:25:08.997000,1.05965,1.05963,1000000,4310000
2019-08-08 12:25:09.099000,1.05964,1.05962,1250000,2440000
2019-08-08 12:25:09.866000,1.05965,1.05962,1000000,4120000
2019-08-08 12:25:10.098000,1.05965,1.05962,1000000,4120000
2019-08-08 12:25:10.200000,1.05965,1.05963,1750000,1000000
2019-08-08 12:25:10.302000,1.05964,1.05962,2560000,1690000
2019-08-08 12:25:10.454000,1.05963,1.0596,1310000,4000000
2019-08-08 12:25:10.664000,1.05963,1.05961,1120000,1750000
2019-08-08 12:25:11.526000,1.05963,1.05961,1250000,1250000
2019-08-08 12:25:11.628000,1.05963,1.05961,1000000,1250000
2019-08-08 12:25:11.780000,1.05962,1.0596,1000000,3560000
2019-08-08 12:25:12.209000,1.05963,1.05961,1000000,1250000
2019-08-08 12:25:12.551000,1.05964,1.05962,1000000,2120000
2019-08-08 12:25:12.652000,1.05965,1.05962,1000000,3000000
2019-08-08 12:25:12.856000,1.05966,1.05963,4690000,2060000
2019-08-08 12:25:12.964000,1.05966,1.05963,3000000,2870000
2019-08-08 12:25:14.808000,1.05967,1.05965,1500000,1250000
2019-08-08 12:25:14.911000,1.05968,1.05966,1000000,4000000
2019-08-08 12:25:14.962000,1.0597,1.05968,4670000,1250000
2019-08-08 12:25:15.064000,1.05971,1.05968,4000000,4690000
2019-08-08 12:25:15.166000,1.05971,1.05969,1000000,1310000
2019-08-08 12:25:15.276000,1.0597,1.05968,1250000,1000000
2019-08-08 12:25:15.379000,1.05971,1.05968,7250000,1250000
2019-08-08 12:25:16.041000,1.05971,1.05968,1500000,2950000
2019-08-08 12:25:20.410000,1.0597,1.05967,2870000,2060000
2019-08-08 12:25:33.142000,1.0597,1.05967,3370000,1250000
2019-08-08 12:25:33.288000,1.0597,1.05968,1120000,3560000
2019-08-08 12:25:33.390000,1.05971,1.05968,1500000,3250000
2019-08-08 12:25:34.052000,1.05972,1.05969,1500000,1750000
2019-08-08 12:25:34.861000,1.05972,1.05968,2440000,3620000
2019-08-08 12:25:35.041000,1.05972,1.05969,2620000,3250000
2019-08-08 12:25:35.195000,1.05971,1.05969,1000000,1750000
2019-08-08 12:25:35.296000,1.05971,1.05969,1000000,1250000
2019-08-08 12:25:35.398000,1.05972,1.05969,2620000,1750000
2019-08-08 12:25:35.500000,1.05971,1.05969,1000000,1750000
2019-08-08 12:25:36.029000,1.05972,1.05969,1500000,2120000
2019-08-08 12:25:36.131000,1.05971,1.05969,1870000,1250000
2019-08-08 12:25:36.283000,1.0597,1.05969,1000000,1250000
2019-08-08 12:25:36.486000,1.0597,1.05968,1000000,3190000
2019-08-08 12:25:39.315000,1.0597,1.05968,1000000,2870000
2019-08-08 12:25:39.522000,1.05971,1.05969,1120000,1250000
2019-08-08 12:25:39.625000,1.05971,1.05969,1870000,1370000
2019-08-08 12:25:39.780000,1.05973,1.05971,1950000,1370000
2019-08-08 12:25:40.088000,1.05973,1.0597,1120000,2500000
2019-08-08 12:25:40.191000,1.05972,1.05969,1000000,5620000
2019-08-08 12:25:40.305000,1.05971,1.05969,1000000,1750000
2019-08-08 12:25:40.561000,1.05972,1.05969,2250000,1750000
2019-08-08 12:25:40.713000,1.05973,1.05971,2700000,1250000
2019-08-08 12:25:40.901000,1.05973,1.05971,1500000,1250000
2019-08-08 12:25:41.054000,1.05973,1.0597,1000000,4370000
2019-08-08 12:25:41.503000,1.05973,1.05971,1000000,1750000
2019-08-08 12:25:41.606000,1.05974,1.05971,1310000,1750000
2019-08-08 12:25:42.974000,1.05975,1.05972,3000000,3310000
2019-08-08 12:25:43.212000,1.05975,1.05972,3000000,2440000
2019-08-08 12:25:43.992000,1.05975,1.05972,1120000,4310000
2019-08-08 12:25:44.136000,1.05977,1.05973,3190000,6000000
2019-08-08 12:25:44.238000,1.05976,1.05973,1000000,4370000
2019-08-08 12:25:44.341000,1.05978,1.05976,4390000,2440000
2019-08-08 12:25:44.444000,1.0598,1.05978,2500000,1000000
2019-08-08 12:25:44.710000,1.05979,1.05977,1500000,1250000
2019-08-08 12:25:45.131000,1.05978,1.05976,1000000,1370000
2019-08-08 12:25:45.390000,1.0598,1.05976,3370000,2500000
2019-08-08 12:25:45.989000,1.05978,1.05976,1000000,2120000
2019-08-08 12:25:46.090000,1.05979,1.05976,2940000,1250000
2019-08-08 12:25:48.521000,1.05978,1.05975,1690000,1690000
2019-08-08 12:25:48.676000,1.05977,1.05974,1250000,2440000
2019-08-08 12:25:55.538000,1.05975,1.05973,1250000,1120000
2019-08-08 12:25:55.786000,1.05976,1.05972,4810000,5250000
2019-08-08 12:25:56.562000,1.05976,1.05973,1690000,1250000
2019-08-08 12:25:56.664000,1.05976,1.05973,1500000,1750000
2019-08-08 12:26:01.275000,1.05977,1.05975,1500000,1250000
2019-08-08 12:26:01.378000,1.05978,1.05975,1000000,2620000
2019-08-08 12:26:01.480000,1.05978,1.05976,1000000,1370000
2019-08-08 12:26:01.607000,1.05978,1.05975,1500000,1370000
2019-08-08 12:26:01.761000,1.05978,1.05975,1500000,1370000
2019-08-08 12:26:01.863000,1.05978,1.05975,1000000,1370000
2019-08-08 12:26:02.015000,1.05978,1.05975,1000000,2120000
2019-08-08 12:26:02.219000,1.05978,1.05975,1000000,3620000
2019-08-08 12:26:02.371000,1.05978,1.05976,1000000,1250000
2019-08-08 12:26:02.573000,1.05979,1.05975,2750000,1690000
2019-08-08 12:26:03.625000,1.05979,1.05976,1690000,1750000
2019-08-08 12:26:03.727000,1.05981,1.05977,1870000,4500000
2019-08-08 12:26:03.829000,1.05981,1.05977,2870000,2750000
2019-08-08 12:26:03.931000,1.05979,1.05977,1250000,2940000
2019-08-08 12:26:04.032000,1.05979,1.05977,1250000,2060000
2019-08-08 12:26:04.777000,1.05979,1.05976,1250000,5620000
2019-08-08 12:26:04.879000,1.05977,1.05975,1000000,1310000
2019-08-08 12:26:05.881000,1.05978,1.05974,1250000,4870000
2019-08-08 12:26:06.892000,1.05978,1.05974,1890000,2250000
2019-08-08 12:26:07.190000,1.05977,1.05973,1690000,3750000
2019-08-08 12:26:07.292000,1.05976,1.05973,1000000,1750000
2019-08-08 12:26:09.617000,1.05977,1.05973,2810000,2120000
2019-08-08 12:26:12.003000,1.05976,1.05974,1000000,1250000
2019-08-08 12:26:13.858000,1.05977,1.05974,2060000,1250000
2019-08-08 12:26:17.816000,1.05976,1.05974,1000000,1250000
2019-08-08 12:26:19.661000,1.05976,1.05974,1120000,4000000
2019-08-08 12:26:20.531000,1.05977,1.05974,1500000,4370000
2019-08-08 12:26:22.133000,1.05975,1.05973,1250000,2440000
2019-08-08 12:26:22.236000,1.05974,1.05973,1250000,1000000
2019-08-08 12:26:22.338000,1.05975,1.05973,1250000,1000000
2019-08-08 12:26:22.702000,1.05975,1.05974,1000000,3750000
2019-08-08 12:26:23.083000,1.05975,1.05972,1000000,5120000
2019-08-08 12:26:23.191000,1.05976,1.05972,2810000,5870000
2019-08-08 12:26:26.675000,1.05976,1.05974,1000000,1000000
2019-08-08 12:26:27.879000,1.05977,1.05973,3120000,2440000
2019-08-08 12:26:36.422000,1.05976,1.05974,1000000,1000000
2019-08-08 12:26:38.272000,1.05976,1.05974,1000000,1250000
2019-08-08 12:26:38.373000,1.05976,1.05974,1000000,1250000
2019-08-08 12:26:41.289000,1.05976,1.05974,1620000,1250000
2019-08-08 12:26:41.440000,1.05976,1.05974,1000000,1250000
2019-08-08 12:26:41.693000,1.05976,1.05974,1000000,1250000
2019-08-08 12:26:46.291000,1.05976,1.05973,1000000,1370000
2019-08-08 12:27:01.554000,1.05975,1.05972,1310000,5500000
2019-08-08 12:27:03.141000,1.05976,1.05972,3000000,5120000
2019-08-08 12:27:05.686000,1.05976,1.05973,1690000,1310000
2019-08-08 12:27:05.887000,1.05975,1.05972,1250000,5640000
2019-08-08 12:27:06.022000,1.05975,1.05972,2120000,4690000
2019-08-08 12:27:06.425000,1.05974,1.05972,1250000,2260000
2019-08-08 12:27:06.529000,1.05975,1.05973,1250000,1000000
2019-08-08 12:27:08.726000,1.05975,1.05974,1000000,1000000
2019-08-08 12:27:08.828000,1.05976,1.05974,3560000,1000000
2019-08-08 12:27:11.762000,1.05977,1.05976,1870000,4690000
2019-08-08 12:27:11.893000,1.05979,1.05977,1790000,13690000
2019-08-08 12:27:11.994000,1.05979,1.05977,1310000,13060000
2019-08-08 12:27:12.147000,1.05979,1.05976,1310000,4000000
2019-08-08 12:27:17.762000,1.05979,1.05976,4810000,1250000
2019-08-08 12:27:18.448000,1.05979,1.05976,1500000,3620000
2019-08-08 12:27:18.810000,1.05981,1.05978,4500000,1250000
2019-08-08 12:27:19.374000,1.0598,1.05978,1250000,1870000
2019-08-08 12:27:21.306000,1.05981,1.05978,1310000,1690000
2019-08-08 12:27:24.604000,1.05982,1.05978,3640000,3250000
2019-08-08 12:27:25.308000,1.05982,1.05978,2940000,3250000
2019-08-08 12:27:28.282000,1.05982,1.05978,2890000,3250000
2019-08-08 12:27:35.872000,1.05982,1.05979,2620000,1250000
2019-08-08 12:27:35.974000,1.05982,1.05979,2060000,1250000
2019-08-08 12:27:36.366000,1.05982,1.05979,2190000,1250000
2019-08-08 12:27:38.867000,1.05982,1.05979,1690000,1310000
2019-08-08 12:27:40.707000,1.05984,1.05981,3000000,4370000
2019-08-08 12:27:40.758000,1.05985,1.05983,1760000,1250000
2019-08-08 12:27:40.911000,1.05986,1.05983,5250000,1690000
2019-08-08 12:27:41.063000,1.05987,1.05983,4120000,2440000
2019-08-08 12:27:41.217000,1.05987,1.05984,2620000,1750000
2019-08-08 12:27:45.543000,1.05985,1.05984,1250000,1500000
2019-08-08 12:27:45.657000,1.05984,1.05983,1250000,1500000
2019-08-08 12:27:45.759000,1.05984,1.05982,1250000,2440000
2019-08-08 12:27:51.821000,1.05982,1.05981,1000000,1000000
2019-08-08 12:27:51.923000,1.05982,1.05978,1500000,4070000
2019-08-08 12:27:52.459000,1.05982,1.05978,2250000,1690000
2019-08-08 12:27:53.070000,1.05981,1.05977,1000000,4870000
2019-08-08 12:27:53.265000,1.05979,1.05977,2060000,2440000
2019-08-08 12:28:00.128000,1.05979,1.05975,5500000,2810000
2019-08-08 12:28:00.231000,1.05977,1.05975,1250000,1000000
2019-08-08 12:28:00.555000,1.05977,1.05974,2440000,1310000
2019-08-08 12:28:00.658000,1.05974,1.05972,1370000,1570000
2019-08-08 12:28:00.710000,1.05973,1.05971,1250000,1500000
2019-08-08 12:28:00.812000,1.05972,1.05968,1250000,1750000
2019-08-08 12:28:00.914000,1.05972,1.05968,1000000,2500000
2019-08-08 12:28:01.768000,1.05972,1.05968,1000000,2870000
2019-08-08 12:28:02.188000,1.05972,1.05968,1250000,2060000
2019-08-08 12:28:03.349000,1.05972,1.05968,1250000,2120000
2019-08-08 12:28:03.400000,1.05973,1.05971,1250000,1120000
2019-08-08 12:28:03.451000,1.05974,1.05972,2140000,1250000
2019-08-08 12:28:03.952000,1.05974,1.05971,2120000,2170000
2019-08-08 12:28:04.104000,1.05973,1.05968,2140000,6300000
2019-08-08 12:28:04.965000,1.05973,1.05969,3010000,1250000
2019-08-08 12:28:05.782000,1.05973,1.05969,3820000,1250000
2019-08-08 12:28:06.481000,1.05972,1.05968,1500000,3370000
2019-08-08 12:28:08.679000,1.05972,1.05968,2810000,2120000
2019-08-08 12:28:08.781000,1.0597,1.05968,2870000,1000000
2019-08-08 12:28:08.883000,1.05969,1.05966,1250000,1310000
2019-08-08 12:28:09.300000,1.05968,1.05965,1250000,1310000
2019-08-08 12:28:09.839000,1.0597,1.05966,3750000,2250000
2019-08-08 12:28:09.976000,1.05969,1.05966,1250000,2250000
2019-08-08 12:28:12.205000,1.05968,1.05966,1000000,1250000
2019-08-08 12:28:12.257000,1.05968,1.05965,1250000,3260000
2019-08-08 12:28:12.359000,1.05967,1.05964,1690000,1760000
2019-08-08 12:28:12.479000,1.05965,1.05963,1000000,1310000
2019-08-08 12:28:14.277000,1.05966,1.05962,2060000,1820000
2019-08-08 12:28:14.684000,1.05965,1.05962,1000000,1350000
2019-08-08 12:28:15.741000,1.05966,1.05962,2810000,1370000
2019-08-08 12:28:15.946000,1.05965,1.05961,1000000,5320000
2019-08-08 12:28:16.336000,1.05965,1.05961,1000000,4510000
2019-08-08 12:28:18.934000,1.05966,1.05962,3000000,1390000
2019-08-08 12:28:19.511000,1.05966,1.05962,3370000,3010000
2019-08-08 12:28:20.818000,1.05966,1.05962,3500000,3010000
2019-08-08 12:28:21.537000,1.05966,1.05962,3000000,3820000
2019-08-08 12:28:23.744000,1.05967,1.05964,4500000,1250000
2019-08-08 12:28:24.740000,1.05967,1.05964,1000000,2120000
2019-08-08 12:28:26.035000,1.05967,1.05965,1000000,1250000
2019-08-08 12:28:29.559000,1.05967,1.05964,1690000,1310000
2019-08-08 12:28:30.617000,1.05967,1.05964,1000000,2120000
2019-08-08 12:28:31.611000,1.05967,1.05964,1690000,1090000
2019-08-08 12:28:33.229000,1.05966,1.05963,1000000,2870000
2019-08-08 12:28:43.149000,1.05965,1.05963,2500000,1000000
2019-08-08 12:28:43.252000,1.05965,1.05961,4500000,4000000
2019-08-08 12:28:44.208000,1.05965,1.05962,2250000,1370000
2019-08-08 12:28:44.312000,1.05965,1.05961,3250000,3000000
2019-08-08 12:28:47.179000,1.05965,1.05962,3370000,1690000
2019-08-08 12:28:47.332000,1.05965,1.05963,1950000,1000000
2019-08-08 12:28:47.458000,1.05965,1.05964,1870000,1000000
2019-08-08 12:28:51.022000,1.05966,1.05963,2750000,1120000
2019-08-08 12:28:53.119000,1.05964,1.05963,1250000,1000000
2019-08-08 12:28:53.221000,1.05963,1.05961,1000000,1250000
2019-08-08 12:28:53.322000,1.05963,1.0596,1000000,3250000
2019-08-08 12:28:53.470000,1.05964,1.05961,2260000,1250000
2019-08-08 12:28:54.372000,1.05964,1.05961,1870000,1250000
2019-08-08 12:28:54.902000,1.05962,1.0596,1000000,1000000
2019-08-08 12:28:55.005000,1.05961,1.05958,1500000,3620000
2019-08-08 12:28:56.463000,1.0596,1.05957,1000000,1750000
2019-08-08 12:28:56.514000,1.0596,1.05956,2060000,7310000
2019-08-08 12:28:56.616000,1.05959,1.05956,1000000,6560000
2019-08-08 12:28:57.669000,1.05959,1.05956,1000000,3750000
2019-08-08 12:28:57.872000,1.0596,1.05956,1690000,3750000
2019-08-08 12:29:04.503000,1.0596,1.05957,1120000,1750000
2019-08-08 12:29:06.699000,1.05963,1.05961,4120000,1750000
2019-08-08 12:29:06.801000,1.05964,1.05961,3690000,2870000
2019-08-08 12:29:07.261000,1.05964,1.05961,1690000,2870000
2019-08-08 12:29:08.773000,1.05965,1.05962,2750000,1370000
2019-08-08 12:29:08.824000,1.05966,1.05963,1760000,2060000
2019-08-08 12:29:16.737000,1.05965,1.05962,1350000,2620000
2019-08-08 12:29:16.839000,1.05965,1.05963,1500000,1250000
2019-08-08 12:29:16.941000,1.05964,1.05961,1250000,5250000
2019-08-08 12:29:17.043000,1.05964,1.05962,1000000,1690000
2019-08-08 12:29:17.448000,1.05964,1.05962,1690000,1250000
2019-08-08 12:29:18.242000,1.05963,1.05961,1000000,5870000
2019-08-08 12:29:18.842000,1.05964,1.05961,1250000,5870000
2019-08-08 12:29:21.963000,1.05963,1.05961,1690000,1250000
2019-08-08 12:29:22.386000,1.05962,1.05961,1000000,1250000
2019-08-08 12:29:24.575000,1.05963,1.05961,1500000,1750000
2019-08-08 12:29:24.678000,1.05964,1.05962,2060000,1250000
2019-08-08 12:29:25.186000,1.05965,1.05962,2250000,2500000
2019-08-08 12:29:25.440000,1.05964,1.05962,1000000,2440000
2019-08-08 12:29:29.597000,1.05968,1.05966,2510000,1250000
2019-08-08 12:29:29.648000,1.05968,1.05966,1000000,1310000
2019-08-08 12:29:29.699000,1.0597,1.05969,1120000,1000000
2019-08-08 12:29:30.015000,1.05971,1.05969,1330000,1750000
2019-08-08 12:29:30.278000,1.05972,1.05969,1120000,1250000
2019-08-08 12:29:32.946000,1.0597,1.05967,1370000,2140000
2019-08-08 12:29:34.372000,1.0597,1.05967,1120000,1820000
2019-08-08 12:29:40.553000,1.05971,1.05968,1000000,1690000
2019-08-08 12:29:44.264000,1.0597,1.05968,1370000,1000000
2019-08-08 12:29:44.372000,1.05967,1.05966,1000000,1250000
2019-08-08 12:29:44.676000,1.05967,1.05966,1000000,1250000
2019-08-08 12:29:44.778000,1.05968,1.05966,1120000,1250000
2019-08-08 12:29:45.252000,1.05969,1.05967,2250000,1250000
2019-08-08 12:29:45.354000,1.05971,1.05968,3600000,1250000
2019-08-08 12:29:45.796000,1.05969,1.05966,1310000,2500000
2019-08-08 12:29:46.794000,1.05969,1.05967,1310000,1000000
2019-08-08 12:29:46.948000,1.05971,1.05969,3310000,1000000
2019-08-08 12:29:47.307000,1.05971,1.05968,1810000,1250000
2019-08-08 12:29:48.741000,1.05971,1.05968,1250000,1250000
2019-08-08 12:29:50.190000,1.05972,1.05969,1350000,1000000
2019-08-08 12:29:50.565000,1.05972,1.05968,1250000,1250000
2019-08-08 12:29:50.667000,1.05972,1.05969,1250000,1000000
2019-08-08 12:29:50.829000,1.05972,1.05968,1250000,1250000
2019-08-08 12:29:50.931000,1.0597,1.05968,1000000,1250000
2019-08-08 12:29:51.034000,1.0597,1.05969,1000000,1000000
2019-08-08 12:29:51.176000,1.0597,1.05968,1000000,1250000
2019-08-08 12:29:51.433000,1.05971,1.05968,1250000,1250000
2019-08-08 12:29:53.395000,1.05972,1.05969,1250000,1000000
2019-08-08 12:29:54.443000,1.05972,1.05969,1750000,1000000
2019-08-08 12:29:54.546000,1.05972,1.05968,1750000,1000000
2019-08-08 12:29:55.071000,1.05972,1.05968,1000000,1000000
2019-08-08 12:29:55.730000,1.05972,1.05967,1000000,1690000
2019-08-08 12:29:55.982000,1.05972,1.05968,1000000,1000000
2019-08-08 12:29:58.231000,1.05972,1.05969,1000000,1000000
2019-08-08 12:29:58.333000,1.05974,1.05969,1250000,1000000
2019-08-08 12:29:58.621000,1.05974,1.05967,1750000,1690000
2019-08-08 12:29:58.723000,1.05975,1.05968,1250000,1250000
2019-08-08 12:29:59.379000,1.05975,1.0597,1250000,1000000
2019-08-08 12:29:59.767000,1.05977,1.05971,2350000,1000000
2019-08-08 12:29:59.819000,1.05976,1.05971,1250000,1000000
2019-08-08 12:29:59.870000,1.05976,1.05969,2690000,1250000
2019-08-08 12:30:00.023000,1.05976,1.05969,1600000,1250000
2019-08-08 12:30:00.269000,1.05974,1.05968,1250000,1250000
2019-08-08 12:30:00.474000,1.05972,1.05968,1000000,1250000
2019-08-08 12:30:00.653000,1.05973,1.05968,1250000,1250000
2019-08-08 12:30:00.856000,1.05972,1.05968,1000000,1250000
2019-08-08 12:30:00.977000,1.05973,1.05968,1250000,1250000
2019-08-08 12:30:01.235000,1.05973,1.05967,1750000,1750000
2019-08-08 12:30:01.346000,1.05973,1.05967,4670000,1250000
2019-08-08 12:30:01.448000,1.05972,1.05968,1250000,1250000
2019-08-08 12:30:01.550000,1.05972,1.05968,1000000,1250000
2019-08-08 12:30:01.652000,1.05974,1.05967,1250000,4220000
2019-08-08 12:30:01.822000,1.05973,1.05967,1000000,2120000
2019-08-08 12:30:02.184000,1.05973,1.0597,1000000,1250000
2019-08-08 12:30:02.336000,1.05975,1.0597,1000000,2440000
2019-08-08 12:30:02.388000,1.05975,1.05972,1000000,1750000
2019-08-08 12:30:02.439000,1.05977,1.05972,1250000,1750000
2019-08-08 12:30:02.944000,1.05979,1.05974,2500000,1000000
2019-08-08 12:30:03.046000,1.05979,1.05973,1820000,2510000
2019-08-08 12:30:03.619000,1.05979,1.05974,2950000,1000000
2019-08-08 12:30:03.952000,1.0598,1.05973,4450000,2140000
2019-08-08 12:30:04.068000,1.0598,1.05974,4320000,1000000
2019-08-08 12:30:04.120000,1.0598,1.05977,1500000,1250000
2019-08-08 12:30:04.171000,1.05982,1.05978,1000000,1250000
2019-08-08 12:30:04.273000,1.05984,1.05979,1250000,1250000
2019-08-08 12:30:04.425000,1.05984,1.05979,1850000,1750000
2019-08-08 12:30:04.563000,1.05984,1.05979,1250000,1750000
2019-08-08 12:30:04.941000,1.05984,1.05979,1370000,1250000
2019-08-08 12:30:04.992000,1.05981,1.05978,1800000,1000000
2019-08-08 12:30:05.043000,1.05978,1.05974,1120000,3660000
2019-08-08 12:30:05.154000,1.05979,1.05975,1350000,1350000
2019-08-08 12:30:05.205000,1.05983,1.05977,1350000,1250000
2019-08-08 12:30:05.307000,1.05984,1.05979,1370000,1000000
2019-08-08 12:30:05.409000,1.05984,1.05979,1250000,1750000
2019-08-08 12:30:05.511000,1.05985,1.0598,1250000,1000000
2019-08-08 12:30:05.655000,1.05984,1.0598,1000000,1000000
2019-08-08 12:30:06.192000,1.05984,1.0598,1000000,1750000
2019-08-08 12:30:06.294000,1.05987,1.05981,1450000,1250000
2019-08-08 12:30:06.566000,1.05986,1.05981,1240000,1250000
2019-08-08 12:30:06.718000,1.05984,1.05981,1000000,1750000
2019-08-08 12:30:07.148000,1.05985,1.0598,1000000,2200000
2019-08-08 12:30:08.061000,1.05985,1.05979,1250000,2500000
2019-08-08 12:30:08.164000,1.05989,1.05981,1450000,1750000
2019-08-08 12:30:08.267000,1.05988,1.05982,1450000,1250000
2019-08-08 12:30:08.370000,1.05988,1.05983,1250000,1250000
2019-08-08 12:30:08.500000,1.05989,1.05984,3100000,1250000
2019-08-08 12:30:08.818000,1.05989,1.05984,2620000,1250000
2019-08-08 12:30:09.196000,1.0599,1.05983,4180000,1250000
2019-08-08 12:30:10.061000,1.05989,1.05983,2050000,1250000
2019-08-08 12:30:10.173000,1.05987,1.05983,1650000,1000000
2019-08-08 12:30:10.275000,1.05984,1.05981,1000000,1950000
2019-08-08 12:30:10.552000,1.05988,1.05981,2000000,1500000
2019-08-08 12:30:10.853000,1.05985,1.05981,1000000,1950000
2019-08-08 12:30:12.389000,1.05985,1.05982,1000000,1250000
2019-08-08 12:30:12.491000,1.05987,1.05984,1250000,1000000
2019-08-08 12:30:12.687000,1.05989,1.05984,2320000,1250000
2019-08-08 12:30:13.205000,1.05988,1.05984,1750000,1250000
2019-08-08 12:30:13.699000,1.05987,1.05985,1120000,1000000
2019-08-08 12:30:13.801000,1.05989,1.05985,1750000,1250000
2019-08-08 12:30:13.903000,1.05989,1.05985,1250000,1250000
2019-08-08 12:30:14.722000,1.05989,1.05986,1690000,1000000
2019-08-08 12:30:14.824000,1.05989,1.05987,1310000,1000000
2019-08-08 12:30:15.076000,1.05989,1.05986,2160000,1000000
2019-08-08 12:30:15.178000,1.05987,1.05986,1000000,1000000
2019-08-08 12:30:15.684000,1.0599,1.05985,4130000,1450000
2019-08-08 12:30:15.888000,1.05989,1.05986,1000000,1750000
2019-08-08 12:30:16.132000,1.05989,1.05986,1250000,1390000
2019-08-08 12:30:16.592000,1.05988,1.05985,1000000,2350000
2019-08-08 12:30:16.694000,1.05989,1.05986,1250000,1390000
2019-08-08 12:30:16.890000,1.05988,1.05985,1000000,2350000
2019-08-08 12:30:17.093000,1.05988,1.05985,1250000,2140000
2019-08-08 12:30:17.478000,1.05989,1.05985,1250000,2200000
2019-08-08 12:30:18.352000,1.05991,1.05987,6320000,1250000
2019-08-08 12:30:18.439000,1.05992,1.05988,1370000,3010000
2019-08-08 12:30:18.592000,1.05992,1.05988,1370000,1390000
2019-08-08 12:30:18.694000,1.05989,1.05986,1000000,4770000
2019-08-08 12:30:18.796000,1.05988,1.05985,1250000,2320000
2019-08-08 12:30:19.182000,1.05988,1.05984,1690000,2320000
2019-08-08 12:30:20.878000,1.05989,1.05985,1250000,1370000
2019-08-08 12:30:20.980000,1.0599,1.05987,2810000,1250000
2019-08-08 12:30:21.083000,1.05992,1.05988,1370000,1390000
2019-08-08 12:30:21.185000,1.05993,1.05989,1950000,1390000
2019-08-08 12:30:21.287000,1.05993,1.05989,1810000,1450000
2019-08-08 12:30:21.450000,1.05993,1.05989,1310000,2200000
2019-08-08 12:30:22.538000,1.05992,1.05989,1250000,1390000
2019-08-08 12:30:22.770000,1.0599,1.05987,1000000,2720000
2019-08-08 12:30:22.872000,1.0599,1.05987,1250000,1390000
2019-08-08 12:30:23.679000,1.05992,1.05989,1310000,1000000
2019-08-08 12:30:25.308000,1.05993,1.0599,1250000,1000000
2019-08-08 12:30:25.583000,1.05993,1.0599,1250000,1310000
2019-08-08 12:30:26.353000,1.05994,1.05991,1310000,1250000
2019-08-08 12:30:27.024000,1.05995,1.05991,1250000,3820000
2019-08-08 12:30:27.125000,1.05996,1.05993,1310000,1390000
2019-08-08 12:30:28.073000,1.05996,1.05994,1310000,1000000
2019-08-08 12:30:28.225000,1.05997,1.05995,1000000,1250000
2019-08-08 12:30:28.330000,1.05999,1.05996,2000000,1870000
2019-08-08 12:30:28.432000,1.05996,1.05994,1310000,1500000
2019-08-08 12:30:28.534000,1.05997,1.05994,1870000,2070000
2019-08-08 12:30:28.636000,1.05997,1.05994,2920000,1000000
2019-08-08 12:30:29.178000,1.05998,1.05994,3380000,2870000
2019-08-08 12:30:29.381000,1.05996,1.05994,1000000,2260000
2019-08-08 12:30:29.483000,1.05996,1.05994,1250000,1200000
2019-08-08 12:30:29.585000,1.05997,1.05994,1610000,1250000
2019-08-08 12:30:31.291000,1.05998,1.05994,2940000,1750000
2019-08-08 12:30:31.394000,1.05999,1.05996,1690000,1750000
2019-08-08 12:30:38.947000,1.06001,1.05997,3370000,4570000
2019-08-08 12:30:39.049000,1.06003,1.06002,1500000,1000000
2019-08-08 12:30:39.162000,1.06003,1.06,1370000,1950000
2019-08-08 12:30:39.271000,1.06001,1.05998,1500000,1820000
2019-08-08 12:30:40.630000,1.06001,1.05998,3250000,1000000
2019-08-08 12:30:41.043000,1.06,1.05996,1500000,4200000
2019-08-08 12:30:41.145000,1.06,1.05997,2120000,2260000
2019-08-08 12:30:41.967000,1.06,1.05997,1310000,3070000
2019-08-08 12:30:47.239000,1.05999,1.05997,1250000,1310000
2019-08-08 12:30:47.566000,1.05999,1.05996,1870000,1500000
2019-08-08 12:30:47.668000,1.05999,1.05995,3370000,1500000
2019-08-08 12:30:48.748000,1.05998,1.05995,1250000,1690000
2019-08-08 12:30:50.313000,1.05999,1.05996,2810000,1250000
2019-08-08 12:30:50.415000,1.05999,1.05996,2120000,1500000
2019-08-08 12:30:55.005000,1.05999,1.05996,1370000,1000000
2019-08-08 12:30:55.107000,1.05999,1.05996,1120000,3010000
2019-08-08 12:30:55.817000,1.05999,1.05997,1250000,1100000
2019-08-08 12:30:57.123000,1.05999,1.05997,1690000,2140000
2019-08-08 12:30:57.950000,1.05999,1.05996,1250000,3070000
2019-08-08 12:30:58.052000,1.05998,1.05995,1370000,4200000
2019-08-08 12:30:58.639000,1.05999,1.05995,4120000,3640000
2019-08-08 12:31:00.113000,1.05999,1.05995,2500000,4140000
2019-08-08 12:31:00.218000,1.05999,1.05996,2810000,2200000
2019-08-08 12:31:01.984000,1.06,1.05997,3190000,2890000
2019-08-08 12:31:02.123000,1.06,1.05999,1690000,1000000
2019-08-08 12:31:03.033000,1.06,1.05997,1690000,3200000
2019-08-08 12:31:04.156000,1.05999,1.05997,1250000,3260000
2019-08-08 12:31:11.998000,1.06003,1.06001,1000000,1250000
2019-08-08 12:31:12.355000,1.06001,1.05999,1250000,7600000
2019-08-08 12:31:12.457000,1.06002,1.05999,2500000,1950000
2019-08-08 12:31:12.559000,1.06002,1.05999,1250000,2140000
2019-08-08 12:31:13.026000,1.06001,1.05999,1000000,2140000
2019-08-08 12:31:13.128000,1.06,1.05999,1250000,1000000
2019-08-08 12:31:13.236000,1.06,1.05997,1250000,1390000
2019-08-08 12:31:13.406000,1.06,1.05998,1250000,1200000
2019-08-08 12:31:14.140000,1.06001,1.05998,3560000,1760000
2019-08-08 12:31:14.298000,1.06002,1.05998,2190000,2600000
2019-08-08 12:31:14.400000,1.06003,1.06,5750000,1000000
2019-08-08 12:31:14.502000,1.06004,1.06,6000000,3640000
2019-08-08 12:31:14.924000,1.06004,1.06,4440000,2570000
2019-08-08 12:31:15.281000,1.06004,1.06,2940000,1570000
2019-08-08 12:31:15.544000,1.06004,1.06,3310000,2570000
2019-08-08 12:31:19.763000,1.06004,1.06,3370000,3760000
2019-08-08 12:31:19.865000,1.06,1.05999,2620000,1000000
2019-08-08 12:31:19.968000,1.05999,1.05997,1000000,1790000
2019-08-08 12:31:20.070000,1.06001,1.05997,5870000,1790000
2019-08-08 12:31:20.363000,1.06001,1.05997,5870000,1760000
2019-08-08 12:31:20.863000,1.06001,1.05997,5120000,2540000
2019-08-08 12:31:20.986000,1.05999,1.05997,1000000,2510000
2019-08-08 12:31:21.726000,1.05999,1.05996,1750000,1950000
2019-08-08 12:31:21.980000,1.05999,1.05995,1250000,4010000
2019-08-08 12:31:22.303000,1.06,1.05996,5060000,1390000
2019-08-08 12:31:22.405000,1.05999,1.05996,1000000,2140000
2019-08-08 12:31:22.970000,1.06,1.05996,4690000,2890000
2019-08-08 12:31:23.603000,1.05999,1.05996,1000000,2890000
2019-08-08 12:31:24.489000,1.05999,1.05996,1750000,1200000
2019-08-08 12:31:24.591000,1.05998,1.05995,2500000,3070000
2019-08-08 12:31:25.530000,1.05998,1.05995,1250000,2510000
2019-08-08 12:31:26.177000,1.05996,1.05994,1250000,1970000
2019-08-08 12:31:26.280000,1.05995,1.05993,4000000,1100000
2019-08-08 12:31:26.381000,1.05995,1.05991,5250000,2510000
2019-08-08 12:31:29.202000,1.05995,1.05992,4310000,2140000
2019-08-08 12:31:34.114000,1.05995,1.05992,1690000,2540000
2019-08-08 12:31:34.704000,1.05996,1.05993,1870000,1370000
2019-08-08 12:31:35.405000,1.05996,1.05993,2060000,3640000
2019-08-08 12:31:36.139000,1.05997,1.05994,2740000,1010000
2019-08-08 12:31:36.342000,1.05998,1.05994,2190000,2570000
2019-08-08 12:31:36.445000,1.05999,1.05995,4120000,1390000
2019-08-08 12:31:36.547000,1.05999,1.05995,3310000,2570000
2019-08-08 12:31:37.941000,1.05999,1.05995,2940000,3070000
2019-08-08 12:31:38.254000,1.05999,1.05996,2940000,1200000
2019-08-08 12:31:38.577000,1.05999,1.05995,2940000,1950000
2019-08-08 12:31:40.129000,1.05998,1.05995,1370000,1120000
2019-08-08 12:31:40.932000,1.05996,1.05994,1310000,1220000
2019-08-08 12:31:40.984000,1.05995,1.05993,2440000,2700000
2019-08-08 12:31:41.085000,1.05994,1.05992,1250000,2890000
2019-08-08 12:31:41.521000,1.05995,1.05992,1690000,1790000
2019-08-08 12:31:42.400000,1.05996,1.05993,2060000,1390000
2019-08-08 12:31:42.704000,1.05997,1.05993,3370000,2160000
2019-08-08 12:31:44.809000,1.05997,1.05994,1250000,1390000
2019-08-08 12:31:45.064000,1.05998,1.05994,3310000,2200000
2019-08-08 12:31:45.217000,1.05998,1.05995,1870000,1750000
2019-08-08 12:31:45.388000,1.05999,1.05996,2810000,3350000
2019-08-08 12:31:46.137000,1.06,1.05997,3000000,1450000
2019-08-08 12:31:46.239000,1.06003,1.05999,3450000,1310000
2019-08-08 12:31:46.291000,1.06003,1.06,1000000,3250000
2019-08-08 12:31:46.342000,1.06004,1.06,4000000,3640000
2019-08-08 12:31:46.865000,1.06004,1.06,3560000,2950000
2019-08-08 12:31:47.270000,1.06004,1.06,3690000,3320000
2019-08-08 12:31:48.215000,1.06004,1.06,1870000,4100000
2019-08-08 12:31:49.790000,1.06002,1.06,1000000,2700000
2019-08-08 12:31:49.892000,1.06001,1.05998,1690000,2890000
2019-08-08 12:31:49.994000,1.06002,1.06,1870000,1750000
2019-08-08 12:31:50.096000,1.06003,1.06,4500000,2870000
2019-08-08 12:31:50.147000,1.06003,1.06,2060000,2060000
2019-08-08 12:31:50.198000,1.06003,1.06001,1500000,1250000
2019-08-08 12:31:50.697000,1.06003,1.06,1250000,2810000
2019-08-08 12:31:52.594000,1.06004,1.06001,3690000,1250000
2019-08-08 12:31:52.696000,1.06004,1.06001,3190000,1350000
2019-08-08 12:31:56.844000,1.06004,1.06001,2810000,1570000
2019-08-08 12:31:56.945000,1.06004,1.06,2810000,5700000
2019-08-08 12:31:58.701000,1.05999,1.05998,1250000,1870000
2019-08-08 12:31:58.805000,1.06,1.05997,1250000,3760000
2019-08-08 12:31:59.308000,1.06001,1.05998,3940000,1310000
2019-08-08 12:31:59.622000,1.06001,1.05999,1500000,1000000
2019-08-08 12:31:59.724000,1.06004,1.06001,3620000,2140000
2019-08-08 12:31:59.827000,1.06004,1.06001,2500000,2940000
2019-08-08 12:32:09.357000,1.06005,1.06002,2870000,2140000
2019-08-08 12:32:12.320000,1.06005,1.06003,2060000,1100000
2019-08-08 12:32:12.422000,1.06006,1.06004,1870000,1310000
2019-08-08 12:32:13.579000,1.06006,1.06003,2870000,2820000
2019-08-08 12:32:19.047000,1.06005,1.06003,1250000,1000000
2019-08-08 12:32:19.098000,1.06004,1.06002,1250000,2890000
2019-08-08 12:32:20.063000,1.06005,1.06002,2060000,2510000
2019-08-08 12:32:20.165000,1.06004,1.06003,1250000,1100000
2019-08-08 12:32:20.266000,1.06004,1.06002,1250000,2320000
2019-08-08 12:32:20.418000,1.06004,1.06001,1250000,6100000
2019-08-08 12:32:20.520000,1.06002,1.06001,1000000,1950000
2019-08-08 12:32:20.623000,1.06001,1.06,1870000,1000000
2019-08-08 12:32:20.735000,1.06001,1.05998,1870000,4140000
2019-08-08 12:32:21.650000,1.06003,1.06,2590000,2060000
2019-08-08 12:32:21.752000,1.06003,1.06,1690000,3260000
2019-08-08 12:32:22.372000,1.06004,1.06,3370000,4140000
2019-08-08 12:32:22.474000,1.06004,1.06001,2810000,1370000
2019-08-08 12:32:22.576000,1.06005,1.06002,1250000,2060000
2019-08-08 12:32:22.678000,1.06005,1.06003,1250000,1000000
2019-08-08 12:32:22.780000,1.06006,1.06003,2810000,1010000
2019-08-08 12:32:27.480000,1.0601,1.06007,4310000,2510000
2019-08-08 12:32:27.633000,1.0601,1.06008,1250000,1950000
2019-08-08 12:32:31.818000,1.06009,1.06007,1250000,3390000
2019-08-08 12:32:33.138000,1.0601,1.06007,1250000,1810000
2019-08-08 12:32:35.087000,1.06011,1.06008,1750000,1600000
2019-08-08 12:32:35.202000,1.06011,1.06008,1250000,1790000
2019-08-08 12:32:36.998000,1.06011,1.06007,1250000,6070000
2019-08-08 12:32:37.423000,1.06011,1.06008,1250000,1790000
2019-08-08 12:32:38.425000,1.06011,1.06008,1250000,1760000
2019-08-08 12:32:38.926000,1.06011,1.06008,1250000,1790000
2019-08-08 12:32:39.123000,1.06013,1.06011,1000000,1370000
2019-08-08 12:32:39.174000,1.06012,1.0601,1120000,1000000
2019-08-08 12:32:39.225000,1.06013,1.0601,1000000,5320000
2019-08-08 12:32:39.276000,1.06015,1.06012,2890000,1250000
2019-08-08 12:32:39.429000,1.06016,1.06012,1750000,4910000
2019-08-08 12:32:43.270000,1.06017,1.06013,2120000,2540000
2019-08-08 12:32:43.813000,1.06018,1.06017,3000000,1250000
2019-08-08 12:32:43.916000,1.0602,1.06018,1250000,1250000
2019-08-08 12:32:45.537000,1.06018,1.06017,1000000,1100000
2019-08-08 12:32:45.639000,1.06016,1.06014,1000000,2960000
2019-08-08 12:32:45.741000,1.06017,1.06014,1690000,1310000
2019-08-08 12:32:51.691000,1.06017,1.06013,1370000,3750000
2019-08-08 12:32:51.802000,1.06012,1.06011,1000000,5890000
2019-08-08 12:32:51.904000,1.06011,1.06008,1310000,7890000
2019-08-08 12:32:54.350000,1.06012,1.06009,1000000,2200000
2019-08-08 12:32:54.452000,1.06013,1.0601,2440000,1760000
2019-08-08 12:32:54.553000,1.06013,1.0601,1000000,3700000
2019-08-08 12:32:54.655000,1.06014,1.0601,1120000,5220000
2019-08-08 12:32:56.050000,1.06011,1.0601,1000000,2700000
2019-08-08 12:32:56.236000,1.06011,1.06009,1250000,2320000
2019-08-08 12:32:58.714000,1.06006,1.06005,1000000,1000000
2019-08-08 12:32:58.816000,1.06006,1.06003,1000000,4570000
2019-08-08 12:32:59.019000,1.06007,1.06004,1120000,2120000
2019-08-08 12:32:59.121000,1.06009,1.06004,3390000,3070000
2019-08-08 12:33:00.932000,1.06009,1.06006,2810000,1370000
2019-08-08 12:33:05.661000,1.06011,1.06007,1250000,5950000
2019-08-08 12:33:05.764000,1.06012,1.06009,2620000,2320000
2019-08-08 12:33:05.866000,1.0601,1.06008,1250000,1000000
2019-08-08 12:33:06.020000,1.06009,1.06007,1250000,2810000
2019-08-08 12:33:06.541000,1.0601,1.06007,1000000,1750000
2019-08-08 12:33:06.804000,1.06011,1.06008,1690000,1760000
2019-08-08 12:33:10.560000,1.06012,1.06008,4440000,3700000
2019-08-08 12:33:10.662000,1.06013,1.06009,1250000,3070000
2019-08-08 12:33:10.765000,1.06012,1.06009,1000000,3070000
2019-08-08 12:33:11.069000,1.06012,1.06009,2500000,2070000
2019-08-08 12:33:11.171000,1.06012,1.06009,1690000,2260000
2019-08-08 12:33:11.323000,1.06012,1.06009,2500000,2070000
2019-08-08 12:33:11.498000,1.06012,1.06009,1500000,2070000
2019-08-08 12:33:12.344000,1.06012,1.06009,2500000,2820000
2019-08-08 12:33:12.749000,1.06011,1.06008,1250000,2510000
2019-08-08 12:33:13.002000,1.06012,1.06008,2500000,3290000
2019-08-08 12:33:14.656000,1.06012,1.06008,2120000,2510000
2019-08-08 12:33:14.913000,1.06012,1.06008,2120000,3660000
2019-08-08 12:33:15.320000,1.06013,1.06009,2570000,1810000
2019-08-08 12:33:15.423000,1.06013,1.06009,1000000,3410000
2019-08-08 12:33:15.525000,1.06013,1.0601,1000000,2070000
2019-08-08 12:33:15.638000,1.06014,1.06011,1870000,4950000
2019-08-08 12:33:15.689000,1.06017,1.06014,2870000,1000000
2019-08-08 12:33:15.791000,1.06017,1.06015,1120000,1820000
2019-08-08 12:33:15.943000,1.06018,1.06015,1000000,4220000
2019-08-08 12:33:16.112000,1.06018,1.06015,1500000,3470000
2019-08-08 12:33:16.270000,1.06018,1.06015,1690000,2940000
2019-08-08 12:33:16.380000,1.06016,1.06015,1000000,1500000
2019-08-08 12:33:16.482000,1.06015,1.06013,1690000,1410000
2019-08-08 12:33:16.689000,1.06017,1.06014,2260000,1250000
2019-08-08 12:33:20.009000,1.06015,1.06013,1250000,1200000
2019-08-08 12:33:20.138000,1.06013,1.06009,1310000,3450000
2019-08-08 12:33:20.240000,1.06012,1.06008,1500000,5720000
2019-08-08 12:33:21.144000,1.06013,1.06011,1120000,1250000
2019-08-08 12:33:21.246000,1.06015,1.06013,1690000,1120000
2019-08-08 12:33:21.297000,1.06016,1.06013,1950000,1120000
2019-08-08 12:33:21.500000,1.06016,1.06013,1000000,2350000
2019-08-08 12:33:21.768000,1.06017,1.06013,3190000,2350000
2019-08-08 12:33:26.002000,1.06017,1.06014,1500000,2200000
2019-08-08 12:33:26.106000,1.06018,1.06015,1500000,3700000
2019-08-08 12:33:26.311000,1.06019,1.06017,3190000,1250000
2019-08-08 12:33:26.362000,1.06022,1.0602,3750000,2120000
2019-08-08 12:33:26.464000,1.06022,1.0602,3190000,1570000
2019-08-08 12:33:26.656000,1.06022,1.06019,1750000,1500000
2019-08-08 12:33:28.298000,1.06022,1.06019,2060000,2260000
2019-08-08 12:33:28.502000,1.06023,1.06019,2440000,5700000
2019-08-08 12:33:30.349000,1.06023,1.06022,2250000,1000000
2019-08-08 12:33:30.400000,1.06026,1.06025,12750000,1000000
2019-08-08 12:33:30.451000,1.06029,1.06027,7190000,1250000
2019-08-08 12:33:30.503000,1.0603,1.06029,1000000,1000000
2019-08-08 12:33:30.607000,1.0603,1.06028,1250000,1120000
2019-08-08 12:33:30.743000,1.06031,1.06028,1250000,2750000
2019-08-08 12:33:30.946000,1.06033,1.06029,2500000,1570000
2019-08-08 12:33:31.541000,1.06031,1.06027,3000000,2350000
2019-08-08 12:33:31.695000,1.06031,1.06028,1300000,1000000
2019-08-08 12:33:31.847000,1.06032,1.06029,2870000,1200000
2019-08-08 12:33:32,1.06033,1.06029,1370000,2510000
2019-08-08 12:33:32.102000,1.06034,1.0603,3370000,1000000
2019-08-08 12:33:32.499000,1.06032,1.06028,1250000,4220000
2019-08-08 12:33:33.319000,1.06031,1.06028,1250000,1600000
2019-08-08 12:33:33.472000,1.06032,1.06028,3250000,3390000
2019-08-08 12:33:34.321000,1.06032,1.06028,2120000,1600000
2019-08-08 12:33:34.424000,1.06029,1.06028,1250000,1200000
2019-08-08 12:33:34.526000,1.06032,1.06028,1750000,1690000
2019-08-08 12:33:34.628000,1.06032,1.06029,1250000,1000000
2019-08-08 12:33:36.657000,1.06031,1.06028,2150000,2320000
2019-08-08 12:33:38.014000,1.06032,1.06028,3620000,2510000
2019-08-08 12:33:38.116000,1.06032,1.06028,2120000,3010000
2019-08-08 12:33:38.862000,1.06033,1.06029,2120000,1690000
2019-08-08 12:33:38.964000,1.06034,1.0603,4870000,1750000
2019-08-08 12:33:39.656000,1.06032,1.06029,2620000,1220000
2019-08-08 12:33:39.758000,1.06029,1.06028,2620000,1120000
2019-08-08 12:33:40.316000,1.06032,1.06028,3750000,2700000
2019-08-08 12:33:40.417000,1.06032,1.06028,3750000,2720000
2019-08-08 12:33:40.519000,1.06032,1.06028,2250000,2890000
2019-08-08 12:33:41.457000,1.06032,1.06028,1750000,3390000
2019-08-08 12:33:41.989000,1.06029,1.06027,1250000,3390000
2019-08-08 12:33:42.091000,1.06029,1.06026,2440000,1950000
2019-08-08 12:33:42.939000,1.0603,1.06028,1000000,1690000
2019-08-08 12:33:43.041000,1.06032,1.06028,2120000,1810000
2019-08-08 12:33:44.241000,1.06032,1.06028,1750000,3260000
2019-08-08 12:33:44.351000,1.06034,1.0603,2870000,2370000
2019-08-08 12:33:44.454000,1.06034,1.06031,1750000,2140000
2019-08-08 12:33:44.556000,1.06034,1.06031,1750000,2160000
2019-08-08 12:33:44.696000,1.06034,1.06031,1750000,2140000
2019-08-08 12:33:45.075000,1.06036,1.06035,1000000,1390000
2019-08-08 12:33:45.127000,1.06038,1.06035,1500000,2700000
2019-08-08 12:33:45.228000,1.06039,1.06036,1250000,1820000
2019-08-08 12:33:46.441000,1.06041,1.0604,5250000,3940000
2019-08-08 12:33:46.563000,1.0604,1.06038,1250000,3070000
2019-08-08 12:33:47.100000,1.06039,1.06036,1250000,5570000
2019-08-08 12:33:47.248000,1.06038,1.06036,1000000,1250000
2019-08-08 12:33:47.350000,1.06038,1.06035,3250000,1120000
2019-08-08 12:33:47.503000,1.06038,1.06034,2440000,3750000
2019-08-08 12:33:47.605000,1.06038,1.06035,1500000,2870000
2019-08-08 12:33:47.657000,1.06038,1.06035,1310000,2060000
2019-08-08 12:33:48.288000,1.06039,1.06036,4690000,1750000
2019-08-08 12:33:48.390000,1.0604,1.06038,1500000,3190000
2019-08-08 12:33:48.441000,1.06041,1.06039,3000000,1500000
2019-08-08 12:33:48.543000,1.06043,1.06039,3690000,2700000
2019-08-08 12:33:49.579000,1.06041,1.06039,1250000,1000000
2019-08-08 12:33:49.681000,1.0604,1.06039,1000000,1000000
2019-08-08 12:33:49.783000,1.0604,1.06038,1000000,1760000
2019-08-08 12:33:50.757000,1.06041,1.06039,1870000,1250000
2019-08-08 12:33:50.859000,1.06042,1.06039,3190000,1250000
2019-08-08 12:33:51.165000,1.06042,1.0604,2250000,1310000
2019-08-08 12:33:51.279000,1.06043,1.0604,1250000,1310000
2019-08-08 12:33:51.929000,1.06042,1.06038,1750000,3260000
2019-08-08 12:33:52.031000,1.0604,1.06038,1250000,1120000
2019-08-08 12:33:52.395000,1.06041,1.06039,1000000,1810000
2019-08-08 12:33:52.446000,1.06043,1.06039,4000000,2560000
2019-08-08 12:33:53.144000,1.06044,1.06042,2060000,1250000
2019-08-08 12:33:53.246000,1.06044,1.06041,1250000,2250000
2019-08-08 12:33:53.349000,1.06043,1.0604,2060000,1310000
2019-08-08 12:33:54.155000,1.06043,1.06041,1120000,1370000
2019-08-08 12:33:54.257000,1.06044,1.06041,3190000,4950000
2019-08-08 12:33:54.677000,1.06043,1.0604,1250000,3190000
2019-08-08 12:33:55.249000,1.06042,1.0604,1000000,1000000
2019-08-08 12:33:55.351000,1.06041,1.06038,1750000,2320000
2019-08-08 12:33:55.453000,1.0604,1.06038,1250000,1120000
2019-08-08 12:33:56.268000,1.0604,1.06039,1250000,1000000
2019-08-08 12:33:56.374000,1.06042,1.0604,3140000,1120000
2019-08-08 12:33:56.476000,1.06043,1.06041,1000000,2810000
2019-08-08 12:33:56.578000,1.06044,1.06042,1250000,1120000
2019-08-08 12:33:57.863000,1.06044,1.06041,1750000,1950000
2019-08-08 12:33:57.965000,1.06043,1.0604,1690000,3190000
2019-08-08 12:33:58.118000,1.06044,1.0604,2440000,4870000
2019-08-08 12:33:59.480000,1.06044,1.06043,1250000,1000000
2019-08-08 12:33:59.532000,1.06046,1.06044,5250000,3750000
2019-08-08 12:33:59.617000,1.06048,1.06046,5250000,1250000
2019-08-08 12:33:59.721000,1.0605,1.06048,6940000,1310000
2019-08-08 12:34:00.487000,1.06049,1.06047,1250000,2190000
2019-08-08 12:34:00.751000,1.06049,1.06046,1250000,6070000
2019-08-08 12:34:01.030000,1.06047,1.06046,1250000,1100000
2019-08-08 12:34:01.081000,1.06046,1.06044,3190000,1000000
2019-08-08 12:34:01.189000,1.06046,1.06043,3190000,1010000
2019-08-08 12:34:02.183000,1.06045,1.06043,1000000,1570000
2019-08-08 12:34:03.167000,1.06047,1.06044,1500000,2500000
2019-08-08 12:34:03.422000,1.06048,1.06045,1000000,1250000
2019-08-08 12:34:03.524000,1.06048,1.06044,1750000,4390000
2019-08-08 12:34:03.657000,1.06046,1.06044,1000000,1310000
2019-08-08 12:34:03.758000,1.06047,1.06044,1250000,1390000
2019-08-08 12:34:03.962000,1.06048,1.06045,2810000,1250000
2019-08-08 12:34:04.114000,1.06047,1.06044,1250000,1310000
2019-08-08 12:34:04.318000,1.06046,1.06043,1000000,6850000
2019-08-08 12:34:04.530000,1.06047,1.06044,1000000,7070000
2019-08-08 12:34:04.632000,1.06048,1.06045,1000000,1350000
2019-08-08 12:34:05.551000,1.0605,1.06046,6370000,3320000
2019-08-08 12:34:06.065000,1.0605,1.06048,1250000,1000000
2019-08-08 12:34:06.470000,1.0605,1.06047,1250000,2510000
2019-08-08 12:34:06.775000,1.0605,1.06048,1370000,1000000
2019-08-08 12:34:06.877000,1.06049,1.06047,1250000,1760000
2019-08-08 12:34:07.096000,1.06049,1.06045,1690000,4570000
2019-08-08 12:34:07.475000,1.06049,1.06046,2060000,2870000
2019-08-08 12:34:08.272000,1.0605,1.06048,1250000,1200000
2019-08-08 12:34:08.373000,1.0605,1.06047,1250000,3260000
2019-08-08 12:34:09.458000,1.0605,1.06048,1250000,1390000
2019-08-08 12:34:10.743000,1.0605,1.06047,1250000,3760000
2019-08-08 12:34:11.599000,1.0605,1.06047,2120000,2140000
2019-08-08 12:34:11.701000,1.06048,1.06046,1250000,2350000
2019-08-08 12:34:11.813000,1.06048,1.06045,2060000,2510000
2019-08-08 12:34:11.966000,1.06047,1.06044,2440000,1810000
2019-08-08 12:34:12.068000,1.06046,1.06044,3750000,1390000
2019-08-08 12:34:12.559000,1.06046,1.06043,3000000,2320000
2019-08-08 12:34:13.288000,1.06045,1.06042,1250000,3760000
2019-08-08 12:34:13.418000,1.06044,1.06041,1250000,4200000
2019-08-08 12:34:14.039000,1.06042,1.0604,2350000,2700000
2019-08-08 12:34:14.193000,1.0604,1.06038,1690000,3200000
2019-08-08 12:34:14.295000,1.0604,1.06038,1690000,1200000
2019-08-08 12:34:15.644000,1.06041,1.06039,1000000,2510000
2019-08-08 12:34:15.745000,1.06043,1.06039,3620000,2510000
2019-08-08 12:34:15.960000,1.06043,1.06039,3620000,2540000
2019-08-08 12:34:16.067000,1.06043,1.06039,3620000,2510000
2019-08-08 12:34:16.221000,1.06043,1.06041,1000000,2120000
2019-08-08 12:34:16.323000,1.06044,1.06042,1250000,1390000
2019-08-08 12:34:16.899000,1.06046,1.06044,6190000,1500000
2019-08-08 12:34:17.068000,1.06047,1.06043,1300000,3260000
2019-08-08 12:34:17.221000,1.06047,1.06043,1300000,3290000
2019-08-08 12:34:17.424000,1.06047,1.06043,1300000,3260000
2019-08-08 12:34:17.526000,1.06047,1.06043,2050000,3100000
2019-08-08 12:34:17.689000,1.06047,1.06044,1300000,1200000
2019-08-08 12:34:17.791000,1.06048,1.06045,1050000,2870000
2019-08-08 12:34:17.843000,1.06049,1.06046,3190000,1370000
2019-08-08 12:34:18.250000,1.06048,1.06045,1250000,5620000
2019-08-08 12:34:18.376000,1.06046,1.06044,2440000,1120000
2019-08-08 12:34:19.564000,1.06046,1.06045,1500000,1310000
2019-08-08 12:34:19.666000,1.06048,1.06047,1000000,2890000
2019-08-08 12:34:19.769000,1.06049,1.06047,1250000,2190000
2019-08-08 12:34:20.252000,1.06051,1.06048,3560000,1370000
2019-08-08 12:34:20.354000,1.06053,1.06052,1000000,1250000
2019-08-08 12:34:20.456000,1.06056,1.06053,1750000,1120000
2019-08-08 12:34:20.567000,1.06056,1.06054,1750000,1000000
2019-08-08 12:34:20.669000,1.06054,1.06052,1810000,2890000
2019-08-08 12:34:20.770000,1.06054,1.06052,1250000,1250000
2019-08-08 12:34:21.423000,1.06055,1.06053,1250000,1390000
2019-08-08 12:34:21.626000,1.06055,1.06053,1250000,1570000
2019-08-08 12:34:21.727000,1.06054,1.06052,1250000,2510000
2019-08-08 12:34:22.184000,1.06054,1.06052,1250000,3390000
2019-08-08 12:34:23.071000,1.06054,1.06052,1250000,2510000
2019-08-08 12:34:23.177000,1.06053,1.06051,1000000,3350000
2019-08-08 12:34:23.335000,1.06054,1.06051,1750000,3260000
2019-08-08 12:34:23.539000,1.06054,1.06052,1250000,1000000
2019-08-08 12:34:25.226000,1.06055,1.06053,1250000,38139999
2019-08-08 12:34:26.231000,1.06054,1.06052,1250000,1870000
2019-08-08 12:34:27.082000,1.06054,1.06051,1250000,4540000
2019-08-08 12:34:27.600000,1.06052,1.06051,1250000,1570000
2019-08-08 12:34:27.702000,1.06053,1.0605,1250000,6370000
2019-08-08 12:34:28.331000,1.06054,1.0605,3000000,4890000
2019-08-08 12:34:28.737000,1.06051,1.06049,1250000,3450000
2019-08-08 12:34:28.839000,1.06051,1.06049,2500000,1950000
2019-08-08 12:34:29.614000,1.06051,1.06049,1250000,1100000
2019-08-08 12:34:29.767000,1.06052,1.06049,1310000,2140000
2019-08-08 12:34:30.290000,1.06053,1.0605,2440000,3700000
2019-08-08 12:34:30.565000,1.06053,1.06051,2500000,1000000
2019-08-08 12:34:30.770000,1.06053,1.0605,2500000,1250000
2019-08-08 12:34:31.113000,1.06053,1.0605,1250000,2570000
2019-08-08 12:34:31.165000,1.06056,1.06052,3190000,4450000
2019-08-08 12:34:31.267000,1.06055,1.06053,1250000,1100000
2019-08-08 12:34:31.369000,1.06054,1.06052,1250000,3450000
2019-08-08 12:34:32.208000,1.06051,1.06049,1250000,3150000
2019-08-08 12:34:32.310000,1.06051,1.06048,2120000,1200000
2019-08-08 12:34:32.411000,1.06049,1.06047,1250000,1870000
2019-08-08 12:34:32.513000,1.06049,1.06047,1250000,1200000
2019-08-08 12:34:32.767000,1.06047,1.06046,1250000,1000000
2019-08-08 12:34:32.836000,1.06047,1.06045,1310000,1000000
2019-08-08 12:34:33.040000,1.06049,1.06045,3000000,4070000
2019-08-08 12:34:33.192000,1.06048,1.06045,2120000,1200000
2019-08-08 12:34:33.455000,1.06048,1.06045,1690000,1010000
2019-08-08 12:34:33.811000,1.06047,1.06044,1750000,1970000
2019-08-08 12:34:33.913000,1.06047,1.06044,1750000,1100000
2019-08-08 12:34:33.965000,1.06048,1.06045,2440000,1250000
2019-08-08 12:34:34.017000,1.06047,1.06045,1250000,1100000
2019-08-08 12:34:34.395000,1.06048,1.06046,1310000,1310000
2019-08-08 12:34:34.911000,1.06048,1.06045,1250000,5070000
2019-08-08 12:34:35.503000,1.06047,1.06045,1250000,1500000
2019-08-08 12:34:36.425000,1.06048,1.06045,2500000,1620000
2019-08-08 12:34:37.017000,1.06045,1.06043,2250000,3450000
2019-08-08 12:34:37.119000,1.06043,1.06041,2810000,1690000
2019-08-08 12:34:37.322000,1.06043,1.0604,2440000,1310000
2019-08-08 12:34:37.374000,1.06042,1.0604,1750000,1120000
2019-08-08 12:34:37.482000,1.06038,1.06036,1000000,3700000
2019-08-08 12:34:37.584000,1.06036,1.06034,1750000,1950000
2019-08-08 12:34:37.686000,1.06037,1.06034,1750000,1000000
2019-08-08 12:34:38.060000,1.06037,1.06034,1000000,3250000
2019-08-08 12:34:38.580000,1.06037,1.06034,1250000,3710000
2019-08-08 12:34:39.253000,1.06037,1.06035,1000000,2120000
2019-08-08 12:34:39.354000,1.06037,1.06035,1250000,1760000
2019-08-08 12:34:39.456000,1.06037,1.06035,1000000,2570000
2019-08-08 12:34:39.748000,1.06037,1.06035,1250000,1000000
2019-08-08 12:34:39.851000,1.06037,1.06034,1690000,4160000
2019-08-08 12:34:40.062000,1.06038,1.06037,1000000,4690000
2019-08-08 12:34:40.157000,1.06041,1.06038,3000000,7390000
2019-08-08 12:34:40.208000,1.06042,1.06038,2060000,3450000
2019-08-08 12:34:41.049000,1.06041,1.06038,1750000,3950000
2019-08-08 12:34:41.302000,1.06042,1.06039,2120000,1120000
2019-08-08 12:34:41.404000,1.06043,1.0604,3750000,1000000
2019-08-08 12:34:43.097000,1.06042,1.06039,1750000,1870000
2019-08-08 12:34:43.543000,1.06043,1.0604,1310000,1250000
2019-08-08 12:34:47.949000,1.06043,1.06039,2120000,7890000
2019-08-08 12:34:48.051000,1.06042,1.06039,1750000,1500000
2019-08-08 12:34:48.153000,1.06041,1.06038,1750000,2450000
2019-08-08 12:34:48.578000,1.06039,1.06037,1250000,2320000
2019-08-08 12:34:48.679000,1.06037,1.06035,1120000,5370000
2019-08-08 12:34:48.781000,1.06038,1.06035,1250000,3750000
2019-08-08 12:34:48.895000,1.06036,1.06034,1870000,2250000
2019-08-08 12:34:48.998000,1.06036,1.06034,1120000,1250000
2019-08-08 12:34:49.427000,1.06038,1.06035,3190000,1370000
2019-08-08 12:34:50.071000,1.06038,1.06035,1250000,1870000
2019-08-08 12:34:50.558000,1.06038,1.06036,1250000,1000000
2019-08-08 12:34:50.711000,1.06039,1.06036,4370000,1250000
2019-08-08 12:34:50.814000,1.0604,1.06039,1000000,3190000
2019-08-08 12:34:50.865000,1.06042,1.06041,1000000,1310000
2019-08-08 12:34:51.023000,1.06044,1.06041,6250000,1310000
2019-08-08 12:34:52.877000,1.06044,1.06041,1250000,2560000
2019-08-08 12:34:55.160000,1.06047,1.06044,2890000,2870000
2019-08-08 12:34:55.263000,1.06047,1.06045,3000000,1250000
2019-08-08 12:34:55.365000,1.06049,1.06045,4870000,3250000
2019-08-08 12:34:56.850000,1.06048,1.06045,1250000,1120000
2019-08-08 12:34:56.952000,1.06048,1.06046,1250000,1000000
2019-08-08 12:34:57.054000,1.06048,1.06044,1750000,5560000
2019-08-08 12:34:57.107000,1.06045,1.06043,2120000,3000000
2019-08-08 12:34:57.218000,1.06044,1.06042,1250000,1000000
2019-08-08 12:34:57.320000,1.06044,1.06041,1370000,1690000
2019-08-08 12:34:57.994000,1.06042,1.0604,1250000,1870000
2019-08-08 12:34:58.096000,1.06042,1.06038,2440000,3620000
2019-08-08 12:34:58.198000,1.06041,1.06039,1250000,1000000
2019-08-08 12:34:58.798000,1.06042,1.06039,1690000,1690000
2019-08-08 12:34:59.001000,1.06043,1.06042,1000000,1310000
2019-08-08 12:34:59.103000,1.06044,1.06042,1250000,1310000
2019-08-08 12:35:00.126000,1.06046,1.06043,1000000,2500000
2019-08-08 12:35:00.177000,1.06047,1.06044,3750000,1250000
2019-08-08 12:35:00.379000,1.06048,1.06045,1690000,1250000
2019-08-08 12:35:00.532000,1.06046,1.06044,1000000,2500000
2019-08-08 12:35:00.683000,1.06045,1.06043,1000000,1250000
2019-08-08 12:35:00.785000,1.06045,1.06042,1750000,2560000
2019-08-08 12:35:01.048000,1.06045,1.06042,2870000,1000000
2019-08-08 12:35:01.150000,1.06043,1.06041,2060000,1500000
2019-08-08 12:35:01.252000,1.06043,1.06039,1310000,3620000
2019-08-08 12:35:02.354000,1.06043,1.06041,1250000,1000000
2019-08-08 12:35:02.456000,1.06043,1.06041,1000000,1750000
2019-08-08 12:35:02.558000,1.06044,1.06041,2060000,2120000
2019-08-08 12:35:02.862000,1.06045,1.06041,3750000,1310000
2019-08-08 12:35:04.322000,1.06043,1.0604,1000000,2620000
2019-08-08 12:35:04.690000,1.06043,1.06041,1000000,1370000
2019-08-08 12:35:08.740000,1.06043,1.0604,1250000,4060000
2019-08-08 12:35:08.843000,1.06039,1.06038,1310000,1000000
2019-08-08 12:35:08.945000,1.06039,1.06036,1690000,1370000
2019-08-08 12:35:09.141000,1.0604,1.06036,3190000,2120000
2019-08-08 12:35:09.245000,1.0604,1.06038,1500000,1310000
2019-08-08 12:35:09.348000,1.06043,1.06039,2940000,1250000
2019-08-08 12:35:10.204000,1.06043,1.06039,2440000,1870000
2019-08-08 12:35:11.073000,1.06042,1.06039,1250000,1250000
2019-08-08 12:35:11.125000,1.06041,1.06037,2440000,3370000
2019-08-08 12:35:12.138000,1.06042,1.06039,1310000,1250000
2019-08-08 12:35:13.772000,1.06043,1.0604,2620000,1000000
2019-08-08 12:35:14.639000,1.06042,1.06039,1000000,1310000
2019-08-08 12:35:14.969000,1.06043,1.06039,2620000,1310000
2019-08-08 12:35:15.076000,1.06043,1.0604,1870000,1000000
2019-08-08 12:35:15.828000,1.06043,1.06039,2250000,1690000
2019-08-08 12:35:16.104000,1.06043,1.0604,1000000,1000000
2019-08-08 12:35:16.206000,1.0604,1.06038,1000000,1250000
2019-08-08 12:35:16.313000,1.06039,1.06038,1250000,1000000
2019-08-08 12:35:16.415000,1.06039,1.06036,1250000,3370000
2019-08-08 12:35:16.719000,1.06039,1.06036,1250000,4060000
2019-08-08 12:35:17.278000,1.06039,1.06035,2620000,2440000
2019-08-08 12:35:17.409000,1.06038,1.06034,2810000,1870000
2019-08-08 12:35:17.613000,1.06036,1.06033,2440000,1310000
2019-08-08 12:35:17.818000,1.06037,1.06033,2620000,2060000
2019-08-08 12:35:17.921000,1.06036,1.06033,1000000,2060000
2019-08-08 12:35:18.063000,1.06037,1.06033,1870000,1310000
2019-08-08 12:35:18.316000,1.06037,1.06034,1870000,1000000
2019-08-08 12:35:18.867000,1.06037,1.06035,1500000,1250000
2019-08-08 12:35:18.969000,1.06037,1.06034,1000000,2870000
2019-08-08 12:35:19.122000,1.06038,1.06035,2810000,1250000
2019-08-08 12:35:20.983000,1.06038,1.06035,3000000,1250000
2019-08-08 12:35:28.398000,1.06036,1.06034,1310000,1120000
2019-08-08 12:35:28.500000,1.06035,1.06033,1000000,1250000
2019-08-08 12:35:28.601000,1.06036,1.06032,3560000,2120000
2019-08-08 12:35:28.703000,1.06034,1.06032,1000000,1310000
2019-08-08 12:35:28.981000,1.06035,1.06032,1000000,2120000
2019-08-08 12:35:29.133000,1.06035,1.06033,1000000,2500000
2019-08-08 12:35:29.236000,1.06036,1.06035,1000000,1000000
2019-08-08 12:35:29.337000,1.06037,1.06035,1690000,1000000
2019-08-08 12:35:29.439000,1.06037,1.06034,1750000,1120000
2019-08-08 12:35:31.077000,1.06034,1.06033,1250000,1870000
2019-08-08 12:35:31.181000,1.06034,1.06031,1690000,3250000
2019-08-08 12:35:31.283000,1.06034,1.06032,1000000,1250000
2019-08-08 12:35:31.488000,1.06035,1.06032,3190000,1250000
2019-08-08 12:35:31.688000,1.06034,1.06032,1000000,1250000
2019-08-08 12:35:31.789000,1.06035,1.06032,2440000,1250000
2019-08-08 12:35:32.095000,1.06037,1.06032,5120000,3620000
2019-08-08 12:35:32.198000,1.06037,1.06034,1000000,1370000
2019-08-08 12:35:32.309000,1.06038,1.06034,3560000,2120000
2019-08-08 12:35:32.984000,1.06038,1.06034,5120000,1120000
2019-08-08 12:35:33.151000,1.06037,1.06034,1000000,1620000
2019-08-08 12:35:33.355000,1.06038,1.06034,3560000,2250000
2019-08-08 12:35:36.447000,1.06038,1.06036,1000000,1250000
2019-08-08 12:35:36.498000,1.0604,1.06039,2250000,1250000
2019-08-08 12:35:36.651000,1.06042,1.0604,1000000,2120000
2019-08-08 12:35:36.753000,1.06043,1.0604,1000000,2870000
2019-08-08 12:35:36.855000,1.06043,1.0604,1000000,1750000
2019-08-08 12:35:37.701000,1.06043,1.0604,1000000,2500000
2019-08-08 12:35:38.005000,1.06044,1.0604,4690000,2500000
2019-08-08 12:35:38.270000,1.06044,1.0604,5620000,1310000
2019-08-08 12:35:38.524000,1.06042,1.0604,1000000,1310000
2019-08-08 12:35:38.828000,1.06042,1.06038,2810000,2250000
2019-08-08 12:35:38.879000,1.0604,1.06038,1000000,1750000
2019-08-08 12:35:39.016000,1.06039,1.06036,1000000,3370000
2019-08-08 12:35:39.118000,1.0604,1.06038,1000000,1250000
2019-08-08 12:35:39.169000,1.06041,1.06038,1500000,1750000
2019-08-08 12:35:39.272000,1.06041,1.06038,1500000,2500000
2019-08-08 12:35:39.866000,1.06042,1.06038,3310000,2120000
2019-08-08 12:35:40.040000,1.06042,1.06038,2440000,2120000
2019-08-08 12:35:40.447000,1.06041,1.06038,1000000,2120000
2019-08-08 12:35:40.946000,1.06042,1.06039,1250000,1250000
2019-08-08 12:35:41.098000,1.06042,1.06039,1000000,1370000
2019-08-08 12:35:41.676000,1.06042,1.0604,1000000,2120000
2019-08-08 12:35:42.103000,1.06042,1.0604,1000000,1120000
2019-08-08 12:35:42.205000,1.06041,1.06039,1000000,1250000
2019-08-08 12:35:42.307000,1.06041,1.06038,2250000,1750000
2019-08-08 12:35:42.413000,1.0604,1.06038,1000000,3250000
2019-08-08 12:35:42.515000,1.06041,1.06038,1000000,3250000
2019-08-08 12:35:43.199000,1.06042,1.06038,1500000,1750000
2019-08-08 12:35:43.610000,1.0604,1.06038,3040000,1500000
2019-08-08 12:35:43.760000,1.06037,1.06035,1000000,1250000
2019-08-08 12:35:43.862000,1.06039,1.06038,1000000,2060000
2019-08-08 12:35:43.964000,1.06041,1.06038,1000000,2870000
2019-08-08 12:35:44.395000,1.06042,1.0604,1000000,1000000
2019-08-08 12:35:44.446000,1.06045,1.06041,5190000,3620000
2019-08-08 12:35:44.549000,1.06044,1.06043,1000000,1000000
2019-08-08 12:35:44.600000,1.06045,1.06044,1000000,2060000
2019-08-08 12:35:44.804000,1.06046,1.06044,1250000,2060000
2019-08-08 12:35:44.910000,1.06046,1.06043,1250000,2890000
2019-08-08 12:35:45.216000,1.06044,1.06042,1250000,3040000
2019-08-08 12:35:45.318000,1.06044,1.06042,1250000,1310000
2019-08-08 12:35:46.028000,1.06048,1.06044,3000000,2120000
2019-08-08 12:35:46.179000,1.06049,1.06045,1250000,1870000
2019-08-08 12:35:46.382000,1.0605,1.06048,1250000,1500000
2019-08-08 12:35:46.484000,1.06049,1.06046,1250000,2320000
2019-08-08 12:35:46.587000,1.06049,1.06045,3620000,2810000
2019-08-08 12:35:46.696000,1.06049,1.06045,2060000,1750000
2019-08-08 12:35:48.126000,1.06048,1.06044,1000000,6820000
2019-08-08 12:35:48.228000,1.06049,1.06045,2810000,1370000
2019-08-08 12:35:48.532000,1.06049,1.06045,2810000,1120000
2019-08-08 12:35:48.869000,1.06049,1.06048,1000000,2810000
2019-08-08 12:35:48.920000,1.06052,1.06051,1500000,5060000
2019-08-08 12:35:49.022000,1.06054,1.06052,1000000,1000000
2019-08-08 12:35:49.279000,1.06054,1.06051,1250000,1690000
2019-08-08 12:35:49.426000,1.06054,1.06051,1690000,1370000
2019-08-08 12:35:50.165000,1.06054,1.0605,2500000,2140000
2019-08-08 12:35:50.267000,1.06053,1.06049,2560000,1370000
2019-08-08 12:35:50.369000,1.06053,1.0605,1690000,1250000
2019-08-08 12:35:50.471000,1.06053,1.0605,1120000,1750000
2019-08-08 12:35:50.886000,1.06054,1.0605,2440000,3820000
2019-08-08 12:35:56.883000,1.06054,1.06051,2120000,1870000
2019-08-08 12:35:57.048000,1.06053,1.06049,2120000,3190000
2019-08-08 12:35:57.151000,1.06049,1.06048,1250000,1120000
2019-08-08 12:35:57.202000,1.06049,1.06047,1690000,4950000
2019-08-08 12:35:57.305000,1.06048,1.06046,1000000,1370000
2019-08-08 12:35:57.407000,1.06048,1.06045,2440000,1010000
2019-08-08 12:35:57.540000,1.06048,1.06045,1250000,1310000
2019-08-08 12:35:57.641000,1.06048,1.06046,1250000,1000000
2019-08-08 12:35:57.794000,1.06049,1.06047,3190000,1250000
2019-08-08 12:35:58.309000,1.06054,1.06052,13240000,1690000
2019-08-08 12:36:00.356000,1.06053,1.0605,1000000,5500000
2019-08-08 12:36:00.813000,1.0605,1.06048,1250000,3750000
2019-08-08 12:36:00.867000,1.06051,1.06049,1120000,3000000
2019-08-08 12:36:00.918000,1.0605,1.06047,1310000,1310000
2019-08-08 12:36:01.020000,1.06049,1.06046,2060000,3750000
2019-08-08 12:36:01.427000,1.0605,1.06047,1690000,2060000
2019-08-08 12:36:01.478000,1.0605,1.06049,1250000,1000000
2019-08-08 12:36:01.601000,1.06051,1.06049,1500000,1250000
2019-08-08 12:36:01.703000,1.06056,1.06054,8440000,1620000
2019-08-08 12:36:01.819000,1.06056,1.06054,1250000,1000000
2019-08-08 12:36:02.022000,1.06056,1.06055,1000000,1000000
2019-08-08 12:36:02.189000,1.06056,1.06054,1250000,1120000
2019-08-08 12:36:02.969000,1.06058,1.06056,5250000,1250000
2019-08-08 12:36:03.021000,1.06059,1.06057,1000000,1690000
2019-08-08 12:36:03.122000,1.0606,1.06059,1310000,1000000
2019-08-08 12:36:03.224000,1.0606,1.06058,1310000,1000000
2019-08-08 12:36:03.550000,1.06062,1.06059,4120000,1000000
2019-08-08 12:36:04.938000,1.06066,1.06064,10320000,1000000
2019-08-08 12:36:04.989000,1.06065,1.06063,3750000,1500000
2019-08-08 12:36:05.040000,1.06068,1.06066,1500000,1120000
2019-08-08 12:36:05.092000,1.06071,1.06069,1760000,1120000
2019-08-08 12:36:05.187000,1.06069,1.06067,3940000,2560000
2019-08-08 12:36:05.289000,1.06068,1.06066,2000000,1250000
2019-08-08 12:36:05.391000,1.06067,1.06064,4810000,1120000
2019-08-08 12:36:05.669000,1.06068,1.06064,4120000,1310000
2019-08-08 12:36:08.074000,1.06066,1.06064,1000000,1250000
2019-08-08 12:36:10.242000,1.06066,1.06063,1690000,2810000
2019-08-08 12:36:11.605000,1.06066,1.06062,2870000,2620000
2019-08-08 12:36:11.707000,1.06064,1.06061,2190000,1000000
2019-08-08 12:36:11.809000,1.06062,1.06059,1000000,2510000
2019-08-08 12:36:11.964000,1.06062,1.06058,2190000,2870000
2019-08-08 12:36:12.427000,1.06064,1.06062,3070000,1750000
2019-08-08 12:36:12.529000,1.06065,1.06062,1690000,2500000
2019-08-08 12:36:12.728000,1.06064,1.06062,1250000,2440000
2019-08-08 12:36:18.277000,1.06065,1.06061,4310000,5120000
2019-08-08 12:36:20.917000,1.06064,1.06062,1250000,2060000
2019-08-08 12:36:21.497000,1.06065,1.06062,1000000,2060000
2019-08-08 12:36:21.821000,1.06066,1.06062,5440000,2060000
2019-08-08 12:36:22.930000,1.06065,1.06062,1250000,1310000
2019-08-08 12:36:24.307000,1.06065,1.06062,1250000,1810000
2019-08-08 12:36:28.160000,1.06064,1.06062,1250000,1500000
2019-08-08 12:36:28.515000,1.06065,1.06062,1000000,1000000
2019-08-08 12:36:28.987000,1.06066,1.06065,1000000,1870000
2019-08-08 12:36:29.039000,1.06069,1.06066,6250000,5440000
2019-08-08 12:36:29.091000,1.0607,1.06068,2440000,1500000
2019-08-08 12:36:29.193000,1.0607,1.06068,1250000,5940000
2019-08-08 12:36:29.939000,1.06071,1.06068,1250000,6940000
2019-08-08 12:36:31.297000,1.0607,1.06067,1250000,8190000
2019-08-08 12:36:31.348000,1.06072,1.06068,4810000,5060000
2019-08-08 12:36:31.399000,1.0607,1.06068,1250000,1120000
2019-08-08 12:36:31.654000,1.06068,1.06066,1000000,3370000
2019-08-08 12:36:31.785000,1.0607,1.06068,1000000,2560000
2019-08-08 12:36:31.887000,1.06071,1.06069,1690000,1000000
2019-08-08 12:36:32.142000,1.06074,1.06073,3000000,1000000
2019-08-08 12:36:32.193000,1.06077,1.06074,3190000,9500000
2019-08-08 12:36:32.296000,1.06078,1.06075,3190000,8060000
2019-08-08 12:36:32.600000,1.06078,1.06074,1750000,10060000
2019-08-08 12:36:42.496000,1.06078,1.06075,3190000,5060000
2019-08-08 12:36:42.547000,1.0608,1.06077,1690000,6410000
2019-08-08 12:36:42.649000,1.06079,1.06077,2440000,1810000
2019-08-08 12:36:46.695000,1.0608,1.06078,3190000,1620000
2019-08-08 12:36:46.746000,1.06082,1.06079,1120000,1370000
2019-08-08 12:36:46.850000,1.06083,1.0608,2440000,1250000
2019-08-08 12:36:48.006000,1.06083,1.06081,1690000,1000000
2019-08-08 12:36:48.108000,1.06084,1.06083,1000000,1310000
2019-08-08 12:36:48.210000,1.06086,1.06084,1000000,1310000
2019-08-08 12:36:48.261000,1.06087,1.06084,1310000,1310000
2019-08-08 12:36:48.452000,1.06089,1.06085,2620000,2120000
2019-08-08 12:36:48.604000,1.06089,1.06087,1000000,1810000
2019-08-08 12:36:48.706000,1.0609,1.06087,1250000,2190000
2019-08-08 12:36:49.321000,1.06089,1.06087,1250000,1250000
2019-08-08 12:36:49.423000,1.06091,1.06087,3620000,2940000
2019-08-08 12:36:49.627000,1.06089,1.06087,1250000,1250000
2019-08-08 12:36:49.730000,1.06089,1.06086,3310000,1370000
2019-08-08 12:36:49.932000,1.06088,1.06085,2060000,2560000
2019-08-08 12:36:50.036000,1.06088,1.06084,2190000,3370000
2019-08-08 12:36:50.139000,1.06086,1.06084,1000000,1250000
2019-08-08 12:36:50.241000,1.06086,1.06083,1120000,1250000
2019-08-08 12:36:50.343000,1.06085,1.06083,1000000,1250000
2019-08-08 12:36:50.502000,1.06084,1.06082,1690000,1250000
2019-08-08 12:36:50.605000,1.06083,1.06081,1000000,1250000
2019-08-08 12:36:50.961000,1.06083,1.06081,2560000,1000000
2019-08-08 12:36:51.013000,1.06082,1.0608,1120000,1310000
2019-08-08 12:36:51.681000,1.06083,1.06081,1500000,1250000
2019-08-08 12:36:51.784000,1.06085,1.06081,1690000,1810000
2019-08-08 12:36:52.088000,1.06085,1.06082,1250000,1620000
2019-08-08 12:36:52.733000,1.06085,1.06082,1250000,1810000
2019-08-08 12:36:53.383000,1.06084,1.06081,1250000,1370000
2019-08-08 12:36:53.434000,1.06083,1.0608,2440000,1310000
2019-08-08 12:36:53.536000,1.06083,1.0608,1100000,3370000
2019-08-08 12:36:53.640000,1.06083,1.0608,1250000,1810000
2019-08-08 12:36:53.742000,1.06083,1.06079,1870000,1810000
2019-08-08 12:36:56.047000,1.06082,1.06079,2060000,1690000
2019-08-08 12:36:56.254000,1.06082,1.06079,2870000,1500000
2019-08-08 12:36:56.609000,1.0608,1.06078,1250000,1000000
2019-08-08 12:36:56.712000,1.06077,1.06075,1000000,1000000
2019-08-08 12:36:56.848000,1.06077,1.06076,1250000,1120000
2019-08-08 12:36:56.950000,1.06077,1.06075,2060000,1000000
2019-08-08 12:36:57.053000,1.06076,1.06074,1250000,1000000
2019-08-08 12:36:57.155000,1.06077,1.06075,2870000,1000000
2019-08-08 12:36:57.547000,1.06078,1.06076,1310000,1250000
2019-08-08 12:36:57.649000,1.06078,1.06075,1250000,1690000
2019-08-08 12:36:57.751000,1.06077,1.06074,1250000,2060000
2019-08-08 12:36:58.210000,1.06074,1.06073,1000000,1000000
2019-08-08 12:36:58.313000,1.06073,1.06071,1690000,2810000
2019-08-08 12:36:58.415000,1.06075,1.06072,1690000,1250000
2019-08-08 12:36:58.517000,1.06075,1.06074,1000000,1000000
2019-08-08 12:36:58.624000,1.06076,1.06074,2620000,1250000
2019-08-08 12:36:59.439000,1.06077,1.06074,2060000,1690000
2019-08-08 12:37:00.058000,1.06076,1.06073,1750000,1500000
2019-08-08 12:37:00.160000,1.06073,1.0607,1250000,1390000
2019-08-08 12:37:00.598000,1.06072,1.06069,1250000,2060000
2019-08-08 12:37:00.962000,1.06071,1.06068,1000000,1370000
2019-08-08 12:37:01.065000,1.06072,1.06069,1000000,1370000
2019-08-08 12:37:01.217000,1.06072,1.06068,1250000,2120000
2019-08-08 12:37:02.853000,1.06071,1.06068,1000000,1250000
2019-08-08 12:37:02.954000,1.0607,1.06067,1250000,1250000
2019-08-08 12:37:03.107000,1.06069,1.06066,1250000,3310000
2019-08-08 12:37:03.209000,1.0607,1.06067,2620000,1250000
2019-08-08 12:37:03.866000,1.06072,1.06069,1750000,1000000
2019-08-08 12:37:03.967000,1.06072,1.06068,2500000,2060000
2019-08-08 12:37:05.172000,1.06072,1.06069,2500000,1000000
2019-08-08 12:37:05.273000,1.06072,1.06069,1690000,1250000
2019-08-08 12:37:05.528000,1.06071,1.06068,1000000,1250000
2019-08-08 12:37:05.801000,1.06072,1.0607,1120000,1000000
2019-08-08 12:37:05.903000,1.06073,1.06071,1390000,1120000
2019-08-08 12:37:06.599000,1.06072,1.06071,1000000,1120000
2019-08-08 12:37:06.725000,1.06073,1.06071,1310000,1120000
2019-08-08 12:37:09.394000,1.06071,1.06068,1250000,4000000
2019-08-08 12:37:09.496000,1.06071,1.06068,1310000,1690000
2019-08-08 12:37:09.903000,1.06072,1.06069,1120000,1250000
2019-08-08 12:37:10.025000,1.06073,1.0607,1120000,1000000
2019-08-08 12:37:10.127000,1.06074,1.06072,3190000,1120000
2019-08-08 12:37:10.483000,1.06073,1.0607,1250000,1310000
2019-08-08 12:37:10.585000,1.06072,1.06069,1750000,1250000
2019-08-08 12:37:10.687000,1.06072,1.06068,3250000,1310000
2019-08-08 12:37:11.060000,1.06073,1.06069,1120000,2120000
2019-08-08 12:37:11.161000,1.06073,1.06069,1120000,2140000
2019-08-08 12:37:11.414000,1.06073,1.06069,1120000,2870000
2019-08-08 12:37:11.839000,1.06072,1.06069,1250000,2060000
2019-08-08 12:37:12.756000,1.06071,1.06068,1000000,1750000
2019-08-08 12:37:13.177000,1.06071,1.06068,1250000,1250000
2019-08-08 12:37:13.382000,1.06071,1.06068,1000000,1750000
2019-08-08 12:37:17.501000,1.06071,1.06068,1690000,1310000
2019-08-08 12:37:17.553000,1.06069,1.06067,1250000,1310000
2019-08-08 12:37:17.656000,1.06071,1.06067,5370000,1370000
2019-08-08 12:37:18.256000,1.06071,1.06068,1000000,1250000
2019-08-08 12:37:18.359000,1.06072,1.06068,4310000,1370000
2019-08-08 12:37:18.719000,1.06071,1.06068,1000000,1370000
2019-08-08 12:37:19.430000,1.06073,1.06072,2250000,1000000
2019-08-08 12:37:19.534000,1.06076,1.06074,1000000,2440000
2019-08-08 12:37:19.641000,1.06077,1.06074,5810000,2440000
2019-08-08 12:37:24.198000,1.06077,1.06074,1500000,1370000
2019-08-08 12:37:24.318000,1.06077,1.06074,1500000,2120000
2019-08-08 12:37:24.470000,1.06077,1.06073,2250000,4120000
2019-08-08 12:37:24.572000,1.06077,1.06074,2440000,1310000
2019-08-08 12:37:25.519000,1.06075,1.06073,1250000,1310000
2019-08-08 12:37:25.621000,1.06074,1.06072,2440000,1250000
2019-08-08 12:37:25.673000,1.06071,1.06069,1000000,1690000
2019-08-08 12:37:25.775000,1.06074,1.06071,2250000,2870000
2019-08-08 12:37:25.877000,1.06075,1.06073,1000000,1250000
2019-08-08 12:37:25.979000,1.06076,1.06073,4500000,1750000
2019-08-08 12:37:26.283000,1.06076,1.06073,3940000,1250000
2019-08-08 12:37:26.889000,1.06076,1.06073,2250000,1750000
2019-08-08 12:37:28.122000,1.06076,1.06071,4690000,4950000
2019-08-08 12:37:28.224000,1.06072,1.0607,1000000,1310000
2019-08-08 12:37:28.374000,1.06072,1.06069,1000000,1750000
2019-08-08 12:37:29.049000,1.06071,1.06068,1000000,2120000
2019-08-08 12:37:29.179000,1.06071,1.06067,1690000,1370000
2019-08-08 12:37:29.281000,1.06071,1.06067,2250000,2120000
2019-08-08 12:37:30.862000,1.0607,1.06067,1690000,1370000
2019-08-08 12:37:30.987000,1.06069,1.06067,1250000,1250000
2019-08-08 12:37:32.737000,1.0607,1.06067,1000000,1750000
2019-08-08 12:37:32.839000,1.06071,1.06068,2620000,1750000
2019-08-08 12:37:37.955000,1.06071,1.06067,2940000,1750000
2019-08-08 12:37:38.057000,1.0607,1.06067,1810000,1000000
2019-08-08 12:37:38.159000,1.0607,1.06067,1000000,1750000
2019-08-08 12:37:38.210000,1.06069,1.06067,1310000,1250000
2019-08-08 12:37:38.892000,1.06067,1.06064,1310000,1390000
2019-08-08 12:37:39.096000,1.06066,1.06062,1120000,2120000
2019-08-08 12:37:39.198000,1.06067,1.06065,1000000,1500000
2019-08-08 12:37:39.249000,1.06068,1.06066,3070000,1250000
2019-08-08 12:37:39.351000,1.06069,1.06067,1690000,1250000
2019-08-08 12:37:40.082000,1.06069,1.06066,1690000,1000000
2019-08-08 12:37:40.234000,1.06067,1.06065,1690000,1000000
2019-08-08 12:37:40.286000,1.06067,1.06063,1690000,1370000
2019-08-08 12:37:40.728000,1.06067,1.06063,2500000,1310000
2019-08-08 12:37:41.272000,1.06066,1.06062,1750000,1810000
2019-08-08 12:37:41.424000,1.06064,1.06062,1250000,1250000
2019-08-08 12:37:41.851000,1.06064,1.06061,1370000,3000000
2019-08-08 12:37:41.953000,1.06061,1.0606,1310000,1000000
2019-08-08 12:37:42.004000,1.06061,1.06058,1310000,1010000
2019-08-08 12:37:42.360000,1.06061,1.06059,1310000,1000000
2019-08-08 12:37:42.461000,1.06061,1.06058,2060000,1250000
2019-08-08 12:37:42.736000,1.0606,1.06057,1250000,1690000
2019-08-08 12:37:43.605000,1.06063,1.06061,3820000,1000000
2019-08-08 12:37:43.755000,1.06064,1.06061,1310000,2250000
2019-08-08 12:37:44.112000,1.06063,1.0606,1250000,3190000
2019-08-08 12:37:44.215000,1.06061,1.06059,3000000,1000000
2019-08-08 12:37:44.266000,1.0606,1.06057,1120000,1000000
2019-08-08 12:37:44.368000,1.06061,1.06057,2190000,1250000
2019-08-08 12:37:44.507000,1.06061,1.06057,2060000,1250000
2019-08-08 12:37:44.845000,1.06062,1.06061,1000000,1690000
2019-08-08 12:37:44.946000,1.06064,1.06061,1310000,1690000
2019-08-08 12:37:44.998000,1.06061,1.0606,1000000,1000000
2019-08-08 12:37:45.049000,1.06061,1.06058,1000000,1000000
2019-08-08 12:37:45.177000,1.06062,1.06058,2140000,1000000
2019-08-08 12:37:45.279000,1.06062,1.06058,2060000,1250000
2019-08-08 12:37:45.775000,1.06061,1.06058,1250000,1250000
2019-08-08 12:37:47.785000,1.06063,1.06061,1570000,1250000
2019-08-08 12:37:47.886000,1.06064,1.0606,3620000,2060000
2019-08-08 12:37:47.988000,1.06062,1.06059,1750000,2250000
2019-08-08 12:37:48.091000,1.06061,1.06058,1250000,1690000
2019-08-08 12:37:48.557000,1.06063,1.06059,4570000,1750000
2019-08-08 12:37:49.204000,1.06062,1.06058,1250000,1750000
2019-08-08 12:37:53.345000,1.06062,1.06057,3250000,2200000
2019-08-08 12:37:54.874000,1.06062,1.06059,1620000,1250000
2019-08-08 12:37:55.027000,1.06062,1.06059,1500000,1250000
2019-08-08 12:37:56.206000,1.06061,1.06059,1000000,1250000
2019-08-08 12:37:56.257000,1.06062,1.06058,1870000,1750000
2019-08-08 12:37:59.222000,1.06062,1.0606,1000000,1250000
2019-08-08 12:37:59.556000,1.06061,1.06059,1000000,1690000
2019-08-08 12:38:00.304000,1.0606,1.06057,1000000,2870000
2019-08-08 12:38:00.406000,1.06059,1.06056,1000000,3250000
2019-08-08 12:38:00.508000,1.06061,1.06058,5750000,1250000
2019-08-08 12:38:01.480000,1.06061,1.06058,1000000,1250000
2019-08-08 12:38:02.199000,1.06062,1.06059,1120000,1750000
2019-08-08 12:38:02.301000,1.06063,1.06061,2250000,2500000
2019-08-08 12:38:02.352000,1.06065,1.06061,3250000,2870000
2019-08-08 12:38:02.664000,1.06065,1.06062,2440000,1750000
2019-08-08 12:38:03.635000,1.06065,1.06061,2500000,2870000
2019-08-08 12:38:05.639000,1.06066,1.06062,4870000,1750000
2019-08-08 12:38:06.560000,1.06065,1.06062,1750000,1250000
2019-08-08 12:38:08.111000,1.06065,1.06063,1120000,1250000
2019-08-08 12:38:08.162000,1.06065,1.06062,1370000,1690000
2019-08-08 12:38:08.977000,1.06066,1.06063,2810000,1250000
2019-08-08 12:38:09.028000,1.06066,1.06062,2870000,1500000
2019-08-08 12:38:11.541000,1.06066,1.06063,1120000,1250000
2019-08-08 12:38:16.118000,1.06068,1.06064,5560000,4120000
2019-08-08 12:38:21.980000,1.06067,1.06063,2440000,3750000
2019-08-08 12:38:22.143000,1.06066,1.06063,1000000,3750000
2019-08-08 12:38:23.216000,1.06065,1.06062,1370000,3190000
2019-08-08 12:38:23.319000,1.06063,1.06062,1310000,1500000
2019-08-08 12:38:23.371000,1.06061,1.0606,1310000,1000000
2019-08-08 12:38:23.474000,1.06061,1.06059,1310000,1310000
2019-08-08 12:38:23.626000,1.06062,1.0606,1250000,1250000
2019-08-08 12:38:25.215000,1.06063,1.06061,1120000,1750000
2019-08-08 12:38:25.345000,1.06064,1.06061,1310000,2500000
2019-08-08 12:38:26.587000,1.06064,1.06061,2440000,1250000
2019-08-08 12:38:26.689000,1.06063,1.0606,2440000,1250000
2019-08-08 12:38:26.790000,1.06062,1.06059,1000000,3620000
2019-08-08 12:38:28.286000,1.06064,1.06061,8440000,1250000
2019-08-08 12:38:28.940000,1.06065,1.06061,3370000,2060000
2019-08-08 12:38:29.629000,1.06065,1.06061,3560000,3190000
2019-08-08 12:38:29.834000,1.06065,1.06061,4370000,2810000
2019-08-08 12:38:29.987000,1.06064,1.06061,1690000,2120000
2019-08-08 12:38:30.709000,1.06065,1.06061,3370000,1310000
2019-08-08 12:38:30.811000,1.06063,1.0606,1120000,2250000
2019-08-08 12:38:31.115000,1.06062,1.06059,1000000,1690000
2019-08-08 12:38:31.570000,1.06063,1.0606,1870000,3250000
2019-08-08 12:38:31.674000,1.06064,1.06061,2440000,1250000
2019-08-08 12:38:32.114000,1.06066,1.06062,6370000,2060000
2019-08-08 12:38:32.217000,1.06066,1.06062,2440000,2870000
2019-08-08 12:38:35.779000,1.06066,1.06064,2440000,1000000
2019-08-08 12:38:35.925000,1.06067,1.06064,3190000,1250000
2019-08-08 12:38:38.461000,1.06064,1.06062,1250000,4690000
2019-08-08 12:38:38.512000,1.06066,1.06062,1250000,4370000
2019-08-08 12:38:40.552000,1.06064,1.06062,1250000,3560000
2019-08-08 12:38:40.755000,1.06063,1.06061,1000000,5120000
2019-08-08 12:38:40.857000,1.06062,1.06061,1250000,1500000
2019-08-08 12:38:41.069000,1.06062,1.06059,1000000,2620000
2019-08-08 12:38:42.101000,1.06061,1.06059,1000000,1250000
2019-08-08 12:38:42.152000,1.06061,1.06058,1250000,3560000
2019-08-08 12:38:43.219000,1.0606,1.06057,1250000,2190000
2019-08-08 12:38:43.270000,1.06059,1.06055,1250000,6370000
2019-08-08 12:38:43.474000,1.0606,1.06057,3190000,1000000
2019-08-08 12:38:43.575000,1.0606,1.06056,3190000,2060000
2019-08-08 12:38:44.233000,1.06058,1.06055,2250000,1120000
2019-08-08 12:38:44.338000,1.06057,1.06054,1250000,1000000
2019-08-08 12:38:44.390000,1.06057,1.06053,1250000,1870000
2019-08-08 12:38:44.785000,1.06058,1.06053,5810000,2870000
2019-08-08 12:38:45.263000,1.06057,1.06054,1000000,2120000
2019-08-08 12:38:45.991000,1.06057,1.06054,1250000,1310000
2019-08-08 12:38:46.093000,1.06056,1.06053,1000000,2250000
2019-08-08 12:38:46.195000,1.06055,1.06052,1250000,2140000
2019-08-08 12:38:47.567000,1.06053,1.0605,1000000,1370000
2019-08-08 12:38:48.027000,1.06054,1.0605,3260000,2120000
2019-08-08 12:38:48.567000,1.06054,1.0605,3310000,1370000
2019-08-08 12:38:48.770000,1.06054,1.06051,2810000,1250000
2019-08-08 12:38:53.311000,1.06055,1.06052,1250000,1690000
2019-08-08 12:38:53.439000,1.06057,1.06055,1220000,2250000
2019-08-08 12:38:53.542000,1.06059,1.06057,1250000,1250000
2019-08-08 12:38:53.644000,1.0606,1.06056,1250000,1870000
2019-08-08 12:38:53.798000,1.0606,1.06057,1250000,2440000
2019-08-08 12:38:53.850000,1.06061,1.06058,1000000,1250000
2019-08-08 12:38:54.004000,1.06063,1.06059,1870000,1690000
2019-08-08 12:38:54.156000,1.06062,1.06059,1620000,1690000
2019-08-08 12:38:54.258000,1.06062,1.06059,1120000,1690000
2019-08-08 12:38:54.411000,1.0606,1.06057,1870000,2060000
2019-08-08 12:38:55.123000,1.06062,1.06058,4510000,1250000
2019-08-08 12:38:55.269000,1.06062,1.06058,1310000,2500000
2019-08-08 12:38:56.295000,1.06063,1.06059,2810000,1250000
2019-08-08 12:38:57.125000,1.06062,1.06059,1250000,1000000
2019-08-08 12:38:57.227000,1.06063,1.06059,3560000,1250000
2019-08-08 12:38:57.779000,1.06062,1.06059,1000000,1250000
2019-08-08 12:38:58.889000,1.06063,1.06059,2060000,1370000
2019-08-08 12:38:59.284000,1.06063,1.06059,1000000,2570000
2019-08-08 12:38:59.386000,1.06064,1.06062,1250000,1250000
2019-08-08 12:38:59.555000,1.06064,1.06062,1000000,1250000
2019-08-08 12:38:59.657000,1.06065,1.06062,2060000,1250000
2019-08-08 12:38:59.758000,1.06064,1.06061,1250000,4750000
2019-08-08 12:39:00.251000,1.06064,1.06061,1250000,3190000
2019-08-08 12:39:00.354000,1.06063,1.06061,1500000,1690000
2019-08-08 12:39:00.469000,1.06063,1.06059,4690000,3000000
2019-08-08 12:39:00.571000,1.06062,1.06059,1500000,2250000
2019-08-08 12:39:02.507000,1.0606,1.06058,1250000,1000000
2019-08-08 12:39:02.609000,1.0606,1.06057,1750000,2060000
2019-08-08 12:39:03.031000,1.06059,1.06056,1690000,1250000
2019-08-08 12:39:03.297000,1.06059,1.06056,1690000,1250000
2019-08-08 12:39:05.343000,1.06059,1.06056,1690000,1690000
2019-08-08 12:39:07.737000,1.06058,1.06055,1310000,2560000
2019-08-08 12:39:07.839000,1.06055,1.06054,1250000,2620000
2019-08-08 12:39:07.941000,1.06057,1.06053,1310000,3750000
2019-08-08 12:39:08.662000,1.06058,1.06055,1000000,2500000
2019-08-08 12:39:08.767000,1.06059,1.06056,2560000,1250000
2019-08-08 12:39:09.804000,1.06059,1.06055,1310000,3250000
2019-08-08 12:39:14.363000,1.06058,1.06055,1000000,1050000
2019-08-08 12:39:14.465000,1.06056,1.06054,1000000,1250000
2019-08-08 12:39:14.600000,1.06056,1.06052,1310000,2870000
2019-08-08 12:39:14.703000,1.06055,1.06052,1500000,1310000
2019-08-08 12:39:14.805000,1.06056,1.06053,2250000,1870000
2019-08-08 12:39:14.907000,1.06056,1.06053,1500000,2870000
2019-08-08 12:39:15.759000,1.06057,1.06053,3190000,2870000
2019-08-08 12:39:16.023000,1.06055,1.06052,1250000,3690000
2019-08-08 12:39:17.010000,1.06055,1.06052,1000000,2620000
2019-08-08 12:39:17.113000,1.06056,1.06053,2060000,1310000
2019-08-08 12:39:18.726000,1.06056,1.06053,1000000,1370000
2019-08-08 12:39:19.033000,1.06057,1.06054,3000000,1870000
2019-08-08 12:39:19.202000,1.06058,1.06056,1120000,1870000
2019-08-08 12:39:20.121000,1.06059,1.06056,2810000,1870000
2019-08-08 12:39:20.744000,1.06058,1.06055,1690000,1690000
2019-08-08 12:39:20.898000,1.06057,1.06054,1000000,2120000
2019-08-08 12:39:21.633000,1.06058,1.06055,1500000,1750000
2019-08-08 12:39:21.735000,1.06059,1.06056,3190000,1250000
2019-08-08 12:39:24.257000,1.06059,1.06055,2560000,2500000
2019-08-08 12:39:25.208000,1.06057,1.06055,1250000,1000000
2019-08-08 12:39:25.310000,1.06056,1.06053,1250000,2940000
2019-08-08 12:39:29.891000,1.06055,1.06052,1750000,1810000
2019-08-08 12:39:30.728000,1.06055,1.06052,2120000,1250000
2019-08-08 12:39:32.090000,1.06053,1.06049,1310000,2500000
2019-08-08 12:39:32.192000,1.06052,1.06049,3000000,1750000
2019-08-08 12:39:33.262000,1.06052,1.06049,1690000,1690000
2019-08-08 12:39:35.183000,1.06053,1.06049,3940000,3250000
2019-08-08 12:39:37.072000,1.0605,1.06048,1000000,1000000
2019-08-08 12:39:37.174000,1.0605,1.06046,2870000,3010000
2019-08-08 12:39:37.275000,1.06051,1.06047,1690000,1250000
2019-08-08 12:39:38.164000,1.0605,1.06046,1000000,3450000
2019-08-08 12:39:38.266000,1.06051,1.06046,1510000,3450000
2019-08-08 12:39:38.368000,1.06052,1.06047,8350000,1250000
2019-08-08 12:39:39.065000,1.06049,1.06047,1250000,1310000
2019-08-08 12:39:39.253000,1.06049,1.06046,3750000,1000000
2019-08-08 12:39:39.354000,1.06049,1.06045,4570000,1310000
2019-08-08 12:39:39.609000,1.06048,1.06045,2500000,1000000
2019-08-08 12:39:39.711000,1.06046,1.06043,2500000,1500000
2019-08-08 12:39:39.813000,1.06046,1.06042,2810000,2200000
2019-08-08 12:39:39.915000,1.06046,1.06042,3370000,2060000
2019-08-08 12:39:42.836000,1.06046,1.06044,1250000,2250000
2019-08-08 12:39:42.938000,1.06048,1.06044,2810000,3250000
2019-08-08 12:39:45.566000,1.06048,1.06045,2120000,1000000
2019-08-08 12:39:48.360000,1.06048,1.06045,1250000,1750000
2019-08-08 12:39:48.836000,1.06048,1.06045,1690000,3560000
2019-08-08 12:39:48.938000,1.06049,1.06045,5620000,2870000
2019-08-08 12:39:50.153000,1.06051,1.06047,4760000,1750000
2019-08-08 12:39:50.256000,1.06052,1.06048,2060000,4000000
2019-08-08 12:39:50.408000,1.06052,1.06048,3250000,4690000
2019-08-08 12:39:51.709000,1.06053,1.0605,5250000,1750000
2019-08-08 12:39:51.916000,1.06052,1.0605,1250000,2250000
2019-08-08 12:39:52.017000,1.06052,1.06048,1250000,4200000
2019-08-08 12:39:52.367000,1.06052,1.06048,2120000,2560000
2019-08-08 12:39:52.469000,1.06051,1.06048,1250000,1690000
2019-08-08 12:39:52.925000,1.06053,1.0605,1760000,2870000
2019-08-08 12:39:53.458000,1.06055,1.06053,3750000,1870000
2019-08-08 12:39:53.560000,1.06057,1.06055,1000000,2620000
2019-08-08 12:39:53.611000,1.06058,1.06055,1250000,1870000
2019-08-08 12:39:53.713000,1.06057,1.06054,1750000,2620000
2019-08-08 12:39:54.370000,1.06056,1.06053,1250000,2060000
2019-08-08 12:39:54.473000,1.06054,1.06052,1250000,2620000
2019-08-08 12:39:54.676000,1.06055,1.06051,2810000,7870000
2019-08-08 12:39:54.829000,1.06055,1.06053,1120000,1250000
2019-08-08 12:39:55.908000,1.06054,1.06052,1250000,1120000
2019-08-08 12:39:56.025000,1.06053,1.06051,1250000,2620000
2019-08-08 12:39:56.078000,1.06051,1.06049,2620000,1000000
2019-08-08 12:39:56.130000,1.0605,1.06047,1310000,1250000
2019-08-08 12:39:56.233000,1.06051,1.06048,2870000,1000000
2019-08-08 12:39:56.687000,1.06051,1.06047,3250000,2060000
2019-08-08 12:39:58.159000,1.06051,1.06048,3190000,1250000
2019-08-08 12:40:05.758000,1.06054,1.06051,1010000,2060000
2019-08-08 12:40:05.862000,1.06055,1.06052,1690000,1250000
2019-08-08 12:40:05.965000,1.06056,1.06054,1870000,1810000
2019-08-08 12:40:06.067000,1.06057,1.06054,1310000,2190000
2019-08-08 12:40:06.220000,1.06057,1.06054,1310000,1310000
2019-08-08 12:40:07.043000,1.06057,1.06054,1870000,2120000
2019-08-08 12:40:07.146000,1.06058,1.06055,4810000,1250000
2019-08-08 12:40:07.462000,1.06058,1.06055,2440000,1000000
2019-08-08 12:40:07.789000,1.06058,1.06055,2440000,2500000
2019-08-08 12:40:08.443000,1.06058,1.06055,2440000,2440000
2019-08-08 12:40:08.700000,1.06058,1.06055,3620000,1000000
2019-08-08 12:40:09.017000,1.06058,1.06055,2440000,1690000
2019-08-08 12:40:09.595000,1.06058,1.06055,2120000,1000000
2019-08-08 12:40:09.851000,1.06058,1.06054,3250000,3940000
2019-08-08 12:40:11.003000,1.06058,1.06055,1690000,1750000
2019-08-08 12:40:11.267000,1.06058,1.06055,1250000,3190000
2019-08-08 12:40:11.368000,1.06058,1.06055,2120000,1000000
2019-08-08 12:40:11.470000,1.06058,1.06054,2120000,2440000
2019-08-08 12:40:11.572000,1.06058,1.06055,1370000,1000000
2019-08-08 12:40:11.937000,1.06058,1.06054,2870000,3190000
2019-08-08 12:40:12.445000,1.06058,1.06055,3250000,1500000
2019-08-08 12:40:12.547000,1.06058,1.06055,1690000,2500000
2019-08-08 12:40:14.967000,1.0606,1.06057,4750000,1000000
2019-08-08 12:40:15.069000,1.06062,1.06061,1690000,1000000
2019-08-08 12:40:15.222000,1.06064,1.0606,2870000,2440000
2019-08-08 12:40:15.315000,1.06064,1.0606,2060000,1750000
2019-08-08 12:40:15.417000,1.06064,1.06061,3500000,1000000
2019-08-08 12:40:16.559000,1.06063,1.0606,2870000,1000000
2019-08-08 12:40:18.031000,1.06061,1.06059,1250000,2250000
2019-08-08 12:40:18.133000,1.06061,1.06058,1250000,3560000
2019-08-08 12:40:18.583000,1.06062,1.06059,2060000,3190000
2019-08-08 12:40:18.735000,1.06062,1.06059,2870000,3000000
2019-08-08 12:40:20.129000,1.06062,1.0606,1310000,1000000
2019-08-08 12:40:20.609000,1.06063,1.06061,3000000,1000000
2019-08-08 12:40:20.711000,1.06063,1.06061,1120000,1500000
2019-08-08 12:40:21.448000,1.06062,1.06061,1250000,1000000
2019-08-08 12:40:21.550000,1.06062,1.0606,1250000,1000000
2019-08-08 12:40:22.094000,1.06062,1.0606,1750000,1000000
2019-08-08 12:40:22.204000,1.06061,1.06059,2620000,1000000
2019-08-08 12:40:22.256000,1.06058,1.06057,1120000,1120000
2019-08-08 12:40:22.808000,1.06058,1.06056,1120000,1250000
2019-08-08 12:40:23.578000,1.06059,1.06055,5620000,4690000
2019-08-08 12:40:23.782000,1.06058,1.06056,1120000,1000000
2019-08-08 12:40:25.070000,1.06059,1.06056,4310000,1000000
2019-08-08 12:40:29.163000,1.06058,1.06055,1250000,2060000
2019-08-08 12:40:30.889000,1.06056,1.06054,1000000,1000000
2019-08-08 12:40:30.994000,1.06056,1.06053,1000000,1500000
2019-08-08 12:40:31.147000,1.06058,1.06056,1690000,1000000
2019-08-08 12:40:31.248000,1.06058,1.06055,1690000,1690000
2019-08-08 12:40:31.502000,1.06058,1.06055,4000000,1000000
2019-08-08 12:40:32.362000,1.06058,1.06054,3000000,1250000
2019-08-08 12:40:35.161000,1.06056,1.06053,1250000,3560000
2019-08-08 12:40:35.264000,1.06055,1.06052,1250000,1310000
2019-08-08 12:40:38.766000,1.06057,1.06055,6190000,1000000
2019-08-08 12:40:38.869000,1.06058,1.06055,3190000,1690000
2019-08-08 12:40:39.483000,1.06057,1.06055,1690000,1000000
2019-08-08 12:40:39.584000,1.06057,1.06054,1690000,1690000
2019-08-08 12:40:39.686000,1.06056,1.06053,1250000,4310000
2019-08-08 12:40:39.788000,1.06056,1.06054,1250000,1000000
2019-08-08 12:40:40.057000,1.06058,1.06055,4310000,1250000
2019-08-08 12:40:40.159000,1.06058,1.06055,1250000,2440000
2019-08-08 12:40:40.262000,1.06059,1.06056,2500000,2810000
2019-08-08 12:40:40.405000,1.06059,1.06057,1750000,1000000
2019-08-08 12:40:40.509000,1.06059,1.06056,1250000,2810000
2019-08-08 12:40:43.538000,1.06058,1.06055,2560000,6940000
2019-08-08 12:40:43.646000,1.06057,1.06053,3690000,5620000
2019-08-08 12:40:43.900000,1.06056,1.06052,1870000,3190000
2019-08-08 12:40:44.052000,1.06056,1.06052,1870000,3250000
2019-08-08 12:40:46.810000,1.06057,1.06055,3750000,1250000
2019-08-08 12:40:46.935000,1.06057,1.06055,1000000,1750000
2019-08-08 12:40:47.503000,1.06057,1.06055,1000000,1690000
2019-08-08 12:40:48.581000,1.06056,1.06054,1250000,1000000
2019-08-08 12:40:48.691000,1.06056,1.06053,1250000,2060000
2019-08-08 12:40:51.346000,1.06056,1.06054,1250000,1000000
2019-08-08 12:40:52.338000,1.06057,1.06054,1120000,1250000
2019-08-08 12:40:52.944000,1.06058,1.06055,1690000,2440000
2019-08-08 12:40:53.390000,1.06059,1.06056,4370000,1250000
2019-08-08 12:40:54.112000,1.06059,1.06057,1370000,1000000
2019-08-08 12:40:54.214000,1.06059,1.06056,1370000,3190000
2019-08-08 12:40:55.530000,1.06059,1.06057,1250000,1000000
2019-08-08 12:40:55.911000,1.06059,1.06056,1250000,3190000
2019-08-08 12:40:56.013000,1.06059,1.06057,1250000,1000000
2019-08-08 12:40:58.008000,1.06059,1.06056,1250000,2440000
2019-08-08 12:40:59.328000,1.06062,1.0606,1100000,2500000
2019-08-08 12:40:59.430000,1.06063,1.06061,1500000,2440000
2019-08-08 12:41:00.723000,1.06062,1.06061,1250000,1000000
2019-08-08 12:41:00.825000,1.06062,1.06059,1250000,2440000
2019-08-08 12:41:00.927000,1.06062,1.06059,1870000,1750000
2019-08-08 12:41:01.920000,1.06063,1.0606,2620000,1000000
2019-08-08 12:41:02.022000,1.06063,1.0606,3700000,1000000
2019-08-08 12:41:02.173000,1.06063,1.0606,2810000,1250000
2019-08-08 12:41:02.739000,1.06063,1.0606,2560000,1250000
2019-08-08 12:41:03.014000,1.06063,1.06059,3370000,4690000
2019-08-08 12:41:03.935000,1.06059,1.06058,1250000,1000000
2019-08-08 12:41:04.036000,1.06059,1.06057,1250000,2440000
2019-08-08 12:41:04.191000,1.06061,1.06057,4000000,2440000
2019-08-08 12:41:04.293000,1.06061,1.06058,1500000,2440000
2019-08-08 12:41:04.396000,1.06062,1.06059,2370000,1000000
2019-08-08 12:41:04.823000,1.06062,1.06059,1120000,1000000
2019-08-08 12:41:05.128000,1.06061,1.06058,1250000,2810000
2019-08-08 12:41:05.231000,1.06059,1.06056,1250000,7070000
2019-08-08 12:41:05.333000,1.06058,1.06055,2250000,1690000
2019-08-08 12:41:05.436000,1.06058,1.06055,2190000,2500000
2019-08-08 12:41:05.742000,1.06058,1.06055,1310000,2500000
2019-08-08 12:41:05.845000,1.06057,1.06054,2500000,1500000
2019-08-08 12:41:06.098000,1.06058,1.06054,2190000,1500000
2019-08-08 12:41:06.810000,1.06058,1.06054,2810000,1870000
2019-08-08 12:41:07.998000,1.06057,1.06054,1000000,4120000
2019-08-08 12:41:08.582000,1.06058,1.06054,2440000,4120000
2019-08-08 12:41:10.088000,1.06056,1.06054,1250000,1000000
2019-08-08 12:41:10.191000,1.06054,1.06052,1250000,1690000
2019-08-08 12:41:15.150000,1.06055,1.06053,1000000,1250000
2019-08-08 12:41:15.201000,1.06057,1.06054,1250000,1250000
2019-08-08 12:41:15.353000,1.06058,1.06055,2440000,1250000
2019-08-08 12:41:18.169000,1.06059,1.06056,2870000,1000000
2019-08-08 12:41:19.609000,1.06058,1.06055,1750000,1500000
2019-08-08 12:41:19.761000,1.06057,1.06055,1250000,1000000
2019-08-08 12:41:19.865000,1.06057,1.06054,1250000,1870000
2019-08-08 12:41:22.174000,1.06058,1.06055,1250000,1000000
2019-08-08 12:41:22.268000,1.0606,1.06056,6820000,1000000
2019-08-08 12:41:22.473000,1.0606,1.06056,3250000,4370000
2019-08-08 12:41:22.575000,1.06059,1.06056,1250000,2810000
2019-08-08 12:41:22.677000,1.0606,1.06056,2500000,3620000
2019-08-08 12:41:23.763000,1.06061,1.06057,3620000,3250000
2019-08-08 12:41:23.815000,1.06063,1.0606,5870000,1000000
2019-08-08 12:41:24.378000,1.06062,1.06059,1250000,1250000
2019-08-08 12:41:24.736000,1.06062,1.06059,1250000,1000000
2019-08-08 12:41:24.838000,1.06062,1.06058,1750000,1250000
2019-08-08 12:41:25.143000,1.06061,1.06057,2500000,4690000
2019-08-08 12:41:26.050000,1.06061,1.06058,2500000,1000000
2019-08-08 12:41:28.658000,1.06063,1.0606,3620000,1000000
2019-08-08 12:41:34.248000,1.06062,1.06059,2500000,1000000
2019-08-08 12:41:34.350000,1.06061,1.06058,2870000,1000000
2019-08-08 12:41:34.452000,1.06059,1.06057,1250000,1250000
2019-08-08 12:41:42.272000,1.06061,1.06058,2250000,3250000
2019-08-08 12:41:42.374000,1.06063,1.06058,3190000,8500000
2019-08-08 12:41:42.477000,1.06063,1.06058,2500000,7750000
2019-08-08 12:41:44.368000,1.0606,1.06058,1250000,3000000
2019-08-08 12:41:44.469000,1.06059,1.06056,1250000,7310000
2019-08-08 12:41:45.198000,1.0606,1.06056,1000000,5870000
2019-08-08 12:41:45.300000,1.06061,1.06058,2810000,1310000
2019-08-08 12:41:45.645000,1.06062,1.06058,3190000,2120000
2019-08-08 12:41:45.900000,1.06061,1.06057,1690000,3070000
2019-08-08 12:41:46.399000,1.06061,1.06058,1000000,1250000
2019-08-08 12:41:46.501000,1.06063,1.06059,5440000,2120000
2019-08-08 12:41:46.552000,1.06062,1.06059,1250000,2060000
2019-08-08 12:41:48.416000,1.06061,1.06059,1250000,1000000
2019-08-08 12:41:48.752000,1.06061,1.06058,1250000,2810000
2019-08-08 12:41:50.804000,1.0606,1.06058,1250000,3370000
2019-08-08 12:41:53.122000,1.06062,1.06058,4750000,2440000
2019-08-08 12:41:54.790000,1.06062,1.06059,2500000,1000000
2019-08-08 12:41:55.045000,1.06062,1.06059,1250000,1690000
2019-08-08 12:41:56.920000,1.06061,1.06058,1250000,2810000
2019-08-08 12:41:57.378000,1.06059,1.06057,1250000,1000000
2019-08-08 12:41:57.480000,1.06059,1.06056,1250000,5140000
2019-08-08 12:41:57.598000,1.06057,1.06055,1000000,1690000
2019-08-08 12:41:58.208000,1.06058,1.06054,3750000,2060000
2019-08-08 12:41:59.471000,1.06058,1.06054,4690000,1370000
2019-08-08 12:42:02.075000,1.06057,1.06054,1000000,1370000
2019-08-08 12:42:02.178000,1.06054,1.06052,1250000,2250000
2019-08-08 12:42:02.229000,1.06054,1.0605,2560000,1310000
2019-08-08 12:42:02.331000,1.06053,1.06049,1750000,3370000
2019-08-08 12:42:02.483000,1.06051,1.06049,1000000,2060000
2019-08-08 12:42:02.642000,1.06053,1.06049,3820000,2500000
2019-08-08 12:42:03.099000,1.06053,1.06049,1250000,2500000
2019-08-08 12:42:03.201000,1.06051,1.06048,1000000,1120000
2019-08-08 12:42:03.303000,1.06051,1.06047,2250000,1310000
2019-08-08 12:42:03.422000,1.06051,1.06048,1250000,1250000
2019-08-08 12:42:03.625000,1.06051,1.06048,1000000,1250000
2019-08-08 12:42:06.054000,1.06051,1.06048,1250000,1250000
2019-08-08 12:42:06.943000,1.06051,1.06047,1750000,2060000
2019-08-08 12:42:07.145000,1.0605,1.06046,2500000,3620000
2019-08-08 12:42:07.196000,1.06051,1.06047,2140000,1750000
2019-08-08 12:42:08.295000,1.06052,1.06049,2500000,1000000
2019-08-08 12:42:08.346000,1.06053,1.0605,1760000,1750000
2019-08-08 12:42:09.944000,1.06055,1.06051,6250000,3620000
2019-08-08 12:42:10.047000,1.06056,1.06053,6190000,1690000
2019-08-08 12:42:10.149000,1.06055,1.06052,1250000,1690000
2019-08-08 12:42:10.251000,1.06053,1.06051,1120000,7060000
2019-08-08 12:42:10.325000,1.06056,1.06052,3310000,3000000
2019-08-08 12:42:10.427000,1.06056,1.06053,1310000,1250000
2019-08-08 12:42:10.681000,1.06057,1.06054,5620000,1000000
2019-08-08 12:42:10.991000,1.06058,1.06054,4390000,1000000
2019-08-08 12:42:11.779000,1.06058,1.06055,2060000,1250000
2019-08-08 12:42:11.881000,1.06058,1.06055,1310000,2500000
2019-08-08 12:42:11.983000,1.06058,1.06055,1690000,1690000
2019-08-08 12:42:12.215000,1.06058,1.06055,3620000,1000000
2019-08-08 12:42:13.881000,1.06058,1.06054,4000000,1250000
2019-08-08 12:42:18.717000,1.06059,1.06056,3750000,1250000
2019-08-08 12:42:18.819000,1.0606,1.06056,1690000,1690000
2019-08-08 12:42:19.844000,1.06059,1.06056,1250000,1690000
2019-08-08 12:42:20.226000,1.0606,1.06056,2060000,1690000
2019-08-08 12:42:22.730000,1.06062,1.06061,1000000,1310000
2019-08-08 12:42:22.781000,1.06064,1.06061,1750000,1310000
2019-08-08 12:42:23.848000,1.06062,1.06058,1250000,2940000
2019-08-08 12:42:23.950000,1.06061,1.06058,1250000,1310000
2019-08-08 12:42:24.102000,1.06062,1.06058,3070000,1370000
2019-08-08 12:42:24.889000,1.06061,1.06058,1000000,2500000
2019-08-08 12:42:25.710000,1.06061,1.06058,1000000,1750000
2019-08-08 12:42:25.826000,1.06062,1.06059,2440000,1250000
2019-08-08 12:42:25.928000,1.06061,1.06058,1000000,1750000
2019-08-08 12:42:27.118000,1.06061,1.06058,1250000,1250000
2019-08-08 12:42:28.342000,1.06062,1.06059,1250000,1250000
2019-08-08 12:42:30.298000,1.06061,1.06058,1000000,2120000
2019-08-08 12:42:30.400000,1.06061,1.06058,1000000,1690000
2019-08-08 12:42:30.941000,1.06062,1.06059,1500000,1250000
2019-08-08 12:42:31.043000,1.06062,1.06059,1690000,1250000
2019-08-08 12:42:33.123000,1.06062,1.06059,1500000,1250000
2019-08-08 12:42:34.124000,1.06063,1.06061,2440000,1250000
2019-08-08 12:42:34.581000,1.06065,1.06061,2870000,3620000
2019-08-08 12:42:34.683000,1.06066,1.06063,1690000,1250000
2019-08-08 12:42:34.808000,1.06067,1.06064,1250000,2440000
2019-08-08 12:42:35.214000,1.06069,1.06066,1010000,4370000
2019-08-08 12:42:38.161000,1.06068,1.06065,1750000,1690000
2019-08-08 12:42:38.263000,1.06069,1.06066,2870000,1250000
2019-08-08 12:42:40.077000,1.06069,1.06067,1250000,1000000
2019-08-08 12:42:40.468000,1.06069,1.06066,1250000,3940000
2019-08-08 12:42:41.525000,1.0607,1.06066,2060000,6190000
2019-08-08 12:42:42.582000,1.0607,1.06067,2060000,1000000
2019-08-08 12:42:46.662000,1.0607,1.06067,2500000,1000000
2019-08-08 12:42:46.764000,1.06069,1.06066,2500000,2810000
2019-08-08 12:42:48.829000,1.06064,1.06061,1750000,3310000
2019-08-08 12:42:48.931000,1.06064,1.06061,1750000,1250000
2019-08-08 12:42:50.039000,1.06065,1.06061,2200000,5500000
2019-08-08 12:42:50.192000,1.06066,1.06064,3450000,1000000
2019-08-08 12:42:50.340000,1.06067,1.06064,1250000,2560000
2019-08-08 12:42:50.492000,1.06067,1.06064,1250000,1310000
2019-08-08 12:42:53.277000,1.06067,1.06065,1000000,1250000
2019-08-08 12:42:53.380000,1.06068,1.06065,2700000,2120000
2019-08-08 12:42:53.474000,1.06069,1.06065,4720000,1250000
2019-08-08 12:42:53.730000,1.06068,1.06064,1790000,3620000
2019-08-08 12:42:53.883000,1.06068,1.06064,1760000,3620000
2019-08-08 12:42:56.695000,1.06068,1.06064,3790000,2120000
2019-08-08 12:42:57.724000,1.06067,1.06064,1390000,1310000
2019-08-08 12:42:57.955000,1.06065,1.06062,1250000,3370000
2019-08-08 12:42:58.124000,1.06064,1.06061,1120000,2810000
2019-08-08 12:42:58.225000,1.06064,1.06062,1120000,1000000
2019-08-08 12:42:58.327000,1.06064,1.06061,1120000,3560000
2019-08-08 12:42:59.183000,1.06066,1.06063,1650000,2060000
2019-08-08 12:42:59.235000,1.06068,1.06065,8250000,3220000
2019-08-08 12:42:59.337000,1.06069,1.06066,1250000,3620000
2019-08-08 12:42:59.540000,1.0607,1.06066,3640000,4370000
2019-08-08 12:42:59.642000,1.06069,1.06067,1250000,1250000
2019-08-08 12:43:00.336000,1.0607,1.06067,2510000,1250000
2019-08-08 12:43:00.776000,1.06071,1.06068,2700000,1250000
2019-08-08 12:43:01.914000,1.06071,1.06069,1000000,1000000
2019-08-08 12:43:01.967000,1.06073,1.0607,2250000,2500000
2019-08-08 12:43:02.686000,1.06073,1.06069,4690000,3310000
2019-08-08 12:43:02.787000,1.06073,1.0607,4010000,1370000
2019-08-08 12:43:03.328000,1.06074,1.06072,1500000,1250000
2019-08-08 12:43:03.430000,1.06075,1.06073,1100000,1250000
2019-08-08 12:43:03.533000,1.06075,1.06073,1000000,1250000
2019-08-08 12:43:03.635000,1.06075,1.06073,1000000,1250000
2019-08-08 12:43:03.757000,1.06075,1.06074,1000000,1000000
2019-08-08 12:43:04.447000,1.06076,1.06074,2510000,1000000
2019-08-08 12:43:05.365000,1.06076,1.06072,2890000,2130000
2019-08-08 12:43:05.468000,1.06074,1.06071,2440000,1750000
2019-08-08 12:43:05.722000,1.06073,1.0607,1250000,2120000
2019-08-08 12:43:05.823000,1.06072,1.0607,1000000,2120000
2019-08-08 12:43:06.054000,1.06073,1.0607,1000000,2870000
2019-08-08 12:43:06.156000,1.06073,1.0607,1100000,2870000
2019-08-08 12:43:06.621000,1.06074,1.0607,3640000,3620000
2019-08-08 12:43:06.969000,1.06073,1.0607,1100000,2870000
2019-08-08 12:43:07.071000,1.06072,1.0607,1000000,2870000
2019-08-08 12:43:07.172000,1.06073,1.0607,1100000,2870000
2019-08-08 12:43:08.866000,1.06074,1.06073,1200000,1310000
2019-08-08 12:43:08.918000,1.06075,1.06072,1500000,2190000
2019-08-08 12:43:28.406000,1.06074,1.06072,1000000,2500000
2019-08-08 12:43:28.508000,1.06074,1.06071,3190000,2120000
2019-08-08 12:43:28.610000,1.06073,1.06071,1000000,1370000
2019-08-08 12:43:28.981000,1.06072,1.0607,1000000,1250000
2019-08-08 12:43:29.464000,1.06074,1.06072,1950000,1690000
2019-08-08 12:43:29.741000,1.06074,1.06072,1000000,1750000
2019-08-08 12:43:29.995000,1.06075,1.06072,1500000,3750000
2019-08-08 12:43:32.491000,1.06076,1.06073,2440000,1250000
2019-08-08 12:43:32.738000,1.06075,1.06073,1000000,1250000
2019-08-08 12:43:32.841000,1.06075,1.06073,1000000,2120000
2019-08-08 12:43:33.108000,1.06076,1.06073,1500000,2870000
2019-08-08 12:43:33.414000,1.06075,1.06072,1000000,5250000
2019-08-08 12:43:35.067000,1.06075,1.06072,1820000,2060000
2019-08-08 12:43:36.341000,1.06075,1.06072,1950000,2870000
2019-08-08 12:43:36.493000,1.06076,1.06074,1000000,1750000
2019-08-08 12:43:36.635000,1.06076,1.06074,1000000,3370000
2019-08-08 12:43:37.066000,1.06077,1.06074,1000000,3370000
2019-08-08 12:43:42.148000,1.0608,1.06078,4870000,1250000
2019-08-08 12:43:42.199000,1.06082,1.06078,2510000,2120000
2019-08-08 12:43:42.337000,1.06083,1.0608,1850000,1000000
2019-08-08 12:43:43.107000,1.06082,1.06079,1250000,1310000
2019-08-08 12:43:44.405000,1.06081,1.06079,1000000,1250000
2019-08-08 12:43:45.148000,1.06081,1.06079,1000000,1250000
2019-08-08 12:43:45.671000,1.06081,1.06078,1000000,3120000
2019-08-08 12:43:45.773000,1.06081,1.06079,1000000,1000000
2019-08-08 12:43:45.825000,1.06082,1.06081,1000000,3000000
2019-08-08 12:43:46.132000,1.06083,1.06082,1000000,1000000
2019-08-08 12:43:46.235000,1.06086,1.06084,1200000,2060000
2019-08-08 12:43:46.338000,1.06087,1.06082,3100000,1870000
2019-08-08 12:43:46.699000,1.06087,1.06083,2540000,1370000
2019-08-08 12:43:46.801000,1.06087,1.06083,2510000,1370000
2019-08-08 12:43:46.903000,1.06087,1.06083,1910000,2870000
2019-08-08 12:43:47.005000,1.06086,1.06082,1390000,2620000
2019-08-08 12:43:47.056000,1.06084,1.06082,1000000,1870000
2019-08-08 12:43:47.240000,1.06084,1.06082,1000000,1310000
2019-08-08 12:43:47.444000,1.06084,1.06082,1000000,1370000
2019-08-08 12:43:49.551000,1.06084,1.06082,1000000,1310000
2019-08-08 12:43:50.128000,1.06084,1.0608,4470000,1690000
2019-08-08 12:43:50.230000,1.06082,1.06078,1760000,3250000
2019-08-08 12:43:50.332000,1.06081,1.06078,1310000,1310000
2019-08-08 12:43:52.258000,1.06081,1.06079,1250000,1000000
2019-08-08 12:43:53.361000,1.06081,1.06079,1000000,1250000
2019-08-08 12:43:53.557000,1.06082,1.0608,1120000,1250000
2019-08-08 12:43:53.659000,1.06081,1.0608,1000000,1690000
2019-08-08 12:43:53.761000,1.06082,1.0608,1120000,1750000
2019-08-08 12:43:54.340000,1.06083,1.06081,1000000,2120000
2019-08-08 12:43:54.442000,1.06083,1.06081,1000000,3000000
2019-08-08 12:43:54.645000,1.06083,1.06081,1000000,3250000
2019-08-08 12:43:54.867000,1.06086,1.06084,1010000,1000000
2019-08-08 12:43:54.969000,1.06087,1.06084,1250000,4810000
2019-08-08 12:43:55.071000,1.06087,1.06084,1250000,2440000
2019-08-08 12:43:56.008000,1.06086,1.06083,1250000,5560000
2019-08-08 12:43:56.059000,1.06084,1.06082,1250000,3190000
2019-08-08 12:43:56.526000,1.06084,1.06081,1250000,2810000
2019-08-08 12:43:56.627000,1.06083,1.06081,1000000,2810000
2019-08-08 12:43:57.929000,1.06084,1.06081,2250000,2060000
2019-08-08 12:43:58.174000,1.06083,1.06081,1000000,1250000
2019-08-08 12:43:58.823000,1.06085,1.06082,2140000,1250000
