time,ask,bid,ask_volume,bid_volume
2017-11-16 15:25:02.766000,1.12861,1.12858,1250000,3820000
2017-11-16 15:25:02.818000,1.12861,1.12858,2000000,3000000
2017-11-16 15:25:03.602000,1.1286,1.12859,1000000,1000000
2017-11-16 15:25:04.413000,1.12863,1.1286,5440000,1120000
2017-11-16 15:25:05.451000,1.12863,1.12859,9560000,3370000
2017-11-16 15:25:07.366000,1.12862,1.1286,3190000,1000000
2017-11-16 15:25:08.227000,1.12862,1.1286,3190000,1000000
2017-11-16 15:25:09.173000,1.12862,1.12861,1000000,1000000
2017-11-16 15:25:11.123000,1.12864,1.12861,4310000,1000000
2017-11-16 15:25:11.647000,1.12863,1.12862,1250000,1000000
2017-11-16 15:25:15.768000,1.12864,1.12861,1940000,1870000
2017-11-16 15:25:16.576000,1.12863,1.12861,1250000,1000000
2017-11-16 15:25:20.118000,1.12864,1.12863,2250000,1000000
2017-11-16 15:25:20.169000,1.12866,1.12865,1500000,1500000
2017-11-16 15:25:20.220000,1.12868,1.12866,1690000,1500000
2017-11-16 15:25:20.820000,1.12868,1.12866,1250000,3620000
2017-11-16 15:25:21.357000,1.12868,1.12865,8060000,1000000
2017-11-16 15:25:21.554000,1.12866,1.12863,2000000,1570000
2017-11-16 15:25:21.709000,1.12865,1.12862,2440000,1500000
2017-11-16 15:25:22.220000,1.12865,1.12862,5440000,1000000
2017-11-16 15:25:25.901000,1.12864,1.12863,1000000,1000000
2017-11-16 15:25:26.490000,1.12865,1.12862,3940000,1500000
2017-11-16 15:25:27.129000,1.12864,1.12861,1690000,2250000
2017-11-16 15:25:29.662000,1.12864,1.12862,1690000,1000000
2017-11-16 15:25:32.367000,1.12864,1.12863,1000000,1000000
2017-11-16 15:25:32.882000,1.12865,1.12862,1690000,3000000
2017-11-16 15:25:33.395000,1.12864,1.12862,2250000,1000000
2017-11-16 15:25:33.998000,1.12866,1.12863,4760000,1000000
2017-11-16 15:25:36.678000,1.12865,1.12864,1000000,1250000
2017-11-16 15:25:36.729000,1.12868,1.12865,3260000,3750000
2017-11-16 15:25:37.244000,1.12868,1.12865,7690000,1000000
2017-11-16 15:25:37.745000,1.12868,1.12864,8060000,1870000
2017-11-16 15:25:38.052000,1.12869,1.12866,1940000,3750000
2017-11-16 15:25:39.921000,1.12868,1.12865,3000000,2060000
2017-11-16 15:25:40.024000,1.12866,1.12864,1120000,2890000
2017-11-16 15:25:40.283000,1.12867,1.12865,1000000,5810000
2017-11-16 15:25:40.796000,1.12869,1.12865,5810000,5060000
2017-11-16 15:25:42.463000,1.12867,1.12865,1500000,1690000
2017-11-16 15:25:42.805000,1.12866,1.12862,7690000,5440000
2017-11-16 15:25:43.535000,1.12864,1.12861,1500000,6560000
2017-11-16 15:25:44.048000,1.12864,1.12861,1750000,2060000
2017-11-16 15:25:45.239000,1.12863,1.1286,2250000,2440000
2017-11-16 15:25:45.500000,1.12861,1.12859,1500000,1950000
2017-11-16 15:25:45.696000,1.1286,1.12857,1750000,5100000
2017-11-16 15:25:46.387000,1.12862,1.12858,9560000,5060000
2017-11-16 15:25:47.162000,1.12861,1.12858,4950000,1250000
2017-11-16 15:25:47.682000,1.12861,1.12857,13540000,3190000
2017-11-16 15:25:48.498000,1.12859,1.12858,1000000,1000000
2017-11-16 15:25:48.955000,1.1286,1.12858,2620000,1000000
2017-11-16 15:25:49.566000,1.12861,1.12858,6640000,3000000
2017-11-16 15:25:49.668000,1.12861,1.1286,1000000,1000000
2017-11-16 15:25:50.192000,1.12864,1.1286,11810000,1690000
2017-11-16 15:25:50.717000,1.12865,1.12861,10760000,1500000
2017-11-16 15:25:51.344000,1.12863,1.12862,1000000,1000000
2017-11-16 15:25:51.754000,1.12866,1.12862,11140000,1690000
2017-11-16 15:25:53.759000,1.12865,1.12861,8440000,3190000
2017-11-16 15:25:54.260000,1.12865,1.12861,10690000,3190000
2017-11-16 15:25:54.792000,1.12862,1.12861,1000000,1250000
2017-11-16 15:25:55.905000,1.12863,1.12862,1000000,1500000
2017-11-16 15:25:56.730000,1.12866,1.12862,5250000,4690000
2017-11-16 15:25:56.781000,1.12866,1.12864,1000000,1000000
2017-11-16 15:25:57.237000,1.12875,1.12871,1250000,2250000
2017-11-16 15:25:57.547000,1.12874,1.12873,1000000,1690000
2017-11-16 15:25:58.067000,1.12877,1.12873,8970000,1690000
2017-11-16 15:25:58.496000,1.12877,1.12874,1370000,1250000
2017-11-16 15:25:59.028000,1.12878,1.12877,1000000,1870000
2017-11-16 15:25:59.079000,1.12881,1.12878,2890000,4120000
2017-11-16 15:25:59.625000,1.12882,1.12879,2060000,1500000
2017-11-16 15:26:00.150000,1.12882,1.1288,2060000,1000000
2017-11-16 15:26:01.141000,1.12882,1.12879,3000000,1250000
2017-11-16 15:26:01.679000,1.12882,1.12879,3560000,1000000
2017-11-16 15:26:02.560000,1.12882,1.1288,1250000,1500000
2017-11-16 15:26:02.788000,1.12883,1.12879,3190000,5440000
2017-11-16 15:26:03.820000,1.12881,1.12878,2250000,3640000
2017-11-16 15:26:04.128000,1.12878,1.12875,1750000,3940000
2017-11-16 15:26:04.650000,1.12879,1.12876,1870000,1690000
2017-11-16 15:26:05.737000,1.12878,1.12875,3000000,3190000
2017-11-16 15:26:05.914000,1.12878,1.12875,4870000,1190000
2017-11-16 15:26:06.016000,1.12876,1.12875,1000000,1000000
2017-11-16 15:26:06.526000,1.12877,1.12874,5250000,1690000
2017-11-16 15:26:07.061000,1.12877,1.12873,12560000,4690000
2017-11-16 15:26:08.003000,1.12876,1.12873,1750000,1690000
2017-11-16 15:26:10.555000,1.12876,1.12875,1000000,1000000
2017-11-16 15:26:11.086000,1.12877,1.12875,1000000,5060000
2017-11-16 15:26:11.940000,1.1288,1.12876,13010000,1250000
2017-11-16 15:26:12.545000,1.12878,1.12877,1000000,1250000
2017-11-16 15:26:13.709000,1.12881,1.12877,7310000,5810000
2017-11-16 15:26:13.915000,1.12882,1.12879,1000000,3560000
2017-11-16 15:26:14.069000,1.1288,1.12879,1000000,3190000
2017-11-16 15:26:15.969000,1.12881,1.12878,3940000,1000000
2017-11-16 15:26:16.619000,1.12881,1.12877,3560000,4390000
2017-11-16 15:26:17.794000,1.1288,1.12877,3220000,2440000
2017-11-16 15:26:18.109000,1.12879,1.12875,6750000,5810000
2017-11-16 15:26:18.701000,1.1288,1.12876,11140000,5440000
2017-11-16 15:26:18.856000,1.12881,1.12877,7690000,2060000
2017-11-16 15:26:19.801000,1.1288,1.12878,1500000,1000000
2017-11-16 15:26:20.909000,1.1288,1.12879,1000000,1690000
2017-11-16 15:26:21.011000,1.12882,1.12881,1500000,1000000
2017-11-16 15:26:21.541000,1.12882,1.12881,1000000,1500000
2017-11-16 15:26:22.202000,1.12884,1.12881,2810000,1500000
2017-11-16 15:26:23.521000,1.12885,1.12881,4010000,1500000
2017-11-16 15:26:24.035000,1.12884,1.12881,2060000,1500000
2017-11-16 15:26:25.251000,1.12885,1.12883,4120000,1310000
2017-11-16 15:26:25.353000,1.12888,1.12886,4120000,2250000
2017-11-16 15:26:25.404000,1.1289,1.12888,1310000,1120000
2017-11-16 15:26:25.747000,1.12893,1.12891,1500000,1500000
2017-11-16 15:26:25.958000,1.12894,1.12891,2700000,2440000
2017-11-16 15:26:26.009000,1.12895,1.12891,6260000,3560000
2017-11-16 15:26:26.315000,1.12896,1.12894,2250000,1000000
2017-11-16 15:26:26.367000,1.12896,1.12893,2250000,3190000
2017-11-16 15:26:26.910000,1.12896,1.12893,2250000,2060000
2017-11-16 15:26:27.877000,1.12896,1.12893,1570000,1690000
2017-11-16 15:26:28.810000,1.12898,1.12896,1760000,1000000
2017-11-16 15:26:29.020000,1.129,1.12896,1690000,7310000
2017-11-16 15:26:29.071000,1.12901,1.12898,6260000,1000000
2017-11-16 15:26:29.607000,1.12901,1.12897,6260000,1000000
2017-11-16 15:26:30.270000,1.12901,1.12897,4390000,2250000
2017-11-16 15:26:30.946000,1.12902,1.12898,5140000,2250000
2017-11-16 15:26:31.765000,1.12898,1.12897,1000000,2320000
2017-11-16 15:26:32.278000,1.12898,1.12895,1120000,5440000
2017-11-16 15:26:32.623000,1.12898,1.12895,2060000,1870000
2017-11-16 15:26:33.406000,1.12896,1.12895,1000000,2250000
2017-11-16 15:26:33.877000,1.12897,1.12893,8810000,3260000
2017-11-16 15:26:34.421000,1.12895,1.12892,1120000,2810000
2017-11-16 15:26:35.640000,1.12896,1.12892,10690000,1690000
2017-11-16 15:26:37.774000,1.12896,1.12893,2440000,1500000
2017-11-16 15:26:38.901000,1.12897,1.12893,10690000,2440000
2017-11-16 15:26:39.488000,1.12897,1.12893,3560000,2810000
2017-11-16 15:26:40.085000,1.12896,1.12893,2250000,2810000
2017-11-16 15:26:41.372000,1.12895,1.12894,1000000,1000000
2017-11-16 15:26:44.397000,1.12896,1.12893,3750000,2440000
2017-11-16 15:26:45.738000,1.12895,1.12894,1500000,1000000
2017-11-16 15:26:45.995000,1.12897,1.12896,1000000,1500000
2017-11-16 15:26:46.538000,1.12897,1.12895,1500000,1690000
2017-11-16 15:26:46.925000,1.12892,1.12889,1750000,3940000
2017-11-16 15:26:47.131000,1.12891,1.12888,2250000,3610000
2017-11-16 15:26:47.934000,1.1289,1.12887,1500000,2810000
2017-11-16 15:26:48.457000,1.1289,1.12887,2000000,1500000
2017-11-16 15:26:49.218000,1.1289,1.12886,3190000,3820000
2017-11-16 15:26:49.730000,1.12888,1.12886,1500000,1000000
2017-11-16 15:26:49.832000,1.12887,1.12884,1500000,3940000
2017-11-16 15:26:52.423000,1.12885,1.12883,1120000,1100000
2017-11-16 15:26:53.291000,1.12886,1.12883,1310000,2250000
2017-11-16 15:26:53.777000,1.12887,1.12885,1500000,1870000
2017-11-16 15:26:56.835000,1.12885,1.12881,2000000,5890000
2017-11-16 15:26:57.999000,1.12884,1.12881,1610000,5510000
2017-11-16 15:26:58.409000,1.12886,1.12883,2060000,4120000
2017-11-16 15:26:58.662000,1.12887,1.12885,1000000,2060000
2017-11-16 15:26:59.293000,1.1289,1.12886,1690000,7610000
2017-11-16 15:26:59.550000,1.12891,1.12888,5440000,1000000
2017-11-16 15:27:00.548000,1.1289,1.12887,2440000,1000000
2017-11-16 15:27:01.773000,1.1289,1.12887,4310000,1000000
2017-11-16 15:27:02.781000,1.1289,1.12886,10690000,1500000
2017-11-16 15:27:03.457000,1.12889,1.12885,7310000,3450000
2017-11-16 15:27:05.631000,1.12888,1.12887,1000000,1000000
2017-11-16 15:27:05.683000,1.12889,1.12887,1120000,1000000
2017-11-16 15:27:06.187000,1.12891,1.12888,7310000,1120000
2017-11-16 15:27:06.853000,1.12889,1.12886,7310000,1000000
2017-11-16 15:27:07.380000,1.12886,1.12885,1120000,1000000
2017-11-16 15:27:07.723000,1.12884,1.12882,3000000,1870000
2017-11-16 15:27:08.042000,1.12878,1.12876,1000000,1690000
2017-11-16 15:27:08.145000,1.12878,1.12874,2060000,1870000
2017-11-16 15:27:08.669000,1.12877,1.12876,1250000,1000000
2017-11-16 15:27:08.824000,1.12878,1.12874,5810000,1120000
2017-11-16 15:27:09.342000,1.12879,1.12877,1090000,1000000
2017-11-16 15:27:09.882000,1.12881,1.12878,3190000,1000000
2017-11-16 15:27:10.896000,1.12881,1.12877,2810000,2700000
2017-11-16 15:27:11.409000,1.12881,1.12878,1310000,1500000
2017-11-16 15:27:11.716000,1.12879,1.12875,4910000,3260000
2017-11-16 15:27:12.135000,1.12877,1.12874,1620000,1000000
2017-11-16 15:27:14.723000,1.12878,1.12874,5510000,1870000
2017-11-16 15:27:14.840000,1.12877,1.12874,1310000,1500000
2017-11-16 15:27:14.993000,1.12874,1.12871,2810000,1000000
2017-11-16 15:27:15.532000,1.12874,1.1287,4010000,3560000
2017-11-16 15:27:16.325000,1.12874,1.12872,2890000,1000000
2017-11-16 15:27:16.481000,1.12875,1.12872,2810000,2620000
2017-11-16 15:27:16.790000,1.12876,1.12874,1120000,1000000
2017-11-16 15:27:17.329000,1.12878,1.12874,5440000,1870000
2017-11-16 15:27:18.257000,1.12878,1.12876,1250000,1500000
2017-11-16 15:27:18.309000,1.1288,1.12876,3190000,4690000
2017-11-16 15:27:18.884000,1.12879,1.12877,1000000,2250000
2017-11-16 15:27:19.226000,1.12881,1.12878,1000000,4310000
2017-11-16 15:27:19.756000,1.12881,1.12879,1000000,1000000
2017-11-16 15:27:20.682000,1.1288,1.12878,5700000,1000000
2017-11-16 15:27:20.737000,1.12879,1.12877,1120000,1500000
2017-11-16 15:27:20.993000,1.12879,1.12875,5140000,5250000
2017-11-16 15:27:21.989000,1.12877,1.12874,1120000,2810000
2017-11-16 15:27:22.646000,1.12877,1.12874,3000000,2440000
2017-11-16 15:27:24.748000,1.12878,1.12875,4690000,1000000
2017-11-16 15:27:25.282000,1.12878,1.12875,2060000,1870000
2017-11-16 15:27:25.882000,1.12879,1.12876,2140000,1950000
2017-11-16 15:27:26.037000,1.12877,1.12875,1120000,2620000
2017-11-16 15:27:27.807000,1.12877,1.12875,2440000,1120000
2017-11-16 15:27:28.327000,1.12876,1.12874,1120000,1120000
2017-11-16 15:27:30.969000,1.12873,1.12871,2250000,1000000
2017-11-16 15:27:31.020000,1.12873,1.1287,2440000,1870000
2017-11-16 15:27:31.547000,1.12872,1.12869,1500000,3260000
2017-11-16 15:27:32.094000,1.12872,1.12869,1000000,3260000
2017-11-16 15:27:32.304000,1.12871,1.12869,1500000,1950000
2017-11-16 15:27:32.811000,1.12871,1.12869,1500000,2320000
2017-11-16 15:27:34.155000,1.12871,1.12868,5060000,1200000
2017-11-16 15:27:34.667000,1.12871,1.12867,8440000,1950000
2017-11-16 15:27:38.514000,1.1287,1.12867,1620000,3070000
2017-11-16 15:27:39.020000,1.1287,1.12867,1620000,2620000
2017-11-16 15:27:39.601000,1.12871,1.12867,9560000,1870000
2017-11-16 15:27:40.608000,1.12869,1.12867,1000000,1870000
2017-11-16 15:27:41.443000,1.12869,1.12867,3450000,1870000
2017-11-16 15:27:41.801000,1.12867,1.12865,4120000,1120000
2017-11-16 15:27:41.853000,1.12866,1.12863,2250000,2140000
2017-11-16 15:27:41.904000,1.12862,1.12861,1120000,1500000
2017-11-16 15:27:42.072000,1.1286,1.12857,2810000,1100000
2017-11-16 15:27:42.124000,1.12859,1.12855,2810000,4390000
2017-11-16 15:27:42.636000,1.12857,1.12854,1000000,1250000
2017-11-16 15:27:43.153000,1.12857,1.12855,1000000,1500000
2017-11-16 15:27:46.065000,1.12857,1.12854,1120000,1690000
2017-11-16 15:27:47.849000,1.12858,1.12856,1000000,1100000
2017-11-16 15:27:47.901000,1.12864,1.1286,5310000,1500000
2017-11-16 15:27:48.054000,1.12864,1.12861,1010000,2250000
2017-11-16 15:27:48.260000,1.12866,1.12863,3190000,1120000
2017-11-16 15:27:48.806000,1.12866,1.12863,2440000,1120000
2017-11-16 15:27:48.964000,1.12868,1.12864,6790000,1500000
2017-11-16 15:27:49.483000,1.12868,1.12864,7910000,1500000
2017-11-16 15:27:49.997000,1.12867,1.12864,6190000,1120000
2017-11-16 15:27:50.916000,1.12867,1.12864,8440000,1120000
2017-11-16 15:27:54.046000,1.12865,1.12862,1250000,1570000
2017-11-16 15:27:54.324000,1.12865,1.12862,2810000,1500000
2017-11-16 15:27:55.100000,1.12865,1.12861,8060000,2700000
2017-11-16 15:27:55.640000,1.12865,1.12861,8440000,2620000
2017-11-16 15:27:56.812000,1.12864,1.12861,3190000,2700000
2017-11-16 15:27:57.169000,1.12863,1.1286,1370000,2060000
2017-11-16 15:27:58.912000,1.12863,1.1286,1370000,2810000
2017-11-16 15:27:59.418000,1.12863,1.1286,1370000,2060000
2017-11-16 15:28:00.089000,1.12863,1.1286,1120000,1690000
2017-11-16 15:28:01.863000,1.12861,1.1286,1000000,1250000
2017-11-16 15:28:02.330000,1.12859,1.12857,1310000,2700000
2017-11-16 15:28:02.853000,1.12858,1.12856,1000000,1570000
2017-11-16 15:28:03.380000,1.12859,1.12856,1310000,1500000
2017-11-16 15:28:04.452000,1.12861,1.12859,3070000,1000000
2017-11-16 15:28:05.094000,1.12862,1.12859,4690000,1370000
2017-11-16 15:28:06.411000,1.12862,1.12859,1000000,1690000
2017-11-16 15:28:13.303000,1.12861,1.12858,2510000,1500000
2017-11-16 15:28:13.558000,1.12857,1.12855,1250000,1200000
2017-11-16 15:28:14.107000,1.12858,1.12855,1120000,1390000
2017-11-16 15:28:16.557000,1.12859,1.12856,1310000,1100000
2017-11-16 15:28:17.492000,1.12859,1.12857,1690000,1000000
2017-11-16 15:28:21.600000,1.1286,1.12859,5250000,1500000
2017-11-16 15:28:21.651000,1.12863,1.12861,3190000,1000000
2017-11-16 15:28:22.162000,1.12863,1.12861,2810000,1000000
2017-11-16 15:28:22.578000,1.12865,1.12864,2060000,1000000
2017-11-16 15:28:22.782000,1.12867,1.12865,5440000,1000000
2017-11-16 15:28:22.987000,1.12865,1.12863,1310000,2250000
2017-11-16 15:28:24.612000,1.12867,1.12865,1120000,3000000
2017-11-16 15:28:25.122000,1.12869,1.12866,6940000,1120000
2017-11-16 15:28:25.729000,1.1287,1.12867,4310000,1500000
2017-11-16 15:28:26.184000,1.12871,1.12869,1250000,1500000
2017-11-16 15:28:26.491000,1.12873,1.12871,8060000,1000000
2017-11-16 15:28:29.764000,1.12872,1.1287,1310000,2250000
2017-11-16 15:28:35.985000,1.12872,1.1287,2810000,2250000
2017-11-16 15:28:36.494000,1.12871,1.12869,4310000,1000000
2017-11-16 15:28:37.017000,1.12871,1.12869,5810000,1000000
2017-11-16 15:28:42.321000,1.12869,1.12867,1250000,2250000
2017-11-16 15:28:42.915000,1.1287,1.12868,6940000,1000000
2017-11-16 15:28:43.691000,1.1287,1.12868,4690000,1000000
2017-11-16 15:28:44.201000,1.12872,1.12869,3190000,2250000
2017-11-16 15:28:46.202000,1.12872,1.12869,6940000,1500000
2017-11-16 15:28:47.809000,1.1287,1.12868,1250000,1000000
2017-11-16 15:28:47.911000,1.12867,1.12866,1690000,1000000
2017-11-16 15:28:48.105000,1.1287,1.12867,3260000,2250000
2017-11-16 15:28:48.157000,1.12871,1.1287,1000000,1000000
2017-11-16 15:28:48.312000,1.12874,1.12872,3450000,2620000
2017-11-16 15:28:48.866000,1.12874,1.12872,2510000,1000000
2017-11-16 15:28:49.382000,1.12874,1.12871,5890000,1000000
2017-11-16 15:28:51.041000,1.12874,1.12872,1290000,1000000
2017-11-16 15:28:52.147000,1.12874,1.12871,1310000,2250000
2017-11-16 15:28:52.685000,1.12875,1.12872,3560000,1500000
2017-11-16 15:28:53.210000,1.12875,1.12872,2810000,1500000
2017-11-16 15:28:53.783000,1.12874,1.12872,1190000,1000000
2017-11-16 15:28:54.733000,1.12873,1.12871,1310000,1000000
2017-11-16 15:28:55.382000,1.12874,1.12871,2060000,2620000
2017-11-16 15:28:55.997000,1.12874,1.12871,3190000,3000000
2017-11-16 15:28:56.507000,1.12873,1.12871,2810000,1000000
2017-11-16 15:28:57.839000,1.12874,1.12872,1690000,2470000
2017-11-16 15:28:57.890000,1.12875,1.12873,1010000,1000000
2017-11-16 15:28:57.942000,1.12877,1.12875,2060000,1000000
2017-11-16 15:28:59.045000,1.12875,1.12874,1000000,1500000
2017-11-16 15:28:59.096000,1.12874,1.12873,2810000,1500000
2017-11-16 15:28:59.471000,1.12874,1.1287,10690000,3370000
2017-11-16 15:29:02.067000,1.12872,1.12869,2060000,2250000
2017-11-16 15:29:06.612000,1.12872,1.1287,1310000,1000000
2017-11-16 15:29:07.297000,1.12873,1.1287,5060000,2250000
2017-11-16 15:29:07.811000,1.12873,1.12871,1250000,1000000
2017-11-16 15:29:08.792000,1.12874,1.12872,2440000,2250000
2017-11-16 15:29:08.844000,1.12875,1.12874,1120000,1500000
2017-11-16 15:29:08.981000,1.12877,1.12875,1000000,1870000
2017-11-16 15:29:09.504000,1.1288,1.12877,5810000,1870000
2017-11-16 15:29:10.099000,1.1288,1.12877,5060000,2250000
2017-11-16 15:29:12.230000,1.12881,1.12879,3190000,1500000
2017-11-16 15:29:12.507000,1.12884,1.1288,2810000,4120000
2017-11-16 15:29:13.014000,1.12884,1.1288,2810000,4120000
2017-11-16 15:29:14.239000,1.12885,1.12882,3560000,1120000
2017-11-16 15:29:14.751000,1.12885,1.12882,1250000,3000000
2017-11-16 15:29:19.371000,1.12885,1.12881,3940000,3940000
2017-11-16 15:29:19.883000,1.12883,1.12879,1310000,6340000
2017-11-16 15:29:20.172000,1.12881,1.12878,3560000,2700000
2017-11-16 15:29:20.223000,1.1288,1.12878,1190000,1100000
2017-11-16 15:29:20.767000,1.1288,1.12877,2440000,1500000
2017-11-16 15:29:21.459000,1.12877,1.12876,1000000,3820000
2017-11-16 15:29:21.974000,1.12878,1.12875,2440000,1500000
2017-11-16 15:29:23.100000,1.1288,1.12879,1570000,1120000
2017-11-16 15:29:23.152000,1.12883,1.12879,4390000,2620000
2017-11-16 15:29:23.822000,1.1288,1.12878,1000000,8140000
2017-11-16 15:29:23.880000,1.12884,1.1288,2140000,4120000
2017-11-16 15:29:26.192000,1.12884,1.12881,2440000,1750000
2017-11-16 15:29:28.493000,1.12883,1.12881,1910000,1200000
2017-11-16 15:29:28.545000,1.12881,1.12879,2440000,1870000
2017-11-16 15:29:28.773000,1.12882,1.12881,1250000,1120000
2017-11-16 15:29:30.226000,1.12883,1.12879,2250000,8660000
2017-11-16 15:29:30.963000,1.12882,1.1288,1000000,1620000
2017-11-16 15:29:33.320000,1.12881,1.12879,1000000,2620000
2017-11-16 15:29:33.526000,1.1288,1.12878,1000000,1120000
2017-11-16 15:29:33.775000,1.12878,1.12876,1000000,1120000
2017-11-16 15:29:33.878000,1.12881,1.12878,4500000,4480000
2017-11-16 15:29:34.390000,1.1288,1.12878,1000000,1870000
2017-11-16 15:29:34.836000,1.12879,1.12876,1690000,3750000
2017-11-16 15:29:35.143000,1.12882,1.12878,4310000,2810000
2017-11-16 15:29:36.126000,1.12881,1.12878,1120000,1250000
2017-11-16 15:29:38.300000,1.1288,1.12878,1000000,1690000
2017-11-16 15:29:40.269000,1.12881,1.12878,1310000,4500000
2017-11-16 15:29:41.773000,1.12881,1.12878,1250000,3070000
2017-11-16 15:29:42.326000,1.12882,1.12879,1000000,5060000
2017-11-16 15:29:46.066000,1.12883,1.12879,1120000,8660000
2017-11-16 15:29:50.262000,1.1288,1.12879,1120000,3000000
2017-11-16 15:29:50.314000,1.12878,1.12876,1120000,1000000
2017-11-16 15:29:50.587000,1.12877,1.12874,2810000,1120000
2017-11-16 15:29:50.895000,1.12873,1.1287,1690000,1120000
2017-11-16 15:29:51.431000,1.12873,1.1287,1690000,1120000
2017-11-16 15:29:57.899000,1.12872,1.1287,1500000,1120000
2017-11-16 15:29:59.032000,1.12872,1.12869,1500000,2060000
2017-11-16 15:30:00.554000,1.12873,1.1287,5060000,3370000
2017-11-16 15:30:01.547000,1.12873,1.12871,1690000,1100000
2017-11-16 15:30:02.060000,1.12874,1.12871,6940000,2980000
2017-11-16 15:30:03.725000,1.12873,1.12871,1500000,1000000
2017-11-16 15:30:04.247000,1.12873,1.1287,2440000,1120000
2017-11-16 15:30:04.759000,1.12873,1.1287,5440000,1120000
2017-11-16 15:30:12.337000,1.12873,1.12871,3000000,3940000
2017-11-16 15:30:12.880000,1.12875,1.12872,3560000,1000000
2017-11-16 15:30:12.982000,1.12874,1.1287,3190000,4390000
2017-11-16 15:30:13.583000,1.12873,1.1287,5440000,1120000
2017-11-16 15:30:14.863000,1.12872,1.1287,1500000,1000000
2017-11-16 15:30:15.072000,1.12872,1.12869,1500000,3190000
2017-11-16 15:30:15.675000,1.12872,1.1287,1500000,1000000
2017-11-16 15:30:16.745000,1.12873,1.12869,5440000,2440000
2017-11-16 15:30:17.939000,1.12873,1.1287,4690000,1000000
2017-11-16 15:30:18.598000,1.1287,1.12869,1500000,2250000
2017-11-16 15:30:18.752000,1.12866,1.12864,1500000,1690000
2017-11-16 15:30:18.856000,1.12864,1.12863,1000000,1500000
2017-11-16 15:30:19.600000,1.12865,1.12861,8060000,4460000
2017-11-16 15:30:20.919000,1.12864,1.1286,4690000,2890000
2017-11-16 15:30:21.480000,1.12862,1.12859,1000000,3340000
2017-11-16 15:30:22.262000,1.12863,1.1286,1370000,1320000
2017-11-16 15:30:23.256000,1.12864,1.1286,2440000,4840000
2017-11-16 15:30:24.211000,1.12865,1.12861,2440000,2890000
2017-11-16 15:30:24.722000,1.12866,1.12862,7310000,1500000
2017-11-16 15:30:25.321000,1.12865,1.12861,5440000,5140000
2017-11-16 15:30:25.976000,1.12862,1.12861,1120000,1250000
2017-11-16 15:30:28.180000,1.12864,1.1286,5440000,2890000
2017-11-16 15:30:29.377000,1.12864,1.12861,4690000,1000000
2017-11-16 15:30:29.926000,1.12863,1.12862,1000000,1000000
2017-11-16 15:30:30.935000,1.12865,1.12862,6940000,1000000
2017-11-16 15:30:32.723000,1.12864,1.1286,4690000,4310000
2017-11-16 15:30:33.265000,1.12864,1.12861,4690000,1200000
2017-11-16 15:30:34.720000,1.12863,1.12862,1000000,1000000
2017-11-16 15:30:35.231000,1.12864,1.12861,3190000,1120000
2017-11-16 15:30:36.981000,1.12863,1.12862,1000000,1000000
2017-11-16 15:30:37.493000,1.12865,1.12862,3940000,1000000
2017-11-16 15:30:38.682000,1.12866,1.12865,1000000,1870000
2017-11-16 15:30:38.734000,1.12869,1.12866,8060000,1120000
2017-11-16 15:30:39.259000,1.12868,1.12867,1000000,3000000
2017-11-16 15:30:39.769000,1.1287,1.12867,4690000,3370000
2017-11-16 15:30:40.278000,1.12871,1.12868,3190000,1000000
2017-11-16 15:30:40.766000,1.12871,1.12868,2060000,1500000
2017-11-16 15:30:41.857000,1.12872,1.12869,2440000,1000000
2017-11-16 15:30:45.468000,1.12872,1.12869,4310000,1120000
2017-11-16 15:30:46.608000,1.12872,1.12868,11440000,1870000
2017-11-16 15:30:47.118000,1.12872,1.12869,7310000,1000000
2017-11-16 15:30:49.960000,1.12872,1.12868,2810000,3820000
2017-11-16 15:30:51.003000,1.12872,1.1287,1310000,1000000
2017-11-16 15:30:51.157000,1.12873,1.12871,1250000,1000000
2017-11-16 15:30:51.361000,1.12876,1.12874,3190000,1000000
2017-11-16 15:30:51.651000,1.12878,1.12876,1560000,1000000
2017-11-16 15:30:52.294000,1.12878,1.12875,1310000,3370000
2017-11-16 15:30:53.025000,1.12878,1.12875,2440000,3750000
2017-11-16 15:30:53.335000,1.12874,1.12872,2440000,1500000
2017-11-16 15:30:53.386000,1.12874,1.12871,3560000,4570000
2017-11-16 15:30:53.898000,1.12874,1.12871,2360000,4500000
2017-11-16 15:30:54.309000,1.12874,1.12872,2440000,1120000
2017-11-16 15:30:54.360000,1.12874,1.12871,3190000,3750000
2017-11-16 15:30:55.569000,1.12873,1.12871,1250000,2250000
2017-11-16 15:30:58.208000,1.12873,1.1287,2060000,3750000
2017-11-16 15:31:01.469000,1.12873,1.12871,1620000,1500000
2017-11-16 15:31:02.184000,1.12876,1.12873,1340000,4600000
2017-11-16 15:31:02.237000,1.12877,1.12874,1250000,4120000
2017-11-16 15:31:02.494000,1.12877,1.12876,1000000,1000000
2017-11-16 15:31:05.860000,1.12879,1.12877,1760000,1000000
2017-11-16 15:31:06.167000,1.12882,1.1288,1760000,1000000
2017-11-16 15:31:06.218000,1.12883,1.1288,3190000,1120000
2017-11-16 15:31:06.321000,1.12883,1.12882,1120000,1000000
2017-11-16 15:31:06.476000,1.12885,1.12883,2060000,1000000
2017-11-16 15:31:08.261000,1.12885,1.12882,2440000,1000000
2017-11-16 15:31:08.363000,1.12884,1.12882,3560000,1000000
2017-11-16 15:31:09.333000,1.12885,1.12882,2810000,1000000
2017-11-16 15:31:10.962000,1.12885,1.12883,1690000,1000000
2017-11-16 15:31:11.501000,1.12885,1.12882,1690000,2250000
2017-11-16 15:31:15.230000,1.12885,1.12882,1250000,2620000
2017-11-16 15:31:15.581000,1.12887,1.12884,1010000,1120000
2017-11-16 15:31:16.351000,1.12887,1.12885,1010000,1000000
2017-11-16 15:31:16.899000,1.12887,1.12883,5510000,5440000
2017-11-16 15:31:17.562000,1.12886,1.12883,1120000,3260000
2017-11-16 15:31:18.663000,1.12886,1.12883,4870000,4310000
2017-11-16 15:31:25.184000,1.12886,1.12884,2810000,1500000
2017-11-16 15:31:25.732000,1.12886,1.12883,3940000,3370000
2017-11-16 15:31:26.096000,1.12888,1.12887,1000000,1300000
2017-11-16 15:31:26.201000,1.12892,1.12889,5140000,1120000
2017-11-16 15:31:26.730000,1.12892,1.12889,1560000,1570000
2017-11-16 15:31:27.262000,1.12893,1.1289,2440000,1000000
2017-11-16 15:31:29.316000,1.12893,1.1289,3190000,2320000
2017-11-16 15:31:32.333000,1.12894,1.12891,1310000,4350000
2017-11-16 15:31:32.646000,1.12897,1.12894,1690000,3750000
2017-11-16 15:31:32.916000,1.12899,1.12896,1690000,1500000
2017-11-16 15:31:33.426000,1.12899,1.12895,2440000,4310000
2017-11-16 15:31:34.182000,1.12898,1.12895,1500000,4310000
2017-11-16 15:31:34.336000,1.12898,1.12895,1120000,3190000
2017-11-16 15:31:36.277000,1.12893,1.1289,1500000,4690000
2017-11-16 15:31:36.789000,1.12893,1.12891,2620000,1500000
2017-11-16 15:31:37.404000,1.12893,1.1289,2810000,2620000
2017-11-16 15:31:42.540000,1.12893,1.1289,2810000,3070000
2017-11-16 15:31:42.592000,1.12893,1.1289,3190000,2320000
2017-11-16 15:31:43.940000,1.12894,1.12891,2060000,2470000
2017-11-16 15:31:43.992000,1.12895,1.12893,1250000,2250000
2017-11-16 15:31:44.095000,1.12895,1.12892,1620000,3970000
2017-11-16 15:31:44.631000,1.12895,1.12893,1620000,2620000
2017-11-16 15:31:45.170000,1.12895,1.12894,1120000,1500000
2017-11-16 15:31:49.203000,1.12897,1.12894,1560000,3370000
2017-11-16 15:31:49.713000,1.12897,1.12894,1560000,3450000
2017-11-16 15:31:50.811000,1.12898,1.12895,2250000,1760000
2017-11-16 15:31:51.015000,1.12898,1.12895,3750000,1760000
2017-11-16 15:31:53.440000,1.12898,1.12897,1120000,1000000
2017-11-16 15:31:53.544000,1.12901,1.129,1000000,1000000
2017-11-16 15:31:53.596000,1.12903,1.12901,1500000,1870000
2017-11-16 15:31:53.875000,1.12905,1.12902,9940000,2700000
2017-11-16 15:31:54.390000,1.12905,1.12902,3560000,1500000
2017-11-16 15:31:54.899000,1.12905,1.12902,5810000,1500000
2017-11-16 15:31:58.484000,1.12904,1.12902,1000000,1000000
2017-11-16 15:32:02.114000,1.12905,1.12902,6560000,1950000
2017-11-16 15:32:02.582000,1.12906,1.12902,11440000,6070000
2017-11-16 15:32:02.786000,1.12905,1.12902,7690000,3150000
2017-11-16 15:32:02.888000,1.12901,1.129,2250000,1120000
2017-11-16 15:32:02.940000,1.12899,1.12897,1690000,1570000
2017-11-16 15:32:03.043000,1.12896,1.12894,4870000,4010000
2017-11-16 15:32:03.357000,1.12898,1.12895,1690000,2620000
2017-11-16 15:32:03.408000,1.12898,1.12895,1690000,3000000
2017-11-16 15:32:03.920000,1.12898,1.12895,1690000,3000000
2017-11-16 15:32:06.068000,1.12898,1.12895,3190000,1870000
2017-11-16 15:32:06.964000,1.12898,1.12895,4690000,1000000
2017-11-16 15:32:08.771000,1.12896,1.12893,3190000,3000000
2017-11-16 15:32:15.196000,1.12896,1.12895,1690000,1000000
2017-11-16 15:32:16.918000,1.12897,1.12896,1250000,1000000
2017-11-16 15:32:17.430000,1.12899,1.12897,5290000,1000000
2017-11-16 15:32:18.198000,1.12899,1.12898,1690000,1500000
2017-11-16 15:32:18.739000,1.12899,1.12897,3750000,1500000
2017-11-16 15:32:19.543000,1.12899,1.12896,9000000,1500000
2017-11-16 15:32:20.527000,1.12897,1.12896,1250000,1000000
2017-11-16 15:32:21.129000,1.12898,1.12895,7310000,1120000
2017-11-16 15:32:21.680000,1.12898,1.12896,4310000,1000000
2017-11-16 15:32:22.305000,1.12898,1.12896,1690000,1000000
2017-11-16 15:32:23.028000,1.12898,1.12897,1690000,1000000
2017-11-16 15:32:24.840000,1.129,1.12898,1570000,1120000
2017-11-16 15:32:24.942000,1.12903,1.129,1290000,2620000
2017-11-16 15:32:25.150000,1.12905,1.12902,11060000,1100000
2017-11-16 15:32:26.152000,1.12905,1.12901,6860000,4570000
2017-11-16 15:32:26.492000,1.12908,1.12906,1250000,1950000
2017-11-16 15:32:26.903000,1.12907,1.12905,1000000,3450000
2017-11-16 15:32:26.955000,1.12905,1.12904,3940000,1000000
2017-11-16 15:32:27.150000,1.12905,1.12902,6560000,3370000
2017-11-16 15:32:27.356000,1.12903,1.12901,1250000,1870000
2017-11-16 15:32:28.337000,1.12904,1.129,4390000,4200000
2017-11-16 15:32:28.850000,1.12904,1.12901,2890000,1000000
2017-11-16 15:32:29.308000,1.12903,1.129,2140000,3070000
2017-11-16 15:32:29.819000,1.12904,1.12901,3640000,1500000
2017-11-16 15:32:31.580000,1.12903,1.129,1690000,3750000
2017-11-16 15:32:31.682000,1.12903,1.129,7090000,2620000
2017-11-16 15:32:31.904000,1.12898,1.12897,1000000,1000000
2017-11-16 15:32:32.414000,1.12899,1.12896,10200000,1870000
2017-11-16 15:32:32.938000,1.12899,1.12896,10570000,1000000
2017-11-16 15:32:33.577000,1.12897,1.12895,1690000,1870000
2017-11-16 15:32:34.087000,1.12896,1.12895,1000000,1000000
2017-11-16 15:32:34.648000,1.12896,1.12894,1690000,1120000
2017-11-16 15:32:35.209000,1.12895,1.12894,1000000,1000000
2017-11-16 15:32:35.728000,1.12897,1.12894,2810000,1870000
2017-11-16 15:32:36.994000,1.12897,1.12895,1250000,2250000
2017-11-16 15:32:37.300000,1.12899,1.12898,1690000,1000000
2017-11-16 15:32:37.684000,1.129,1.12899,1250000,1500000
2017-11-16 15:32:37.890000,1.12903,1.129,2060000,2470000
2017-11-16 15:32:37.942000,1.12903,1.12901,1310000,1000000
2017-11-16 15:32:38.847000,1.12903,1.12902,1250000,1000000
2017-11-16 15:32:41.678000,1.12903,1.12902,1010000,1000000
2017-11-16 15:32:43.122000,1.12897,1.12895,2440000,1120000
2017-11-16 15:32:43.636000,1.12896,1.12895,1000000,1120000
2017-11-16 15:32:44.628000,1.12894,1.12893,1690000,1000000
2017-11-16 15:32:45.152000,1.12894,1.12892,3190000,1870000
2017-11-16 15:32:45.663000,1.12893,1.12891,1000000,1870000
2017-11-16 15:32:46.273000,1.12893,1.12891,1690000,2620000
2017-11-16 15:32:46.786000,1.12893,1.12892,1120000,1000000
2017-11-16 15:32:47.063000,1.12892,1.1289,2810000,1000000
2017-11-16 15:32:47.577000,1.12891,1.12889,1000000,1500000
2017-11-16 15:32:50.832000,1.12892,1.12891,2250000,1000000
2017-11-16 15:32:51.364000,1.12892,1.1289,1100000,1120000
2017-11-16 15:32:51.903000,1.12892,1.12889,1260000,1870000
2017-11-16 15:32:54.273000,1.12892,1.12889,3190000,1720000
2017-11-16 15:32:54.867000,1.12892,1.1289,1690000,1120000
2017-11-16 15:32:55.595000,1.12892,1.12889,1690000,2250000
2017-11-16 15:32:56.128000,1.12892,1.12889,1690000,2250000
2017-11-16 15:32:56.749000,1.12892,1.12889,2810000,1120000
2017-11-16 15:32:57.263000,1.12891,1.12888,1250000,2250000
2017-11-16 15:32:57.454000,1.12892,1.12891,1250000,1350000
2017-11-16 15:32:57.506000,1.12894,1.12891,1690000,1720000
2017-11-16 15:32:57.822000,1.12896,1.12893,3940000,2470000
2017-11-16 15:32:58.334000,1.12895,1.12892,1250000,2470000
2017-11-16 15:32:58.604000,1.12893,1.1289,1000000,3940000
2017-11-16 15:32:58.757000,1.12892,1.1289,1690000,1000000
2017-11-16 15:32:59.267000,1.12891,1.12889,1250000,1000000
2017-11-16 15:33:00.931000,1.12891,1.12888,1190000,2620000
2017-11-16 15:33:02.270000,1.12891,1.12888,1250000,4050000
2017-11-16 15:33:03.361000,1.12891,1.12888,1760000,11690000
2017-11-16 15:33:03.516000,1.12897,1.12892,3640000,6000000
2017-11-16 15:33:03.816000,1.12897,1.12893,1690000,4990000
2017-11-16 15:33:04.330000,1.12896,1.12893,1000000,7010000
2017-11-16 15:33:04.895000,1.12896,1.12893,1000000,5140000
2017-11-16 15:33:05.537000,1.12895,1.12893,1000000,4310000
2017-11-16 15:33:09.309000,1.12895,1.12893,1000000,1870000
2017-11-16 15:33:09.498000,1.12894,1.12891,1690000,3370000
2017-11-16 15:33:10.012000,1.12893,1.1289,1690000,1120000
2017-11-16 15:33:10.274000,1.12891,1.12888,1500000,1100000
2017-11-16 15:33:10.787000,1.1289,1.12887,2060000,1000000
2017-11-16 15:33:10.839000,1.12887,1.12886,1000000,2250000
2017-11-16 15:33:10.891000,1.12886,1.12884,1000000,1200000
2017-11-16 15:33:11.213000,1.12882,1.1288,1500000,1760000
2017-11-16 15:33:12.439000,1.12879,1.12878,1000000,1500000
2017-11-16 15:33:12.491000,1.12878,1.12877,1100000,1500000
2017-11-16 15:33:12.594000,1.12878,1.12875,1500000,3940000
2017-11-16 15:33:13.097000,1.12878,1.12876,1000000,1000000
2017-11-16 15:33:13.629000,1.12879,1.12875,2510000,2810000
2017-11-16 15:33:14.034000,1.1288,1.12878,1390000,3600000
2017-11-16 15:33:14.200000,1.12884,1.12881,1370000,2060000
2017-11-16 15:33:14.252000,1.12885,1.12881,5060000,2810000
2017-11-16 15:33:26.281000,1.12885,1.12882,3190000,1000000
2017-11-16 15:33:27.662000,1.12884,1.12881,1000000,2810000
2017-11-16 15:33:28.189000,1.12885,1.12881,5060000,2810000
2017-11-16 15:33:29.131000,1.12885,1.12882,1310000,1000000
2017-11-16 15:33:29.500000,1.12887,1.12883,6110000,2810000
2017-11-16 15:33:29.603000,1.12887,1.12886,1500000,1000000
2017-11-16 15:33:30.118000,1.12888,1.12885,2810000,1120000
2017-11-16 15:33:33.091000,1.12888,1.12885,2440000,4120000
2017-11-16 15:33:33.195000,1.1289,1.12887,2250000,1690000
2017-11-16 15:33:33.711000,1.12891,1.12887,2810000,2810000
2017-11-16 15:33:35.746000,1.1289,1.12887,1870000,1690000
2017-11-16 15:33:35.934000,1.12887,1.12885,1200000,1500000
2017-11-16 15:33:36.729000,1.12888,1.12885,1690000,1500000
2017-11-16 15:33:38.365000,1.12887,1.12885,1000000,1500000
2017-11-16 15:33:38.416000,1.12886,1.12883,4310000,2320000
2017-11-16 15:33:38.958000,1.12886,1.12883,6560000,1120000
2017-11-16 15:33:40.411000,1.12887,1.12885,2620000,2440000
2017-11-16 15:33:40.462000,1.1289,1.12886,5140000,3940000
2017-11-16 15:33:41,1.12891,1.12887,5440000,1120000
2017-11-16 15:33:42.386000,1.12891,1.12888,2810000,1000000
2017-11-16 15:33:43.007000,1.12891,1.12887,3560000,3000000
2017-11-16 15:33:43.517000,1.12891,1.12887,3560000,4760000
2017-11-16 15:33:43.569000,1.12891,1.12889,1250000,1000000
2017-11-16 15:33:44.090000,1.12891,1.12888,1250000,1120000
2017-11-16 15:33:44.596000,1.1289,1.12887,5060000,1120000
2017-11-16 15:33:45.192000,1.1289,1.12887,2170000,1120000
2017-11-16 15:33:45.499000,1.12892,1.12889,4120000,1000000
2017-11-16 15:33:45.602000,1.12892,1.1289,2440000,1120000
2017-11-16 15:33:47.695000,1.12893,1.1289,3640000,1120000
2017-11-16 15:33:47.748000,1.12894,1.12892,1250000,1000000
2017-11-16 15:33:49.355000,1.12895,1.12891,2060000,1870000
2017-11-16 15:33:49.967000,1.12895,1.12892,3560000,1000000
2017-11-16 15:33:50.069000,1.12893,1.12891,3940000,1000000
2017-11-16 15:33:50.280000,1.12891,1.12888,1250000,3370000
2017-11-16 15:33:53.222000,1.12892,1.1289,2060000,1000000
2017-11-16 15:33:53.739000,1.12892,1.12889,2060000,1120000
2017-11-16 15:33:54.389000,1.1289,1.12888,1500000,4200000
2017-11-16 15:33:54.440000,1.12888,1.12885,1000000,4760000
2017-11-16 15:33:54.493000,1.12889,1.12888,2440000,1000000
2017-11-16 15:33:54.647000,1.12891,1.12888,2060000,3450000
2017-11-16 15:33:55.510000,1.12891,1.12889,1310000,1000000
2017-11-16 15:33:58.319000,1.12891,1.12888,1250000,4570000
2017-11-16 15:33:58.947000,1.12891,1.12889,1250000,1000000
2017-11-16 15:34:05.323000,1.12889,1.12887,2810000,1200000
2017-11-16 15:34:05.644000,1.12881,1.1288,1500000,2060000
2017-11-16 15:34:05.849000,1.12874,1.12872,1870000,2060000
2017-11-16 15:34:05.952000,1.12873,1.1287,3190000,3070000
2017-11-16 15:34:06.474000,1.12873,1.1287,3340000,1120000
2017-11-16 15:34:09.266000,1.12873,1.12871,1200000,2620000
2017-11-16 15:34:09.421000,1.12877,1.12874,3190000,1120000
2017-11-16 15:34:09.830000,1.12878,1.12876,3940000,1000000
2017-11-16 15:34:13.198000,1.12877,1.12875,2810000,1120000
2017-11-16 15:34:13.799000,1.12877,1.12875,2810000,1000000
2017-11-16 15:34:14.392000,1.12877,1.12874,2810000,1120000
2017-11-16 15:34:17.961000,1.12875,1.12873,3190000,1000000
2017-11-16 15:34:18.012000,1.12873,1.12871,1120000,1950000
2017-11-16 15:34:18.064000,1.12871,1.1287,1000000,1000000
2017-11-16 15:34:18.119000,1.12871,1.12869,1000000,1310000
2017-11-16 15:34:18.493000,1.12867,1.12866,1000000,1000000
2017-11-16 15:34:18.597000,1.12866,1.12863,1250000,1870000
2017-11-16 15:34:19.110000,1.12865,1.12862,2440000,1000000
2017-11-16 15:34:19.617000,1.12864,1.12861,1000000,1620000
2017-11-16 15:34:20.428000,1.12862,1.1286,1310000,1950000
2017-11-16 15:34:20.710000,1.12859,1.12856,1250000,1500000
2017-11-16 15:34:21.224000,1.12858,1.12855,3190000,1500000
2017-11-16 15:34:21.378000,1.12852,1.12849,4160000,1000000
2017-11-16 15:34:21.705000,1.12858,1.12856,1190000,1000000
2017-11-16 15:34:21.962000,1.12859,1.12856,4460000,1120000
2017-11-16 15:34:22.013000,1.12857,1.12855,1690000,1120000
2017-11-16 15:34:22.405000,1.12859,1.12856,2290000,1120000
2017-11-16 15:34:22.919000,1.12858,1.12856,1250000,1120000
2017-11-16 15:34:23.681000,1.12858,1.12855,1310000,1120000
2017-11-16 15:34:24.088000,1.12859,1.12857,1090000,1120000
2017-11-16 15:34:24.416000,1.12863,1.12861,1250000,1120000
2017-11-16 15:34:24.725000,1.12866,1.12863,2060000,1120000
2017-11-16 15:34:26.148000,1.12867,1.12865,1000000,6410000
2017-11-16 15:34:26.252000,1.1287,1.12868,1310000,1000000
2017-11-16 15:34:26.355000,1.12867,1.12866,1000000,1000000
2017-11-16 15:34:26.458000,1.12867,1.12864,5440000,2250000
2017-11-16 15:34:26.562000,1.12865,1.12863,2250000,1250000
2017-11-16 15:34:26.718000,1.12863,1.1286,1000000,2140000
2017-11-16 15:34:28.366000,1.12863,1.12861,1120000,1000000
2017-11-16 15:34:29.606000,1.12863,1.1286,1120000,1250000
2017-11-16 15:34:30.454000,1.12864,1.12861,5440000,1000000
2017-11-16 15:34:30.659000,1.12864,1.12863,1310000,1000000
2017-11-16 15:34:30.762000,1.12867,1.12863,10310000,1500000
2017-11-16 15:34:31.224000,1.12863,1.12861,1870000,2320000
2017-11-16 15:34:31.329000,1.12862,1.12859,6560000,1570000
2017-11-16 15:34:31.432000,1.1286,1.12857,1500000,1010000
2017-11-16 15:34:31.688000,1.12858,1.12856,2250000,1000000
2017-11-16 15:34:32.901000,1.12857,1.12855,1000000,1000000
2017-11-16 15:34:33.442000,1.12857,1.12854,1500000,1690000
2017-11-16 15:34:34.849000,1.12857,1.12855,1000000,1000000
2017-11-16 15:34:37.338000,1.12858,1.12855,4310000,1000000
2017-11-16 15:34:40.589000,1.12859,1.12858,2320000,1000000
2017-11-16 15:34:40.642000,1.12863,1.12859,3750000,4760000
2017-11-16 15:34:40.696000,1.1286,1.12857,3750000,4010000
2017-11-16 15:34:41.208000,1.1286,1.12857,2250000,2060000
2017-11-16 15:34:42.620000,1.12859,1.12856,2250000,4760000
2017-11-16 15:34:42.920000,1.12853,1.1285,3000000,1250000
2017-11-16 15:34:43.430000,1.12853,1.12849,3940000,2140000
2017-11-16 15:34:44.061000,1.12853,1.1285,3940000,1000000
2017-11-16 15:34:44.871000,1.12853,1.12851,3940000,1000000
2017-11-16 15:34:45.412000,1.12853,1.1285,2440000,1000000
2017-11-16 15:34:47.953000,1.12853,1.1285,1390000,1870000
2017-11-16 15:34:48.337000,1.12854,1.12853,1760000,1000000
2017-11-16 15:34:48.491000,1.12855,1.12854,2250000,1000000
2017-11-16 15:34:49.353000,1.12858,1.12855,4390000,1000000
2017-11-16 15:34:56.883000,1.12858,1.12856,3640000,1000000
2017-11-16 15:34:57.396000,1.12858,1.12857,1000000,1120000
2017-11-16 15:34:58.679000,1.12859,1.12857,3260000,1120000
2017-11-16 15:34:59.033000,1.1286,1.12859,1690000,1120000
2017-11-16 15:34:59.161000,1.12863,1.12861,1390000,1120000
2017-11-16 15:34:59.471000,1.12866,1.12865,5060000,1120000
2017-11-16 15:34:59.716000,1.12869,1.12867,1390000,1000000
2017-11-16 15:35:00.230000,1.12869,1.12867,1390000,1120000
2017-11-16 15:35:11.440000,1.12867,1.12864,1250000,1870000
2017-11-16 15:35:11.953000,1.12867,1.12863,4010000,4310000
2017-11-16 15:35:13.783000,1.12867,1.12865,1950000,2250000
2017-11-16 15:35:13.887000,1.12869,1.12865,5510000,3190000
2017-11-16 15:35:17.457000,1.12869,1.12866,2440000,2250000
2017-11-16 15:35:17.610000,1.12869,1.12866,2890000,1120000
2017-11-16 15:35:18.237000,1.12869,1.12866,1690000,1870000
2017-11-16 15:35:18.774000,1.1287,1.12867,2060000,1120000
2017-11-16 15:35:22.146000,1.1287,1.12867,2440000,2250000
2017-11-16 15:35:23.485000,1.12869,1.12867,3000000,1500000
2017-11-16 15:35:23.536000,1.12867,1.12864,1690000,1120000
2017-11-16 15:35:23.945000,1.12868,1.12866,1000000,1120000
2017-11-16 15:35:24.480000,1.12868,1.12866,2440000,1120000
2017-11-16 15:35:26.636000,1.12869,1.12866,1690000,1500000
2017-11-16 15:35:30.921000,1.1287,1.12867,2810000,3000000
2017-11-16 15:35:34.769000,1.1287,1.12867,1690000,2250000
2017-11-16 15:35:37.658000,1.12871,1.12869,1500000,1000000
2017-11-16 15:35:37.761000,1.12873,1.12871,1200000,3940000
2017-11-16 15:35:38.143000,1.12877,1.12874,1310000,3750000
2017-11-16 15:35:39.102000,1.12878,1.12874,3640000,3940000
2017-11-16 15:35:43.642000,1.12875,1.12874,1500000,1120000
2017-11-16 15:35:44.155000,1.12875,1.12873,1320000,1000000
2017-11-16 15:35:44.330000,1.12873,1.1287,1250000,1500000
2017-11-16 15:35:47.502000,1.12872,1.12869,1000000,3190000
2017-11-16 15:35:48.007000,1.12873,1.12869,1310000,3940000
2017-11-16 15:35:48.060000,1.12875,1.12874,1690000,1120000
2017-11-16 15:35:48.593000,1.12875,1.12874,1250000,1000000
2017-11-16 15:35:48.748000,1.12877,1.12874,1250000,1750000
2017-11-16 15:35:49.373000,1.12878,1.12875,2810000,1500000
2017-11-16 15:35:49.558000,1.12879,1.12876,2890000,1750000
2017-11-16 15:35:49.814000,1.12879,1.12875,5510000,1690000
2017-11-16 15:35:50.317000,1.12878,1.12874,1690000,4390000
2017-11-16 15:35:50.837000,1.12878,1.12875,3560000,1500000
2017-11-16 15:35:54.091000,1.12878,1.12875,5140000,1120000
2017-11-16 15:35:58.226000,1.12879,1.12877,3640000,1000000
2017-11-16 15:35:58.548000,1.12884,1.12881,1250000,1500000
2017-11-16 15:36:01.373000,1.12883,1.1288,1000000,3260000
2017-11-16 15:36:01.908000,1.12884,1.1288,1000000,8510000
2017-11-16 15:36:05.030000,1.12885,1.12884,1500000,1000000
2017-11-16 15:36:05.086000,1.12888,1.12885,1760000,1000000
2017-11-16 15:36:05.140000,1.12888,1.12886,1370000,1500000
2017-11-16 15:36:05.659000,1.12888,1.12886,1000000,2250000
2017-11-16 15:36:06.161000,1.12888,1.12884,2060000,1760000
2017-11-16 15:36:06.729000,1.12888,1.12885,1000000,4310000
2017-11-16 15:36:08.068000,1.12891,1.1289,2060000,1000000
2017-11-16 15:36:08.121000,1.12897,1.12893,4200000,5770000
2017-11-16 15:36:08.173000,1.129,1.12898,1120000,1120000
2017-11-16 15:36:08.225000,1.12901,1.12897,1000000,7200000
2017-11-16 15:36:09.253000,1.12898,1.12897,1000000,4500000
2017-11-16 15:36:09.796000,1.12899,1.12896,1250000,1200000
2017-11-16 15:36:10.446000,1.12898,1.12897,1000000,1000000
2017-11-16 15:36:10.501000,1.12897,1.12895,1120000,1010000
2017-11-16 15:36:10.706000,1.12899,1.12896,1690000,1120000
2017-11-16 15:36:11.239000,1.12898,1.12895,1000000,2000000
2017-11-16 15:36:12.120000,1.12897,1.12894,1000000,1010000
2017-11-16 15:36:13.425000,1.12898,1.12896,1250000,1870000
2017-11-16 15:36:13.985000,1.12899,1.12896,1190000,2250000
2017-11-16 15:36:14.094000,1.12901,1.12899,1010000,3000000
2017-11-16 15:36:14.401000,1.12905,1.12904,1000000,1000000
2017-11-16 15:36:14.604000,1.12904,1.129,1000000,9640000
2017-11-16 15:36:14.762000,1.12906,1.12905,2250000,1000000
2017-11-16 15:36:14.814000,1.12908,1.12906,1000000,1500000
2017-11-16 15:36:15.237000,1.12909,1.12906,1250000,3000000
2017-11-16 15:36:15.546000,1.12911,1.12907,1690000,5140000
2017-11-16 15:36:15.854000,1.12909,1.12907,1000000,1500000
2017-11-16 15:36:16.315000,1.12912,1.12909,3940000,1500000
2017-11-16 15:36:16.675000,1.12913,1.12911,4010000,1000000
2017-11-16 15:36:16.727000,1.12915,1.12913,1250000,1120000
2017-11-16 15:36:16.944000,1.12912,1.12911,1250000,1120000
2017-11-16 15:36:17.047000,1.12911,1.12908,1250000,1120000
2017-11-16 15:36:17.560000,1.1291,1.12907,3370000,1310000
2017-11-16 15:36:18.064000,1.1291,1.12909,2700000,2060000
2017-11-16 15:36:18.118000,1.12913,1.12911,1690000,1000000
2017-11-16 15:36:18.643000,1.12915,1.12911,5590000,1120000
2017-11-16 15:36:18.898000,1.12916,1.12914,1250000,3970000
2017-11-16 15:36:19.002000,1.12918,1.12915,1390000,1120000
2017-11-16 15:36:19.178000,1.12917,1.12914,1190000,3000000
2017-11-16 15:36:19.230000,1.12915,1.12913,1000000,1120000
2017-11-16 15:36:19.742000,1.12911,1.12909,1500000,1500000
2017-11-16 15:36:20.068000,1.1291,1.12907,1690000,1120000
2017-11-16 15:36:20.823000,1.12909,1.12906,1000000,2810000
2017-11-16 15:36:21.336000,1.1291,1.12906,3560000,1620000
2017-11-16 15:36:21.845000,1.12909,1.12906,2440000,1870000
2017-11-16 15:36:23.659000,1.12911,1.12908,5210000,1120000
2017-11-16 15:36:24.189000,1.1291,1.12906,2440000,4120000
2017-11-16 15:36:25.281000,1.12914,1.1291,3260000,4720000
2017-11-16 15:36:25.793000,1.12914,1.12911,1000000,2890000
2017-11-16 15:36:26.493000,1.12915,1.12911,1250000,6260000
2017-11-16 15:36:27.021000,1.12916,1.12914,1690000,3370000
2017-11-16 15:36:27.072000,1.12918,1.12914,1690000,5140000
2017-11-16 15:36:27.125000,1.12919,1.12916,1690000,2250000
2017-11-16 15:36:27.281000,1.12922,1.12919,1310000,1500000
2017-11-16 15:36:28.517000,1.12924,1.1292,4390000,2620000
2017-11-16 15:36:29.595000,1.12924,1.12923,1200000,1000000
2017-11-16 15:36:29.801000,1.12923,1.12921,2250000,1000000
2017-11-16 15:36:30.512000,1.12922,1.1292,1000000,1870000
2017-11-16 15:36:30.614000,1.1292,1.12919,1250000,1000000
2017-11-16 15:36:30.666000,1.12919,1.12917,1500000,1500000
2017-11-16 15:36:31.170000,1.1292,1.12917,1690000,1500000
2017-11-16 15:36:32.094000,1.12918,1.12916,1190000,3370000
2017-11-16 15:36:32.196000,1.12919,1.12916,3190000,3750000
2017-11-16 15:36:32.812000,1.12916,1.12915,1000000,1500000
2017-11-16 15:36:32.864000,1.12916,1.12912,3640000,3560000
2017-11-16 15:36:33.542000,1.12916,1.12912,5140000,1370000
2017-11-16 15:36:33.704000,1.12917,1.12916,1000000,1000000
2017-11-16 15:36:33.806000,1.12919,1.12916,2140000,2250000
2017-11-16 15:36:34.062000,1.12916,1.12914,1000000,1120000
2017-11-16 15:36:34.412000,1.12918,1.12916,1390000,1370000
2017-11-16 15:36:35.576000,1.12919,1.12916,2890000,1500000
2017-11-16 15:36:36.093000,1.1292,1.12916,1250000,6560000
2017-11-16 15:36:37.891000,1.12918,1.12916,1250000,4500000
2017-11-16 15:36:37.943000,1.12916,1.12913,4390000,1120000
2017-11-16 15:36:38.454000,1.12916,1.12912,7010000,1000000
2017-11-16 15:36:39.406000,1.12915,1.12911,6640000,1870000
2017-11-16 15:36:39.955000,1.12914,1.12911,2890000,1370000
2017-11-16 15:36:40.109000,1.12914,1.1291,3640000,3370000
2017-11-16 15:36:40.648000,1.12914,1.1291,2140000,4500000
2017-11-16 15:36:40.701000,1.12915,1.1291,3640000,7160000
2017-11-16 15:36:41.008000,1.12913,1.12911,1000000,1310000
2017-11-16 15:36:41.316000,1.12914,1.1291,1500000,8060000
2017-11-16 15:36:41.368000,1.12913,1.1291,1000000,1690000
2017-11-16 15:36:42.008000,1.12914,1.12911,1390000,1500000
2017-11-16 15:36:42.467000,1.12912,1.12911,1250000,1000000
2017-11-16 15:36:42.691000,1.12909,1.12906,1310000,1500000
2017-11-16 15:36:43.355000,1.12911,1.1291,1100000,1000000
2017-11-16 15:36:43.630000,1.12914,1.12911,1200000,1620000
2017-11-16 15:36:44.140000,1.12913,1.12911,1000000,1620000
2017-11-16 15:36:44.792000,1.12914,1.12912,1000000,2250000
2017-11-16 15:36:45.099000,1.12916,1.12912,1760000,6940000
2017-11-16 15:36:46.205000,1.12916,1.12912,1390000,8440000
2017-11-16 15:36:47.234000,1.12914,1.12913,1000000,1000000
2017-11-16 15:36:47.755000,1.12914,1.1291,2700000,8440000
2017-11-16 15:36:48.281000,1.12913,1.12912,1000000,1000000
2017-11-16 15:36:48.435000,1.12915,1.12911,3260000,5060000
2017-11-16 15:36:50.113000,1.12914,1.12913,1000000,1000000
2017-11-16 15:36:50.642000,1.12915,1.12911,1250000,11060000
2017-11-16 15:36:52.513000,1.12916,1.12912,1760000,5810000
2017-11-16 15:36:53.485000,1.12917,1.12915,1500000,1540000
2017-11-16 15:36:53.537000,1.12919,1.12916,2700000,2290000
2017-11-16 15:36:53.640000,1.1292,1.12916,2140000,4540000
2017-11-16 15:36:55.739000,1.12921,1.12917,3640000,4120000
2017-11-16 15:36:56.514000,1.12921,1.12918,2440000,2250000
2017-11-16 15:36:56.566000,1.12923,1.12918,3820000,11100000
2017-11-16 15:36:57.080000,1.12922,1.12919,1000000,1310000
2017-11-16 15:36:59.995000,1.12923,1.12919,2140000,5810000
2017-11-16 15:37:02.474000,1.12922,1.1292,1000000,3000000
2017-11-16 15:37:04.245000,1.12921,1.12918,3260000,3000000
2017-11-16 15:37:05.649000,1.1292,1.12917,3260000,1120000
2017-11-16 15:37:05.702000,1.12919,1.12915,5060000,5060000
2017-11-16 15:37:05.807000,1.12917,1.12915,1000000,2620000
2017-11-16 15:37:06.356000,1.12916,1.12913,1000000,3190000
2017-11-16 15:37:06.939000,1.12917,1.12914,3410000,1120000
2017-11-16 15:37:08.171000,1.12916,1.12913,3260000,1870000
2017-11-16 15:37:08.719000,1.12915,1.12912,4390000,1500000
2017-11-16 15:37:09.280000,1.12915,1.12912,5510000,1870000
2017-11-16 15:37:10.035000,1.12915,1.12912,3450000,1690000
2017-11-16 15:37:10.670000,1.12915,1.12913,1200000,1310000
2017-11-16 15:37:12.161000,1.12914,1.12912,1000000,1310000
2017-11-16 15:37:12.212000,1.12913,1.1291,2700000,2060000
2017-11-16 15:37:12.728000,1.1291,1.12908,1500000,3000000
2017-11-16 15:37:13.261000,1.12908,1.12907,1000000,1250000
2017-11-16 15:37:13.313000,1.12911,1.12909,3560000,4490000
2017-11-16 15:37:13.417000,1.12913,1.12912,1950000,1500000
2017-11-16 15:37:13.521000,1.12915,1.12914,1000000,3000000
2017-11-16 15:37:13.700000,1.12917,1.12915,2320000,1190000
2017-11-16 15:37:14.217000,1.12916,1.12915,1000000,2250000
2017-11-16 15:37:14.620000,1.12915,1.12913,1000000,1310000
2017-11-16 15:37:15.093000,1.12914,1.12911,1500000,5440000
2017-11-16 15:37:15.298000,1.12912,1.12911,1500000,2620000
2017-11-16 15:37:15.825000,1.12911,1.1291,1000000,1250000
2017-11-16 15:37:16.081000,1.12909,1.12906,1000000,8060000
2017-11-16 15:37:16.532000,1.1291,1.12907,1500000,4690000
2017-11-16 15:37:17.436000,1.12909,1.12907,1000000,4310000
2017-11-16 15:37:17.732000,1.12908,1.12906,1000000,4310000
2017-11-16 15:37:18.043000,1.12907,1.12903,2810000,3640000
2017-11-16 15:37:18.145000,1.12905,1.12904,1000000,1250000
2017-11-16 15:37:18.948000,1.12904,1.12902,1000000,1620000
2017-11-16 15:37:19.004000,1.12901,1.129,1500000,1000000
2017-11-16 15:37:19.111000,1.129,1.12898,1500000,1000000
2017-11-16 15:37:19.341000,1.12899,1.12897,2620000,2440000
2017-11-16 15:37:19.419000,1.12898,1.12895,1870000,3190000
2017-11-16 15:37:19.675000,1.12899,1.12897,1000000,3790000
2017-11-16 15:37:20.177000,1.12899,1.12897,1000000,1690000
2017-11-16 15:37:20.231000,1.129,1.12897,2250000,2440000
2017-11-16 15:37:20.386000,1.12902,1.12899,1500000,4690000
2017-11-16 15:37:20.897000,1.12902,1.12899,1250000,3750000
2017-11-16 15:37:21.231000,1.12903,1.12901,1250000,1000000
2017-11-16 15:37:21.746000,1.12903,1.12901,2440000,1000000
2017-11-16 15:37:22.180000,1.12904,1.12901,2510000,3000000
2017-11-16 15:37:22.691000,1.12904,1.12901,4010000,3000000
2017-11-16 15:37:23.146000,1.12904,1.129,8590000,1120000
2017-11-16 15:37:23.657000,1.12904,1.12901,7010000,1000000
2017-11-16 15:37:24.338000,1.12904,1.12901,6260000,1000000
2017-11-16 15:37:24.544000,1.12904,1.12903,1570000,3040000
2017-11-16 15:37:24.802000,1.12908,1.12905,1690000,1000000
2017-11-16 15:37:25.896000,1.12905,1.12904,1000000,1870000
2017-11-16 15:37:26.202000,1.12903,1.12902,1000000,1310000
2017-11-16 15:37:27.962000,1.12904,1.12902,1010000,4870000
2017-11-16 15:37:28.015000,1.12906,1.12903,1690000,3750000
2017-11-16 15:37:28.675000,1.12906,1.12903,1000000,5060000
2017-11-16 15:37:29.340000,1.12907,1.12905,1000000,3410000
2017-11-16 15:37:30.962000,1.12908,1.12904,3940000,1870000
2017-11-16 15:37:32.110000,1.12908,1.12905,3940000,1000000
2017-11-16 15:37:32.315000,1.12902,1.12899,1120000,3190000
2017-11-16 15:37:32.622000,1.129,1.12898,1690000,1870000
2017-11-16 15:37:33.152000,1.12901,1.12899,2060000,1000000
2017-11-16 15:37:34.121000,1.12901,1.129,1690000,1000000
2017-11-16 15:37:34.429000,1.12905,1.12902,4310000,1500000
2017-11-16 15:37:34.945000,1.12906,1.12905,1310000,1500000
2017-11-16 15:37:35.460000,1.12908,1.12906,3190000,1870000
2017-11-16 15:37:35.990000,1.12908,1.12906,2060000,1870000
2017-11-16 15:37:36.306000,1.12909,1.12908,1950000,1500000
2017-11-16 15:37:36.819000,1.1291,1.12908,2060000,1870000
2017-11-16 15:37:37.370000,1.1291,1.12908,3000000,2120000
2017-11-16 15:37:37.995000,1.1291,1.12908,2440000,1000000
2017-11-16 15:37:38.505000,1.1291,1.12907,4310000,1870000
2017-11-16 15:37:39.041000,1.12909,1.12908,1000000,1000000
2017-11-16 15:37:39.888000,1.12909,1.12907,1120000,1120000
2017-11-16 15:37:40.437000,1.12909,1.12908,1000000,1120000
2017-11-16 15:37:41.085000,1.1291,1.12908,1000000,4870000
2017-11-16 15:37:41.622000,1.1291,1.12909,1690000,1000000
2017-11-16 15:37:42.011000,1.12913,1.1291,2440000,2620000
2017-11-16 15:37:42.472000,1.12921,1.12918,1500000,4870000
2017-11-16 15:37:42.576000,1.12928,1.12925,2620000,3070000
2017-11-16 15:37:42.628000,1.12928,1.12925,4310000,3450000
2017-11-16 15:37:43.168000,1.12927,1.12924,1950000,4690000
2017-11-16 15:37:44.108000,1.12926,1.12924,1000000,3940000
2017-11-16 15:37:44.760000,1.12924,1.12923,1000000,3000000
2017-11-16 15:37:44.899000,1.12923,1.12921,1000000,5440000
2017-11-16 15:37:44.956000,1.12925,1.12923,5510000,1000000
2017-11-16 15:37:45.059000,1.12923,1.12921,1500000,3000000
2017-11-16 15:37:45.560000,1.12924,1.12922,6110000,2870000
2017-11-16 15:37:46.421000,1.12925,1.12923,3450000,3440000
2017-11-16 15:37:46.524000,1.12927,1.12925,7010000,1000000
2017-11-16 15:37:46.779000,1.12925,1.12923,1500000,2620000
2017-11-16 15:37:47.162000,1.12926,1.12924,3900000,1000000
2017-11-16 15:37:47.924000,1.12924,1.12923,1120000,3370000
2017-11-16 15:37:48.472000,1.12926,1.12924,4200000,1000000
2017-11-16 15:37:49.016000,1.12926,1.12923,3820000,3560000
2017-11-16 15:37:50.260000,1.12925,1.12924,1000000,1000000
2017-11-16 15:37:50.921000,1.12926,1.12924,2890000,1000000
2017-11-16 15:37:51.464000,1.12927,1.12926,1250000,1000000
2017-11-16 15:37:51.566000,1.12925,1.12924,1000000,1000000
2017-11-16 15:37:52.094000,1.12926,1.12925,1000000,1870000
2017-11-16 15:37:52.147000,1.12932,1.12931,1120000,1000000
2017-11-16 15:37:52.458000,1.12939,1.12937,1250000,1000000
2017-11-16 15:37:52.783000,1.12943,1.1294,2620000,2250000
2017-11-16 15:37:53.109000,1.12942,1.1294,1000000,1500000
2017-11-16 15:37:53.660000,1.12942,1.1294,1250000,1500000
2017-11-16 15:37:54.273000,1.12943,1.12942,4120000,1000000
2017-11-16 15:37:54.324000,1.12946,1.12942,4800000,2060000
2017-11-16 15:37:54.376000,1.12943,1.12942,2250000,1000000
2017-11-16 15:37:54.879000,1.12941,1.1294,1000000,1000000
2017-11-16 15:37:55.189000,1.12936,1.12934,1000000,2250000
2017-11-16 15:37:55.392000,1.12937,1.12935,5060000,1120000
2017-11-16 15:37:56.088000,1.12937,1.12936,3190000,3000000
2017-11-16 15:37:56.301000,1.1294,1.12938,1310000,1000000
2017-11-16 15:37:56.560000,1.12938,1.12936,1870000,3000000
2017-11-16 15:37:57.079000,1.12937,1.12936,1000000,3000000
2017-11-16 15:37:57.408000,1.12941,1.12939,1000000,2250000
2017-11-16 15:37:58.941000,1.12942,1.1294,2250000,3000000
2017-11-16 15:37:59.820000,1.12943,1.12941,1250000,1370000
2017-11-16 15:38:00.594000,1.12943,1.12942,1250000,1000000
2017-11-16 15:38:00.645000,1.12945,1.12943,2810000,3000000
2017-11-16 15:38:00.850000,1.12947,1.12944,1760000,3000000
2017-11-16 15:38:01.346000,1.12944,1.12943,1500000,1120000
2017-11-16 15:38:01.869000,1.12944,1.12942,1000000,7500000
2017-11-16 15:38:02.320000,1.12945,1.12943,2440000,1000000
2017-11-16 15:38:02.424000,1.12944,1.12942,7310000,1120000
2017-11-16 15:38:02.934000,1.12943,1.12941,2250000,1500000
2017-11-16 15:38:03.431000,1.12942,1.1294,3750000,1310000
2017-11-16 15:38:04.074000,1.12943,1.1294,2140000,2250000
2017-11-16 15:38:06.028000,1.12938,1.12937,1570000,4570000
2017-11-16 15:38:06.521000,1.12936,1.12934,1250000,1870000
2017-11-16 15:38:08.274000,1.12937,1.12934,7690000,2620000
2017-11-16 15:38:08.777000,1.12936,1.12934,1000000,2620000
2017-11-16 15:38:10.680000,1.12937,1.12935,6190000,1120000
2017-11-16 15:38:10.731000,1.12937,1.12934,2140000,2620000
2017-11-16 15:38:11.784000,1.12942,1.12939,2250000,1000000
2017-11-16 15:38:11.836000,1.1294,1.12938,2060000,1870000
2017-11-16 15:38:12.346000,1.1294,1.12939,1610000,1000000
2017-11-16 15:38:13.873000,1.1294,1.12938,1610000,1500000
2017-11-16 15:38:13.925000,1.12938,1.12937,4310000,1870000
2017-11-16 15:38:14.516000,1.12937,1.12936,3370000,1120000
2017-11-16 15:38:15.434000,1.1294,1.12938,1640000,1500000
2017-11-16 15:38:15.961000,1.12938,1.12937,1390000,2620000
2017-11-16 15:38:16.370000,1.1294,1.12938,2440000,1000000
2017-11-16 15:38:17.819000,1.1294,1.12939,1690000,1120000
2017-11-16 15:38:18.041000,1.12942,1.12941,1000000,3370000
2017-11-16 15:38:18.554000,1.12943,1.12941,2440000,3000000
2017-11-16 15:38:19.069000,1.12942,1.12941,1000000,1120000
2017-11-16 15:38:20.756000,1.12948,1.12947,1310000,2620000
2017-11-16 15:38:21.015000,1.12948,1.12946,1500000,1870000
2017-11-16 15:38:21.067000,1.12949,1.12947,2890000,1500000
2017-11-16 15:38:21.610000,1.1295,1.12949,1250000,1120000
2017-11-16 15:38:22.779000,1.12944,1.12943,1690000,1000000
2017-11-16 15:38:23.138000,1.12943,1.12941,3250000,3750000
2017-11-16 15:38:23.422000,1.12939,1.12938,2440000,1120000
2017-11-16 15:38:25.745000,1.12939,1.12937,1640000,3750000
2017-11-16 15:38:27.032000,1.12941,1.12938,5890000,3000000
2017-11-16 15:38:27.570000,1.12942,1.12939,3820000,3250000
2017-11-16 15:38:27.672000,1.12942,1.1294,3940000,2250000
2017-11-16 15:38:28.180000,1.12943,1.12941,3370000,2250000
2017-11-16 15:38:28.775000,1.12942,1.12941,1000000,1500000
2017-11-16 15:38:29.468000,1.12942,1.1294,1500000,1120000
2017-11-16 15:38:29.668000,1.1294,1.12939,1000000,3370000
2017-11-16 15:38:32.037000,1.1294,1.12939,1000000,1500000
2017-11-16 15:38:33.120000,1.12941,1.12939,1690000,1120000
2017-11-16 15:38:34.714000,1.12941,1.12939,1690000,1370000
2017-11-16 15:38:35.552000,1.12942,1.1294,4760000,1000000
2017-11-16 15:38:35.736000,1.12951,1.12946,3750000,6070000
2017-11-16 15:38:35.787000,1.1295,1.12948,3560000,1000000
2017-11-16 15:38:36.532000,1.12951,1.1295,1310000,1120000
2017-11-16 15:38:36.994000,1.12952,1.1295,3410000,1870000
2017-11-16 15:38:37.200000,1.12956,1.12953,6940000,1120000
2017-11-16 15:38:37.719000,1.12955,1.12953,1250000,3820000
2017-11-16 15:38:38.656000,1.12954,1.12952,1250000,2320000
2017-11-16 15:38:39.242000,1.12955,1.12953,1310000,1120000
2017-11-16 15:38:39.752000,1.12954,1.12952,1000000,3370000
2017-11-16 15:38:40.212000,1.12952,1.12951,1500000,1000000
2017-11-16 15:38:40.314000,1.12951,1.12949,1000000,4690000
2017-11-16 15:38:40.670000,1.1295,1.12948,1500000,5510000
2017-11-16 15:38:41.200000,1.1295,1.12947,2250000,3560000
2017-11-16 15:38:41.788000,1.12949,1.12948,1000000,1000000
2017-11-16 15:38:42.368000,1.12949,1.12947,1250000,1500000
2017-11-16 15:38:45.040000,1.1295,1.12949,1760000,1000000
2017-11-16 15:38:45.644000,1.12954,1.1295,1760000,3560000
2017-11-16 15:38:45.696000,1.12954,1.1295,2440000,4390000
2017-11-16 15:38:46.211000,1.12955,1.12952,1690000,1500000
2017-11-16 15:38:46.466000,1.12951,1.12949,2250000,3750000
2017-11-16 15:38:46.704000,1.1295,1.12947,5290000,2250000
2017-11-16 15:38:46.857000,1.12948,1.12947,1000000,1000000
2017-11-16 15:38:50.289000,1.12948,1.12946,1000000,1000000
2017-11-16 15:38:50.718000,1.12944,1.12942,2250000,3000000
2017-11-16 15:38:51.241000,1.12944,1.12942,3190000,1500000
2017-11-16 15:38:52.521000,1.12944,1.12942,7200000,1120000
2017-11-16 15:38:53.097000,1.1294,1.12939,3000000,1200000
2017-11-16 15:38:53.407000,1.12935,1.12933,1250000,1500000
2017-11-16 15:38:53.930000,1.12935,1.12934,1250000,1000000
2017-11-16 15:38:55.437000,1.12937,1.12935,3940000,1120000
2017-11-16 15:38:55.961000,1.12937,1.12935,2060000,1500000
2017-11-16 15:39:01.331000,1.12935,1.12934,1000000,1870000
2017-11-16 15:39:01.849000,1.12936,1.12935,1310000,1000000
2017-11-16 15:39:05.030000,1.12935,1.12933,2440000,1500000
2017-11-16 15:39:05.134000,1.12934,1.12931,2140000,3000000
2017-11-16 15:39:05.237000,1.12934,1.12932,3300000,1500000
2017-11-16 15:39:05.782000,1.12935,1.12933,1310000,1120000
2017-11-16 15:39:06.349000,1.12936,1.12934,5440000,1000000
2017-11-16 15:39:06.997000,1.12936,1.12934,5060000,1000000
2017-11-16 15:39:07.506000,1.12937,1.12935,4310000,1000000
2017-11-16 15:39:09.771000,1.12935,1.12934,1000000,1870000
2017-11-16 15:39:10.302000,1.12936,1.12934,3000000,1870000
2017-11-16 15:39:10.889000,1.12935,1.12934,1000000,1870000
2017-11-16 15:39:11.529000,1.12936,1.12935,3750000,1000000
2017-11-16 15:39:12.031000,1.12936,1.12935,1500000,1000000
2017-11-16 15:39:14.705000,1.12935,1.12934,1000000,1870000
2017-11-16 15:39:15.173000,1.12939,1.12937,1010000,1120000
2017-11-16 15:39:15.231000,1.1294,1.12938,3190000,1500000
2017-11-16 15:39:15.539000,1.12942,1.1294,4310000,1000000
2017-11-16 15:39:16.080000,1.12942,1.1294,4310000,1000000
2017-11-16 15:39:16.757000,1.12942,1.1294,1120000,1120000
2017-11-16 15:39:18.062000,1.1294,1.12939,1000000,1500000
2017-11-16 15:39:18.366000,1.12934,1.12933,1000000,2440000
2017-11-16 15:39:19.859000,1.12935,1.12932,5360000,2250000
2017-11-16 15:39:20.876000,1.12935,1.12933,3940000,1000000
2017-11-16 15:39:22.044000,1.12934,1.12933,1500000,1120000
2017-11-16 15:39:22.662000,1.12935,1.12933,1870000,1000000
2017-11-16 15:39:22.765000,1.12927,1.12925,1000000,1720000
2017-11-16 15:39:22.973000,1.1293,1.12927,1690000,1500000
2017-11-16 15:39:23.027000,1.1293,1.12927,1500000,2620000
2017-11-16 15:39:23.298000,1.12928,1.12927,1250000,1870000
2017-11-16 15:39:23.608000,1.12924,1.12923,1000000,1720000
2017-11-16 15:39:23.660000,1.12922,1.1292,1000000,3000000
2017-11-16 15:39:23.826000,1.12924,1.1292,3370000,1690000
2017-11-16 15:39:24.137000,1.12921,1.12919,1000000,4390000
2017-11-16 15:39:24.189000,1.12922,1.12919,5250000,1760000
2017-11-16 15:39:24.293000,1.12919,1.12917,1000000,5140000
2017-11-16 15:39:25.233000,1.12917,1.12916,1000000,2320000
2017-11-16 15:39:25.285000,1.12916,1.12914,1000000,4310000
2017-11-16 15:39:25.815000,1.12915,1.12914,1000000,1310000
2017-11-16 15:39:27.124000,1.12918,1.12916,4650000,1000000
2017-11-16 15:39:27.674000,1.12917,1.12915,1000000,1690000
2017-11-16 15:39:28.185000,1.12918,1.12916,1000000,1000000
2017-11-16 15:39:28.401000,1.12921,1.12918,3260000,1000000
2017-11-16 15:39:28.505000,1.1292,1.12918,1500000,1000000
2017-11-16 15:39:28.870000,1.12922,1.1292,2700000,1000000
2017-11-16 15:39:29.402000,1.12924,1.12921,3940000,1120000
2017-11-16 15:39:30.348000,1.12922,1.12919,1000000,3190000
2017-11-16 15:39:30.943000,1.12923,1.1292,1000000,3190000
2017-11-16 15:39:31.456000,1.12922,1.1292,1000000,2510000
2017-11-16 15:39:31.996000,1.12923,1.1292,1000000,9490000
2017-11-16 15:39:32.199000,1.12925,1.12923,1000000,1870000
2017-11-16 15:39:32.691000,1.12926,1.12924,1000000,1690000
2017-11-16 15:39:32.896000,1.12927,1.12924,1000000,4690000
2017-11-16 15:39:33.640000,1.12926,1.12924,1000000,1690000
2017-11-16 15:39:34.283000,1.12924,1.12922,1000000,4390000
2017-11-16 15:39:34.438000,1.12924,1.12921,2810000,1870000
2017-11-16 15:39:34.966000,1.12923,1.12921,1000000,1120000
2017-11-16 15:39:35.518000,1.12922,1.12921,1000000,1120000
2017-11-16 15:39:36.725000,1.12922,1.1292,1000000,3190000
2017-11-16 15:39:36.929000,1.12924,1.12921,1090000,3370000
2017-11-16 15:39:37.444000,1.12924,1.12921,3370000,2440000
2017-11-16 15:39:39.183000,1.12923,1.12922,1000000,1500000
2017-11-16 15:39:39.749000,1.12924,1.12922,2020000,1500000
2017-11-16 15:39:42.276000,1.12923,1.12922,1000000,1500000
2017-11-16 15:39:42.849000,1.12924,1.12922,7840000,1120000
2017-11-16 15:39:44.497000,1.12924,1.12923,3340000,1000000
2017-11-16 15:39:47.094000,1.12922,1.1292,9000000,1950000
2017-11-16 15:39:47.299000,1.1292,1.12919,1000000,1000000
2017-11-16 15:39:47.849000,1.12921,1.12918,2440000,2250000
2017-11-16 15:39:49.501000,1.12918,1.12917,1870000,1120000
2017-11-16 15:39:50.912000,1.12921,1.12919,1250000,1500000
2017-11-16 15:39:50.964000,1.12924,1.12921,3640000,1000000
2017-11-16 15:39:51.119000,1.12921,1.1292,1500000,1870000
2017-11-16 15:39:51.437000,1.12923,1.12921,1500000,1000000
2017-11-16 15:39:56.593000,1.12923,1.1292,2250000,2060000
2017-11-16 15:39:57.110000,1.12922,1.1292,1500000,1000000
2017-11-16 15:39:58.161000,1.12923,1.1292,2810000,1000000
2017-11-16 15:40:00.301000,1.12923,1.1292,1690000,1870000
2017-11-16 15:40:00.821000,1.12924,1.12921,5700000,1310000
2017-11-16 15:40:02.268000,1.12924,1.12921,2320000,2440000
2017-11-16 15:40:06.288000,1.12922,1.1292,2500000,2440000
2017-11-16 15:40:06.393000,1.12924,1.12921,5510000,1000000
2017-11-16 15:40:07.701000,1.12924,1.12921,1250000,2250000
2017-11-16 15:40:08.162000,1.12926,1.12923,2140000,2120000
2017-11-16 15:40:08.214000,1.12927,1.12925,1500000,1000000
2017-11-16 15:40:08.677000,1.12929,1.12927,5210000,1000000
2017-11-16 15:40:09.879000,1.1293,1.12927,3040000,1500000
2017-11-16 15:40:10.667000,1.12931,1.12929,1400000,1000000
2017-11-16 15:40:10.745000,1.12936,1.12933,1870000,1690000
2017-11-16 15:40:11.334000,1.12937,1.12934,7390000,1000000
2017-11-16 15:40:13.835000,1.12937,1.12934,6940000,1120000
2017-11-16 15:40:14.994000,1.12937,1.12934,9190000,1000000
2017-11-16 15:40:15.537000,1.12937,1.12936,3560000,1000000
2017-11-16 15:40:15.596000,1.12942,1.12939,3640000,1000000
2017-11-16 15:40:16.133000,1.12942,1.1294,1120000,1000000
2017-11-16 15:40:17.129000,1.12942,1.12941,1120000,1000000
2017-11-16 15:40:17.681000,1.12941,1.1294,1000000,1870000
2017-11-16 15:40:18.219000,1.12943,1.1294,5140000,2660000
2017-11-16 15:40:18.272000,1.12944,1.12943,1100000,1000000
2017-11-16 15:40:18.600000,1.12954,1.12952,1000000,1000000
2017-11-16 15:40:19.278000,1.12955,1.12951,2810000,3940000
2017-11-16 15:40:19.636000,1.12952,1.12951,1000000,1000000
2017-11-16 15:40:20.183000,1.12951,1.1295,1000000,2060000
2017-11-16 15:40:20.497000,1.12948,1.12946,1000000,1310000
2017-11-16 15:40:21.024000,1.12948,1.12946,1000000,1310000
2017-11-16 15:40:21.634000,1.12947,1.12945,1000000,1120000
2017-11-16 15:40:21.840000,1.12944,1.12943,1250000,1500000
2017-11-16 15:40:21.893000,1.12944,1.12941,1690000,1570000
2017-11-16 15:40:21.945000,1.12942,1.1294,1000000,6000000
2017-11-16 15:40:22.358000,1.12944,1.12943,2250000,1120000
2017-11-16 15:40:22.514000,1.12943,1.12941,1310000,1000000
2017-11-16 15:40:24.665000,1.12943,1.12942,1690000,1000000
2017-11-16 15:40:24.819000,1.12945,1.12943,2060000,1870000
2017-11-16 15:40:24.870000,1.12946,1.12944,2810000,1000000
2017-11-16 15:40:25.381000,1.12947,1.12945,2060000,1000000
2017-11-16 15:40:25.802000,1.12948,1.12946,1000000,1000000
2017-11-16 15:40:26.312000,1.12949,1.12946,2440000,1000000
2017-11-16 15:40:26.882000,1.12949,1.12946,3190000,1000000
2017-11-16 15:40:30.095000,1.12945,1.12944,1000000,1500000
2017-11-16 15:40:30.199000,1.12945,1.12943,1000000,1120000
2017-11-16 15:40:30.737000,1.12947,1.12944,1310000,1870000
2017-11-16 15:40:31.908000,1.12945,1.12944,1500000,1000000
2017-11-16 15:40:32.109000,1.12945,1.12942,2140000,1120000
2017-11-16 15:40:32.472000,1.12944,1.12942,1000000,1000000
2017-11-16 15:40:32.925000,1.12942,1.1294,1000000,1870000
2017-11-16 15:40:34.714000,1.12942,1.12939,1250000,2250000
2017-11-16 15:40:35.071000,1.1294,1.12939,1000000,2250000
2017-11-16 15:40:35.585000,1.12941,1.12939,1000000,2250000
2017-11-16 15:40:36.109000,1.12941,1.1294,1000000,1000000
2017-11-16 15:40:36.480000,1.12943,1.12941,1000000,2620000
2017-11-16 15:40:36.996000,1.12943,1.12941,1000000,1500000
2017-11-16 15:40:39.951000,1.12944,1.12942,4310000,1000000
2017-11-16 15:40:40.517000,1.12946,1.12944,2060000,1000000
2017-11-16 15:40:40.569000,1.12948,1.12947,1690000,1000000
2017-11-16 15:40:41.083000,1.1295,1.12947,6560000,1000000
2017-11-16 15:40:45.030000,1.12949,1.12946,2060000,1000000
2017-11-16 15:40:45.642000,1.1295,1.12947,7390000,1000000
2017-11-16 15:40:49.478000,1.1295,1.12948,3560000,1000000
2017-11-16 15:40:50.396000,1.12949,1.12946,1250000,4570000
2017-11-16 15:40:52.228000,1.12949,1.12946,1250000,3820000
2017-11-16 15:40:52.744000,1.12948,1.12946,1000000,2620000
2017-11-16 15:40:53.521000,1.12948,1.12947,1000000,1000000
2017-11-16 15:40:54.041000,1.12949,1.12947,1250000,1000000
2017-11-16 15:40:56.182000,1.12949,1.12946,1250000,3820000
2017-11-16 15:40:57.533000,1.12948,1.12946,1000000,2320000
2017-11-16 15:40:58.126000,1.1295,1.12947,3940000,4120000
2017-11-16 15:40:58.178000,1.12951,1.12948,1000000,2810000
2017-11-16 15:40:59.036000,1.12951,1.12948,1000000,2440000
2017-11-16 15:40:59.572000,1.1295,1.12948,1000000,2440000
2017-11-16 15:41:00.377000,1.1295,1.12948,1500000,1000000
2017-11-16 15:41:00.480000,1.12948,1.12947,1000000,1250000
2017-11-16 15:41:00.781000,1.1295,1.12947,3750000,1690000
2017-11-16 15:41:01.036000,1.1295,1.12949,1000000,1250000
2017-11-16 15:41:01.088000,1.12953,1.12949,3260000,2060000
2017-11-16 15:41:01.190000,1.12953,1.12951,1000000,1250000
2017-11-16 15:41:02.119000,1.12951,1.1295,1000000,1250000
2017-11-16 15:41:04.117000,1.12951,1.12949,1000000,2810000
2017-11-16 15:41:04.640000,1.1295,1.12948,1100000,1190000
2017-11-16 15:41:04.744000,1.12949,1.12947,1000000,2890000
2017-11-16 15:41:05.724000,1.12948,1.12946,1000000,2510000
2017-11-16 15:41:07.547000,1.12949,1.12947,1000000,1310000
2017-11-16 15:41:10.234000,1.12951,1.12949,1120000,1000000
2017-11-16 15:41:10.764000,1.1295,1.12949,1000000,1250000
2017-11-16 15:41:11.295000,1.12949,1.12948,1000000,1000000
2017-11-16 15:41:11.843000,1.12949,1.12947,1000000,1100000
2017-11-16 15:41:13.265000,1.12948,1.12947,1000000,1000000
2017-11-16 15:41:13.780000,1.12948,1.12946,1000000,2440000
2017-11-16 15:41:17.320000,1.12948,1.12946,1000000,2810000
2017-11-16 15:41:17.836000,1.12948,1.12946,1000000,2440000
2017-11-16 15:41:18.343000,1.12948,1.12946,1000000,2440000
2017-11-16 15:41:18.844000,1.12948,1.12946,1000000,2440000
2017-11-16 15:41:19.411000,1.12947,1.12946,1250000,1870000
2017-11-16 15:41:21.365000,1.12947,1.12945,1000000,2890000
2017-11-16 15:41:22.154000,1.12947,1.12945,1000000,2060000
2017-11-16 15:41:22.663000,1.12947,1.12945,1000000,1390000
2017-11-16 15:41:25.096000,1.12947,1.12946,1000000,1000000
2017-11-16 15:41:25.629000,1.12947,1.12945,1000000,2890000
2017-11-16 15:41:26.348000,1.12947,1.12946,1000000,1000000
2017-11-16 15:41:26.859000,1.12947,1.12945,1000000,2810000
2017-11-16 15:41:29.044000,1.12948,1.12945,1120000,6260000
2017-11-16 15:41:29.554000,1.12948,1.12946,1120000,1000000
2017-11-16 15:41:30.120000,1.12948,1.12947,1120000,1000000
2017-11-16 15:41:30.325000,1.12948,1.12945,1120000,5890000
2017-11-16 15:41:30.632000,1.12948,1.12947,1120000,1000000
2017-11-16 15:41:32.192000,1.12947,1.12945,1000000,4760000
2017-11-16 15:41:32.697000,1.12947,1.12945,1000000,3560000
2017-11-16 15:41:33.393000,1.12948,1.12945,1120000,4390000
2017-11-16 15:41:33.924000,1.12947,1.12945,1000000,3640000
2017-11-16 15:41:34.460000,1.12947,1.12945,1000000,4390000
2017-11-16 15:41:34.976000,1.12947,1.12945,1000000,3260000
2017-11-16 15:41:35.511000,1.12947,1.12946,1000000,1000000
2017-11-16 15:41:36.111000,1.12948,1.12946,1120000,1000000
2017-11-16 15:41:36.452000,1.12952,1.1295,2060000,1500000
2017-11-16 15:41:36.964000,1.12952,1.12951,1000000,1950000
2017-11-16 15:41:37.118000,1.12954,1.12951,1120000,6260000
2017-11-16 15:41:37.626000,1.12956,1.12953,7310000,1000000
2017-11-16 15:41:38.289000,1.12956,1.12953,6190000,1000000
2017-11-16 15:41:38.822000,1.12956,1.12953,6940000,1000000
2017-11-16 15:41:39.608000,1.12954,1.12953,1000000,1000000
2017-11-16 15:41:39.891000,1.12954,1.12951,5660000,1500000
2017-11-16 15:41:40.482000,1.12953,1.12951,1250000,1000000
2017-11-16 15:41:41.489000,1.12954,1.12952,1870000,1000000
2017-11-16 15:41:41.982000,1.12955,1.12954,1120000,1000000
2017-11-16 15:41:47.092000,1.12956,1.12953,3560000,1500000
2017-11-16 15:41:48.458000,1.12955,1.12954,2060000,1000000
2017-11-16 15:41:48.966000,1.12955,1.12953,2810000,1000000
2017-11-16 15:41:49.512000,1.12955,1.12953,3190000,1000000
2017-11-16 15:41:50.176000,1.12954,1.12952,1000000,1500000
2017-11-16 15:41:50.918000,1.12954,1.12952,1000000,1500000
2017-11-16 15:41:51.428000,1.12954,1.12952,1000000,1000000
2017-11-16 15:41:52.535000,1.12955,1.12951,2060000,5140000
2017-11-16 15:41:53.085000,1.12955,1.12951,1870000,5140000
2017-11-16 15:41:53.812000,1.12953,1.1295,1000000,5510000
2017-11-16 15:41:54.329000,1.12953,1.1295,1000000,5140000
2017-11-16 15:41:54.841000,1.12953,1.12951,1120000,1000000
2017-11-16 15:41:55.398000,1.12953,1.1295,1120000,5510000
2017-11-16 15:41:57.403000,1.12953,1.1295,1870000,1250000
2017-11-16 15:41:57.713000,1.12947,1.12945,1120000,2810000
2017-11-16 15:41:58.229000,1.12947,1.12945,1120000,1250000
2017-11-16 15:42:02.156000,1.12947,1.12944,1620000,1240000
2017-11-16 15:42:02.666000,1.12947,1.12944,1690000,1990000
2017-11-16 15:42:03.741000,1.12944,1.12942,1500000,1950000
2017-11-16 15:42:03.843000,1.12944,1.12941,3560000,1000000
2017-11-16 15:42:04.404000,1.12943,1.1294,1310000,1000000
2017-11-16 15:42:05.181000,1.12943,1.1294,3190000,1000000
2017-11-16 15:42:05.715000,1.12943,1.12941,1620000,1000000
2017-11-16 15:42:07.233000,1.12945,1.12943,1120000,2250000
2017-11-16 15:42:07.337000,1.12946,1.12945,1250000,1000000
2017-11-16 15:42:11.666000,1.12947,1.12945,2060000,1000000
2017-11-16 15:42:12.156000,1.12944,1.12943,1500000,1500000
2017-11-16 15:42:12.674000,1.12945,1.12942,2320000,1500000
2017-11-16 15:42:12.982000,1.12946,1.12944,2060000,1000000
2017-11-16 15:42:13.646000,1.12945,1.12943,2250000,1000000
2017-11-16 15:42:14.255000,1.12944,1.12942,1690000,1500000
2017-11-16 15:42:14.818000,1.12944,1.12942,6000000,1000000
2017-11-16 15:42:15.075000,1.12941,1.1294,2440000,1000000
2017-11-16 15:42:15.384000,1.1294,1.12938,1870000,1000000
2017-11-16 15:42:16.063000,1.1294,1.12938,3560000,1000000
2017-11-16 15:42:16.422000,1.12937,1.12936,1000000,1000000
2017-11-16 15:42:16.934000,1.12937,1.12935,3940000,1000000
2017-11-16 15:42:17.106000,1.12937,1.12934,4310000,1500000
2017-11-16 15:42:17.621000,1.12935,1.12933,2810000,1000000
2017-11-16 15:42:21.275000,1.12936,1.12934,2440000,1000000
2017-11-16 15:42:21.429000,1.12938,1.12935,1120000,4310000
2017-11-16 15:42:21.532000,1.12939,1.12937,2810000,1000000
2017-11-16 15:42:22.036000,1.12939,1.12936,2320000,1500000
2017-11-16 15:42:23.215000,1.12939,1.12937,1760000,1000000
2017-11-16 15:42:23.318000,1.12941,1.12938,1500000,4310000
2017-11-16 15:42:23.833000,1.12942,1.1294,1000000,1000000
2017-11-16 15:42:24.145000,1.12944,1.12942,1000000,1000000
2017-11-16 15:42:24.622000,1.12947,1.12945,3560000,1000000
2017-11-16 15:42:27.123000,1.12947,1.12946,1120000,1000000
2017-11-16 15:42:28.276000,1.12948,1.12945,6190000,1000000
2017-11-16 15:42:32.012000,1.12947,1.12944,2060000,1000000
2017-11-16 15:42:32.918000,1.12947,1.12945,1620000,1000000
2017-11-16 15:42:36.813000,1.12947,1.12944,2810000,1000000
2017-11-16 15:42:37.122000,1.12952,1.1295,1310000,1000000
2017-11-16 15:42:38.710000,1.12954,1.12952,3670000,1000000
2017-11-16 15:42:39.172000,1.12956,1.12954,4760000,1000000
2017-11-16 15:42:39.593000,1.12959,1.12958,1240000,1000000
2017-11-16 15:42:40.004000,1.12962,1.1296,3450000,2440000
2017-11-16 15:42:40.106000,1.12965,1.12962,7010000,1500000
2017-11-16 15:42:40.453000,1.12961,1.1296,1000000,2250000
2017-11-16 15:42:41.705000,1.12962,1.1296,2620000,1500000
2017-11-16 15:42:42.226000,1.12958,1.12956,1000000,3070000
2017-11-16 15:42:42.330000,1.12956,1.12954,1310000,1500000
2017-11-16 15:42:42.533000,1.12953,1.1295,1000000,8140000
2017-11-16 15:42:43.542000,1.1295,1.12948,1000000,1500000
2017-11-16 15:42:44.477000,1.12951,1.12949,1000000,1000000
2017-11-16 15:42:44.987000,1.12951,1.12949,1000000,4310000
2017-11-16 15:42:46.554000,1.12952,1.1295,1000000,1250000
2017-11-16 15:42:47.115000,1.12952,1.12951,1000000,1000000
2017-11-16 15:42:47.270000,1.12954,1.12952,1500000,1000000
2017-11-16 15:42:47.775000,1.12953,1.12952,1000000,1000000
2017-11-16 15:42:49.358000,1.12952,1.1295,1000000,1390000
2017-11-16 15:42:49.999000,1.12951,1.12949,1000000,4760000
2017-11-16 15:42:50.347000,1.12952,1.12951,1000000,1000000
2017-11-16 15:42:51.470000,1.12951,1.1295,1000000,1000000
2017-11-16 15:42:51.981000,1.1295,1.12948,1000000,1310000
2017-11-16 15:42:52.558000,1.1295,1.12947,1000000,6640000
2017-11-16 15:42:53.600000,1.1295,1.12947,1000000,4390000
2017-11-16 15:42:53.652000,1.12951,1.1295,1000000,2250000
2017-11-16 15:42:54.157000,1.12952,1.1295,1250000,3000000
2017-11-16 15:42:55.502000,1.12953,1.12951,1500000,1000000
2017-11-16 15:42:57.503000,1.12952,1.12949,1120000,5510000
2017-11-16 15:42:58.132000,1.12953,1.12951,1120000,1000000
2017-11-16 15:42:58.653000,1.12954,1.12951,1540000,1500000
2017-11-16 15:42:59.164000,1.12953,1.1295,1000000,2060000
2017-11-16 15:43:00.211000,1.12952,1.12949,3370000,2510000
2017-11-16 15:43:00.517000,1.12949,1.12947,1000000,1310000
2017-11-16 15:43:01.068000,1.12949,1.12946,1910000,1000000
2017-11-16 15:43:01.376000,1.12947,1.12944,1310000,1500000
2017-11-16 15:43:07.546000,1.12949,1.12947,3040000,1500000
2017-11-16 15:43:07.598000,1.12951,1.12948,2700000,3190000
2017-11-16 15:43:07.700000,1.12952,1.12949,2060000,2250000
2017-11-16 15:43:08.228000,1.12953,1.1295,1120000,1250000
2017-11-16 15:43:09.491000,1.12954,1.12951,1350000,1690000
2017-11-16 15:43:12.426000,1.12953,1.1295,1000000,3640000
2017-11-16 15:43:16.557000,1.12955,1.12952,4910000,1000000
2017-11-16 15:43:17.221000,1.12955,1.12952,4910000,1000000
2017-11-16 15:43:17.944000,1.12952,1.12951,1000000,1250000
2017-11-16 15:43:17.996000,1.1295,1.12948,1370000,6560000
2017-11-16 15:43:18.098000,1.1295,1.12947,3750000,1250000
2017-11-16 15:43:19.154000,1.12949,1.12946,1800000,1690000
2017-11-16 15:43:29.660000,1.12948,1.12945,3560000,1000000
2017-11-16 15:43:30.138000,1.12945,1.12943,2810000,1000000
2017-11-16 15:43:30.241000,1.12943,1.1294,1500000,2060000
2017-11-16 15:43:30.397000,1.12942,1.12939,1000000,3260000
2017-11-16 15:43:31.734000,1.1294,1.12939,1120000,1120000
2017-11-16 15:43:33.650000,1.12941,1.12939,1000000,1690000
2017-11-16 15:43:34.418000,1.12941,1.12938,1000000,2810000
2017-11-16 15:43:34.938000,1.1294,1.12938,1000000,2320000
2017-11-16 15:43:35.458000,1.1294,1.12939,1000000,1000000
2017-11-16 15:43:36.077000,1.1294,1.12938,1000000,1570000
2017-11-16 15:43:36.446000,1.12939,1.12936,1120000,3640000
2017-11-16 15:43:37.211000,1.12938,1.12936,1000000,1690000
2017-11-16 15:43:37.470000,1.12937,1.12935,1000000,2810000
2017-11-16 15:43:37.797000,1.12936,1.12934,1000000,1690000
2017-11-16 15:43:40.443000,1.12935,1.12933,1120000,1310000
2017-11-16 15:43:40.700000,1.12937,1.12934,1350000,5740000
2017-11-16 15:43:41.249000,1.12935,1.12933,1000000,1390000
2017-11-16 15:43:41.752000,1.12935,1.12933,1000000,1250000
2017-11-16 15:43:42.325000,1.12934,1.12932,1000000,1250000
2017-11-16 15:43:45.064000,1.12935,1.12932,1120000,2810000
2017-11-16 15:43:45.456000,1.12939,1.12936,3190000,1300000
2017-11-16 15:43:46.470000,1.12938,1.12935,1120000,4010000
2017-11-16 15:43:47.018000,1.12937,1.12934,1120000,3560000
2017-11-16 15:43:47.536000,1.12937,1.12936,1000000,1000000
2017-11-16 15:43:48.065000,1.12937,1.12935,2060000,1000000
2017-11-16 15:43:48.375000,1.12938,1.12936,2810000,1000000
2017-11-16 15:43:48.580000,1.12939,1.12937,1990000,1000000
2017-11-16 15:43:49.453000,1.12938,1.12937,1000000,1000000
2017-11-16 15:43:49.965000,1.12938,1.12936,2810000,1000000
2017-11-16 15:43:50.016000,1.12937,1.12935,2810000,1000000
2017-11-16 15:43:50.522000,1.12936,1.12934,2810000,1000000
2017-11-16 15:43:50.880000,1.12938,1.12936,1760000,1000000
2017-11-16 15:43:51.287000,1.12939,1.12937,1310000,1000000
2017-11-16 15:43:51.998000,1.12939,1.12937,2060000,1000000
2017-11-16 15:43:52.570000,1.12939,1.12937,1690000,1000000
2017-11-16 15:43:52.892000,1.1294,1.12938,2060000,1000000
2017-11-16 15:43:58.438000,1.12938,1.12936,1620000,1000000
2017-11-16 15:43:58.949000,1.12938,1.12936,3940000,1000000
2017-11-16 15:44:00.284000,1.12938,1.12935,1620000,5470000
2017-11-16 15:44:00.666000,1.12935,1.12934,1250000,1000000
2017-11-16 15:44:03.211000,1.12935,1.12933,1690000,1000000
2017-11-16 15:44:05.270000,1.12934,1.12932,2060000,1000000
2017-11-16 15:44:06.030000,1.12934,1.12932,2810000,1000000
2017-11-16 15:44:07.073000,1.12934,1.12931,3560000,1500000
2017-11-16 15:44:07.616000,1.12934,1.12932,3560000,1000000
2017-11-16 15:44:08.165000,1.12934,1.12931,4160000,1500000
2017-11-16 15:44:08.728000,1.12934,1.12931,1310000,1570000
2017-11-16 15:44:09.035000,1.12935,1.12933,1190000,1000000
2017-11-16 15:44:10.184000,1.12935,1.12934,1250000,1000000
2017-11-16 15:44:12.027000,1.12935,1.12933,1690000,1000000
2017-11-16 15:44:12.882000,1.12935,1.12932,1690000,1000000
2017-11-16 15:44:14.476000,1.12933,1.12932,1000000,1000000
2017-11-16 15:44:16.185000,1.12934,1.12932,1690000,1000000
2017-11-16 15:44:16.775000,1.12933,1.12932,1870000,1000000
2017-11-16 15:44:20.220000,1.12932,1.12931,1000000,1000000
2017-11-16 15:44:20.742000,1.12933,1.12932,1500000,1000000
2017-11-16 15:44:21.115000,1.1293,1.12929,1120000,2250000
2017-11-16 15:44:21.371000,1.12929,1.12927,1120000,1000000
2017-11-16 15:44:22.245000,1.12928,1.12926,2250000,1500000
2017-11-16 15:44:24.052000,1.12928,1.12926,3000000,1500000
2017-11-16 15:44:30.103000,1.12928,1.12925,4200000,1250000
2017-11-16 15:44:31.460000,1.12928,1.12925,4010000,1000000
2017-11-16 15:44:33.841000,1.12927,1.12925,1000000,1000000
2017-11-16 15:44:34.167000,1.12927,1.12924,1120000,3560000
2017-11-16 15:44:34.322000,1.12927,1.12925,2620000,3190000
2017-11-16 15:44:36.664000,1.12928,1.12926,3450000,1190000
2017-11-16 15:44:37.188000,1.12928,1.12926,2250000,1690000
2017-11-16 15:44:37.856000,1.12927,1.12926,1000000,1690000
2017-11-16 15:44:38.218000,1.12927,1.12924,1120000,5510000
2017-11-16 15:44:38.985000,1.12927,1.12924,1120000,4010000
2017-11-16 15:44:40.377000,1.12926,1.12924,1500000,2250000
2017-11-16 15:44:40.887000,1.12926,1.12923,2250000,5060000
2017-11-16 15:44:41.509000,1.12924,1.12923,2250000,1000000
2017-11-16 15:44:41.561000,1.12923,1.12921,2250000,1000000
2017-11-16 15:44:42.101000,1.12922,1.12919,1100000,2110000
2017-11-16 15:44:45.905000,1.12922,1.1292,2510000,1000000
2017-11-16 15:44:46.424000,1.12922,1.1292,1500000,1000000
2017-11-16 15:44:52.645000,1.12922,1.1292,2250000,1500000
2017-11-16 15:44:52.799000,1.1292,1.12918,1000000,1500000
2017-11-16 15:44:53.056000,1.12918,1.12917,1100000,1000000
2017-11-16 15:44:53.492000,1.12916,1.12915,1000000,1000000
2017-11-16 15:44:54.011000,1.12916,1.12914,1000000,2060000
2017-11-16 15:44:56.207000,1.12917,1.12914,3070000,2440000
2017-11-16 15:44:56.717000,1.12916,1.12914,1100000,1690000
2017-11-16 15:45:00.595000,1.12917,1.12914,3640000,2620000
