time,ask,bid,ask_volume,bid_volume
2020-11-13 14:55:01.598000,1.04774,1.04772,1000000,3290000
2020-11-13 14:55:03.326000,1.04772,1.0477,1870000,4350000
2020-11-13 14:55:03.377000,1.04769,1.04767,1000000,1390000
2020-11-13 14:55:03.479000,1.04769,1.04767,1000000,1010000
2020-11-13 14:55:03.632000,1.04768,1.04766,1000000,4470000
2020-11-13 14:55:05.431000,1.0477,1.04768,3750000,1310000
2020-11-13 14:55:07.128000,1.04772,1.04768,4500000,1200000
2020-11-13 14:55:09.848000,1.04771,1.04768,1500000,6640000
2020-11-13 14:55:09.995000,1.04771,1.04768,1500000,6790000
2020-11-13 14:55:10.834000,1.04773,1.04771,4870000,1390000
2020-11-13 14:55:10.936000,1.04773,1.04771,1000000,2660000
2020-11-13 14:55:11.239000,1.04775,1.04771,1500000,1570000
2020-11-13 14:55:11.340000,1.04776,1.04771,4500000,2890000
2020-11-13 14:55:11.441000,1.04775,1.04773,1500000,1690000
2020-11-13 14:55:14.795000,1.04774,1.04772,1000000,1200000
2020-11-13 14:55:14.846000,1.04772,1.04771,1500000,1000000
2020-11-13 14:55:15.225000,1.04772,1.0477,1500000,1390000
2020-11-13 14:55:16.416000,1.04775,1.04771,1120000,2140000
2020-11-13 14:55:16.619000,1.04775,1.04773,4500000,1000000
2020-11-13 14:55:19.892000,1.04773,1.04772,1000000,1000000
2020-11-13 14:55:20.196000,1.04774,1.04772,1000000,4570000
2020-11-13 14:55:24.279000,1.04775,1.04772,3750000,2880000
2020-11-13 14:55:24.380000,1.04775,1.04772,3750000,4150000
2020-11-13 14:55:25.175000,1.04776,1.04773,4870000,3630000
2020-11-13 14:55:26.047000,1.04776,1.04775,3000000,1000000
2020-11-13 14:55:26.149000,1.04777,1.04775,1000000,1120000
2020-11-13 14:55:26.453000,1.04779,1.04777,1000000,5090000
2020-11-13 14:55:26.605000,1.04778,1.04777,1000000,1000000
2020-11-13 14:55:26.707000,1.04778,1.04776,1000000,2060000
2020-11-13 14:55:29.786000,1.04778,1.04775,1000000,5500000
2020-11-13 14:55:31.463000,1.04777,1.04775,1500000,2060000
2020-11-13 14:55:31.564000,1.04776,1.04774,4500000,1690000
2020-11-13 14:55:35.523000,1.04773,1.04772,1000000,1310000
2020-11-13 14:55:35.675000,1.04773,1.04771,4570000,1310000
2020-11-13 14:55:36.899000,1.04774,1.04772,1120000,2500000
2020-11-13 14:55:37.348000,1.04775,1.04772,5250000,2500000
2020-11-13 14:55:38.089000,1.04772,1.04771,1000000,1500000
2020-11-13 14:55:38.190000,1.04773,1.04771,1500000,1000000
2020-11-13 14:55:38.620000,1.04773,1.0477,1500000,5500000
2020-11-13 14:55:40.688000,1.04771,1.04769,1500000,5560000
2020-11-13 14:55:42.703000,1.0477,1.04768,1500000,1500000
2020-11-13 14:55:46.122000,1.04772,1.04771,3750000,1690000
2020-11-13 14:55:46.223000,1.04773,1.04771,1500000,7010000
2020-11-13 14:55:46.384000,1.04777,1.04776,1000000,1690000
2020-11-13 14:55:47.569000,1.04777,1.04775,1250000,4200000
2020-11-13 14:55:47.670000,1.04779,1.04777,7560000,1000000
2020-11-13 14:55:48.252000,1.04778,1.04776,2500000,3000000
2020-11-13 14:55:48.354000,1.04777,1.04775,1500000,5440000
2020-11-13 14:55:48.456000,1.04776,1.04774,3750000,2440000
2020-11-13 14:55:52.311000,1.04776,1.04775,1500000,1250000
2020-11-13 14:55:52.412000,1.04777,1.04775,1500000,2440000
2020-11-13 14:56:00.619000,1.04776,1.04775,1000000,1690000
2020-11-13 14:56:02.356000,1.04775,1.04774,1000000,1250000
2020-11-13 14:56:07.413000,1.04776,1.04773,4500000,2120000
2020-11-13 14:56:07.874000,1.04775,1.04773,1000000,1370000
2020-11-13 14:56:15.773000,1.04774,1.04772,1000000,4310000
2020-11-13 14:56:16.429000,1.04775,1.04773,1000000,1000000
2020-11-13 14:56:16.530000,1.04774,1.04772,1000000,3640000
2020-11-13 14:56:17.049000,1.04774,1.04772,1000000,4140000
2020-11-13 14:56:18.058000,1.04775,1.04771,1000000,7010000
2020-11-13 14:56:20.061000,1.04774,1.04772,1000000,6760000
2020-11-13 14:56:21.558000,1.04775,1.04772,3750000,3760000
2020-11-13 14:56:25.857000,1.04777,1.04775,1000000,1000000
2020-11-13 14:56:26.160000,1.04776,1.04774,1000000,3560000
2020-11-13 14:56:27.990000,1.04775,1.04774,1000000,1000000
2020-11-13 14:56:28.097000,1.04775,1.04773,1000000,1690000
2020-11-13 14:56:29.827000,1.04775,1.04771,1000000,4690000
2020-11-13 14:56:30.577000,1.04776,1.04774,1500000,1450000
2020-11-13 14:56:30.678000,1.04776,1.04774,4500000,1370000
2020-11-13 14:56:31.773000,1.04776,1.04774,4500000,1100000
2020-11-13 14:56:31.875000,1.04775,1.04773,1000000,2140000
2020-11-13 14:56:32.127000,1.04776,1.04771,1570000,6190000
2020-11-13 14:56:32.229000,1.04774,1.04772,1000000,2440000
2020-11-13 14:56:32.843000,1.04775,1.04773,4570000,1000000
2020-11-13 14:56:37.201000,1.04776,1.04771,4870000,2440000
2020-11-13 14:56:37.302000,1.04774,1.04772,3450000,1250000
2020-11-13 14:56:37.403000,1.04775,1.04772,5320000,1250000
2020-11-13 14:56:37.504000,1.04775,1.04772,6200000,1250000
2020-11-13 14:56:37.868000,1.04775,1.04773,6200000,1000000
2020-11-13 14:56:38.442000,1.04775,1.04773,6070000,1000000
2020-11-13 14:56:39.188000,1.04777,1.04776,1500000,1000000
2020-11-13 14:56:39.289000,1.04777,1.04774,1500000,1310000
2020-11-13 14:56:39.441000,1.04776,1.04774,1500000,2060000
2020-11-13 14:56:39.542000,1.04776,1.04775,1000000,1000000
2020-11-13 14:56:41.942000,1.04776,1.04774,1000000,2060000
2020-11-13 14:56:43.556000,1.04777,1.04774,3750000,1000000
2020-11-13 14:56:43.607000,1.04776,1.04773,4500000,2140000
2020-11-13 14:56:45.390000,1.04773,1.04771,1000000,1000000
2020-11-13 14:56:45.491000,1.04773,1.04771,3120000,1250000
2020-11-13 14:56:45.896000,1.04773,1.04771,1870000,1250000
2020-11-13 14:56:54.950000,1.04772,1.04771,1000000,1310000
2020-11-13 14:56:55.001000,1.04774,1.04773,4500000,1000000
2020-11-13 14:56:55.153000,1.04775,1.04773,3750000,1000000
2020-11-13 14:56:56.010000,1.04776,1.04773,5890000,1000000
2020-11-13 14:56:57.231000,1.04775,1.04773,3000000,1000000
2020-11-13 14:56:59.165000,1.04774,1.04771,1000000,1120000
2020-11-13 14:56:59.268000,1.04774,1.04772,5620000,1000000
2020-11-13 14:57:02.356000,1.04774,1.04771,8260000,1120000
2020-11-13 14:57:02.709000,1.04774,1.04771,1100000,1000000
2020-11-13 14:57:08.642000,1.04774,1.04771,7720000,1690000
2020-11-13 14:57:15.842000,1.04772,1.0477,1000000,2560000
2020-11-13 14:57:15.943000,1.0477,1.04768,3750000,1000000
2020-11-13 14:57:16.337000,1.04767,1.04766,1000000,2060000
2020-11-13 14:57:16.438000,1.04768,1.04767,1000000,1690000
2020-11-13 14:57:16.539000,1.04767,1.04766,1000000,1690000
2020-11-13 14:57:19.487000,1.04767,1.04766,1000000,1690000
2020-11-13 14:57:19.937000,1.04768,1.04766,1000000,2060000
2020-11-13 14:57:22.522000,1.04769,1.04766,4870000,2440000
2020-11-13 14:57:24.291000,1.04769,1.04767,4870000,1000000
2020-11-13 14:57:30.208000,1.04771,1.04769,1000000,12700000
2020-11-13 14:57:30.259000,1.04773,1.04771,1600000,1000000
2020-11-13 14:57:30.360000,1.04774,1.0477,1000000,1950000
2020-11-13 14:57:30.724000,1.04774,1.04772,2810000,1600000
2020-11-13 14:57:34.758000,1.04775,1.04771,1500000,1570000
2020-11-13 14:57:34.860000,1.04769,1.04766,2250000,5950000
2020-11-13 14:57:34.961000,1.04768,1.04764,1000000,7260000
2020-11-13 14:57:35.063000,1.04769,1.04765,1500000,1750000
2020-11-13 14:57:36.857000,1.04769,1.04766,5700000,1750000
2020-11-13 14:57:53.676000,1.04773,1.04771,5250000,1950000
2020-11-13 14:57:53.777000,1.04774,1.04772,1690000,1100000
2020-11-13 14:57:53.980000,1.04774,1.04772,1690000,1100000
2020-11-13 14:57:54.182000,1.04774,1.04772,1690000,1950000
2020-11-13 14:57:54.284000,1.04774,1.04772,1250000,1720000
2020-11-13 14:57:54.591000,1.04774,1.04772,1250000,1570000
2020-11-13 14:57:56.406000,1.04775,1.04773,1250000,1200000
2020-11-13 14:57:57.714000,1.04775,1.04773,1000000,2660000
2020-11-13 14:57:58.226000,1.04775,1.04772,1250000,6570000
2020-11-13 14:57:58.428000,1.04775,1.04772,1250000,5320000
2020-11-13 14:57:58.773000,1.04774,1.04772,1250000,2370000
2020-11-13 14:57:58.875000,1.04774,1.04772,1250000,1120000
2020-11-13 14:58:00.125000,1.04773,1.04771,1000000,4950000
2020-11-13 14:58:00.177000,1.0477,1.04769,1000000,2440000
2020-11-13 14:58:00.228000,1.0477,1.04768,1000000,1390000
2020-11-13 14:58:00.483000,1.04771,1.04769,1870000,1000000
2020-11-13 14:58:00.584000,1.04773,1.04771,1870000,1000000
2020-11-13 14:58:00.686000,1.04773,1.0477,1870000,5140000
2020-11-13 14:58:00.888000,1.04773,1.04771,1870000,1250000
2020-11-13 14:58:01.144000,1.04773,1.0477,1970000,4690000
2020-11-13 14:58:01.918000,1.04771,1.0477,3000000,1000000
2020-11-13 14:58:02.020000,1.04772,1.0477,3820000,1000000
2020-11-13 14:58:02.669000,1.04771,1.04769,3750000,1310000
2020-11-13 14:58:04.385000,1.04772,1.04769,5320000,1690000
2020-11-13 14:58:07.522000,1.04774,1.04771,1810000,4950000
2020-11-13 14:58:07.623000,1.04774,1.04771,1250000,5320000
2020-11-13 14:58:09.065000,1.04774,1.04771,1250000,5470000
2020-11-13 14:58:09.876000,1.04774,1.04773,1250000,1000000
2020-11-13 14:58:09.927000,1.04777,1.04776,1250000,1200000
2020-11-13 14:58:10.230000,1.04778,1.04776,1250000,1100000
2020-11-13 14:58:11.470000,1.04778,1.04775,1250000,5060000
2020-11-13 14:58:11.994000,1.04778,1.04775,1310000,5290000
2020-11-13 14:58:14.640000,1.04779,1.04777,5440000,1600000
2020-11-13 14:58:14.792000,1.0478,1.04778,1250000,1100000
2020-11-13 14:58:18.365000,1.0478,1.04778,1250000,1220000
2020-11-13 14:58:19.318000,1.0478,1.04778,1250000,1570000
2020-11-13 14:58:22.061000,1.0478,1.04778,1000000,2160000
2020-11-13 14:58:23.767000,1.04782,1.04781,1000000,1250000
2020-11-13 14:58:23.868000,1.04783,1.04781,1500000,1250000
2020-11-13 14:58:27.223000,1.04784,1.04782,1000000,1200000
2020-11-13 14:58:27.324000,1.04784,1.04782,1000000,1950000
2020-11-13 14:58:27.527000,1.04783,1.0478,4500000,2590000
2020-11-13 14:58:27.628000,1.04783,1.04781,4500000,2060000
2020-11-13 14:58:29.070000,1.04785,1.04781,1500000,1690000
2020-11-13 14:58:29.171000,1.04785,1.04782,1000000,5160000
2020-11-13 14:58:30.357000,1.04784,1.04782,1000000,5160000
2020-11-13 14:58:30.458000,1.04785,1.04781,1000000,1100000
2020-11-13 14:58:30.858000,1.04784,1.04782,1000000,1220000
2020-11-13 14:58:31.556000,1.04784,1.04782,1000000,1760000
2020-11-13 14:58:32.076000,1.04785,1.04782,3750000,1760000
2020-11-13 14:58:33.753000,1.04784,1.04782,1000000,4760000
2020-11-13 14:58:33.804000,1.04782,1.0478,3370000,1870000
2020-11-13 14:58:33.906000,1.0478,1.04778,1000000,4390000
2020-11-13 14:58:37.346000,1.04779,1.04777,1000000,3260000
2020-11-13 14:58:37.530000,1.04779,1.04778,1000000,1000000
2020-11-13 14:58:38.752000,1.04778,1.04776,1000000,5560000
2020-11-13 14:58:38.853000,1.04777,1.04776,1000000,1250000
2020-11-13 14:58:38.954000,1.04777,1.04775,1000000,1690000
2020-11-13 14:58:40.659000,1.04776,1.04775,1000000,1250000
2020-11-13 14:58:42.257000,1.04776,1.04774,1000000,2060000
2020-11-13 14:58:42.727000,1.04775,1.04773,1000000,2060000
2020-11-13 14:58:43.320000,1.04774,1.04773,1000000,1690000
2020-11-13 14:58:46.836000,1.04774,1.04771,1500000,6820000
2020-11-13 14:58:48.101000,1.04777,1.04775,3820000,1450000
2020-11-13 14:58:48.203000,1.04777,1.04775,3750000,2060000
2020-11-13 14:58:48.405000,1.04776,1.04774,1000000,2510000
2020-11-13 14:58:50.007000,1.04777,1.04776,1000000,1690000
2020-11-13 14:58:50.108000,1.04778,1.04776,1000000,5440000
2020-11-13 14:58:50.261000,1.04777,1.04775,1000000,5060000
2020-11-13 14:58:50.413000,1.04778,1.04776,4500000,1000000
2020-11-13 14:58:50.565000,1.04778,1.04777,1000000,1000000
2020-11-13 14:58:50.953000,1.04779,1.04777,1000000,4220000
2020-11-13 14:58:51.567000,1.04779,1.04777,1000000,1760000
2020-11-13 14:58:53.820000,1.04777,1.04776,1000000,4120000
2020-11-13 14:58:53.922000,1.04777,1.04775,4500000,1500000
2020-11-13 14:58:59.633000,1.04777,1.04774,4950000,2810000
2020-11-13 14:59:00.219000,1.04775,1.04774,1000000,1000000
2020-11-13 14:59:01.103000,1.04774,1.04773,1000000,2060000
2020-11-13 14:59:01.548000,1.04774,1.04773,1000000,1250000
2020-11-13 14:59:02.788000,1.04774,1.04772,1000000,2060000
2020-11-13 14:59:02.889000,1.04773,1.04771,1500000,1690000
2020-11-13 14:59:04.636000,1.04772,1.04771,1000000,1690000
2020-11-13 14:59:04.738000,1.04771,1.0477,1000000,1690000
2020-11-13 14:59:04.839000,1.04773,1.0477,1000000,1690000
2020-11-13 14:59:07.814000,1.04771,1.04769,1570000,2810000
2020-11-13 14:59:07.966000,1.0477,1.04769,1000000,1000000
2020-11-13 14:59:08.068000,1.04771,1.04769,1500000,1690000
2020-11-13 14:59:09.144000,1.04774,1.04769,1870000,5200000
2020-11-13 14:59:10.896000,1.04774,1.04771,3000000,2510000
2020-11-13 14:59:11.107000,1.04774,1.04772,1000000,1200000
2020-11-13 14:59:11.208000,1.04775,1.04772,1000000,3640000
2020-11-13 14:59:11.310000,1.04774,1.04772,1000000,7390000
2020-11-13 14:59:11.981000,1.04775,1.04772,1000000,6640000
2020-11-13 14:59:13.554000,1.04775,1.04771,1000000,6640000
2020-11-13 14:59:21.930000,1.04773,1.04771,1000000,5500000
2020-11-13 14:59:22.518000,1.04773,1.0477,1000000,1690000
2020-11-13 14:59:25.210000,1.04773,1.04771,1500000,2440000
2020-11-13 14:59:26.630000,1.04773,1.04769,1000000,5440000
2020-11-13 14:59:26.732000,1.04773,1.04771,1870000,1690000
2020-11-13 14:59:41.830000,1.04769,1.04768,1000000,1120000
2020-11-13 14:59:41.982000,1.04772,1.04771,1000000,1250000
2020-11-13 14:59:43.998000,1.04773,1.0477,1500000,6620000
2020-11-13 14:59:46.082000,1.04775,1.04774,3000000,1000000
2020-11-13 14:59:46.133000,1.04777,1.04775,1100000,1690000
2020-11-13 14:59:46.235000,1.04777,1.04775,1500000,5570000
2020-11-13 14:59:46.336000,1.04779,1.04775,1500000,1690000
2020-11-13 14:59:46.538000,1.04777,1.04776,1000000,1390000
2020-11-13 14:59:46.842000,1.04777,1.04774,1000000,1000000
2020-11-13 14:59:46.943000,1.04776,1.04774,1000000,2890000
2020-11-13 14:59:48.769000,1.04775,1.04773,1000000,2440000
2020-11-13 14:59:50.180000,1.04776,1.04773,3000000,1690000
2020-11-13 14:59:52.985000,1.04778,1.04772,1870000,1690000
2020-11-13 14:59:56.955000,1.04777,1.04772,3000000,1250000
2020-11-13 14:59:57.057000,1.04775,1.04773,3750000,1250000
2020-11-13 14:59:57.158000,1.04776,1.04773,3750000,1250000
2020-11-13 14:59:57.314000,1.04775,1.04773,3000000,1250000
2020-11-13 15:00:00.373000,1.04773,1.04771,1000000,4240000
2020-11-13 15:00:00.525000,1.04774,1.04771,1000000,1250000
2020-11-13 15:00:00.677000,1.04773,1.04771,1000000,1250000
2020-11-13 15:00:01.620000,1.04772,1.04768,1000000,1000000
2020-11-13 15:00:01.721000,1.04772,1.0477,1000000,1250000
2020-11-13 15:00:01.823000,1.04772,1.04771,1000000,1250000
2020-11-13 15:00:01.924000,1.04772,1.0477,1000000,5810000
2020-11-13 15:00:02.127000,1.04772,1.04771,1000000,1000000
2020-11-13 15:00:02.284000,1.04772,1.0477,1000000,5810000
2020-11-13 15:00:02.989000,1.04773,1.04771,1000000,3000000
2020-11-13 15:00:03.091000,1.04772,1.0477,1000000,4690000
2020-11-13 15:00:05.519000,1.04773,1.0477,1000000,1690000
2020-11-13 15:00:10.288000,1.04773,1.04771,2250000,1000000
2020-11-13 15:00:14.980000,1.04776,1.04774,6500000,6560000
2020-11-13 15:00:15.082000,1.04777,1.04776,1000000,1000000
2020-11-13 15:00:15.183000,1.04778,1.04776,1000000,2560000
2020-11-13 15:00:15.285000,1.04779,1.04776,2250000,2560000
2020-11-13 15:00:15.960000,1.04775,1.04774,1000000,1000000
2020-11-13 15:00:16.062000,1.04775,1.04772,1000000,5810000
2020-11-13 15:00:16.821000,1.04774,1.04771,1000000,6560000
2020-11-13 15:00:17.243000,1.04773,1.04771,1000000,4310000
2020-11-13 15:00:17.294000,1.04772,1.0477,5620000,1690000
2020-11-13 15:00:17.345000,1.04775,1.04773,5810000,1500000
2020-11-13 15:00:17.447000,1.04774,1.04773,1000000,1250000
2020-11-13 15:00:17.549000,1.04774,1.04772,1000000,2060000
2020-11-13 15:00:21.336000,1.04776,1.04775,3750000,1250000
2020-11-13 15:00:21.490000,1.04775,1.04773,1500000,2500000
2020-11-13 15:00:21.592000,1.04774,1.04772,1000000,5120000
2020-11-13 15:00:24.099000,1.04777,1.04776,1000000,1390000
2020-11-13 15:00:24.201000,1.04778,1.04776,2250000,5510000
2020-11-13 15:00:25.072000,1.0478,1.04775,1500000,5510000
2020-11-13 15:00:25.181000,1.04779,1.04776,1500000,5660000
2020-11-13 15:00:25.802000,1.0478,1.04778,1000000,1750000
2020-11-13 15:00:25.853000,1.04784,1.04782,2140000,1500000
2020-11-13 15:00:25.954000,1.04784,1.04782,2060000,1620000
2020-11-13 15:00:26.208000,1.04784,1.04782,1690000,1500000
2020-11-13 15:00:27.025000,1.04785,1.04783,1000000,1250000
2020-11-13 15:00:28.773000,1.04786,1.04783,1000000,2440000
2020-11-13 15:00:29.383000,1.04788,1.04787,3750000,1500000
2020-11-13 15:00:29.434000,1.0479,1.04787,2960000,3750000
2020-11-13 15:00:30.091000,1.0479,1.04788,2140000,1000000
2020-11-13 15:00:30.294000,1.04791,1.04788,6260000,1000000
2020-11-13 15:00:30.646000,1.04791,1.04788,1690000,1950000
2020-11-13 15:00:32.388000,1.04794,1.04793,1000000,5440000
2020-11-13 15:00:32.489000,1.04796,1.04794,3750000,1000000
2020-11-13 15:00:32.591000,1.04797,1.04794,3940000,1000000
2020-11-13 15:00:33.049000,1.04797,1.04795,1250000,1000000
2020-11-13 15:00:33.378000,1.04797,1.04794,1250000,1950000
2020-11-13 15:00:34.036000,1.04799,1.04797,1000000,1000000
2020-11-13 15:00:34.087000,1.048,1.04797,3940000,1000000
2020-11-13 15:00:34.189000,1.04801,1.04798,5060000,1000000
2020-11-13 15:00:34.290000,1.04801,1.04799,1250000,1500000
2020-11-13 15:00:34.391000,1.04802,1.048,1000000,2440000
2020-11-13 15:00:34.595000,1.04806,1.04804,1500000,1500000
2020-11-13 15:00:34.698000,1.0481,1.04809,1250000,1500000
2020-11-13 15:00:34.750000,1.04812,1.0481,3750000,1200000
2020-11-13 15:00:34.801000,1.04814,1.04812,5440000,1000000
2020-11-13 15:00:34.853000,1.04817,1.04816,3750000,1690000
2020-11-13 15:00:34.954000,1.04819,1.04817,3750000,1120000
2020-11-13 15:00:35.055000,1.04823,1.04822,3370000,1500000
2020-11-13 15:00:35.106000,1.04825,1.04822,3940000,1500000
2020-11-13 15:00:35.207000,1.04826,1.04821,3940000,2820000
2020-11-13 15:00:35.410000,1.04827,1.04826,3000000,1000000
2020-11-13 15:00:35.511000,1.04827,1.04824,3940000,2250000
2020-11-13 15:00:35.613000,1.04826,1.04824,2200000,3750000
2020-11-13 15:00:35.714000,1.04826,1.04824,1000000,4500000
2020-11-13 15:00:35.967000,1.04828,1.04826,3750000,1250000
2020-11-13 15:00:36.119000,1.04829,1.04826,4800000,1250000
2020-11-13 15:00:36.222000,1.04829,1.04827,1800000,1000000
2020-11-13 15:00:36.324000,1.04829,1.04826,3010000,1000000
2020-11-13 15:00:36.526000,1.04826,1.04823,1760000,4870000
2020-11-13 15:00:36.627000,1.04826,1.04824,1000000,1000000
2020-11-13 15:00:37.092000,1.04825,1.04823,1250000,1000000
2020-11-13 15:00:37.447000,1.04821,1.04819,1000000,1310000
2020-11-13 15:00:37.650000,1.04821,1.04817,1200000,1370000
2020-11-13 15:00:37.752000,1.04819,1.04817,1000000,3750000
2020-11-13 15:00:37.802000,1.04818,1.04815,3750000,1000000
2020-11-13 15:00:37.904000,1.04817,1.04814,1950000,3000000
2020-11-13 15:00:38.005000,1.04816,1.04814,3000000,1750000
2020-11-13 15:00:38.106000,1.04817,1.04814,4950000,1750000
2020-11-13 15:00:38.359000,1.04816,1.04814,2140000,1000000
2020-11-13 15:00:38.686000,1.04816,1.04813,5350000,1000000
2020-11-13 15:00:38.889000,1.04815,1.04813,4390000,1000000
2020-11-13 15:00:39.024000,1.04815,1.04813,5890000,1000000
2020-11-13 15:00:39.075000,1.04815,1.04812,5160000,1000000
2020-11-13 15:00:39.666000,1.04814,1.04811,1970000,3750000
2020-11-13 15:00:39.768000,1.04812,1.0481,1500000,3750000
2020-11-13 15:00:39.819000,1.0481,1.04808,1000000,1000000
2020-11-13 15:00:40.878000,1.04811,1.04809,4200000,1000000
2020-11-13 15:00:40.979000,1.04812,1.04809,5250000,1000000
2020-11-13 15:00:41.678000,1.0481,1.04808,1000000,3000000
2020-11-13 15:00:41.780000,1.0481,1.04807,1000000,4950000
2020-11-13 15:00:42.586000,1.04809,1.04807,1000000,3750000
2020-11-13 15:00:42.689000,1.04806,1.04805,1500000,1250000
2020-11-13 15:00:43.137000,1.04807,1.04806,1000000,1250000
2020-11-13 15:00:43.778000,1.0481,1.04805,5320000,1690000
2020-11-13 15:00:43.881000,1.04809,1.04807,1000000,1690000
2020-11-13 15:00:43.983000,1.0481,1.04808,1200000,1000000
2020-11-13 15:00:44.084000,1.04812,1.04811,3000000,1000000
2020-11-13 15:00:44.186000,1.04812,1.0481,4500000,1000000
2020-11-13 15:00:44.287000,1.04811,1.0481,3000000,1000000
2020-11-13 15:00:44.439000,1.0481,1.04807,3840000,1100000
2020-11-13 15:00:46.979000,1.04809,1.04807,1000000,3820000
2020-11-13 15:00:50.468000,1.04809,1.04806,1000000,5140000
2020-11-13 15:00:54.588000,1.04804,1.04803,1000000,1120000
2020-11-13 15:00:54.689000,1.04803,1.04801,1000000,1250000
2020-11-13 15:00:54.993000,1.04802,1.048,1000000,4010000
2020-11-13 15:00:55.964000,1.04799,1.04797,1950000,1120000
2020-11-13 15:00:56.015000,1.04798,1.04796,1000000,4610000
2020-11-13 15:00:56.116000,1.04798,1.04796,1000000,3670000
2020-11-13 15:00:56.217000,1.04797,1.04795,1000000,3750000
2020-11-13 15:00:56.269000,1.04801,1.04799,2090000,1000000
2020-11-13 15:00:56.370000,1.04801,1.04799,1120000,1000000
2020-11-13 15:00:58.836000,1.04798,1.04796,1000000,2460000
2020-11-13 15:00:58.938000,1.04797,1.04796,1000000,3000000
2020-11-13 15:00:59.040000,1.04797,1.04795,1200000,4500000
2020-11-13 15:01:00.220000,1.04798,1.04797,1200000,1000000
2020-11-13 15:01:00.322000,1.04798,1.04793,1200000,4870000
2020-11-13 15:01:01.313000,1.04796,1.04794,1000000,4500000
2020-11-13 15:01:03.630000,1.04796,1.04794,4700000,1000000
2020-11-13 15:01:03.681000,1.04789,1.04788,1000000,2060000
2020-11-13 15:01:03.796000,1.04789,1.04787,1690000,3000000
2020-11-13 15:01:03.897000,1.04788,1.04785,1000000,3190000
2020-11-13 15:01:03.998000,1.04788,1.04785,5890000,1250000
2020-11-13 15:01:05.001000,1.04788,1.04785,4570000,1750000
2020-11-13 15:01:07.974000,1.04785,1.04784,1250000,1120000
2020-11-13 15:01:08.229000,1.04784,1.04782,1220000,1000000
2020-11-13 15:01:08.331000,1.04784,1.04781,1500000,3940000
2020-11-13 15:01:08.434000,1.04785,1.04784,1000000,1120000
2020-11-13 15:01:10.254000,1.04786,1.04784,1690000,1120000
2020-11-13 15:01:10.891000,1.04785,1.04784,1000000,1120000
2020-11-13 15:01:20.232000,1.04783,1.04781,1000000,1390000
2020-11-13 15:01:20.334000,1.04782,1.0478,1000000,1120000
2020-11-13 15:01:20.435000,1.04782,1.04779,1000000,6450000
2020-11-13 15:01:20.789000,1.04781,1.04779,1000000,6000000
2020-11-13 15:01:21.425000,1.04781,1.04779,1000000,1500000
2020-11-13 15:01:22.046000,1.04781,1.04779,1000000,1120000
2020-11-13 15:01:22.147000,1.04781,1.04779,1000000,2470000
2020-11-13 15:01:22.400000,1.04781,1.04779,1000000,1120000
2020-11-13 15:01:22.989000,1.0478,1.04779,1000000,1120000
2020-11-13 15:01:23.444000,1.0478,1.04777,1760000,6560000
2020-11-13 15:01:23.698000,1.04777,1.04776,1000000,1690000
2020-11-13 15:01:24.013000,1.04779,1.04777,5620000,1250000
2020-11-13 15:01:24.064000,1.0478,1.04779,1690000,1120000
2020-11-13 15:01:25.557000,1.04779,1.04777,1390000,2250000
2020-11-13 15:01:26.092000,1.04778,1.04777,1000000,1870000
2020-11-13 15:01:26.193000,1.04779,1.04775,1100000,3190000
2020-11-13 15:01:26.295000,1.04777,1.04775,1000000,4120000
2020-11-13 15:01:26.447000,1.04777,1.04774,4500000,5140000
2020-11-13 15:01:26.548000,1.04776,1.04774,3750000,1120000
2020-11-13 15:01:26.650000,1.04775,1.04774,1000000,1120000
2020-11-13 15:01:29.813000,1.04775,1.04772,4500000,3640000
2020-11-13 15:01:31.047000,1.04779,1.04776,2440000,1390000
2020-11-13 15:01:31.149000,1.04779,1.04777,1690000,1120000
2020-11-13 15:01:31.664000,1.04777,1.04776,1000000,1250000
2020-11-13 15:01:31.767000,1.04777,1.04774,4500000,5200000
2020-11-13 15:01:31.929000,1.04776,1.04774,1000000,2250000
2020-11-13 15:01:32.032000,1.04774,1.04772,1500000,1120000
2020-11-13 15:01:35.457000,1.04775,1.04772,3750000,2510000
2020-11-13 15:01:39.367000,1.04778,1.04777,1000000,1000000
2020-11-13 15:01:39.418000,1.0478,1.04778,6190000,1000000
2020-11-13 15:01:39.570000,1.04779,1.04775,1000000,1100000
2020-11-13 15:01:39.823000,1.04779,1.04774,1000000,8200000
2020-11-13 15:01:39.960000,1.04777,1.04775,1000000,6640000
2020-11-13 15:01:40.743000,1.04779,1.04774,4590000,2570000
2020-11-13 15:01:41.047000,1.04777,1.04775,3750000,1820000
2020-11-13 15:01:42.021000,1.04777,1.04775,1000000,4760000
2020-11-13 15:01:42.073000,1.04775,1.04774,1000000,2250000
2020-11-13 15:01:42.176000,1.04774,1.04771,1000000,9920000
2020-11-13 15:01:42.703000,1.04774,1.04771,1500000,7670000
2020-11-13 15:01:43.183000,1.04774,1.04772,1000000,2200000
2020-11-13 15:01:43.335000,1.04775,1.04772,4500000,2350000
2020-11-13 15:01:43.436000,1.04775,1.04772,4500000,2200000
2020-11-13 15:01:43.537000,1.04775,1.04772,4500000,2350000
2020-11-13 15:01:43.909000,1.04775,1.04772,4500000,2200000
2020-11-13 15:01:44.061000,1.04774,1.04772,1000000,3820000
2020-11-13 15:01:46.448000,1.04773,1.04771,1500000,1250000
2020-11-13 15:01:46.903000,1.04772,1.0477,1000000,5570000
2020-11-13 15:01:47.005000,1.04773,1.0477,2250000,5570000
2020-11-13 15:01:47.157000,1.04772,1.0477,1000000,3940000
2020-11-13 15:01:47.208000,1.04771,1.04767,1000000,1100000
2020-11-13 15:01:47.259000,1.04772,1.0477,1000000,1390000
2020-11-13 15:01:47.361000,1.04773,1.0477,1500000,5510000
2020-11-13 15:01:48.189000,1.04774,1.04769,1500000,5660000
2020-11-13 15:01:49.967000,1.04773,1.0477,1500000,5890000
2020-11-13 15:01:50.125000,1.04773,1.04771,1500000,3000000
2020-11-13 15:01:50.228000,1.0477,1.04768,1000000,3870000
2020-11-13 15:01:50.279000,1.04772,1.0477,1000000,2950000
2020-11-13 15:01:50.381000,1.04773,1.0477,1500000,6320000
2020-11-13 15:01:51.313000,1.04772,1.0477,1000000,6820000
2020-11-13 15:01:51.415000,1.04773,1.0477,1500000,6820000
2020-11-13 15:01:54.145000,1.04774,1.04772,1000000,1000000
2020-11-13 15:01:59.726000,1.04773,1.04771,1000000,4810000
2020-11-13 15:01:59.828000,1.04769,1.04767,3070000,3750000
2020-11-13 15:01:59.929000,1.0477,1.04768,1000000,1000000
2020-11-13 15:02:00.031000,1.04772,1.04769,1000000,1250000
2020-11-13 15:02:00.081000,1.04773,1.0477,5620000,2700000
2020-11-13 15:02:00.183000,1.04774,1.04771,4310000,1760000
2020-11-13 15:02:00.234000,1.04774,1.04772,4500000,1000000
2020-11-13 15:02:00.673000,1.04774,1.04771,2140000,4810000
2020-11-13 15:02:00.826000,1.04774,1.04771,5290000,1810000
2020-11-13 15:02:00.928000,1.04774,1.04771,5290000,1310000
2020-11-13 15:02:01.080000,1.04774,1.04771,1760000,4760000
2020-11-13 15:02:01.181000,1.04773,1.04771,1000000,4760000
2020-11-13 15:02:01.435000,1.04772,1.0477,2700000,3750000
2020-11-13 15:02:01.536000,1.04772,1.0477,1870000,1750000
2020-11-13 15:02:01.638000,1.04773,1.0477,1500000,5770000
2020-11-13 15:02:01.948000,1.04774,1.04772,1500000,1120000
2020-11-13 15:02:02.858000,1.04774,1.04772,1000000,1620000
2020-11-13 15:02:03.224000,1.04775,1.04771,1000000,1120000
2020-11-13 15:02:03.759000,1.04773,1.0477,1000000,4950000
2020-11-13 15:02:03.861000,1.04771,1.0477,3750000,1000000
2020-11-13 15:02:03.911000,1.04773,1.04771,1950000,1250000
2020-11-13 15:02:04.164000,1.04774,1.04771,1500000,1890000
2020-11-13 15:02:05.573000,1.04774,1.04771,1760000,4310000
2020-11-13 15:02:05.857000,1.04774,1.04772,1760000,1000000
2020-11-13 15:02:06.948000,1.04774,1.04771,2140000,4310000
2020-11-13 15:02:07.888000,1.04776,1.04773,5470000,1250000
2020-11-13 15:02:07.990000,1.04776,1.04774,1000000,1500000
2020-11-13 15:02:08.141000,1.04775,1.04773,1000000,2370000
2020-11-13 15:02:08.692000,1.04775,1.04773,1000000,1500000
2020-11-13 15:02:11.492000,1.04774,1.04772,1000000,4200000
2020-11-13 15:02:14.815000,1.04774,1.04771,1850000,5560000
2020-11-13 15:02:14.916000,1.04773,1.04771,1200000,1310000
2020-11-13 15:02:15.945000,1.04771,1.04769,1000000,3260000
2020-11-13 15:02:15.996000,1.04773,1.04771,6820000,1250000
2020-11-13 15:02:19.019000,1.04772,1.0477,1000000,5560000
2020-11-13 15:02:19.121000,1.04773,1.0477,4200000,2620000
2020-11-13 15:02:23.752000,1.04773,1.04771,1000000,1250000
2020-11-13 15:02:24.104000,1.04774,1.04772,1120000,1000000
2020-11-13 15:02:24.206000,1.04776,1.04773,4120000,5440000
2020-11-13 15:02:24.257000,1.04778,1.04776,4970000,1250000
2020-11-13 15:02:24.358000,1.04777,1.04775,1200000,1870000
2020-11-13 15:02:24.460000,1.04776,1.04774,1000000,1120000
2020-11-13 15:02:24.561000,1.04775,1.04774,1000000,1120000
2020-11-13 15:02:24.662000,1.04776,1.04771,1000000,7140000
2020-11-13 15:02:25.148000,1.04774,1.04772,1000000,1310000
2020-11-13 15:02:25.951000,1.04774,1.04773,1000000,1000000
2020-11-13 15:02:26.002000,1.04778,1.04775,6900000,1250000
2020-11-13 15:02:26.104000,1.04778,1.04775,1570000,5560000
2020-11-13 15:02:26.419000,1.04779,1.04776,4760000,1120000
2020-11-13 15:02:29.588000,1.0478,1.04776,1000000,1310000
2020-11-13 15:02:29.690000,1.0478,1.04777,1500000,5060000
2020-11-13 15:02:32.189000,1.04779,1.04777,1250000,2250000
2020-11-13 15:02:33.695000,1.04776,1.04775,1500000,2440000
2020-11-13 15:02:33.746000,1.04775,1.04773,1000000,2100000
2020-11-13 15:02:33.847000,1.04774,1.04773,1000000,1870000
2020-11-13 15:02:33.949000,1.04774,1.04772,1000000,1310000
2020-11-13 15:02:34.911000,1.04774,1.0477,1100000,2060000
2020-11-13 15:02:38.606000,1.04774,1.04771,5040000,1310000
2020-11-13 15:02:41.760000,1.04774,1.04771,1500000,4810000
2020-11-13 15:02:48.777000,1.04774,1.04772,1870000,1000000
2020-11-13 15:02:50.530000,1.04774,1.04772,1870000,1000000
2020-11-13 15:02:57.236000,1.0477,1.04767,1310000,1250000
2020-11-13 15:02:57.287000,1.04768,1.04767,1500000,4500000
2020-11-13 15:02:57.338000,1.04765,1.04764,1120000,1760000
2020-11-13 15:02:57.389000,1.04768,1.04765,1120000,1250000
2020-11-13 15:02:57.490000,1.04768,1.04766,4870000,1250000
2020-11-13 15:02:57.592000,1.04771,1.04769,1250000,1500000
2020-11-13 15:02:57.694000,1.04774,1.0477,4750000,1000000
2020-11-13 15:02:57.796000,1.04772,1.0477,1250000,2250000
2020-11-13 15:02:58.099000,1.04773,1.04771,4750000,1000000
2020-11-13 15:02:59.534000,1.04772,1.0477,4570000,1000000
2020-11-13 15:02:59.636000,1.04772,1.04771,1000000,1000000
2020-11-13 15:02:59.989000,1.04774,1.0477,1000000,1000000
2020-11-13 15:03:00.295000,1.04774,1.04771,1000000,4760000
2020-11-13 15:03:00.397000,1.04774,1.04771,1000000,4890000
2020-11-13 15:03:00.499000,1.04774,1.04771,1000000,4310000
2020-11-13 15:03:00.601000,1.04774,1.04772,1000000,1000000
2020-11-13 15:03:00.703000,1.04774,1.04771,1000000,4310000
2020-11-13 15:03:01.119000,1.04774,1.04771,1000000,4790000
2020-11-13 15:03:01.221000,1.04774,1.04771,1000000,4310000
2020-11-13 15:03:01.337000,1.04774,1.04771,1000000,4790000
2020-11-13 15:03:01.438000,1.04774,1.04771,1000000,4310000
2020-11-13 15:03:01.594000,1.04774,1.04771,1000000,4790000
2020-11-13 15:03:01.698000,1.04774,1.04771,1000000,4310000
2020-11-13 15:03:02.126000,1.04774,1.04771,1000000,4790000
2020-11-13 15:03:02.332000,1.04774,1.04771,1000000,4310000
2020-11-13 15:03:02.435000,1.04774,1.04771,1000000,4790000
2020-11-13 15:03:02.560000,1.04774,1.04771,1000000,4310000
2020-11-13 15:03:02.936000,1.04774,1.04771,1000000,5540000
2020-11-13 15:03:03.037000,1.04774,1.04771,1000000,5060000
2020-11-13 15:03:03.172000,1.04774,1.04771,1000000,5540000
2020-11-13 15:03:03.273000,1.04774,1.04771,1000000,5060000
2020-11-13 15:03:04.766000,1.04774,1.04771,1000000,5910000
2020-11-13 15:03:04.917000,1.04774,1.04771,1000000,5440000
2020-11-13 15:03:05.432000,1.04774,1.04772,1000000,1100000
2020-11-13 15:03:05.533000,1.04775,1.0477,1000000,5440000
2020-11-13 15:03:12.818000,1.04774,1.04771,1000000,6010000
2020-11-13 15:03:14.312000,1.04774,1.04771,1000000,5810000
2020-11-13 15:03:14.545000,1.04774,1.04772,1500000,1000000
2020-11-13 15:03:14.720000,1.04774,1.04771,1500000,5140000
2020-11-13 15:03:14.821000,1.04774,1.04771,1500000,5190000
2020-11-13 15:03:15.601000,1.04774,1.04771,2320000,4690000
2020-11-13 15:03:16.621000,1.04774,1.04771,2320000,4810000
2020-11-13 15:03:18.802000,1.04774,1.04771,4870000,1690000
2020-11-13 15:03:19.066000,1.04774,1.04771,4870000,1810000
2020-11-13 15:03:19.167000,1.04772,1.04771,1120000,1000000
2020-11-13 15:03:19.319000,1.04773,1.04771,1500000,1120000
2020-11-13 15:03:19.623000,1.04773,1.04771,1000000,1620000
2020-11-13 15:03:19.724000,1.04773,1.04771,1000000,4500000
2020-11-13 15:03:22.690000,1.04774,1.0477,1000000,4620000
2020-11-13 15:03:24.497000,1.04772,1.0477,1000000,2510000
2020-11-13 15:03:24.548000,1.04769,1.04768,1250000,1000000
2020-11-13 15:03:24.649000,1.04771,1.04769,1500000,4450000
2020-11-13 15:03:24.700000,1.0477,1.04768,1000000,4690000
2020-11-13 15:03:24.803000,1.0477,1.04768,2370000,1000000
2020-11-13 15:03:24.905000,1.04771,1.04768,2810000,1000000
2020-11-13 15:03:25.007000,1.04771,1.04769,3370000,5590000
2020-11-13 15:03:25.109000,1.04773,1.04771,2190000,1000000
2020-11-13 15:03:27.529000,1.04773,1.04772,1480000,1000000
2020-11-13 15:03:28.085000,1.04774,1.04772,1690000,1200000
2020-11-13 15:03:31.022000,1.04774,1.04771,5890000,2060000
2020-11-13 15:03:31.669000,1.04772,1.0477,1590000,1000000
2020-11-13 15:03:34.606000,1.04774,1.04771,5810000,1000000
2020-11-13 15:03:34.708000,1.04774,1.04772,2910000,1000000
2020-11-13 15:03:35.303000,1.04774,1.04772,3310000,1000000
2020-11-13 15:03:35.811000,1.04774,1.04772,1520000,1570000
2020-11-13 15:03:42.966000,1.04774,1.04772,6120000,1000000
2020-11-13 15:03:43.846000,1.04772,1.04768,3820000,3120000
2020-11-13 15:03:43.948000,1.0477,1.04768,3000000,3190000
2020-11-13 15:03:43.999000,1.04771,1.04769,1950000,1000000
2020-11-13 15:03:44.100000,1.04772,1.0477,1570000,1000000
2020-11-13 15:03:44.353000,1.04773,1.04771,2320000,1120000
2020-11-13 15:03:44.556000,1.04773,1.04772,1500000,1000000
2020-11-13 15:03:44.657000,1.04773,1.04771,1500000,4310000
2020-11-13 15:03:50.299000,1.04773,1.04771,1000000,4810000
2020-11-13 15:03:51.268000,1.04774,1.0477,1000000,4690000
2020-11-13 15:03:52.853000,1.04774,1.04771,1000000,1000000
2020-11-13 15:03:52.955000,1.04774,1.04772,2080000,1000000
2020-11-13 15:03:53.057000,1.04774,1.04771,2080000,4690000
2020-11-13 15:03:59.935000,1.04774,1.04771,5580000,1810000
2020-11-13 15:04:01.304000,1.04774,1.04771,5460000,1810000
2020-11-13 15:04:06.327000,1.04774,1.04771,5580000,1810000
2020-11-13 15:04:26.206000,1.04778,1.04775,4010000,4690000
2020-11-13 15:04:26.308000,1.04778,1.04776,2140000,1500000
2020-11-13 15:04:26.359000,1.04777,1.04775,2950000,2250000
2020-11-13 15:04:26.410000,1.04776,1.04774,4500000,2810000
2020-11-13 15:04:27.105000,1.04775,1.04773,1000000,2370000
2020-11-13 15:04:27.156000,1.04774,1.04772,3540000,4120000
2020-11-13 15:04:27.258000,1.04774,1.04771,5570000,1870000
2020-11-13 15:04:30.837000,1.04772,1.04771,1200000,1000000
2020-11-13 15:04:31.546000,1.04774,1.04771,4590000,1310000
2020-11-13 15:04:31.596000,1.04774,1.04772,1000000,4450000
2020-11-13 15:04:31.647000,1.04777,1.04775,4440000,1500000
2020-11-13 15:04:31.749000,1.04776,1.04774,1000000,2620000
2020-11-13 15:04:31.851000,1.04777,1.04774,4390000,2620000
2020-11-13 15:04:32.308000,1.04776,1.04774,3450000,1870000
2020-11-13 15:04:32.965000,1.04775,1.04774,1000000,1000000
2020-11-13 15:04:33.066000,1.04774,1.04772,1600000,1310000
2020-11-13 15:04:33.168000,1.04775,1.04771,1000000,1250000
2020-11-13 15:04:33.269000,1.04775,1.0477,1600000,6620000
2020-11-13 15:04:36.730000,1.04774,1.04771,4200000,2500000
2020-11-13 15:04:37.241000,1.04774,1.04771,1600000,5500000
2020-11-13 15:04:37.508000,1.04774,1.04771,1000000,5500000
2020-11-13 15:04:38.410000,1.04774,1.04772,1000000,1750000
2020-11-13 15:04:38.822000,1.04776,1.04772,4200000,1250000
2020-11-13 15:04:38.923000,1.04774,1.04772,1000000,4310000
2020-11-13 15:04:39.025000,1.04774,1.04771,2850000,3620000
2020-11-13 15:04:44.849000,1.04773,1.04771,1290000,2060000
2020-11-13 15:04:45.153000,1.04769,1.04768,1500000,3190000
2020-11-13 15:04:45.254000,1.0477,1.04768,4870000,1250000
2020-11-13 15:04:45.356000,1.04772,1.0477,3070000,1000000
2020-11-13 15:04:48.672000,1.04772,1.04771,1000000,1000000
2020-11-13 15:04:50.495000,1.04774,1.0477,2320000,3750000
2020-11-13 15:05:11.974000,1.04773,1.04772,1100000,1120000
2020-11-13 15:05:12.227000,1.04774,1.04771,4350000,5250000
2020-11-13 15:05:15.019000,1.04773,1.04771,1720000,1000000
2020-11-13 15:05:15.121000,1.04773,1.04771,4570000,1000000
2020-11-13 15:05:20.638000,1.04774,1.04772,2420000,1120000
2020-11-13 15:05:20.949000,1.04774,1.04772,1820000,1870000
2020-11-13 15:05:24.688000,1.04774,1.0477,1600000,2620000
2020-11-13 15:05:24.790000,1.04773,1.04771,1200000,2620000
2020-11-13 15:05:26.396000,1.04773,1.04772,1570000,1000000
2020-11-13 15:05:26.962000,1.04774,1.04773,2320000,1250000
2020-11-13 15:05:27.013000,1.04777,1.04776,1000000,2250000
2020-11-13 15:05:27.115000,1.04779,1.04775,4200000,2440000
2020-11-13 15:05:27.216000,1.04779,1.04778,1200000,1500000
2020-11-13 15:05:28.449000,1.04778,1.04777,1000000,1310000
2020-11-13 15:05:32.815000,1.0478,1.04776,1000000,1690000
2020-11-13 15:05:34.168000,1.04783,1.04782,3640000,3450000
2020-11-13 15:05:34.219000,1.04788,1.04786,3290000,1500000
2020-11-13 15:05:34.321000,1.04788,1.04787,2890000,1500000
2020-11-13 15:05:34.714000,1.04787,1.04783,1000000,6310000
2020-11-13 15:05:34.815000,1.04787,1.04783,1000000,2810000
2020-11-13 15:05:35.741000,1.04785,1.04784,1000000,1690000
2020-11-13 15:05:35.842000,1.04784,1.04783,1000000,1690000
2020-11-13 15:05:36.909000,1.04785,1.04784,1000000,1250000
2020-11-13 15:05:37.011000,1.04785,1.04783,1000000,2440000
2020-11-13 15:05:41.049000,1.04785,1.04784,1000000,1250000
2020-11-13 15:05:43.030000,1.04786,1.04785,3750000,1690000
2020-11-13 15:05:43.081000,1.04789,1.04787,1100000,1000000
2020-11-13 15:05:47.003000,1.04789,1.04788,1200000,1000000
2020-11-13 15:05:48.112000,1.0479,1.04788,1950000,1000000
2020-11-13 15:05:48.365000,1.04794,1.04793,1500000,1500000
2020-11-13 15:05:48.416000,1.04796,1.04794,3640000,1000000
2020-11-13 15:05:49.682000,1.04794,1.04793,1000000,5250000
2020-11-13 15:05:49.733000,1.04789,1.04787,1000000,2500000
2020-11-13 15:05:49.835000,1.04787,1.04786,1200000,1250000
2020-11-13 15:05:49.987000,1.04789,1.04785,5700000,2440000
2020-11-13 15:05:50.088000,1.04788,1.04786,4200000,1000000
2020-11-13 15:05:50.391000,1.04788,1.04786,1200000,1690000
2020-11-13 15:05:50.554000,1.04788,1.04786,4350000,1000000
2020-11-13 15:05:51.341000,1.04788,1.04786,5320000,1000000
2020-11-13 15:05:51.723000,1.04787,1.04785,1000000,2060000
2020-11-13 15:05:51.825000,1.04789,1.04787,1200000,2440000
2020-11-13 15:05:52.819000,1.0479,1.04787,1000000,1000000
2020-11-13 15:05:57.791000,1.0479,1.04788,1200000,1690000
2020-11-13 15:05:57.944000,1.04793,1.04792,3000000,1000000
2020-11-13 15:05:59.389000,1.04795,1.04793,2500000,1000000
2020-11-13 15:05:59.490000,1.048,1.04798,1250000,1500000
2020-11-13 15:05:59.592000,1.04801,1.048,1000000,1000000
2020-11-13 15:06:00.219000,1.04802,1.048,1000000,1950000
2020-11-13 15:06:00.743000,1.04802,1.04799,1250000,1000000
2020-11-13 15:06:01.945000,1.04801,1.04799,1250000,4500000
2020-11-13 15:06:03.349000,1.04799,1.04797,1000000,1120000
2020-11-13 15:06:03.451000,1.04799,1.04797,2100000,1000000
2020-11-13 15:06:04.102000,1.048,1.04799,3750000,1000000
2020-11-13 15:06:04.203000,1.04801,1.04799,1500000,1000000
2020-11-13 15:06:04.586000,1.04802,1.048,3750000,1000000
2020-11-13 15:06:05.491000,1.04801,1.048,1000000,1000000
2020-11-13 15:06:08.566000,1.04799,1.04798,3000000,1000000
2020-11-13 15:06:08.667000,1.048,1.04798,5700000,1000000
2020-11-13 15:06:08.870000,1.048,1.04797,3750000,1000000
2020-11-13 15:06:09.173000,1.04802,1.04799,1870000,1000000
2020-11-13 15:06:09.274000,1.04803,1.04801,1120000,1250000
2020-11-13 15:06:09.765000,1.04803,1.04801,1200000,1250000
2020-11-13 15:06:09.867000,1.04802,1.048,1000000,3750000
2020-11-13 15:06:10.337000,1.04802,1.04801,1000000,1000000
2020-11-13 15:06:10.438000,1.04803,1.04801,4310000,1000000
2020-11-13 15:06:10.957000,1.04802,1.04801,1000000,1000000
2020-11-13 15:06:13.159000,1.04799,1.04797,1000000,5440000
2020-11-13 15:06:13.260000,1.04799,1.04798,3750000,1000000
2020-11-13 15:06:15.017000,1.04801,1.04799,5320000,1000000
2020-11-13 15:06:15.118000,1.04802,1.048,6070000,1000000
2020-11-13 15:06:16.408000,1.04802,1.048,2250000,1690000
2020-11-13 15:06:17.229000,1.04801,1.048,3000000,1000000
2020-11-13 15:06:17.330000,1.04802,1.048,6070000,1000000
2020-11-13 15:06:18.870000,1.04801,1.04799,3000000,1000000
2020-11-13 15:06:20.231000,1.04803,1.048,1870000,1000000
2020-11-13 15:06:21.186000,1.04802,1.048,1000000,5060000
2020-11-13 15:06:22.614000,1.04802,1.04799,3000000,1000000
2020-11-13 15:06:22.716000,1.04802,1.048,5510000,1000000
2020-11-13 15:06:24.208000,1.04801,1.048,3000000,1000000
2020-11-13 15:06:24.309000,1.04802,1.048,5510000,1000000
2020-11-13 15:06:24.470000,1.04802,1.04799,3000000,1000000
2020-11-13 15:06:24.647000,1.04802,1.048,5510000,1000000
2020-11-13 15:06:26.791000,1.04801,1.048,1000000,1000000
2020-11-13 15:06:26.842000,1.04799,1.04796,1950000,1310000
2020-11-13 15:06:26.994000,1.048,1.04798,5950000,1000000
2020-11-13 15:06:27.096000,1.04801,1.04799,5420000,1000000
2020-11-13 15:06:27.147000,1.04797,1.04796,1500000,1000000
2020-11-13 15:06:27.248000,1.04799,1.04797,4500000,1000000
2020-11-13 15:06:27.964000,1.048,1.04799,3000000,1000000
2020-11-13 15:06:28.065000,1.04801,1.04799,4970000,1000000
2020-11-13 15:06:28.217000,1.048,1.04798,1000000,1690000
2020-11-13 15:06:28.480000,1.048,1.04798,4570000,1000000
2020-11-13 15:06:28.581000,1.048,1.04798,4500000,1000000
2020-11-13 15:06:31.254000,1.04798,1.04797,1000000,2250000
2020-11-13 15:06:31.305000,1.048,1.04798,4500000,1000000
2020-11-13 15:06:34.850000,1.04797,1.04796,1200000,2810000
2020-11-13 15:06:34.901000,1.04799,1.04797,6540000,1000000
2020-11-13 15:06:36.135000,1.04798,1.04796,1200000,2810000
2020-11-13 15:06:36.236000,1.04799,1.04798,2720000,1000000
2020-11-13 15:06:36.439000,1.04797,1.04795,1200000,2440000
2020-11-13 15:06:36.540000,1.04798,1.04796,1950000,1000000
2020-11-13 15:06:36.641000,1.04799,1.04797,1590000,1000000
2020-11-13 15:06:38.591000,1.04799,1.04798,1120000,1000000
2020-11-13 15:06:40.106000,1.04797,1.04796,1500000,1120000
2020-11-13 15:06:40.157000,1.04799,1.04797,6090000,1000000
2020-11-13 15:06:40.522000,1.04798,1.04797,1570000,1000000
2020-11-13 15:06:40.625000,1.04797,1.04796,1500000,1690000
2020-11-13 15:06:40.827000,1.04798,1.04797,4500000,1000000
2020-11-13 15:06:40.878000,1.04799,1.04797,5340000,1000000
2020-11-13 15:06:40.980000,1.04798,1.04797,1570000,1000000
2020-11-13 15:06:41.081000,1.04799,1.04797,4590000,1000000
2020-11-13 15:06:42.644000,1.04802,1.048,6390000,1000000
2020-11-13 15:06:42.746000,1.04805,1.04803,10350000,1000000
2020-11-13 15:06:42.847000,1.04804,1.04803,1000000,1000000
2020-11-13 15:06:42.949000,1.04803,1.04802,1000000,1310000
2020-11-13 15:06:43.252000,1.04802,1.04801,1000000,2440000
2020-11-13 15:06:43.354000,1.04801,1.048,1000000,1250000
2020-11-13 15:06:45.861000,1.048,1.04799,1000000,1000000
2020-11-13 15:06:45.969000,1.04798,1.04796,5320000,2310000
2020-11-13 15:06:46.070000,1.04799,1.04797,1290000,2690000
2020-11-13 15:06:47.349000,1.04798,1.04795,1000000,2810000
2020-11-13 15:06:47.450000,1.048,1.04797,1520000,1000000
2020-11-13 15:06:48.467000,1.04798,1.04796,1000000,5440000
2020-11-13 15:06:48.569000,1.04798,1.04797,1000000,1000000
2020-11-13 15:06:48.692000,1.048,1.04796,4520000,1000000
2020-11-13 15:06:49.369000,1.04797,1.04796,1000000,1250000
2020-11-13 15:06:49.421000,1.04799,1.04797,4890000,1000000
2020-11-13 15:06:49.527000,1.04799,1.04798,1520000,1000000
2020-11-13 15:06:56.887000,1.048,1.04798,4500000,1250000
2020-11-13 15:06:59.770000,1.04799,1.04798,1000000,1310000
2020-11-13 15:07:00.079000,1.048,1.04799,4500000,1000000
2020-11-13 15:07:07.830000,1.04799,1.04798,1500000,1120000
2020-11-13 15:07:07.982000,1.04795,1.04793,1500000,4950000
2020-11-13 15:07:08.084000,1.04797,1.04795,1760000,1000000
2020-11-13 15:07:08.185000,1.04793,1.04792,1500000,1000000
2020-11-13 15:07:08.236000,1.04792,1.0479,1000000,5950000
2020-11-13 15:07:08.337000,1.04793,1.04792,2620000,1000000
2020-11-13 15:07:08.439000,1.04794,1.04793,2280000,1000000
2020-11-13 15:07:08.826000,1.04798,1.04796,1500000,1250000
2020-11-13 15:07:08.928000,1.04798,1.04797,1000000,1310000
2020-11-13 15:07:09.746000,1.04796,1.04795,1500000,3940000
2020-11-13 15:07:09.881000,1.04798,1.04797,2320000,1000000
2020-11-13 15:07:11.995000,1.04798,1.04796,4200000,1000000
2020-11-13 15:07:12.097000,1.04798,1.04797,1000000,1000000
2020-11-13 15:07:12.300000,1.04799,1.04795,1500000,2060000
2020-11-13 15:07:12.402000,1.04798,1.04797,1000000,1000000
2020-11-13 15:07:15.270000,1.04799,1.04798,1530000,1000000
2020-11-13 15:07:15.372000,1.04799,1.04798,1530000,1000000
2020-11-13 15:07:18.021000,1.04799,1.04797,1530000,1500000
2020-11-13 15:07:18.124000,1.04798,1.04797,1000000,1000000
2020-11-13 15:07:18.225000,1.04797,1.04796,1500000,2440000
2020-11-13 15:07:18.327000,1.04798,1.04796,1000000,1000000
2020-11-13 15:07:18.428000,1.04798,1.04796,4880000,1000000
2020-11-13 15:07:19.187000,1.04796,1.04795,1500000,1250000
2020-11-13 15:07:19.289000,1.04798,1.04796,5620000,1000000
2020-11-13 15:07:19.390000,1.04798,1.04797,1000000,1000000
2020-11-13 15:07:21.819000,1.04799,1.04797,2070000,1000000
2020-11-13 15:07:28.857000,1.04799,1.04798,1880000,1000000
2020-11-13 15:07:39.704000,1.048,1.04798,5250000,1000000
2020-11-13 15:07:40.048000,1.04802,1.04801,2250000,1250000
2020-11-13 15:07:40.099000,1.048,1.04799,1500000,1010000
2020-11-13 15:07:44.951000,1.04797,1.04795,1500000,2620000
2020-11-13 15:07:45.104000,1.04797,1.04796,2250000,1000000
2020-11-13 15:07:45.205000,1.04798,1.04797,6000000,1000000
2020-11-13 15:07:45.306000,1.04798,1.04797,2630000,1000000
2020-11-13 15:07:45.408000,1.04798,1.04797,2250000,1250000
2020-11-13 15:07:45.509000,1.04799,1.04798,1000000,1390000
2020-11-13 15:07:46.558000,1.04797,1.04794,1500000,2370000
2020-11-13 15:07:46.660000,1.04798,1.04796,1000000,1000000
2020-11-13 15:07:47.031000,1.04796,1.04795,1000000,1310000
2020-11-13 15:07:47.132000,1.04798,1.04797,1870000,1250000
2020-11-13 15:07:48.669000,1.04794,1.04793,1500000,4950000
2020-11-13 15:07:48.770000,1.04795,1.04794,2250000,1250000
2020-11-13 15:07:48.872000,1.04795,1.04794,1500000,4010000
2020-11-13 15:07:48.923000,1.04797,1.04796,1870000,1000000
2020-11-13 15:07:49.027000,1.04797,1.04796,1500000,1200000
2020-11-13 15:07:49.078000,1.04796,1.04794,1000000,1950000
2020-11-13 15:07:49.179000,1.04797,1.04796,2250000,1000000
2020-11-13 15:07:49.692000,1.04796,1.04793,2070000,1120000
2020-11-13 15:07:49.793000,1.04798,1.04796,2870000,1690000
2020-11-13 15:07:49.895000,1.04798,1.04797,1500000,1000000
2020-11-13 15:07:53.293000,1.04798,1.04796,1000000,3260000
2020-11-13 15:07:53.395000,1.04798,1.04796,4750000,1500000
2020-11-13 15:07:53.446000,1.04796,1.04794,1000000,4570000
2020-11-13 15:07:53.699000,1.04798,1.04797,1880000,1000000
2020-11-13 15:07:53.902000,1.04799,1.04796,1500000,1000000
2020-11-13 15:07:59.504000,1.04797,1.04796,1570000,1000000
2020-11-13 15:07:59.606000,1.04796,1.04794,2330000,3870000
2020-11-13 15:07:59.708000,1.04795,1.04794,1000000,1000000
2020-11-13 15:07:59.759000,1.04795,1.04793,1000000,5890000
2020-11-13 15:07:59.810000,1.04796,1.04795,1500000,1200000
2020-11-13 15:07:59.912000,1.04797,1.04796,1000000,1000000
2020-11-13 15:08:00.064000,1.04798,1.04796,1000000,5140000
2020-11-13 15:08:00.165000,1.04798,1.04795,1500000,3940000
2020-11-13 15:08:00.267000,1.04798,1.04796,7950000,1000000
2020-11-13 15:08:00.673000,1.04798,1.04797,1500000,1000000
2020-11-13 15:08:03.853000,1.04799,1.04795,2100000,1500000
2020-11-13 15:08:03.954000,1.04798,1.04797,1500000,1000000
2020-11-13 15:08:06.459000,1.04798,1.04796,4530000,1000000
2020-11-13 15:08:06.510000,1.04796,1.04794,1000000,6750000
2020-11-13 15:08:06.561000,1.04798,1.04797,2250000,1000000
2020-11-13 15:08:06.680000,1.04798,1.04797,1500000,1000000
2020-11-13 15:08:14.344000,1.04798,1.04797,1500000,1000000
2020-11-13 15:08:14.445000,1.04798,1.04797,1500000,1000000
2020-11-13 15:08:27.523000,1.04798,1.04797,1870000,1000000
2020-11-13 15:08:27.573000,1.04796,1.04795,1500000,1010000
2020-11-13 15:08:27.675000,1.04798,1.04797,1500000,1000000
2020-11-13 15:08:29.271000,1.04797,1.04796,1000000,1250000
2020-11-13 15:08:29.322000,1.04796,1.04794,1500000,3820000
2020-11-13 15:08:29.373000,1.04797,1.04796,1950000,1000000
2020-11-13 15:08:29.525000,1.04793,1.04792,1000000,1120000
2020-11-13 15:08:29.728000,1.04794,1.04793,1160000,1000000
2020-11-13 15:08:29.829000,1.04795,1.04794,1500000,1000000
2020-11-13 15:08:29.881000,1.04797,1.04796,1500000,1200000
2020-11-13 15:08:29.983000,1.04798,1.04796,6450000,1620000
2020-11-13 15:08:30.085000,1.04797,1.04795,1500000,1690000
2020-11-13 15:08:30.237000,1.04797,1.04795,4000000,1000000
2020-11-13 15:08:30.339000,1.04796,1.04794,1000000,3260000
2020-11-13 15:08:30.491000,1.04795,1.04793,1000000,1950000
2020-11-13 15:08:30.593000,1.04794,1.04793,1000000,1570000
2020-11-13 15:08:30.846000,1.04793,1.04792,1500000,1000000
2020-11-13 15:08:30.947000,1.04792,1.0479,1690000,6950000
2020-11-13 15:08:31.048000,1.04791,1.0479,1000000,1000000
2020-11-13 15:08:31.150000,1.0479,1.04788,1000000,5890000
2020-11-13 15:08:31.251000,1.04789,1.04787,1500000,4570000
2020-11-13 15:08:31.403000,1.04783,1.04782,1000000,1500000
2020-11-13 15:08:31.758000,1.04782,1.0478,1500000,2200000
2020-11-13 15:08:32.027000,1.04782,1.0478,1500000,1390000
2020-11-13 15:08:32.129000,1.04778,1.04777,1500000,1250000
2020-11-13 15:08:32.332000,1.04778,1.04776,2500000,1200000
2020-11-13 15:08:32.914000,1.04776,1.04775,1000000,1250000
2020-11-13 15:08:33.370000,1.04776,1.04775,5250000,1000000
2020-11-13 15:08:33.573000,1.04776,1.04775,1500000,1120000
2020-11-13 15:08:35.443000,1.04776,1.04774,2280000,3000000
2020-11-13 15:08:35.494000,1.04773,1.0477,1500000,1010000
2020-11-13 15:08:35.597000,1.04771,1.0477,1500000,1570000
2020-11-13 15:08:35.750000,1.04769,1.04766,2620000,4500000
2020-11-13 15:08:35.802000,1.04766,1.04765,1500000,1000000
2020-11-13 15:08:35.903000,1.04766,1.04763,1500000,3750000
2020-11-13 15:08:36.258000,1.04764,1.04763,1500000,3750000
2020-11-13 15:08:36.309000,1.04766,1.04765,1500000,1100000
2020-11-13 15:08:36.562000,1.04763,1.04761,1000000,5510000
2020-11-13 15:08:36.664000,1.04761,1.0476,1500000,1000000
2020-11-13 15:08:36.816000,1.04759,1.04758,1000000,4690000
2020-11-13 15:08:37.513000,1.0476,1.04759,1000000,1000000
2020-11-13 15:08:37.615000,1.0476,1.04759,1500000,1000000
2020-11-13 15:08:38.648000,1.0476,1.04759,1500000,1000000
2020-11-13 15:08:40.290000,1.0476,1.04758,1500000,1690000
2020-11-13 15:08:40.392000,1.0476,1.04759,1500000,1000000
2020-11-13 15:08:41.323000,1.04765,1.04764,1870000,1000000
2020-11-13 15:08:41.426000,1.04768,1.04767,1500000,1500000
2020-11-13 15:08:41.529000,1.04771,1.0477,3000000,1000000
2020-11-13 15:08:41.631000,1.0477,1.04769,1000000,1000000
2020-11-13 15:08:41.833000,1.04772,1.0477,4500000,1690000
2020-11-13 15:08:42.576000,1.0477,1.04769,1000000,1000000
2020-11-13 15:08:42.677000,1.04768,1.04766,1000000,4200000
2020-11-13 15:08:42.778000,1.04768,1.04766,1500000,3750000
2020-11-13 15:08:44.317000,1.04767,1.04766,1200000,1000000
2020-11-13 15:08:45.095000,1.04765,1.04764,3450000,1250000
2020-11-13 15:08:45.197000,1.04766,1.04765,4500000,1000000
2020-11-13 15:08:46.940000,1.04767,1.04765,5250000,1000000
2020-11-13 15:08:51.438000,1.04763,1.04761,1000000,3310000
2020-11-13 15:08:51.489000,1.04762,1.04761,1000000,2440000
2020-11-13 15:08:55.352000,1.04761,1.0476,1500000,1000000
2020-11-13 15:08:55.454000,1.0476,1.04758,1500000,3750000
2020-11-13 15:08:55.505000,1.04757,1.04756,1000000,1870000
2020-11-13 15:08:55.606000,1.04756,1.04755,1000000,1250000
2020-11-13 15:08:55.708000,1.04754,1.04753,1000000,2060000
2020-11-13 15:08:55.809000,1.04755,1.04753,1010000,1000000
2020-11-13 15:08:55.930000,1.04754,1.04752,1000000,7690000
2020-11-13 15:08:56.098000,1.04755,1.04753,4010000,1000000
2020-11-13 15:08:56.200000,1.04754,1.04752,1000000,7690000
2020-11-13 15:08:57.421000,1.04754,1.04752,1000000,6560000
2020-11-13 15:08:57.894000,1.04755,1.04753,7390000,1000000
2020-11-13 15:08:57.945000,1.04753,1.04752,1000000,1120000
2020-11-13 15:08:58.047000,1.04751,1.0475,1000000,2250000
2020-11-13 15:08:58.149000,1.04751,1.0475,1500000,1000000
2020-11-13 15:08:58.252000,1.0475,1.04748,1000000,1870000
2020-11-13 15:08:58.610000,1.0475,1.04749,1500000,1690000
2020-11-13 15:08:58.729000,1.04751,1.0475,1500000,1000000
2020-11-13 15:08:59.299000,1.04751,1.04749,1570000,1690000
2020-11-13 15:08:59.968000,1.04754,1.04752,2400000,1000000
2020-11-13 15:09:00.120000,1.04756,1.04755,2250000,1000000
2020-11-13 15:09:00.330000,1.04757,1.04755,4690000,1500000
2020-11-13 15:09:00.431000,1.04758,1.04754,2500000,1120000
2020-11-13 15:09:00.583000,1.04757,1.04755,1250000,1870000
2020-11-13 15:09:00.690000,1.04757,1.04755,1000000,2120000
2020-11-13 15:09:00.791000,1.04758,1.04756,4950000,1000000
2020-11-13 15:09:01.098000,1.0476,1.04759,4500000,1250000
2020-11-13 15:09:01.199000,1.04761,1.0476,2320000,1250000
2020-11-13 15:09:01.452000,1.0476,1.04759,1000000,1000000
2020-11-13 15:09:01.553000,1.0476,1.04757,1000000,1120000
2020-11-13 15:09:01.941000,1.04761,1.04759,5320000,1000000
2020-11-13 15:09:04.239000,1.04762,1.0476,2320000,1000000
2020-11-13 15:09:04.492000,1.04762,1.04761,1500000,1690000
2020-11-13 15:09:04.800000,1.04763,1.04761,1000000,2620000
2020-11-13 15:09:04.901000,1.04762,1.0476,1000000,2060000
2020-11-13 15:09:06.249000,1.04763,1.04761,4500000,2500000
2020-11-13 15:09:06.300000,1.04764,1.04762,5320000,1000000
2020-11-13 15:09:06.402000,1.04764,1.04762,5320000,1250000
2020-11-13 15:09:06.605000,1.04763,1.04761,1000000,2060000
2020-11-13 15:09:06.757000,1.04762,1.04761,1000000,1000000
2020-11-13 15:09:07.214000,1.04765,1.04761,3370000,1000000
2020-11-13 15:09:07.265000,1.04765,1.04763,5960000,2120000
2020-11-13 15:09:07.416000,1.04765,1.04763,4760000,1000000
2020-11-13 15:09:07.467000,1.04762,1.04761,1000000,1310000
2020-11-13 15:09:07.569000,1.04757,1.04756,1500000,1310000
2020-11-13 15:09:07.671000,1.04759,1.04758,1120000,1250000
2020-11-13 15:09:07.772000,1.04758,1.04757,1000000,1000000
2020-11-13 15:09:07.874000,1.0476,1.04758,1950000,1000000
2020-11-13 15:09:07.975000,1.0476,1.04758,1250000,1000000
2020-11-13 15:09:08.076000,1.0476,1.04759,1000000,1000000
2020-11-13 15:09:08.329000,1.04761,1.0476,4500000,1000000
2020-11-13 15:09:08.433000,1.04761,1.04759,1000000,1310000
2020-11-13 15:09:10.544000,1.04758,1.04755,1000000,7760000
2020-11-13 15:09:11.322000,1.04759,1.04756,1000000,1000000
2020-11-13 15:09:14.488000,1.0476,1.04757,5300000,3000000
2020-11-13 15:09:14.590000,1.04757,1.04756,1000000,2130000
2020-11-13 15:09:17.781000,1.04758,1.04757,1000000,1000000
2020-11-13 15:09:20.085000,1.04758,1.04756,1000000,2130000
2020-11-13 15:09:23.588000,1.04757,1.04755,1000000,3820000
2020-11-13 15:09:23.942000,1.04757,1.04754,1000000,1000000
2020-11-13 15:09:25.765000,1.04759,1.04757,1200000,3560000
2020-11-13 15:09:25.816000,1.0476,1.04759,2960000,1000000
2020-11-13 15:09:25.917000,1.04761,1.0476,1100000,1000000
2020-11-13 15:09:26.018000,1.04765,1.04763,4260000,6000000
2020-11-13 15:09:26.170000,1.04765,1.04764,1250000,1000000
2020-11-13 15:09:26.525000,1.04764,1.04762,1000000,1620000
2020-11-13 15:09:26.626000,1.04764,1.04762,1000000,1120000
2020-11-13 15:09:28.315000,1.04764,1.04761,1000000,1000000
2020-11-13 15:09:34.294000,1.04763,1.04761,1000000,3260000
2020-11-13 15:09:35.387000,1.04762,1.04761,1000000,2060000
2020-11-13 15:09:35.640000,1.04763,1.04762,1000000,1000000
2020-11-13 15:09:39.559000,1.04763,1.04761,1000000,4010000
2020-11-13 15:09:41.638000,1.04763,1.04762,1000000,1000000
2020-11-13 15:09:42.997000,1.04763,1.04761,1000000,3310000
2020-11-13 15:09:43.200000,1.04763,1.04762,1000000,1000000
2020-11-13 15:09:43.983000,1.04763,1.04761,1000000,3310000
2020-11-13 15:09:44.971000,1.04762,1.04761,1000000,3190000
2020-11-13 15:09:45.971000,1.04763,1.04761,3750000,3310000
2020-11-13 15:09:46.748000,1.04762,1.04761,1950000,1000000
2020-11-13 15:09:47.279000,1.04764,1.04763,1120000,2810000
2020-11-13 15:09:47.381000,1.04765,1.04764,1000000,1120000
2020-11-13 15:09:47.585000,1.04766,1.04765,2320000,1000000
2020-11-13 15:09:48.149000,1.04769,1.04768,1000000,1120000
2020-11-13 15:09:48.251000,1.04767,1.04766,1000000,3750000
2020-11-13 15:09:48.302000,1.04766,1.04764,1000000,5440000
2020-11-13 15:09:48.353000,1.04763,1.04762,1500000,1310000
2020-11-13 15:09:48.455000,1.04763,1.04761,2620000,2500000
2020-11-13 15:09:48.556000,1.04762,1.04761,1000000,4310000
2020-11-13 15:09:48.657000,1.04764,1.04762,2250000,1250000
2020-11-13 15:09:48.977000,1.04763,1.04762,1000000,1000000
2020-11-13 15:09:49.654000,1.04763,1.04761,1000000,4010000
2020-11-13 15:09:49.705000,1.04761,1.0476,1500000,1250000
2020-11-13 15:09:49.756000,1.04761,1.04759,1500000,1690000
2020-11-13 15:09:55.421000,1.04761,1.0476,1500000,1250000
2020-11-13 15:09:55.574000,1.04761,1.04759,1000000,2810000
2020-11-13 15:09:55.776000,1.0476,1.04759,1000000,1120000
2020-11-13 15:10:01.256000,1.04761,1.0476,1000000,1000000
2020-11-13 15:10:01.307000,1.04763,1.04762,1500000,1000000
2020-11-13 15:10:01.409000,1.04762,1.04761,1280000,1250000
2020-11-13 15:10:01.512000,1.04761,1.04759,1000000,3620000
2020-11-13 15:10:01.614000,1.04758,1.04757,1000000,1690000
2020-11-13 15:10:01.716000,1.04756,1.04755,1000000,1870000
2020-11-13 15:10:03.038000,1.04755,1.04754,1000000,1500000
2020-11-13 15:10:05.765000,1.04756,1.04755,1500000,1000000
2020-11-13 15:10:10.442000,1.04757,1.04755,1570000,1250000
2020-11-13 15:10:10.493000,1.0476,1.04757,7420000,1690000
2020-11-13 15:10:10.747000,1.0476,1.04759,2320000,1000000
2020-11-13 15:10:13.387000,1.04758,1.04757,1000000,1120000
2020-11-13 15:10:15.838000,1.04757,1.04756,1000000,1500000
2020-11-13 15:10:16.280000,1.04756,1.04755,1000000,1500000
2020-11-13 15:10:16.382000,1.04756,1.04755,1000000,1000000
2020-11-13 15:10:17.645000,1.04757,1.04755,2250000,1390000
2020-11-13 15:10:17.747000,1.04757,1.04756,2250000,1000000
2020-11-13 15:10:17.923000,1.04756,1.04754,1000000,2890000
2020-11-13 15:10:18.025000,1.04756,1.04754,1000000,2510000
2020-11-13 15:10:18.322000,1.04756,1.04755,1000000,1250000
2020-11-13 15:10:18.791000,1.04757,1.04756,2250000,1500000
2020-11-13 15:10:18.942000,1.04756,1.04754,1000000,5640000
2020-11-13 15:10:19.290000,1.04757,1.04756,5250000,1000000
2020-11-13 15:10:19.454000,1.04756,1.04754,1000000,2750000
2020-11-13 15:10:19.555000,1.04756,1.04754,1000000,1310000
2020-11-13 15:10:22.883000,1.04756,1.04753,1000000,1250000
2020-11-13 15:10:25.407000,1.04756,1.04754,1100000,1000000
2020-11-13 15:10:25.509000,1.04755,1.04754,1000000,1000000
2020-11-13 15:10:25.967000,1.04756,1.04754,1100000,1000000
2020-11-13 15:10:29.812000,1.04755,1.04754,1000000,1120000
2020-11-13 15:10:31.972000,1.04756,1.04754,1100000,1000000
2020-11-13 15:10:34.384000,1.04752,1.04751,1000000,2810000
2020-11-13 15:10:34.537000,1.04752,1.0475,4570000,1000000
2020-11-13 15:10:34.689000,1.04752,1.04749,1100000,1250000
2020-11-13 15:10:34.892000,1.0475,1.04749,1000000,1250000
2020-11-13 15:10:37.340000,1.0475,1.04748,1100000,2060000
2020-11-13 15:10:37.862000,1.0475,1.04749,1100000,1000000
2020-11-13 15:10:40.845000,1.0475,1.04748,1570000,2440000
2020-11-13 15:10:41.640000,1.0475,1.04748,1000000,5250000
2020-11-13 15:10:41.741000,1.04751,1.04749,4570000,1310000
2020-11-13 15:10:41.843000,1.0475,1.04749,1000000,1120000
2020-11-13 15:10:45.244000,1.04751,1.04747,1100000,2060000
2020-11-13 15:10:49.700000,1.0475,1.04748,1000000,4000000
2020-11-13 15:10:50.943000,1.0475,1.04748,1000000,5060000
2020-11-13 15:10:51.084000,1.0475,1.04748,1000000,2870000
2020-11-13 15:10:51.444000,1.0475,1.04748,1000000,2060000
2020-11-13 15:10:51.680000,1.0475,1.04748,1000000,3620000
2020-11-13 15:10:54.607000,1.0475,1.04748,1000000,2060000
2020-11-13 15:10:55.692000,1.0475,1.04749,1000000,1250000
2020-11-13 15:10:56.367000,1.04751,1.04747,1000000,2060000
2020-11-13 15:10:56.545000,1.0475,1.04749,1000000,1000000
2020-11-13 15:10:56.748000,1.0475,1.04748,1000000,5440000
2020-11-13 15:10:58.229000,1.0475,1.04749,1000000,1250000
2020-11-13 15:10:58.280000,1.04753,1.04752,1500000,1500000
2020-11-13 15:10:58.331000,1.04759,1.04758,2140000,1000000
2020-11-13 15:10:58.483000,1.04759,1.04757,3750000,1690000
2020-11-13 15:10:58.585000,1.04759,1.04758,4500000,1120000
2020-11-13 15:10:58.686000,1.0476,1.04759,1000000,1120000
2020-11-13 15:10:59.090000,1.04761,1.04759,1000000,1250000
2020-11-13 15:10:59.701000,1.04762,1.04758,1000000,2500000
2020-11-13 15:11:00.063000,1.04759,1.04758,2250000,3000000
2020-11-13 15:11:00.114000,1.04757,1.04755,1000000,5060000
2020-11-13 15:11:00.216000,1.04756,1.04755,1000000,1250000
2020-11-13 15:11:00.807000,1.04758,1.04756,4500000,1100000
2020-11-13 15:11:00.858000,1.04761,1.0476,1500000,1250000
2020-11-13 15:11:00.910000,1.04759,1.04758,1000000,4870000
2020-11-13 15:11:01.011000,1.0476,1.04759,1000000,1000000
2020-11-13 15:11:01.444000,1.04761,1.04759,1000000,1690000
2020-11-13 15:11:02.166000,1.04762,1.0476,3750000,11650000
2020-11-13 15:11:02.217000,1.04764,1.04763,1000000,1150000
2020-11-13 15:11:02.369000,1.04763,1.04761,1000000,6560000
2020-11-13 15:11:02.420000,1.04766,1.04764,1690000,1000000
2020-11-13 15:11:02.523000,1.04766,1.04764,1500000,4870000
2020-11-13 15:11:02.625000,1.04764,1.04763,1000000,1870000
2020-11-13 15:11:02.930000,1.04765,1.04763,4500000,1500000
2020-11-13 15:11:03.083000,1.04764,1.04763,1000000,1500000
2020-11-13 15:11:03.473000,1.04765,1.04763,1500000,1500000
2020-11-13 15:11:03.626000,1.04764,1.04763,1000000,1500000
2020-11-13 15:11:03.943000,1.04765,1.04763,1500000,1500000
2020-11-13 15:11:04.185000,1.04764,1.04763,1000000,1500000
2020-11-13 15:11:07.142000,1.04765,1.04764,1500000,1000000
2020-11-13 15:11:07.243000,1.04766,1.04765,1200000,1000000
2020-11-13 15:11:07.360000,1.04766,1.04764,1950000,1000000
2020-11-13 15:11:07.603000,1.04767,1.04764,1950000,1000000
2020-11-13 15:11:08.057000,1.04767,1.04765,2700000,1000000
2020-11-13 15:11:08.162000,1.04767,1.04766,1500000,1000000
2020-11-13 15:11:08.879000,1.04767,1.04765,1500000,1000000
2020-11-13 15:11:10.907000,1.04768,1.04766,1500000,1750000
2020-11-13 15:11:10.958000,1.04769,1.04767,1000000,3560000
2020-11-13 15:11:11.060000,1.04769,1.04768,1000000,1000000
2020-11-13 15:11:11.654000,1.0477,1.04768,4500000,1000000
2020-11-13 15:11:12.197000,1.04769,1.04768,1000000,1000000
2020-11-13 15:11:13.847000,1.04768,1.04767,1000000,2810000
2020-11-13 15:11:14.101000,1.04767,1.04766,1000000,1000000
2020-11-13 15:11:16.994000,1.04768,1.04766,1000000,2510000
2020-11-13 15:11:17.147000,1.04767,1.04766,1000000,1000000
2020-11-13 15:11:17.830000,1.04768,1.04766,1000000,1000000
2020-11-13 15:11:18.009000,1.04768,1.04767,1000000,1000000
2020-11-13 15:11:18.595000,1.04767,1.04766,1000000,1690000
2020-11-13 15:11:19.043000,1.04768,1.04767,1000000,1000000
2020-11-13 15:11:19.401000,1.04767,1.04766,1000000,1000000
2020-11-13 15:11:19.552000,1.04768,1.04767,1000000,1000000
2020-11-13 15:11:19.654000,1.04769,1.04768,1500000,1000000
2020-11-13 15:11:19.755000,1.04767,1.04766,1000000,3000000
2020-11-13 15:11:19.857000,1.04767,1.04765,1000000,6560000
2020-11-13 15:11:20.059000,1.04768,1.04766,1000000,2440000
2020-11-13 15:11:20.160000,1.04768,1.04767,1000000,1000000
2020-11-13 15:11:20.262000,1.04768,1.04766,1200000,1500000
2020-11-13 15:11:20.363000,1.04767,1.04766,1000000,1500000
2020-11-13 15:11:21.139000,1.04768,1.04766,2250000,1000000
2020-11-13 15:11:21.240000,1.04767,1.04766,1000000,1000000
2020-11-13 15:11:22.671000,1.04768,1.04767,1500000,1000000
2020-11-13 15:11:22.823000,1.04767,1.04766,1000000,1000000
2020-11-13 15:11:23.183000,1.04768,1.04766,1500000,1000000
2020-11-13 15:11:23.284000,1.04769,1.04766,1500000,1000000
2020-11-13 15:11:23.385000,1.04767,1.04766,1000000,1000000
2020-11-13 15:11:23.707000,1.04768,1.04767,1500000,1000000
2020-11-13 15:11:23.758000,1.0477,1.04769,4500000,1000000
2020-11-13 15:11:23.859000,1.04769,1.04767,1000000,5260000
2020-11-13 15:11:23.960000,1.04769,1.04766,1000000,1120000
2020-11-13 15:11:24.062000,1.04768,1.04766,1000000,1760000
2020-11-13 15:11:24.365000,1.04767,1.04766,1000000,1000000
2020-11-13 15:11:25.185000,1.04769,1.04768,1000000,1000000
2020-11-13 15:11:25.286000,1.0477,1.04768,5210000,1120000
2020-11-13 15:11:25.589000,1.04769,1.04768,1000000,1120000
2020-11-13 15:11:25.691000,1.0477,1.04768,1000000,1120000
2020-11-13 15:11:25.842000,1.04768,1.04766,1200000,4810000
2020-11-13 15:11:25.944000,1.04768,1.04766,1500000,1000000
2020-11-13 15:11:27.015000,1.04768,1.04765,1000000,1000000
2020-11-13 15:11:27.218000,1.04768,1.04766,2620000,1250000
2020-11-13 15:11:27.369000,1.04767,1.04766,1200000,1000000
2020-11-13 15:11:31.322000,1.04768,1.04766,2250000,1000000
2020-11-13 15:11:31.424000,1.04767,1.04766,1000000,1000000
2020-11-13 15:11:31.736000,1.04768,1.04767,1500000,1000000
2020-11-13 15:11:31.888000,1.04767,1.04766,1000000,1000000
2020-11-13 15:11:32.243000,1.04768,1.04767,4500000,1000000
2020-11-13 15:11:32.345000,1.0477,1.04769,3750000,1000000
2020-11-13 15:11:32.499000,1.04769,1.04768,1000000,1500000
2020-11-13 15:11:32.600000,1.0477,1.04769,1000000,1000000
2020-11-13 15:11:34.028000,1.04769,1.04768,1000000,5060000
2020-11-13 15:11:34.746000,1.0477,1.04769,1000000,1000000
2020-11-13 15:11:34.861000,1.0477,1.04768,1000000,2060000
2020-11-13 15:11:35.723000,1.0477,1.04769,1000000,1000000
2020-11-13 15:11:36.310000,1.04771,1.04769,3750000,2250000
2020-11-13 15:11:36.412000,1.04771,1.0477,1000000,1870000
2020-11-13 15:11:36.513000,1.04772,1.04771,1000000,1500000
2020-11-13 15:11:36.615000,1.04771,1.0477,1000000,4500000
2020-11-13 15:11:36.766000,1.04773,1.04771,5290000,1500000
2020-11-13 15:11:36.868000,1.04773,1.04771,1500000,1500000
2020-11-13 15:11:37.474000,1.04772,1.04771,1000000,1000000
2020-11-13 15:11:38.167000,1.04774,1.04772,1000000,1250000
2020-11-13 15:11:38.218000,1.04778,1.04775,2060000,1000000
2020-11-13 15:11:38.370000,1.04775,1.04774,1000000,1120000
2020-11-13 15:11:38.572000,1.04775,1.04773,1000000,2250000
2020-11-13 15:11:39.369000,1.04776,1.04774,4940000,1500000
2020-11-13 15:11:39.470000,1.04775,1.04773,1000000,5750000
2020-11-13 15:11:39.572000,1.04775,1.04773,1500000,1000000
2020-11-13 15:11:39.673000,1.04774,1.04773,1000000,1000000
2020-11-13 15:11:40.266000,1.04775,1.04773,1500000,1250000
2020-11-13 15:11:40.418000,1.04774,1.04772,2690000,5250000
2020-11-13 15:11:41.044000,1.04774,1.04773,1930000,1000000
2020-11-13 15:11:41.145000,1.04773,1.04772,1000000,3750000
2020-11-13 15:11:41.859000,1.04771,1.0477,2250000,1500000
2020-11-13 15:11:41.910000,1.04768,1.04767,1000000,3190000
2020-11-13 15:11:41.961000,1.04766,1.04765,1690000,1000000
2020-11-13 15:11:42.114000,1.04764,1.04762,1000000,1950000
2020-11-13 15:11:42.215000,1.04763,1.04762,1000000,1000000
2020-11-13 15:11:42.267000,1.04762,1.0476,1000000,4500000
2020-11-13 15:11:43.837000,1.04762,1.04761,1000000,1000000
2020-11-13 15:11:44.039000,1.04762,1.0476,1000000,1500000
2020-11-13 15:11:44.699000,1.04761,1.04759,1000000,4870000
2020-11-13 15:11:44.952000,1.04761,1.04759,1000000,1000000
2020-11-13 15:11:45.847000,1.04761,1.0476,1000000,1000000
2020-11-13 15:11:45.949000,1.04762,1.0476,5700000,1000000
2020-11-13 15:11:46.102000,1.04763,1.04761,4500000,1000000
2020-11-13 15:11:46.153000,1.04765,1.04764,1270000,1000000
2020-11-13 15:11:46.256000,1.04766,1.04764,3070000,1000000
2020-11-13 15:11:46.408000,1.04767,1.04765,2510000,1000000
2020-11-13 15:11:46.518000,1.04766,1.04765,1000000,1000000
2020-11-13 15:11:46.765000,1.04767,1.04765,2510000,1000000
2020-11-13 15:11:49.463000,1.04766,1.04764,1310000,3750000
2020-11-13 15:11:49.514000,1.04764,1.04762,10820000,1310000
2020-11-13 15:11:49.565000,1.04762,1.04759,1000000,2700000
2020-11-13 15:11:49.986000,1.04762,1.04758,1100000,1500000
2020-11-13 15:11:51.488000,1.04761,1.0476,1570000,1000000
2020-11-13 15:11:52.591000,1.04761,1.04759,1570000,1500000
2020-11-13 15:11:54.129000,1.0476,1.04759,1100000,1000000
2020-11-13 15:11:54.230000,1.04758,1.04757,1000000,3940000
2020-11-13 15:11:54.332000,1.04757,1.04756,1000000,1250000
2020-11-13 15:11:55.387000,1.04761,1.04758,1000000,1000000
2020-11-13 15:11:55.488000,1.04761,1.0476,1010000,1000000
2020-11-13 15:11:55.741000,1.04759,1.04758,1000000,5340000
2020-11-13 15:11:56.012000,1.0476,1.04759,1010000,1000000
2020-11-13 15:11:56.729000,1.0476,1.04758,1250000,4590000
2020-11-13 15:11:56.837000,1.04761,1.04759,1820000,1000000
2020-11-13 15:11:57.611000,1.0476,1.04758,1010000,4500000
2020-11-13 15:11:57.713000,1.04758,1.04756,1000000,2620000
2020-11-13 15:11:57.815000,1.04758,1.04756,1220000,1000000
2020-11-13 15:11:57.916000,1.04758,1.04756,1100000,1000000
2020-11-13 15:11:58.283000,1.04761,1.04759,7200000,1000000
2020-11-13 15:11:58.385000,1.04761,1.04759,2720000,1000000
2020-11-13 15:11:59.300000,1.04761,1.04759,2320000,1000000
2020-11-13 15:11:59.654000,1.04761,1.0476,1000000,1120000
2020-11-13 15:11:59.756000,1.04767,1.04764,5450000,1000000
2020-11-13 15:11:59.857000,1.04766,1.04765,2320000,1000000
2020-11-13 15:11:59.959000,1.04768,1.04764,2250000,3000000
2020-11-13 15:12:00.061000,1.04765,1.04764,1000000,5720000
2020-11-13 15:12:00.212000,1.04766,1.04765,2250000,1000000
2020-11-13 15:12:00.263000,1.04768,1.04767,1500000,1500000
2020-11-13 15:12:01.251000,1.0477,1.04768,3940000,1500000
2020-11-13 15:12:01.352000,1.0477,1.04769,1250000,1000000
2020-11-13 15:12:05.766000,1.04771,1.04767,1100000,1690000
2020-11-13 15:12:05.867000,1.04768,1.04767,1000000,1250000
2020-11-13 15:12:05.970000,1.04768,1.04766,1100000,1690000
2020-11-13 15:12:06.922000,1.04769,1.04767,4870000,1750000
2020-11-13 15:12:07.023000,1.04769,1.04768,1000000,1500000
2020-11-13 15:12:07.328000,1.04768,1.04767,1100000,1000000
2020-11-13 15:12:07.429000,1.04768,1.04766,1100000,2060000
2020-11-13 15:12:07.530000,1.04769,1.04767,1500000,1250000
2020-11-13 15:12:07.682000,1.0477,1.04768,4760000,1000000
2020-11-13 15:12:13.235000,1.04771,1.0477,1250000,1000000
2020-11-13 15:12:13.336000,1.04771,1.0477,1690000,1500000
2020-11-13 15:12:13.488000,1.0477,1.04768,1250000,1870000
2020-11-13 15:12:13.797000,1.04769,1.04768,1000000,1000000
2020-11-13 15:12:13.962000,1.04769,1.04767,1000000,4870000
2020-11-13 15:12:14.063000,1.04768,1.04767,1000000,1310000
2020-11-13 15:12:14.885000,1.04768,1.04766,1000000,5810000
2020-11-13 15:12:16.505000,1.0477,1.04766,1310000,1000000
2020-11-13 15:12:16.606000,1.04768,1.04767,1000000,1000000
2020-11-13 15:12:17.022000,1.04769,1.04767,1000000,1310000
2020-11-13 15:12:18.777000,1.04768,1.04767,1000000,1120000
2020-11-13 15:12:21.652000,1.04767,1.04766,1000000,1690000
2020-11-13 15:12:25.136000,1.04769,1.04768,1120000,3750000
2020-11-13 15:12:25.592000,1.0477,1.04768,3450000,4870000
2020-11-13 15:12:25.693000,1.04769,1.04768,1000000,1870000
2020-11-13 15:12:27.501000,1.04768,1.04767,1000000,1120000
2020-11-13 15:12:28.488000,1.04769,1.04767,3750000,2750000
2020-11-13 15:12:29.266000,1.0477,1.04768,7010000,1120000
2020-11-13 15:12:29.569000,1.04769,1.04768,1000000,1000000
2020-11-13 15:12:30.874000,1.04772,1.0477,7010000,1000000
2020-11-13 15:12:30.975000,1.04772,1.0477,3320000,1000000
2020-11-13 15:12:33.739000,1.04773,1.04771,6370000,1000000
2020-11-13 15:12:33.842000,1.04769,1.04768,1500000,1690000
2020-11-13 15:12:33.995000,1.0477,1.04767,8510000,1250000
2020-11-13 15:12:34.404000,1.04769,1.04767,3000000,1250000
2020-11-13 15:12:34.506000,1.04768,1.04767,1000000,1690000
2020-11-13 15:12:34.659000,1.04768,1.04767,1000000,1250000
2020-11-13 15:12:39.437000,1.0477,1.04767,1120000,1000000
2020-11-13 15:12:39.690000,1.04768,1.04767,1000000,1250000
2020-11-13 15:12:40.948000,1.04768,1.04766,1000000,2060000
2020-11-13 15:12:41.100000,1.04767,1.04765,1000000,7120000
2020-11-13 15:12:41.215000,1.04767,1.04765,1250000,1500000
2020-11-13 15:12:42.060000,1.04767,1.04766,1250000,1000000
2020-11-13 15:12:42.656000,1.04766,1.04765,1000000,1500000
2020-11-13 15:12:43.383000,1.04767,1.04766,1250000,1000000
2020-11-13 15:12:45.107000,1.04767,1.04765,1250000,1500000
2020-11-13 15:12:45.208000,1.04761,1.04759,1000000,10310000
2020-11-13 15:12:45.259000,1.0476,1.04758,3450000,1250000
2020-11-13 15:12:45.310000,1.04758,1.04757,1000000,1000000
2020-11-13 15:12:45.412000,1.04759,1.04757,1250000,1500000
2020-11-13 15:12:45.513000,1.04758,1.04757,1000000,1500000
2020-11-13 15:12:45.716000,1.04756,1.04755,1000000,3750000
2020-11-13 15:12:45.817000,1.04756,1.04754,1000000,4500000
2020-11-13 15:12:58.094000,1.04757,1.04754,1000000,1000000
2020-11-13 15:12:58.297000,1.04757,1.04755,4500000,1500000
2020-11-13 15:13:00.748000,1.0476,1.04758,2700000,1000000
2020-11-13 15:13:00.850000,1.04759,1.04758,1000000,1000000
2020-11-13 15:13:00.901000,1.04761,1.0476,1390000,1000000
2020-11-13 15:13:01.103000,1.0476,1.04758,1000000,7380000
2020-11-13 15:13:01.204000,1.0476,1.04759,1000000,1560000
2020-11-13 15:13:01.306000,1.0476,1.04758,1000000,6440000
2020-11-13 15:13:01.407000,1.0476,1.04759,1250000,1120000
2020-11-13 15:13:01.559000,1.0476,1.04758,1000000,1120000
2020-11-13 15:13:01.660000,1.0476,1.04759,1250000,1870000
2020-11-13 15:13:01.764000,1.04761,1.0476,1000000,1190000
2020-11-13 15:13:01.867000,1.04761,1.04759,2120000,5250000
2020-11-13 15:13:05.714000,1.04761,1.0476,1000000,1000000
2020-11-13 15:13:06.042000,1.04763,1.0476,1000000,10370000
2020-11-13 15:13:06.143000,1.04762,1.04761,1000000,3280000
2020-11-13 15:13:06.245000,1.04761,1.0476,1760000,1500000
2020-11-13 15:13:06.346000,1.04761,1.04759,1010000,1120000
2020-11-13 15:13:06.447000,1.0476,1.04758,1000000,6440000
2020-11-13 15:13:06.865000,1.0476,1.04759,1000000,1500000
2020-11-13 15:13:07.881000,1.0476,1.04758,1000000,6440000
2020-11-13 15:13:10.327000,1.0476,1.04758,1000000,6440000
2020-11-13 15:13:10.955000,1.04759,1.04756,1000000,5500000
2020-11-13 15:13:11.109000,1.04758,1.04756,1200000,1030000
2020-11-13 15:13:12.818000,1.04757,1.04756,1000000,1030000
2020-11-13 15:13:13.553000,1.04757,1.04755,1390000,1500000
2020-11-13 15:13:14.015000,1.04756,1.04755,1000000,1500000
2020-11-13 15:13:14.703000,1.04757,1.04756,1310000,1000000
2020-11-13 15:13:15.259000,1.04757,1.04754,1000000,1000000
2020-11-13 15:13:22.732000,1.04754,1.04753,3450000,1940000
2020-11-13 15:13:22.782000,1.04752,1.0475,1000000,3890000
2020-11-13 15:13:22.884000,1.04751,1.0475,1000000,3000000
2020-11-13 15:13:22.985000,1.04749,1.04748,1000000,3750000
2020-11-13 15:13:23.289000,1.04748,1.04747,1000000,1190000
2020-11-13 15:13:23.815000,1.04749,1.04747,1000000,6280000
2020-11-13 15:13:23.916000,1.04748,1.04747,1000000,3000000
2020-11-13 15:13:24.127000,1.04748,1.04746,1000000,7310000
2020-11-13 15:13:25.211000,1.04747,1.04746,1200000,1000000
2020-11-13 15:13:25.313000,1.04746,1.04744,1000000,7370000
2020-11-13 15:13:27.304000,1.04746,1.04743,1000000,3250000
2020-11-13 15:13:30.179000,1.04749,1.04747,6570000,1000000
2020-11-13 15:13:30.281000,1.04749,1.04748,1200000,1000000
2020-11-13 15:13:30.534000,1.0475,1.04748,1000000,1000000
2020-11-13 15:13:30.585000,1.04749,1.04746,1000000,1120000
2020-11-13 15:13:30.686000,1.04748,1.04746,1000000,5230000
2020-11-13 15:13:30.791000,1.0475,1.04748,1250000,4120000
2020-11-13 15:13:30.892000,1.04751,1.04749,1000000,1000000
2020-11-13 15:13:31.297000,1.04752,1.0475,3000000,2440000
2020-11-13 15:13:31.349000,1.04754,1.04753,1000000,1000000
2020-11-13 15:13:31.452000,1.04755,1.04753,2890000,1000000
2020-11-13 15:13:31.554000,1.04754,1.04753,1000000,1000000
2020-11-13 15:13:31.807000,1.04756,1.04751,3790000,3000000
2020-11-13 15:13:31.908000,1.04752,1.04751,1000000,1250000
2020-11-13 15:13:32.085000,1.04753,1.04751,1000000,1250000
2020-11-13 15:13:32.240000,1.04752,1.0475,1100000,1250000
2020-11-13 15:13:32.736000,1.04753,1.04752,4500000,1000000
2020-11-13 15:13:32.837000,1.04753,1.04751,1000000,5060000
2020-11-13 15:13:32.939000,1.04753,1.04752,1000000,1000000
2020-11-13 15:13:33.041000,1.04752,1.04751,1000000,3000000
2020-11-13 15:13:33.142000,1.04753,1.04751,1000000,1250000
2020-11-13 15:13:33.809000,1.04751,1.0475,1000000,1000000
2020-11-13 15:13:34.086000,1.04751,1.04749,1000000,5620000
2020-11-13 15:13:35.525000,1.04749,1.04748,1000000,1590000
2020-11-13 15:13:47.664000,1.04747,1.04746,1000000,1120000
2020-11-13 15:13:47.715000,1.04744,1.04743,1250000,1300000
2020-11-13 15:13:51.235000,1.04745,1.04744,1000000,1000000
2020-11-13 15:13:53.841000,1.04744,1.04743,1000000,1000000
2020-11-13 15:13:54.731000,1.04739,1.04738,1000000,5620000
2020-11-13 15:13:56.787000,1.0474,1.04736,1000000,4590000
2020-11-13 15:13:58.050000,1.04738,1.04737,1000000,1590000
2020-11-13 15:14:02.321000,1.04741,1.04739,3940000,5620000
2020-11-13 15:14:02.423000,1.0474,1.04738,1000000,6640000
2020-11-13 15:14:02.526000,1.04739,1.04738,1000000,1220000
2020-11-13 15:14:02.627000,1.04738,1.04737,1000000,1120000
2020-11-13 15:14:06.052000,1.0474,1.04736,1000000,1000000
2020-11-13 15:14:06.407000,1.04739,1.04738,1000000,1000000
2020-11-13 15:14:07.017000,1.04742,1.04741,1200000,1000000
2020-11-13 15:14:07.120000,1.04744,1.0474,1200000,1500000
2020-11-13 15:14:07.222000,1.04742,1.0474,1000000,5340000
2020-11-13 15:14:07.323000,1.04741,1.04738,1000000,4500000
2020-11-13 15:14:07.425000,1.04739,1.04738,1000000,1870000
2020-11-13 15:14:09.230000,1.0474,1.04738,1000000,1500000
2020-11-13 15:14:10.685000,1.04739,1.04738,1000000,1870000
2020-11-13 15:14:14.673000,1.04741,1.04739,4500000,2440000
2020-11-13 15:14:14.724000,1.04742,1.04741,1950000,1000000
2020-11-13 15:14:15.090000,1.04742,1.0474,3000000,3190000
2020-11-13 15:14:15.191000,1.04743,1.04742,1500000,1000000
2020-11-13 15:14:15.292000,1.04742,1.04741,1000000,1000000
2020-11-13 15:14:18.707000,1.04744,1.04743,1250000,1000000
2020-11-13 15:14:19.541000,1.04745,1.04744,1120000,1000000
2020-11-13 15:14:19.642000,1.04744,1.04743,1000000,1000000
2020-11-13 15:14:19.743000,1.04744,1.04741,1000000,2060000
2020-11-13 15:14:20.668000,1.04744,1.04742,1000000,6620000
2020-11-13 15:14:21.336000,1.04745,1.04744,1000000,1000000
2020-11-13 15:14:21.438000,1.04748,1.04746,6940000,1000000
2020-11-13 15:14:21.539000,1.04749,1.04748,1250000,1500000
2020-11-13 15:14:22.665000,1.04751,1.04748,1000000,1000000
2020-11-13 15:14:22.766000,1.04749,1.04748,1000000,1500000
2020-11-13 15:14:24.062000,1.0475,1.04749,1250000,1000000
2020-11-13 15:14:25.807000,1.04749,1.04748,1000000,4500000
2020-11-13 15:14:25.909000,1.04748,1.04747,1000000,1500000
2020-11-13 15:14:26.340000,1.04748,1.04747,1000000,1000000
2020-11-13 15:14:27.078000,1.04748,1.04746,1000000,4690000
2020-11-13 15:14:27.515000,1.04747,1.04746,1100000,1000000
2020-11-13 15:14:28.104000,1.04749,1.04747,2200000,1000000
2020-11-13 15:14:28.799000,1.0475,1.04749,2060000,1000000
2020-11-13 15:14:28.900000,1.0475,1.04749,1000000,1000000
2020-11-13 15:14:29.779000,1.04751,1.0475,1310000,1000000
2020-11-13 15:14:30.172000,1.04753,1.0475,1250000,3070000
2020-11-13 15:14:30.274000,1.04751,1.0475,1000000,1500000
2020-11-13 15:14:30.375000,1.0475,1.04749,1250000,4500000
2020-11-13 15:14:30.477000,1.0475,1.04749,1390000,1500000
2020-11-13 15:14:30.578000,1.04748,1.04746,1200000,1310000
2020-11-13 15:14:30.730000,1.04747,1.04746,1120000,1000000
2020-11-13 15:14:30.882000,1.04746,1.04745,1000000,1250000
2020-11-13 15:14:31.034000,1.04745,1.04744,1000000,2440000
2020-11-13 15:14:31.085000,1.04747,1.04744,8210000,1250000
2020-11-13 15:14:31.186000,1.04747,1.04743,1250000,1250000
2020-11-13 15:14:33.069000,1.04746,1.04744,1200000,1750000
2020-11-13 15:14:33.171000,1.04746,1.04745,3750000,1000000
2020-11-13 15:14:33.222000,1.04748,1.04747,1100000,1500000
2020-11-13 15:14:33.323000,1.04749,1.04748,1250000,1000000
2020-11-13 15:14:34.387000,1.0475,1.04749,1690000,1000000
2020-11-13 15:14:34.488000,1.0475,1.04749,1250000,1000000
2020-11-13 15:14:35.673000,1.0475,1.04748,1750000,1500000
2020-11-13 15:14:36.219000,1.04747,1.04746,1100000,1000000
2020-11-13 15:14:37.699000,1.04748,1.04747,1000000,1500000
2020-11-13 15:14:37.851000,1.04747,1.04746,1100000,1000000
2020-11-13 15:14:37.952000,1.04746,1.04745,1000000,1000000
2020-11-13 15:14:38.205000,1.04747,1.04745,3820000,1000000
2020-11-13 15:14:38.357000,1.04747,1.04745,1100000,1500000
2020-11-13 15:14:38.459000,1.04747,1.04746,1100000,1000000
2020-11-13 15:14:39.080000,1.04748,1.04744,1100000,1500000
2020-11-13 15:14:39.241000,1.04747,1.04746,1100000,1000000
2020-11-13 15:14:39.293000,1.0475,1.04747,1250000,1000000
2020-11-13 15:14:39.557000,1.04748,1.04747,1000000,1500000
2020-11-13 15:14:40.176000,1.04747,1.04746,1000000,4500000
2020-11-13 15:14:41.657000,1.04747,1.04745,1000000,4570000
2020-11-13 15:14:41.709000,1.04749,1.04748,1200000,1000000
2020-11-13 15:14:48.271000,1.0475,1.04749,1250000,1000000
2020-11-13 15:14:48.322000,1.04752,1.0475,1890000,1500000
2020-11-13 15:14:48.423000,1.04752,1.04749,1820000,1000000
2020-11-13 15:14:48.575000,1.04749,1.04747,1250000,4870000
2020-11-13 15:14:48.626000,1.04748,1.04745,1000000,1120000
2020-11-13 15:14:48.727000,1.04746,1.04744,1000000,1870000
2020-11-13 15:14:48.829000,1.04745,1.04744,1000000,1500000
2020-11-13 15:14:49.278000,1.04743,1.04742,1000000,1310000
2020-11-13 15:14:49.733000,1.04744,1.04743,3750000,1000000
2020-11-13 15:14:52.392000,1.04745,1.04744,1000000,1000000
2020-11-13 15:14:53.333000,1.04745,1.04744,1000000,1000000
2020-11-13 15:14:53.487000,1.04747,1.04744,3750000,1000000
2020-11-13 15:14:53.538000,1.04749,1.04748,1570000,1000000
2020-11-13 15:14:54.095000,1.0475,1.04749,1250000,1500000
2020-11-13 15:14:54.398000,1.04749,1.04748,1000000,1500000
2020-11-13 15:14:55.529000,1.0475,1.04749,1250000,1500000
2020-11-13 15:14:57.680000,1.04749,1.04748,1000000,1500000
2020-11-13 15:14:57.782000,1.04751,1.04748,1250000,1500000
2020-11-13 15:14:58.671000,1.04752,1.04749,1120000,1000000
2020-11-13 15:14:58.772000,1.04751,1.04749,1750000,1500000
2020-11-13 15:14:58.975000,1.04752,1.0475,4310000,1500000
2020-11-13 15:14:59.078000,1.04754,1.04752,5440000,1000000
2020-11-13 15:14:59.179000,1.04755,1.04752,2260000,3940000
2020-11-13 15:14:59.281000,1.04753,1.04752,3070000,1500000
2020-11-13 15:14:59.433000,1.04752,1.04751,1000000,1500000
2020-11-13 15:14:59.535000,1.04753,1.04751,3450000,1000000
2020-11-13 15:14:59.637000,1.04751,1.0475,1000000,1120000
2020-11-13 15:14:59.889000,1.04752,1.04751,1000000,1000000
2020-11-13 15:15:00.344000,1.04753,1.04752,1000000,1000000
