time,ask,bid,ask_volume,bid_volume
2021-02-24 15:25:00.097000,1.05983,1.05981,1120000,2500000
2021-02-24 15:25:00.300000,1.05984,1.05982,1000000,2510000
2021-02-24 15:25:00.401000,1.05983,1.05981,1000000,1760000
2021-02-24 15:25:01.110000,1.05983,1.05981,1000000,1760000
2021-02-24 15:25:01.211000,1.05983,1.05981,1000000,1760000
2021-02-24 15:25:01.413000,1.05983,1.05981,1000000,1810000
2021-02-24 15:25:02.375000,1.05983,1.05982,1000000,1120000
2021-02-24 15:25:02.477000,1.05984,1.05982,1000000,1100000
2021-02-24 15:25:02.579000,1.05984,1.0598,1000000,8330000
2021-02-24 15:25:02.732000,1.05983,1.05981,1000000,2060000
2021-02-24 15:25:02.833000,1.05982,1.0598,1000000,3640000
2021-02-24 15:25:03.212000,1.05982,1.05979,1750000,5700000
2021-02-24 15:25:03.313000,1.05972,1.0597,1000000,10090000
2021-02-24 15:25:03.415000,1.05971,1.05969,1500000,1100000
2021-02-24 15:25:04.073000,1.05971,1.05968,1000000,2250000
2021-02-24 15:25:04.174000,1.0597,1.05967,1000000,5510000
2021-02-24 15:25:04.275000,1.05967,1.05965,1000000,1690000
2021-02-24 15:25:04.377000,1.05966,1.05964,1000000,6640000
2021-02-24 15:25:04.479000,1.05967,1.05964,1500000,5140000
2021-02-24 15:25:04.581000,1.05967,1.05965,1500000,1000000
2021-02-24 15:25:05.154000,1.0597,1.05967,1500000,1760000
2021-02-24 15:25:05.407000,1.05971,1.05967,1500000,1000000
2021-02-24 15:25:05.999000,1.05967,1.05966,1500000,2250000
2021-02-24 15:25:06.100000,1.05967,1.05964,1500000,4070000
2021-02-24 15:25:06.201000,1.05967,1.05965,1000000,3250000
2021-02-24 15:25:06.522000,1.05968,1.05965,1500000,2500000
2021-02-24 15:25:06.623000,1.05968,1.05966,1500000,1250000
2021-02-24 15:25:07.041000,1.05969,1.05967,1500000,1000000
2021-02-24 15:25:07.092000,1.05971,1.05969,2700000,1000000
2021-02-24 15:25:07.936000,1.05971,1.0597,1000000,1000000
2021-02-24 15:25:08.038000,1.05971,1.05969,1000000,1570000
2021-02-24 15:25:08.290000,1.05972,1.0597,1000000,1500000
2021-02-24 15:25:08.796000,1.05972,1.05969,1500000,2510000
2021-02-24 15:25:09.965000,1.05971,1.05969,1000000,1010000
2021-02-24 15:25:10.067000,1.05969,1.05967,1000000,1690000
2021-02-24 15:25:10.169000,1.05971,1.05969,1570000,1690000
2021-02-24 15:25:10.978000,1.0597,1.05966,1000000,3560000
2021-02-24 15:25:11.079000,1.05968,1.05965,1500000,4370000
2021-02-24 15:25:11.181000,1.05968,1.05966,1000000,1750000
2021-02-24 15:25:11.232000,1.05972,1.05967,2420000,1690000
2021-02-24 15:25:11.333000,1.05971,1.05969,1500000,1250000
2021-02-24 15:25:11.535000,1.05969,1.05968,1000000,1000000
2021-02-24 15:25:11.586000,1.05967,1.05966,1000000,1000000
2021-02-24 15:25:11.789000,1.05967,1.05965,1500000,1250000
2021-02-24 15:25:13.580000,1.05969,1.05967,1500000,2510000
2021-02-24 15:25:13.682000,1.05971,1.05969,1500000,1000000
2021-02-24 15:25:13.985000,1.05971,1.05968,1500000,1120000
2021-02-24 15:25:14.137000,1.0597,1.05968,1000000,1120000
2021-02-24 15:25:14.390000,1.05968,1.05967,1500000,1310000
2021-02-24 15:25:14.491000,1.05968,1.05966,1950000,1250000
2021-02-24 15:25:15.161000,1.05969,1.05964,1500000,5140000
2021-02-24 15:25:15.363000,1.05968,1.05965,1500000,3250000
2021-02-24 15:25:15.465000,1.05967,1.05965,1000000,1750000
2021-02-24 15:25:15.917000,1.05967,1.05965,1500000,1690000
2021-02-24 15:25:16.019000,1.05967,1.05966,1000000,1250000
2021-02-24 15:25:16.120000,1.05967,1.05965,1000000,4010000
2021-02-24 15:25:16.222000,1.05968,1.05966,1500000,2250000
2021-02-24 15:25:16.273000,1.0597,1.05968,1950000,1000000
2021-02-24 15:25:16.324000,1.05972,1.05968,1500000,1690000
2021-02-24 15:25:16.425000,1.05968,1.05967,1000000,3000000
2021-02-24 15:25:16.526000,1.05969,1.05965,1500000,1810000
2021-02-24 15:25:16.678000,1.05968,1.05966,1500000,1250000
2021-02-24 15:25:16.830000,1.05967,1.05965,1000000,3250000
2021-02-24 15:25:17.133000,1.05968,1.05966,1000000,1760000
2021-02-24 15:25:18.295000,1.05967,1.05965,1000000,3190000
2021-02-24 15:25:18.396000,1.05968,1.05966,1500000,2500000
2021-02-24 15:25:18.447000,1.05968,1.05965,1500000,2810000
2021-02-24 15:25:18.750000,1.05969,1.05966,1500000,3320000
2021-02-24 15:25:21.189000,1.05968,1.05966,1000000,1870000
2021-02-24 15:25:21.392000,1.05968,1.05967,1000000,1000000
2021-02-24 15:25:21.493000,1.05969,1.05967,1500000,1000000
2021-02-24 15:25:22.111000,1.0597,1.05968,1500000,1120000
2021-02-24 15:25:22.313000,1.05971,1.05969,1000000,1310000
2021-02-24 15:25:23.563000,1.05972,1.05969,1500000,1570000
2021-02-24 15:25:23.664000,1.05971,1.05969,1000000,1870000
2021-02-24 15:25:24.114000,1.05971,1.05969,1000000,2950000
2021-02-24 15:25:24.217000,1.05971,1.05969,1000000,2890000
2021-02-24 15:25:24.672000,1.05972,1.05971,1000000,1000000
2021-02-24 15:25:27.415000,1.05974,1.05972,2250000,1690000
2021-02-24 15:25:27.466000,1.0597,1.05969,1000000,2250000
2021-02-24 15:25:27.517000,1.05972,1.0597,4120000,1000000
2021-02-24 15:25:28.940000,1.05972,1.05971,1000000,1000000
2021-02-24 15:25:28.992000,1.05971,1.0597,1000000,1000000
2021-02-24 15:25:29.245000,1.05972,1.0597,1570000,1000000
2021-02-24 15:25:30.305000,1.05972,1.05971,1000000,1000000
2021-02-24 15:25:30.356000,1.05971,1.05968,1200000,9190000
2021-02-24 15:25:30.407000,1.05971,1.0597,1000000,1000000
2021-02-24 15:25:31.125000,1.05972,1.05971,1000000,1690000
2021-02-24 15:25:31.762000,1.0597,1.05969,1000000,1000000
2021-02-24 15:25:31.964000,1.0597,1.05967,1000000,1000000
2021-02-24 15:25:32.418000,1.0597,1.05966,2700000,1250000
2021-02-24 15:25:32.519000,1.05967,1.05966,1000000,1000000
2021-02-24 15:25:33.075000,1.05969,1.05965,1200000,2440000
2021-02-24 15:25:33.328000,1.0597,1.05968,4120000,1000000
2021-02-24 15:25:34.295000,1.0597,1.05968,1690000,1000000
2021-02-24 15:25:35.292000,1.05969,1.05968,1250000,1000000
2021-02-24 15:25:35.393000,1.05969,1.05965,1000000,1690000
2021-02-24 15:25:37.078000,1.05969,1.05967,1870000,1250000
2021-02-24 15:25:37.179000,1.05968,1.05966,1500000,1810000
2021-02-24 15:25:37.281000,1.05968,1.05965,1500000,6150000
2021-02-24 15:25:37.382000,1.05968,1.05964,1000000,3320000
2021-02-24 15:25:38.692000,1.05968,1.05966,1500000,1250000
2021-02-24 15:25:39.364000,1.05967,1.05966,1000000,1000000
2021-02-24 15:25:39.466000,1.05965,1.05964,1250000,1120000
2021-02-24 15:25:39.516000,1.05962,1.05961,1500000,1000000
2021-02-24 15:25:39.618000,1.05962,1.0596,1500000,1690000
2021-02-24 15:25:40.073000,1.05963,1.05961,1000000,1690000
2021-02-24 15:25:40.174000,1.05964,1.05962,1390000,1000000
2021-02-24 15:25:40.326000,1.05964,1.05961,1000000,1000000
2021-02-24 15:25:40.436000,1.05962,1.05961,1500000,1250000
2021-02-24 15:25:40.538000,1.05962,1.0596,2250000,2440000
2021-02-24 15:25:40.639000,1.05962,1.0596,1000000,3250000
2021-02-24 15:25:41.245000,1.05962,1.0596,2250000,2060000
2021-02-24 15:25:41.347000,1.05961,1.0596,1000000,1310000
2021-02-24 15:25:42.593000,1.05962,1.0596,1500000,3260000
2021-02-24 15:25:42.861000,1.05961,1.05959,1000000,6920000
2021-02-24 15:25:42.963000,1.0596,1.05958,1000000,5220000
2021-02-24 15:25:43.064000,1.05957,1.05954,1760000,1500000
2021-02-24 15:25:43.166000,1.05957,1.05955,1500000,1250000
2021-02-24 15:25:43.267000,1.05958,1.05956,1500000,1000000
2021-02-24 15:25:43.471000,1.05957,1.05955,1500000,1570000
2021-02-24 15:25:43.572000,1.05955,1.05953,1500000,1250000
2021-02-24 15:25:43.979000,1.05954,1.05953,1000000,1000000
2021-02-24 15:25:44.082000,1.05953,1.05951,1500000,2910000
2021-02-24 15:25:44.184000,1.05953,1.05951,1500000,2890000
2021-02-24 15:25:47.606000,1.05954,1.05952,1000000,3700000
2021-02-24 15:25:47.657000,1.05957,1.05955,3110000,2870000
2021-02-24 15:25:48.134000,1.05959,1.05956,1570000,2810000
2021-02-24 15:25:50.693000,1.05957,1.05955,1000000,4290000
2021-02-24 15:25:50.795000,1.05956,1.05953,1000000,1500000
2021-02-24 15:25:50.846000,1.05954,1.05952,1500000,1120000
2021-02-24 15:25:51.375000,1.05953,1.05951,1000000,4760000
2021-02-24 15:25:51.628000,1.05953,1.05952,1000000,1000000
2021-02-24 15:25:52.713000,1.05953,1.05951,1000000,4090000
2021-02-24 15:25:54.035000,1.05954,1.05951,1500000,5210000
2021-02-24 15:25:54.503000,1.05954,1.05951,1500000,5990000
2021-02-24 15:25:54.845000,1.05954,1.05951,1500000,5960000
2021-02-24 15:25:54.946000,1.05954,1.05951,1500000,6740000
2021-02-24 15:25:55.787000,1.05954,1.05953,1000000,1000000
2021-02-24 15:25:55.888000,1.05954,1.05952,1000000,4010000
2021-02-24 15:25:56.255000,1.05955,1.05953,1000000,1000000
2021-02-24 15:25:56.306000,1.05957,1.05955,2250000,1250000
2021-02-24 15:25:56.408000,1.05957,1.05955,1500000,4070000
2021-02-24 15:25:57.107000,1.05956,1.05955,1000000,2060000
2021-02-24 15:25:58.583000,1.05958,1.05956,1500000,1690000
2021-02-24 15:25:59.360000,1.05957,1.05955,1000000,1390000
2021-02-24 15:25:59.461000,1.05956,1.05954,1000000,3750000
2021-02-24 15:25:59.562000,1.05957,1.05955,1250000,1500000
2021-02-24 15:26:00.902000,1.0596,1.05958,1870000,1500000
2021-02-24 15:26:01.004000,1.0596,1.05959,1000000,1000000
2021-02-24 15:26:02.127000,1.05961,1.05959,1000000,2570000
2021-02-24 15:26:02.178000,1.05962,1.05961,1000000,1250000
2021-02-24 15:26:02.229000,1.05965,1.05963,1120000,1500000
2021-02-24 15:26:02.330000,1.05966,1.05963,1500000,1870000
2021-02-24 15:26:02.789000,1.05966,1.05964,1500000,1000000
2021-02-24 15:26:02.890000,1.05966,1.05963,1500000,1870000
2021-02-24 15:26:03.446000,1.05966,1.05963,1500000,5240000
2021-02-24 15:26:03.749000,1.05966,1.05963,1500000,4310000
2021-02-24 15:26:05.370000,1.05967,1.05965,1870000,1000000
2021-02-24 15:26:05.471000,1.05966,1.05964,1690000,3190000
2021-02-24 15:26:05.522000,1.05968,1.05966,1500000,2690000
2021-02-24 15:26:05.573000,1.0597,1.05968,2320000,1500000
2021-02-24 15:26:05.712000,1.05969,1.05966,1570000,2250000
2021-02-24 15:26:05.813000,1.05968,1.05966,1000000,1500000
2021-02-24 15:26:06.924000,1.05967,1.05965,1000000,1500000
2021-02-24 15:26:07.025000,1.05967,1.05964,1500000,4090000
2021-02-24 15:26:07.989000,1.05967,1.05966,1000000,1000000
2021-02-24 15:26:08.091000,1.05968,1.05966,1000000,1500000
2021-02-24 15:26:09.600000,1.05968,1.05966,1000000,2950000
2021-02-24 15:26:09.651000,1.05971,1.05969,3820000,1500000
2021-02-24 15:26:09.753000,1.05972,1.0597,2250000,1120000
2021-02-24 15:26:11.018000,1.05972,1.05971,1000000,1000000
2021-02-24 15:26:11.069000,1.05968,1.05967,1250000,1000000
2021-02-24 15:26:11.120000,1.05968,1.05965,4750000,5400000
2021-02-24 15:26:11.221000,1.05966,1.05964,1500000,1500000
2021-02-24 15:26:11.694000,1.05965,1.05961,1500000,2810000
2021-02-24 15:26:12.389000,1.05964,1.05963,1000000,1000000
2021-02-24 15:26:13.634000,1.05965,1.05964,1000000,1000000
2021-02-24 15:26:14.747000,1.05964,1.05963,1000000,1120000
2021-02-24 15:26:14.962000,1.05963,1.05961,1500000,2000000
2021-02-24 15:26:15.063000,1.05962,1.0596,1000000,1570000
2021-02-24 15:26:15.114000,1.05964,1.05962,1000000,1000000
2021-02-24 15:26:15.367000,1.05964,1.05963,1000000,1000000
2021-02-24 15:26:15.469000,1.05965,1.05964,1000000,1000000
2021-02-24 15:26:17.105000,1.05964,1.05962,1500000,1120000
2021-02-24 15:26:17.206000,1.05964,1.05961,1500000,3790000
2021-02-24 15:26:17.409000,1.05965,1.05961,1500000,1000000
2021-02-24 15:26:17.563000,1.05962,1.05961,1000000,1000000
2021-02-24 15:26:17.715000,1.05962,1.0596,1500000,1000000
2021-02-24 15:26:17.867000,1.05961,1.0596,1000000,1000000
2021-02-24 15:26:17.969000,1.0596,1.05959,1000000,1000000
2021-02-24 15:26:18.698000,1.0596,1.05958,1000000,1200000
2021-02-24 15:26:19.374000,1.05959,1.05958,1000000,1000000
2021-02-24 15:26:19.475000,1.05958,1.05957,1000000,1000000
2021-02-24 15:26:20.739000,1.05957,1.05955,1000000,5890000
2021-02-24 15:26:20.840000,1.05956,1.05953,1500000,1950000
2021-02-24 15:26:21.094000,1.05958,1.05954,1500000,1000000
2021-02-24 15:26:21.346000,1.05956,1.05955,1000000,1100000
2021-02-24 15:26:21.813000,1.05957,1.05954,1500000,3710000
2021-02-24 15:26:21.914000,1.05956,1.05954,1500000,1010000
2021-02-24 15:26:23.446000,1.05959,1.05957,2370000,2440000
2021-02-24 15:26:23.547000,1.05959,1.05957,1000000,2810000
2021-02-24 15:26:23.598000,1.05962,1.0596,1100000,1000000
2021-02-24 15:26:23.700000,1.05961,1.05959,1000000,6010000
2021-02-24 15:26:24.446000,1.05961,1.05959,1500000,2810000
2021-02-24 15:26:24.548000,1.0596,1.05958,1500000,1000000
2021-02-24 15:26:24.700000,1.0596,1.05957,1500000,2890000
2021-02-24 15:26:24.903000,1.0596,1.05958,1950000,1000000
2021-02-24 15:26:25.004000,1.05961,1.05959,1000000,1000000
2021-02-24 15:26:25.106000,1.05962,1.05961,1000000,1000000
2021-02-24 15:26:25.308000,1.05961,1.05958,1000000,1200000
2021-02-24 15:26:25.409000,1.0596,1.05958,1000000,5890000
2021-02-24 15:26:25.768000,1.05961,1.05958,1500000,3260000
2021-02-24 15:26:25.869000,1.05961,1.05959,1000000,1500000
2021-02-24 15:26:25.970000,1.05961,1.0596,1000000,1000000
2021-02-24 15:26:28.120000,1.05964,1.05962,3870000,1250000
2021-02-24 15:26:28.222000,1.05964,1.05962,1500000,2190000
2021-02-24 15:26:28.424000,1.05963,1.05961,1500000,1500000
2021-02-24 15:26:28.526000,1.05963,1.0596,1500000,2890000
2021-02-24 15:26:30.679000,1.05962,1.0596,1000000,2890000
2021-02-24 15:26:31.429000,1.0596,1.05958,1000000,6090000
2021-02-24 15:26:31.530000,1.05961,1.05957,1000000,3640000
2021-02-24 15:26:32.262000,1.0596,1.05958,1000000,1950000
2021-02-24 15:26:32.364000,1.05959,1.05957,1000000,1950000
2021-02-24 15:26:32.515000,1.05959,1.05957,1500000,1000000
2021-02-24 15:26:32.642000,1.05959,1.05956,1000000,1000000
2021-02-24 15:26:32.844000,1.05959,1.05955,1000000,1690000
2021-02-24 15:26:35.962000,1.05957,1.05955,1000000,3120000
2021-02-24 15:26:36.063000,1.05957,1.05955,1000000,3190000
2021-02-24 15:26:37.067000,1.05958,1.05955,1500000,5140000
2021-02-24 15:26:37.169000,1.05958,1.05955,1500000,5260000
2021-02-24 15:26:38.779000,1.05959,1.05955,1000000,3620000
2021-02-24 15:26:38.881000,1.05959,1.05956,1500000,4850000
2021-02-24 15:26:39.234000,1.05959,1.05955,1000000,5620000
2021-02-24 15:26:41.077000,1.05959,1.05956,1500000,4000000
2021-02-24 15:26:41.178000,1.05959,1.05957,1500000,4070000
2021-02-24 15:26:41.279000,1.05959,1.05957,1500000,1760000
2021-02-24 15:26:41.583000,1.05959,1.05957,1500000,4070000
2021-02-24 15:26:41.785000,1.05958,1.05956,1000000,4810000
2021-02-24 15:26:41.887000,1.05958,1.05956,1000000,2440000
2021-02-24 15:26:42.389000,1.05956,1.05955,1000000,3190000
2021-02-24 15:26:42.491000,1.05957,1.05955,1500000,1310000
2021-02-24 15:26:43,1.05959,1.05957,1620000,1690000
2021-02-24 15:26:43.101000,1.05959,1.05957,1000000,3190000
2021-02-24 15:26:45.330000,1.05959,1.05958,1000000,1000000
2021-02-24 15:26:45.380000,1.05964,1.05963,1500000,1000000
2021-02-24 15:26:45.482000,1.05966,1.05962,1500000,1120000
2021-02-24 15:26:45.634000,1.05964,1.05963,1000000,1120000
2021-02-24 15:26:47.617000,1.05964,1.0596,1500000,3310000
2021-02-24 15:26:47.719000,1.05963,1.0596,1500000,4950000
2021-02-24 15:26:47.870000,1.05962,1.0596,1000000,4950000
2021-02-24 15:26:47.972000,1.05963,1.0596,1500000,4950000
2021-02-24 15:26:48.073000,1.05963,1.05961,1500000,2500000
2021-02-24 15:26:48.124000,1.05966,1.05962,2440000,1870000
2021-02-24 15:26:48.972000,1.05966,1.05964,1000000,3190000
2021-02-24 15:26:49.075000,1.05968,1.05964,1500000,1500000
2021-02-24 15:26:49.176000,1.05966,1.05965,1000000,1000000
2021-02-24 15:26:49.824000,1.05967,1.05965,1500000,3250000
2021-02-24 15:26:49.926000,1.0597,1.05967,1250000,3310000
2021-02-24 15:26:50.027000,1.05969,1.05967,1000000,2560000
2021-02-24 15:26:50.527000,1.05971,1.05966,1000000,5320000
2021-02-24 15:26:50.780000,1.0597,1.05968,1000000,4000000
2021-02-24 15:26:52.136000,1.05971,1.05968,1000000,4870000
2021-02-24 15:26:54.171000,1.05972,1.0597,1000000,2890000
2021-02-24 15:26:54.222000,1.05969,1.05968,1500000,1870000
2021-02-24 15:26:54.273000,1.05968,1.05966,1500000,5440000
2021-02-24 15:26:54.425000,1.05966,1.05964,1000000,5160000
2021-02-24 15:26:54.526000,1.05966,1.05964,1000000,2440000
2021-02-24 15:26:55.896000,1.05968,1.05965,2250000,4370000
2021-02-24 15:26:56.098000,1.05967,1.05965,1000000,2810000
2021-02-24 15:26:56.351000,1.05967,1.05964,1500000,3560000
2021-02-24 15:26:57.301000,1.05967,1.05965,1500000,1000000
2021-02-24 15:26:57.435000,1.05967,1.05964,1500000,3190000
2021-02-24 15:26:57.537000,1.05968,1.05966,1000000,2440000
2021-02-24 15:26:57.638000,1.05969,1.05967,2250000,1000000
2021-02-24 15:26:58.245000,1.0597,1.05968,1000000,2440000
2021-02-24 15:26:58.346000,1.05971,1.05969,1000000,1250000
2021-02-24 15:26:59.178000,1.05972,1.05968,1000000,2560000
2021-02-24 15:26:59.280000,1.05972,1.05968,1000000,2140000
2021-02-24 15:27:01.476000,1.05973,1.05969,1000000,1250000
2021-02-24 15:27:01.678000,1.05972,1.0597,1000000,1250000
2021-02-24 15:27:02.922000,1.0597,1.05968,1250000,3370000
2021-02-24 15:27:05.371000,1.05967,1.05966,1000000,1000000
2021-02-24 15:27:05.472000,1.05966,1.05964,1000000,1500000
2021-02-24 15:27:06.535000,1.05969,1.05967,1950000,1000000
2021-02-24 15:27:07.314000,1.0597,1.05968,4500000,1000000
2021-02-24 15:27:08.294000,1.05968,1.05966,1500000,3940000
2021-02-24 15:27:08.395000,1.05967,1.05965,3750000,2500000
2021-02-24 15:27:08.598000,1.05966,1.05965,1000000,2440000
2021-02-24 15:27:08.699000,1.05966,1.05965,1000000,1000000
2021-02-24 15:27:13.099000,1.05968,1.05966,1500000,1000000
2021-02-24 15:27:13.916000,1.05968,1.05965,1500000,4010000
2021-02-24 15:27:14.017000,1.05966,1.05965,1000000,1250000
2021-02-24 15:27:14.566000,1.05966,1.05964,1000000,1870000
2021-02-24 15:27:14.818000,1.05965,1.05963,1000000,1870000
2021-02-24 15:27:14.971000,1.05966,1.05961,1690000,2140000
2021-02-24 15:27:15.272000,1.05962,1.05961,1000000,1270000
2021-02-24 15:27:15.374000,1.05963,1.05961,3750000,1000000
2021-02-24 15:27:15.627000,1.05964,1.05962,2250000,1500000
2021-02-24 15:27:16.734000,1.05962,1.0596,1000000,6310000
2021-02-24 15:27:16.836000,1.05962,1.0596,1000000,2810000
2021-02-24 15:27:17.219000,1.05962,1.05958,1500000,2620000
2021-02-24 15:27:17.321000,1.0596,1.05958,2250000,1870000
2021-02-24 15:27:17.423000,1.05958,1.05956,3640000,3120000
2021-02-24 15:27:17.474000,1.05955,1.05953,1000000,2700000
2021-02-24 15:27:17.678000,1.05956,1.05954,1870000,1000000
2021-02-24 15:27:18.653000,1.05956,1.05953,1000000,2060000
2021-02-24 15:27:18.763000,1.05957,1.05955,1500000,1250000
2021-02-24 15:27:18.865000,1.05956,1.05955,1000000,1250000
2021-02-24 15:27:19.219000,1.05955,1.05952,1500000,1000000
2021-02-24 15:27:19.320000,1.05954,1.05951,1500000,2120000
2021-02-24 15:27:19.965000,1.05957,1.05956,3820000,1250000
2021-02-24 15:27:20.067000,1.05958,1.05956,1500000,2560000
2021-02-24 15:27:20.320000,1.05958,1.05955,1500000,2120000
2021-02-24 15:27:21.497000,1.05958,1.05955,1950000,1310000
2021-02-24 15:27:22.436000,1.05956,1.05954,1000000,3610000
2021-02-24 15:27:23.901000,1.05956,1.05954,1000000,3930000
2021-02-24 15:27:24.532000,1.05955,1.05953,1500000,2890000
2021-02-24 15:27:26.817000,1.05957,1.05956,1000000,1000000
2021-02-24 15:27:27.020000,1.05957,1.05955,1000000,2810000
2021-02-24 15:27:27.122000,1.05959,1.05957,1000000,2510000
2021-02-24 15:27:27.425000,1.0596,1.05958,1500000,1000000
2021-02-24 15:27:28.951000,1.0596,1.05957,1500000,3710000
2021-02-24 15:27:29.560000,1.05959,1.05957,1000000,2890000
2021-02-24 15:27:29.661000,1.05961,1.05956,1500000,2890000
2021-02-24 15:27:30.827000,1.05957,1.05956,1000000,1570000
2021-02-24 15:27:30.877000,1.05955,1.05954,1500000,1950000
2021-02-24 15:27:30.979000,1.05954,1.05953,1000000,1250000
2021-02-24 15:27:31.181000,1.05955,1.05953,1500000,1690000
2021-02-24 15:27:31.282000,1.05956,1.05953,1000000,1250000
2021-02-24 15:27:31.687000,1.05957,1.05955,1000000,1250000
2021-02-24 15:27:31.789000,1.05958,1.05956,1000000,1250000
2021-02-24 15:27:32.266000,1.0596,1.05956,1000000,2060000
2021-02-24 15:27:32.368000,1.05959,1.05958,1000000,1250000
2021-02-24 15:27:32.625000,1.0596,1.05959,1000000,1250000
2021-02-24 15:27:33.335000,1.0596,1.05958,1000000,2060000
2021-02-24 15:27:35.575000,1.05959,1.05957,2140000,1000000
2021-02-24 15:27:35.626000,1.05958,1.05954,3750000,1250000
2021-02-24 15:27:35.727000,1.05957,1.05954,3750000,2060000
2021-02-24 15:27:35.778000,1.05958,1.05955,1000000,1000000
2021-02-24 15:27:36.031000,1.05958,1.05956,1500000,1250000
2021-02-24 15:27:36.133000,1.05959,1.05958,1000000,1000000
2021-02-24 15:27:36.337000,1.05961,1.05957,1500000,1310000
2021-02-24 15:27:37.681000,1.0596,1.05959,1000000,1000000
2021-02-24 15:27:37.732000,1.05964,1.05961,4350000,3620000
2021-02-24 15:27:37.834000,1.05965,1.05963,2250000,1120000
2021-02-24 15:27:37.986000,1.05966,1.05964,2250000,1000000
2021-02-24 15:27:38.495000,1.05967,1.05964,2250000,1250000
2021-02-24 15:27:41.709000,1.05967,1.05965,1000000,1000000
2021-02-24 15:27:41.912000,1.05968,1.05965,1500000,1000000
2021-02-24 15:27:42.437000,1.05967,1.05964,5440000,1870000
2021-02-24 15:27:42.488000,1.05966,1.05963,1000000,1120000
2021-02-24 15:27:42.590000,1.05965,1.05963,2440000,1000000
2021-02-24 15:27:42.843000,1.05964,1.0596,1000000,3710000
2021-02-24 15:27:43.904000,1.05964,1.05961,1000000,4000000
2021-02-24 15:27:44.005000,1.05964,1.05963,1000000,1000000
2021-02-24 15:27:45.084000,1.05965,1.05963,2250000,1250000
2021-02-24 15:27:47.635000,1.05965,1.05964,1000000,1000000
2021-02-24 15:27:48.114000,1.05966,1.05964,1500000,1250000
2021-02-24 15:27:52.434000,1.05969,1.05965,1500000,1500000
2021-02-24 15:27:52.536000,1.05967,1.05966,1000000,1000000
2021-02-24 15:27:52.637000,1.05967,1.05965,1500000,1000000
2021-02-24 15:27:58.207000,1.05968,1.05965,4950000,2060000
2021-02-24 15:27:58.308000,1.0597,1.05968,2450000,2440000
2021-02-24 15:27:58.409000,1.05971,1.05969,1100000,1000000
2021-02-24 15:27:59.934000,1.05972,1.05969,4870000,2890000
2021-02-24 15:28:00.036000,1.05972,1.0597,1100000,1000000
2021-02-24 15:28:00.645000,1.05973,1.0597,4570000,1690000
2021-02-24 15:28:01.540000,1.05972,1.0597,1100000,1250000
2021-02-24 15:28:04.663000,1.05972,1.0597,1500000,2570000
2021-02-24 15:28:04.714000,1.05977,1.05974,3450000,2890000
2021-02-24 15:28:04.815000,1.05978,1.05975,1500000,2510000
2021-02-24 15:28:04.917000,1.05978,1.05976,1500000,1250000
2021-02-24 15:28:05.018000,1.05978,1.05977,1500000,1000000
2021-02-24 15:28:05.121000,1.05979,1.05977,1570000,2250000
2021-02-24 15:28:05.574000,1.05983,1.05979,6150000,1690000
2021-02-24 15:28:05.877000,1.05981,1.0598,1000000,1570000
2021-02-24 15:28:05.928000,1.05981,1.05978,1500000,5590000
2021-02-24 15:28:06.029000,1.0598,1.05978,1000000,2640000
2021-02-24 15:28:06.434000,1.05981,1.05978,2250000,2640000
2021-02-24 15:28:07.181000,1.05981,1.05979,1500000,2160000
2021-02-24 15:28:07.604000,1.05982,1.0598,1120000,1100000
2021-02-24 15:28:08.002000,1.05981,1.05979,1500000,1570000
2021-02-24 15:28:08.103000,1.0598,1.05978,1500000,2350000
2021-02-24 15:28:08.154000,1.05978,1.05977,1500000,1870000
2021-02-24 15:28:08.255000,1.05978,1.05976,1500000,1760000
2021-02-24 15:28:08.979000,1.05978,1.05976,1500000,2160000
2021-02-24 15:28:09.080000,1.05978,1.05976,1500000,1760000
2021-02-24 15:28:11.547000,1.0598,1.05979,1000000,1000000
2021-02-24 15:28:11.952000,1.0598,1.05978,1000000,1010000
2021-02-24 15:28:12.601000,1.05981,1.0598,1000000,1000000
2021-02-24 15:28:14.679000,1.05984,1.05979,4000000,1100000
2021-02-24 15:28:15.488000,1.05983,1.0598,1760000,1250000
2021-02-24 15:28:16.491000,1.05985,1.05983,2250000,1690000
2021-02-24 15:28:16.592000,1.05985,1.05984,1000000,1000000
2021-02-24 15:28:16.693000,1.05986,1.05984,1500000,1120000
2021-02-24 15:28:17.126000,1.05988,1.05986,2060000,1000000
2021-02-24 15:28:22.928000,1.05989,1.05987,1500000,1500000
2021-02-24 15:28:23.030000,1.05989,1.05988,1000000,1000000
2021-02-24 15:28:25.078000,1.05993,1.05989,5250000,2510000
2021-02-24 15:28:27.121000,1.05993,1.05991,1000000,1570000
2021-02-24 15:28:27.358000,1.05993,1.05992,1000000,1000000
2021-02-24 15:28:27.459000,1.05995,1.05991,1690000,1570000
2021-02-24 15:28:27.560000,1.05994,1.05993,1000000,1000000
2021-02-24 15:28:28.347000,1.05998,1.05995,3100000,1000000
2021-02-24 15:28:28.398000,1.05996,1.05994,1000000,2890000
2021-02-24 15:28:28.499000,1.05995,1.05993,1250000,1200000
2021-02-24 15:28:28.600000,1.05994,1.05993,1000000,1000000
2021-02-24 15:28:30.552000,1.05991,1.0599,1000000,1950000
2021-02-24 15:28:30.654000,1.05989,1.05988,1000000,1950000
2021-02-24 15:28:30.856000,1.0599,1.05988,1310000,1000000
2021-02-24 15:28:30.957000,1.0599,1.05989,1310000,1000000
2021-02-24 15:28:31.726000,1.05992,1.0599,2620000,1500000
2021-02-24 15:28:31.979000,1.05991,1.05989,1250000,1500000
2021-02-24 15:28:33.136000,1.05994,1.0599,1570000,1500000
2021-02-24 15:28:33.238000,1.05994,1.05992,2060000,1000000
2021-02-24 15:28:33.800000,1.05994,1.05993,1000000,1000000
2021-02-24 15:28:34.003000,1.05995,1.05993,1120000,1950000
2021-02-24 15:28:34.105000,1.05998,1.05996,4650000,1500000
2021-02-24 15:28:34.258000,1.05997,1.05995,1500000,2250000
2021-02-24 15:28:34.359000,1.05997,1.05994,1000000,1000000
2021-02-24 15:28:34.410000,1.05996,1.05993,1500000,2890000
2021-02-24 15:28:34.512000,1.05994,1.05993,1000000,1000000
2021-02-24 15:28:35.181000,1.05994,1.05992,1000000,1950000
2021-02-24 15:28:36.991000,1.05995,1.05993,1390000,1000000
2021-02-24 15:28:37.903000,1.05995,1.05994,1250000,1000000
2021-02-24 15:28:38.210000,1.05997,1.05996,1200000,1000000
2021-02-24 15:28:38.260000,1.05999,1.05998,1200000,1000000
2021-02-24 15:28:38.945000,1.06,1.05998,1500000,1000000
2021-02-24 15:28:38.996000,1.06003,1.06001,2320000,1000000
2021-02-24 15:28:39.097000,1.06002,1.06001,1000000,1250000
2021-02-24 15:28:39.653000,1.06003,1.06002,1000000,1000000
2021-02-24 15:28:39.704000,1.06005,1.06003,3000000,2120000
2021-02-24 15:28:39.755000,1.06008,1.06006,1000000,1250000
2021-02-24 15:28:39.857000,1.06009,1.06006,1000000,1000000
2021-02-24 15:28:39.958000,1.06009,1.06007,2140000,1000000
2021-02-24 15:28:40.110000,1.06009,1.06008,1690000,1000000
2021-02-24 15:28:40.211000,1.06012,1.0601,2890000,1000000
2021-02-24 15:28:40.313000,1.06014,1.0601,2890000,1000000
2021-02-24 15:28:40.866000,1.06012,1.06011,1000000,1000000
2021-02-24 15:28:40.967000,1.0601,1.06009,1250000,1000000
2021-02-24 15:28:41.018000,1.06007,1.06006,1690000,1200000
2021-02-24 15:28:41.122000,1.06007,1.06005,1690000,1000000
2021-02-24 15:28:41.274000,1.06007,1.06004,2140000,1690000
2021-02-24 15:28:41.941000,1.06007,1.06006,1000000,1000000
2021-02-24 15:28:42.053000,1.06008,1.06007,1000000,1250000
2021-02-24 15:28:42.104000,1.06013,1.0601,1200000,1000000
2021-02-24 15:28:42.205000,1.06014,1.0601,3260000,1000000
2021-02-24 15:28:43.895000,1.06013,1.0601,1760000,1690000
2021-02-24 15:28:43.996000,1.06012,1.0601,1760000,1000000
2021-02-24 15:28:44.098000,1.06012,1.06011,1000000,1000000
2021-02-24 15:28:44.199000,1.06013,1.06011,1840000,1500000
2021-02-24 15:28:45.026000,1.06014,1.06012,1100000,1500000
2021-02-24 15:28:46.100000,1.06015,1.06013,1760000,1000000
2021-02-24 15:28:46.354000,1.06017,1.06015,2590000,1500000
2021-02-24 15:28:47.339000,1.06018,1.06015,1570000,2500000
2021-02-24 15:28:47.548000,1.06016,1.06014,1000000,1690000
2021-02-24 15:28:47.650000,1.06015,1.06013,1000000,1690000
2021-02-24 15:28:48.220000,1.06014,1.06012,1570000,1000000
2021-02-24 15:28:48.322000,1.06012,1.0601,1570000,1500000
2021-02-24 15:28:48.424000,1.06012,1.06008,1000000,2810000
2021-02-24 15:28:49.168000,1.06012,1.0601,1000000,2250000
2021-02-24 15:28:49.270000,1.06015,1.06013,2020000,1500000
2021-02-24 15:28:49.372000,1.06012,1.0601,1000000,7820000
2021-02-24 15:28:50.944000,1.06012,1.0601,1500000,1690000
2021-02-24 15:28:51.046000,1.0601,1.06008,1250000,1500000
2021-02-24 15:28:51.147000,1.06011,1.06009,1100000,1500000
2021-02-24 15:28:53.394000,1.06012,1.0601,1000000,1500000
2021-02-24 15:28:57.218000,1.06013,1.06011,1500000,1000000
2021-02-24 15:28:57.323000,1.06012,1.0601,1000000,2890000
2021-02-24 15:28:57.497000,1.06014,1.06012,1870000,1690000
2021-02-24 15:28:57.598000,1.06015,1.06013,1950000,1500000
2021-02-24 15:28:58.336000,1.06015,1.06012,1200000,9710000
2021-02-24 15:28:58.387000,1.06017,1.06016,1100000,1000000
2021-02-24 15:28:59.097000,1.06016,1.06013,3820000,2060000
2021-02-24 15:28:59.148000,1.06014,1.06012,1000000,3520000
2021-02-24 15:28:59.250000,1.06014,1.06012,1500000,1500000
2021-02-24 15:29:00.239000,1.06014,1.06012,1000000,2510000
2021-02-24 15:29:00.340000,1.06014,1.06012,1000000,3260000
2021-02-24 15:29:00.492000,1.06016,1.06015,2250000,1000000
2021-02-24 15:29:00.745000,1.06017,1.06016,1500000,1000000
2021-02-24 15:29:00.847000,1.06017,1.06015,1500000,1870000
2021-02-24 15:29:01.049000,1.06017,1.06016,1000000,1100000
2021-02-24 15:29:01.100000,1.06019,1.06018,1000000,1000000
2021-02-24 15:29:01.202000,1.0602,1.06017,1000000,1100000
2021-02-24 15:29:01.747000,1.06017,1.06016,1000000,4390000
2021-02-24 15:29:01.953000,1.06018,1.06016,1500000,1010000
2021-02-24 15:29:02.916000,1.06015,1.06014,1000000,2250000
2021-02-24 15:29:03.018000,1.06015,1.06013,1000000,1570000
2021-02-24 15:29:03.270000,1.06015,1.06014,1000000,1000000
2021-02-24 15:29:03.372000,1.06016,1.06014,1250000,1000000
2021-02-24 15:29:05.360000,1.06014,1.06011,1500000,7950000
2021-02-24 15:29:05.461000,1.06013,1.06011,1100000,1500000
2021-02-24 15:29:06.295000,1.06012,1.06011,1100000,1000000
2021-02-24 15:29:06.346000,1.06011,1.06008,1570000,4140000
2021-02-24 15:29:06.397000,1.06007,1.06005,1000000,4460000
2021-02-24 15:29:07.105000,1.06007,1.06004,1760000,1500000
2021-02-24 15:29:07.257000,1.06007,1.06003,1000000,1000000
2021-02-24 15:29:08.353000,1.06008,1.06006,1500000,2440000
2021-02-24 15:29:08.506000,1.06008,1.06007,1000000,1000000
2021-02-24 15:29:08.608000,1.06009,1.06007,1000000,1500000
2021-02-24 15:29:10.193000,1.06008,1.06006,1000000,1690000
2021-02-24 15:29:10.295000,1.06009,1.06007,1570000,1000000
2021-02-24 15:29:10.397000,1.0601,1.06008,2320000,1000000
2021-02-24 15:29:10.498000,1.06012,1.06009,3170000,1500000
2021-02-24 15:29:10.599000,1.06012,1.06009,2320000,1500000
2021-02-24 15:29:11.376000,1.06009,1.06007,1500000,1100000
2021-02-24 15:29:11.478000,1.06006,1.06004,1000000,1000000
2021-02-24 15:29:12.382000,1.06007,1.06005,2250000,1250000
2021-02-24 15:29:12.803000,1.0601,1.06008,2400000,1500000
2021-02-24 15:29:12.908000,1.06011,1.06008,2320000,1500000
2021-02-24 15:29:13.111000,1.06012,1.0601,2400000,1000000
2021-02-24 15:29:13.659000,1.06011,1.0601,1000000,1000000
2021-02-24 15:29:14.408000,1.06012,1.0601,2250000,1000000
2021-02-24 15:29:15.775000,1.06012,1.0601,2720000,1000000
2021-02-24 15:29:15.927000,1.06012,1.0601,2320000,1000000
2021-02-24 15:29:16.439000,1.06013,1.06011,2400000,1000000
2021-02-24 15:29:17.015000,1.06015,1.06013,2320000,2500000
2021-02-24 15:29:17.268000,1.06016,1.06014,1570000,1250000
2021-02-24 15:29:18.534000,1.06019,1.06017,3950000,1250000
2021-02-24 15:29:18.635000,1.06019,1.06017,2250000,1250000
2021-02-24 15:29:19.853000,1.0602,1.06018,1500000,1250000
2021-02-24 15:29:20.550000,1.06021,1.0602,1000000,1000000
2021-02-24 15:29:23.547000,1.0602,1.06018,1500000,1250000
2021-02-24 15:29:24.600000,1.06021,1.06018,2320000,1690000
2021-02-24 15:29:25.081000,1.06022,1.0602,1500000,1690000
2021-02-24 15:29:25.565000,1.06021,1.06019,2320000,1000000
2021-02-24 15:29:25.666000,1.0602,1.06018,1000000,1690000
2021-02-24 15:29:26.501000,1.06016,1.06015,1500000,5700000
2021-02-24 15:29:26.553000,1.06015,1.06013,1000000,1690000
2021-02-24 15:29:27.262000,1.06015,1.06012,2320000,1690000
2021-02-24 15:29:27.514000,1.06015,1.06012,2320000,1750000
2021-02-24 15:29:27.616000,1.06016,1.06013,1000000,1250000
2021-02-24 15:29:27.717000,1.06016,1.06014,1000000,1250000
2021-02-24 15:29:28.260000,1.06016,1.06015,1000000,1000000
2021-02-24 15:29:28.462000,1.06016,1.06014,1000000,1250000
2021-02-24 15:29:28.860000,1.06016,1.06013,1500000,6560000
2021-02-24 15:29:28.962000,1.06015,1.06012,2320000,2500000
2021-02-24 15:29:29.063000,1.06015,1.06012,2320000,1690000
2021-02-24 15:29:29.575000,1.06015,1.06013,1500000,1750000
2021-02-24 15:29:29.676000,1.06016,1.06014,1570000,1250000
2021-02-24 15:29:30.312000,1.06015,1.06013,1000000,1000000
2021-02-24 15:29:30.414000,1.06017,1.06015,1950000,2500000
2021-02-24 15:29:30.515000,1.06018,1.06016,1570000,1250000
2021-02-24 15:29:30.768000,1.06016,1.06014,1500000,1690000
2021-02-24 15:29:30.870000,1.06015,1.06014,1000000,1000000
2021-02-24 15:29:31.179000,1.06014,1.06012,1500000,5060000
2021-02-24 15:29:31.230000,1.06012,1.06011,1000000,3190000
2021-02-24 15:29:31.281000,1.06011,1.06009,1500000,1500000
2021-02-24 15:29:31.382000,1.0601,1.06009,1000000,1000000
2021-02-24 15:29:31.626000,1.06011,1.06009,1100000,1500000
2021-02-24 15:29:32.705000,1.0601,1.06008,1000000,1500000
2021-02-24 15:29:32.807000,1.06009,1.06008,1000000,1000000
2021-02-24 15:29:32.858000,1.06007,1.06005,1500000,1010000
2021-02-24 15:29:32.959000,1.06008,1.06003,2320000,1690000
2021-02-24 15:29:33.010000,1.06007,1.06005,1000000,2500000
2021-02-24 15:29:33.162000,1.06007,1.06005,1570000,1250000
2021-02-24 15:29:38.541000,1.06009,1.06007,1760000,1000000
2021-02-24 15:29:38.592000,1.0601,1.06009,1200000,1250000
2021-02-24 15:29:38.693000,1.06009,1.06007,1000000,3250000
2021-02-24 15:29:38.794000,1.06007,1.06006,1000000,1250000
2021-02-24 15:29:38.896000,1.06007,1.06005,1000000,1690000
2021-02-24 15:29:40.662000,1.06004,1.06003,1690000,1120000
2021-02-24 15:29:40.763000,1.06007,1.06004,4010000,1000000
2021-02-24 15:29:41.118000,1.06007,1.06005,2620000,1500000
2021-02-24 15:29:43.183000,1.06009,1.06004,1200000,2440000
2021-02-24 15:29:43.673000,1.06008,1.06007,1000000,1000000
2021-02-24 15:29:45.692000,1.0601,1.06008,1950000,1000000
2021-02-24 15:29:45.794000,1.06012,1.0601,4150000,1000000
2021-02-24 15:29:46.047000,1.06012,1.0601,2890000,1000000
2021-02-24 15:29:46.447000,1.06012,1.06009,2890000,1690000
2021-02-24 15:29:46.549000,1.06011,1.06009,1250000,1500000
2021-02-24 15:29:47.059000,1.06009,1.06008,1000000,1000000
2021-02-24 15:29:47.160000,1.0601,1.06008,1760000,1000000
2021-02-24 15:29:47.715000,1.06011,1.06009,3820000,1000000
2021-02-24 15:29:47.816000,1.06012,1.06009,3320000,1500000
2021-02-24 15:29:47.917000,1.06012,1.0601,1390000,1000000
2021-02-24 15:29:48.601000,1.06013,1.06011,2950000,1000000
2021-02-24 15:29:48.702000,1.06013,1.06011,1250000,1500000
2021-02-24 15:29:50.803000,1.06013,1.0601,1690000,1390000
2021-02-24 15:29:51.473000,1.06012,1.0601,1000000,1250000
2021-02-24 15:29:51.777000,1.06013,1.06011,1390000,1000000
2021-02-24 15:29:55.107000,1.06015,1.06011,1500000,1500000
2021-02-24 15:29:55.822000,1.06014,1.06012,2950000,1500000
2021-02-24 15:29:56.054000,1.06013,1.06011,1250000,1000000
2021-02-24 15:29:58.802000,1.06014,1.06011,2440000,1500000
2021-02-24 15:29:59.804000,1.06013,1.06011,1000000,1500000
2021-02-24 15:30:00.806000,1.06014,1.06011,1690000,1500000
2021-02-24 15:30:01.823000,1.06013,1.06011,1000000,1000000
2021-02-24 15:30:01.925000,1.06012,1.0601,1000000,1000000
2021-02-24 15:30:02.825000,1.06013,1.06011,1500000,1000000
2021-02-24 15:30:03.828000,1.06012,1.0601,1500000,1500000
2021-02-24 15:30:04.593000,1.06007,1.06006,1000000,4570000
2021-02-24 15:30:04.695000,1.06007,1.06005,1000000,1010000
2021-02-24 15:30:05.778000,1.06008,1.06006,1000000,1000000
2021-02-24 15:30:05.879000,1.06008,1.06007,1000000,1000000
2021-02-24 15:30:05.981000,1.06011,1.06009,1500000,1000000
2021-02-24 15:30:07.832000,1.06011,1.0601,1000000,1000000
2021-02-24 15:30:07.934000,1.06012,1.0601,1250000,1500000
2021-02-24 15:30:09.848000,1.06012,1.06011,1000000,1000000
2021-02-24 15:30:09.899000,1.06014,1.06011,1870000,1950000
2021-02-24 15:30:10,1.06015,1.06013,1000000,1000000
2021-02-24 15:30:10.253000,1.06017,1.06014,2020000,1690000
2021-02-24 15:30:11.048000,1.06017,1.06016,1000000,1000000
2021-02-24 15:30:11.150000,1.06019,1.06017,1500000,1000000
2021-02-24 15:30:11.252000,1.06019,1.06018,1000000,1000000
2021-02-24 15:30:11.353000,1.06019,1.06015,1000000,1690000
2021-02-24 15:30:11.454000,1.06018,1.06017,1000000,1000000
2021-02-24 15:30:11.855000,1.06019,1.06017,1200000,1000000
2021-02-24 15:30:11.956000,1.0602,1.06018,1250000,1500000
2021-02-24 15:30:12.058000,1.06021,1.06019,1250000,1000000
2021-02-24 15:30:12.210000,1.06023,1.06021,2210000,1000000
2021-02-24 15:30:12.311000,1.06022,1.06021,1000000,1000000
2021-02-24 15:30:12.990000,1.06022,1.0602,1000000,1500000
2021-02-24 15:30:13.917000,1.06023,1.06021,1310000,1500000
2021-02-24 15:30:14.019000,1.06024,1.06022,1310000,1000000
2021-02-24 15:30:14.349000,1.06023,1.06022,1000000,1000000
2021-02-24 15:30:14.928000,1.06023,1.06021,1000000,1690000
2021-02-24 15:30:16.056000,1.06023,1.06021,1500000,2140000
2021-02-24 15:30:16.355000,1.06023,1.06021,1500000,4600000
2021-02-24 15:30:17.117000,1.06025,1.06024,1000000,2140000
2021-02-24 15:30:17.218000,1.06026,1.06024,1000000,2810000
2021-02-24 15:30:17.320000,1.06023,1.06022,1000000,2810000
2021-02-24 15:30:17.929000,1.06024,1.06022,1000000,2890000
2021-02-24 15:30:19.960000,1.06026,1.06024,1870000,2890000
2021-02-24 15:30:20.062000,1.06028,1.06026,1500000,2510000
2021-02-24 15:30:20.163000,1.0603,1.06026,1000000,2810000
2021-02-24 15:30:20.264000,1.0603,1.06028,1500000,1390000
2021-02-24 15:30:20.366000,1.06029,1.06027,1000000,1760000
2021-02-24 15:30:20.670000,1.0603,1.06027,1690000,3260000
2021-02-24 15:30:20.873000,1.0603,1.06027,1500000,4970000
2021-02-24 15:30:21.176000,1.06029,1.06027,1000000,2060000
2021-02-24 15:30:21.277000,1.06029,1.06027,1000000,1310000
2021-02-24 15:30:21.938000,1.06029,1.06027,1000000,1690000
2021-02-24 15:30:22.040000,1.0603,1.06028,1000000,2140000
2021-02-24 15:30:23.006000,1.06032,1.06028,1000000,1950000
2021-02-24 15:30:23.108000,1.06031,1.06029,1000000,2700000
2021-02-24 15:30:23.209000,1.0603,1.06028,1500000,2020000
2021-02-24 15:30:23.553000,1.0603,1.06028,1000000,1200000
2021-02-24 15:30:23.861000,1.0603,1.06028,1500000,1500000
2021-02-24 15:30:24.166000,1.06031,1.06029,1000000,1000000
2021-02-24 15:30:24.268000,1.0603,1.06028,1500000,3640000
2021-02-24 15:30:24.371000,1.0603,1.06029,1000000,1000000
2021-02-24 15:30:25.978000,1.0603,1.06028,1500000,2890000
2021-02-24 15:30:26.181000,1.06029,1.06027,1000000,2320000
2021-02-24 15:30:26.334000,1.06028,1.06026,1000000,1000000
2021-02-24 15:30:26.435000,1.06027,1.06026,1000000,1000000
2021-02-24 15:30:26.841000,1.06028,1.06026,1120000,1500000
2021-02-24 15:30:26.942000,1.06029,1.06027,1870000,1000000
2021-02-24 15:30:27.045000,1.06029,1.06028,1000000,1000000
2021-02-24 15:30:27.096000,1.06033,1.06031,2690000,2320000
2021-02-24 15:30:27.147000,1.06031,1.06029,1000000,2510000
2021-02-24 15:30:27.249000,1.0603,1.06028,1000000,3450000
2021-02-24 15:30:27.401000,1.06033,1.06031,3000000,1500000
2021-02-24 15:30:27.503000,1.06034,1.06031,1000000,1000000
2021-02-24 15:30:29.371000,1.06035,1.06034,1870000,1000000
2021-02-24 15:30:29.472000,1.06035,1.06033,1000000,1570000
2021-02-24 15:30:30.097000,1.06035,1.06033,5340000,1000000
2021-02-24 15:30:30.148000,1.06034,1.06031,2510000,1000000
2021-02-24 15:30:30.250000,1.06033,1.06031,1000000,1000000
2021-02-24 15:30:31.309000,1.06033,1.06032,1000000,1000000
2021-02-24 15:30:32.735000,1.06038,1.06037,4120000,1500000
2021-02-24 15:30:32.787000,1.0604,1.06038,3170000,1000000
2021-02-24 15:30:32.889000,1.0604,1.06038,1950000,1500000
2021-02-24 15:30:33.495000,1.0604,1.06038,4520000,1500000
2021-02-24 15:30:34.805000,1.06041,1.06037,2890000,1500000
2021-02-24 15:30:36.486000,1.0604,1.06036,2700000,1000000
2021-02-24 15:30:37.498000,1.06041,1.0604,2620000,1250000
2021-02-24 15:30:37.600000,1.06044,1.06042,1500000,1500000
2021-02-24 15:30:37.650000,1.06041,1.0604,1500000,1000000
2021-02-24 15:30:37.701000,1.06041,1.06039,2250000,1000000
2021-02-24 15:30:37.802000,1.06041,1.06038,1000000,1000000
2021-02-24 15:30:38.056000,1.0604,1.06037,1000000,1000000
2021-02-24 15:30:40.915000,1.0604,1.06039,1000000,1000000
2021-02-24 15:30:42.155000,1.06041,1.06039,1690000,1500000
2021-02-24 15:30:46.129000,1.06042,1.06041,1000000,1500000
2021-02-24 15:30:46.281000,1.06043,1.06041,1690000,1500000
2021-02-24 15:30:46.433000,1.06042,1.0604,1250000,1500000
2021-02-24 15:30:47.116000,1.06041,1.06039,1250000,1500000
2021-02-24 15:30:48.720000,1.06043,1.06039,1120000,2140000
2021-02-24 15:30:48.973000,1.06042,1.06041,1000000,1000000
2021-02-24 15:30:49.074000,1.06044,1.06042,3260000,1000000
2021-02-24 15:30:50.445000,1.06045,1.06043,1100000,1000000
2021-02-24 15:30:50.546000,1.06046,1.06044,1500000,1690000
2021-02-24 15:30:51.358000,1.06046,1.06045,1000000,1500000
2021-02-24 15:30:51.459000,1.06047,1.06045,1500000,1690000
2021-02-24 15:30:53.153000,1.06045,1.06043,1250000,3370000
2021-02-24 15:30:53.204000,1.06042,1.0604,1690000,2370000
2021-02-24 15:30:53.306000,1.06043,1.06041,1310000,2250000
2021-02-24 15:30:53.407000,1.06044,1.06042,4870000,1000000
2021-02-24 15:30:54.149000,1.06044,1.06043,1690000,1000000
2021-02-24 15:30:54.250000,1.06045,1.06043,1200000,1250000
2021-02-24 15:30:56.172000,1.06045,1.06043,3770000,1000000
2021-02-24 15:30:58.389000,1.06045,1.06041,1250000,1950000
2021-02-24 15:31:02.535000,1.06047,1.06045,5140000,1250000
2021-02-24 15:31:02.636000,1.06047,1.06045,1500000,1250000
2021-02-24 15:31:03.294000,1.06046,1.06044,1000000,1760000
2021-02-24 15:31:03.396000,1.06044,1.06042,1500000,3260000
2021-02-24 15:31:04.601000,1.06045,1.06042,1000000,1250000
2021-02-24 15:31:04.857000,1.06045,1.06044,1500000,1000000
2021-02-24 15:31:04.908000,1.06048,1.06046,3760000,1000000
2021-02-24 15:31:05.009000,1.06048,1.06046,1500000,1760000
2021-02-24 15:31:05.110000,1.06047,1.06045,1690000,2000000
2021-02-24 15:31:05.161000,1.06045,1.06044,1500000,1250000
2021-02-24 15:31:05.263000,1.06046,1.06042,1500000,1760000
2021-02-24 15:31:06.259000,1.06047,1.06044,1870000,4390000
2021-02-24 15:31:06.309000,1.06045,1.06044,1000000,1000000
2021-02-24 15:31:06.360000,1.06045,1.06043,1000000,3260000
2021-02-24 15:31:08.992000,1.06044,1.06042,1500000,1870000
2021-02-24 15:31:09.628000,1.06045,1.06043,1500000,1000000
2021-02-24 15:31:10.432000,1.06046,1.06043,1500000,3450000
2021-02-24 15:31:10.483000,1.06048,1.06044,1950000,1310000
2021-02-24 15:31:10.685000,1.06046,1.06044,1000000,1570000
2021-02-24 15:31:11.486000,1.06045,1.06043,1000000,1950000
2021-02-24 15:31:12.495000,1.06044,1.06042,1500000,1870000
2021-02-24 15:31:13.630000,1.06043,1.06041,1500000,2620000
2021-02-24 15:31:13.731000,1.06042,1.0604,1000000,2700000
2021-02-24 15:31:14.237000,1.06043,1.06041,2700000,1000000
2021-02-24 15:31:14.389000,1.06045,1.06041,1500000,1000000
2021-02-24 15:31:16.072000,1.06045,1.06042,3190000,3070000
2021-02-24 15:31:16.173000,1.06043,1.06041,1000000,2700000
2021-02-24 15:31:16.376000,1.0604,1.06039,1000000,1500000
2021-02-24 15:31:16.427000,1.06039,1.06037,1500000,3820000
2021-02-24 15:31:16.528000,1.06037,1.06034,1000000,1690000
2021-02-24 15:31:16.630000,1.06034,1.06033,1500000,1000000
2021-02-24 15:31:16.731000,1.06034,1.06032,1500000,1000000
2021-02-24 15:31:18.073000,1.06034,1.06031,1500000,4010000
2021-02-24 15:31:18.276000,1.06034,1.06032,1500000,1000000
2021-02-24 15:31:18.378000,1.06035,1.06032,1000000,1000000
2021-02-24 15:31:18.429000,1.06031,1.0603,2440000,1870000
2021-02-24 15:31:18.479000,1.06029,1.06026,1500000,3970000
2021-02-24 15:31:18.530000,1.06027,1.06025,1500000,2850000
2021-02-24 15:31:18.632000,1.06027,1.06025,1500000,1950000
2021-02-24 15:31:19.339000,1.0603,1.06028,4600000,1250000
2021-02-24 15:31:19.441000,1.0603,1.06028,1500000,1950000
2021-02-24 15:31:19.542000,1.06031,1.06029,1500000,1500000
2021-02-24 15:31:19.644000,1.06032,1.0603,1000000,1950000
2021-02-24 15:31:19.846000,1.06033,1.06031,1000000,1500000
2021-02-24 15:31:20.604000,1.06037,1.06035,10500000,1000000
2021-02-24 15:31:20.655000,1.06038,1.06037,1870000,1500000
2021-02-24 15:31:20.757000,1.0604,1.06038,1760000,1000000
2021-02-24 15:31:20.858000,1.0604,1.06039,1390000,1000000
2021-02-24 15:31:23.751000,1.06043,1.06041,1500000,1000000
2021-02-24 15:31:23.801000,1.06048,1.06046,1200000,2500000
2021-02-24 15:31:23.852000,1.06043,1.06042,1250000,1500000
2021-02-24 15:31:23.953000,1.06042,1.0604,1500000,1000000
2021-02-24 15:31:24.004000,1.06044,1.06042,5660000,1500000
2021-02-24 15:31:24.106000,1.06045,1.06041,1950000,1500000
2021-02-24 15:31:24.300000,1.06041,1.0604,1250000,1500000
2021-02-24 15:31:24.351000,1.06041,1.06037,1500000,1500000
2021-02-24 15:31:24.452000,1.06039,1.06038,2250000,1000000
2021-02-24 15:31:24.503000,1.06039,1.06036,3190000,2250000
2021-02-24 15:31:24.958000,1.06037,1.06035,3940000,1000000
2021-02-24 15:31:25.059000,1.06035,1.06034,1000000,1000000
2021-02-24 15:31:25.212000,1.06036,1.06034,3750000,1500000
2021-02-24 15:31:25.313000,1.06037,1.06035,1200000,1500000
2021-02-24 15:31:25.364000,1.06039,1.06037,1950000,1000000
2021-02-24 15:31:25.566000,1.0604,1.06038,5210000,1500000
2021-02-24 15:31:26.425000,1.06038,1.06036,1500000,1000000
2021-02-24 15:31:26.526000,1.06037,1.06035,2700000,1500000
2021-02-24 15:31:26.779000,1.06035,1.06034,1000000,1000000
2021-02-24 15:31:26.881000,1.06034,1.06032,1000000,1500000
2021-02-24 15:31:27.869000,1.06031,1.0603,1500000,1000000
2021-02-24 15:31:27.920000,1.06028,1.06026,2250000,1200000
2021-02-24 15:31:28.073000,1.06028,1.06026,5650000,1000000
2021-02-24 15:31:28.174000,1.06027,1.06025,2700000,1500000
2021-02-24 15:31:28.478000,1.06026,1.06024,1500000,1000000
2021-02-24 15:31:28.630000,1.06023,1.06022,1000000,1120000
2021-02-24 15:31:28.680000,1.06022,1.0602,1500000,1200000
2021-02-24 15:31:28.782000,1.06022,1.06021,1000000,1000000
2021-02-24 15:31:28.883000,1.06022,1.0602,1500000,1000000
2021-02-24 15:31:29.439000,1.06024,1.06022,3070000,1390000
2021-02-24 15:31:29.490000,1.06027,1.06024,1000000,1000000
2021-02-24 15:31:29.591000,1.06027,1.06025,4840000,1500000
2021-02-24 15:31:29.895000,1.06026,1.06024,2700000,1000000
2021-02-24 15:31:30.199000,1.06024,1.06022,3450000,1500000
2021-02-24 15:31:30.301000,1.06022,1.06021,1000000,1000000
2021-02-24 15:31:30.453000,1.06021,1.0602,1000000,1500000
2021-02-24 15:31:30.504000,1.06018,1.06017,2440000,1000000
2021-02-24 15:31:30.554000,1.06018,1.06016,3190000,2250000
2021-02-24 15:31:30.833000,1.06018,1.06017,1200000,1250000
2021-02-24 15:31:32.114000,1.0602,1.06016,2890000,1000000
2021-02-24 15:31:32.165000,1.06017,1.06015,1000000,2250000
2021-02-24 15:31:32.677000,1.06019,1.06018,1000000,1500000
2021-02-24 15:31:32.728000,1.06022,1.0602,2170000,1250000
2021-02-24 15:31:32.829000,1.06023,1.06022,1100000,1000000
2021-02-24 15:31:33.436000,1.06027,1.06025,2440000,1500000
2021-02-24 15:31:33.638000,1.06028,1.06026,2510000,1000000
2021-02-24 15:31:34.482000,1.06027,1.06026,1250000,1500000
2021-02-24 15:31:34.583000,1.06025,1.06023,1000000,2250000
2021-02-24 15:31:35.182000,1.06024,1.06022,1000000,1500000
2021-02-24 15:31:35.435000,1.06026,1.06024,2910000,1000000
2021-02-24 15:31:35.536000,1.06026,1.06025,1690000,1000000
2021-02-24 15:31:35.738000,1.06027,1.06025,2510000,1500000
2021-02-24 15:31:36.092000,1.06029,1.06028,3000000,1000000
2021-02-24 15:31:36.193000,1.06029,1.06027,1250000,3000000
2021-02-24 15:31:37.052000,1.06029,1.06028,1000000,1000000
2021-02-24 15:31:37.155000,1.0603,1.06028,1250000,1500000
2021-02-24 15:31:37.705000,1.06029,1.06026,1000000,1000000
2021-02-24 15:31:37.807000,1.06028,1.06026,1690000,2250000
2021-02-24 15:31:38.956000,1.06028,1.06027,1000000,1000000
2021-02-24 15:31:39.962000,1.06029,1.06025,1000000,2700000
2021-02-24 15:31:40.063000,1.06028,1.06026,2270000,1000000
2021-02-24 15:31:40.936000,1.06028,1.06026,1460000,1000000
2021-02-24 15:31:41.037000,1.0603,1.06028,1600000,1500000
2021-02-24 15:31:41.138000,1.0603,1.06028,1250000,1500000
2021-02-24 15:31:41.683000,1.0603,1.06029,1000000,1000000
2021-02-24 15:31:41.734000,1.06032,1.06031,1100000,1000000
2021-02-24 15:31:41.794000,1.06034,1.06032,1760000,1000000
2021-02-24 15:31:41.896000,1.06034,1.06033,1250000,1000000
2021-02-24 15:31:42.230000,1.06034,1.06032,1000000,1500000
2021-02-24 15:31:42.332000,1.06033,1.06031,1250000,1500000
2021-02-24 15:31:42.585000,1.06033,1.06031,1750000,1500000
2021-02-24 15:31:44.399000,1.06033,1.06032,1250000,1000000
2021-02-24 15:31:44.501000,1.06034,1.06033,1250000,1000000
2021-02-24 15:31:44.793000,1.06034,1.06032,2950000,1500000
2021-02-24 15:31:44.895000,1.06033,1.06032,1250000,1000000
2021-02-24 15:31:46.982000,1.06033,1.06031,1750000,1500000
2021-02-24 15:31:47.033000,1.0603,1.06029,1000000,1120000
2021-02-24 15:31:47.489000,1.06032,1.0603,2510000,1500000
2021-02-24 15:31:48.515000,1.0603,1.06028,2440000,5620000
2021-02-24 15:31:48.616000,1.06029,1.06028,1000000,1000000
2021-02-24 15:31:49.024000,1.0603,1.06028,3260000,1500000
2021-02-24 15:31:49.126000,1.0603,1.06029,1000000,1000000
2021-02-24 15:31:49.328000,1.06032,1.0603,3710000,1500000
2021-02-24 15:31:49.837000,1.0603,1.06028,1820000,1870000
2021-02-24 15:31:50.693000,1.06031,1.06029,4820000,1500000
2021-02-24 15:31:51.292000,1.06032,1.0603,2870000,1500000
2021-02-24 15:31:52.549000,1.06031,1.06029,1250000,1500000
2021-02-24 15:31:54.031000,1.06032,1.06031,1250000,1500000
2021-02-24 15:31:54.132000,1.06033,1.06032,1250000,1500000
2021-02-24 15:31:54.774000,1.06032,1.0603,1250000,1500000
2021-02-24 15:31:54.876000,1.06031,1.06029,3260000,1000000
2021-02-24 15:31:55.129000,1.06032,1.0603,3310000,1500000
2021-02-24 15:31:55.280000,1.06032,1.0603,2060000,1500000
2021-02-24 15:31:56.034000,1.0603,1.06028,1690000,2770000
2021-02-24 15:31:56.287000,1.06029,1.06028,1250000,1000000
2021-02-24 15:31:56.989000,1.06028,1.06027,1690000,1000000
2021-02-24 15:31:58.284000,1.06029,1.06028,2510000,1000000
2021-02-24 15:31:58.386000,1.06031,1.06029,3560000,1500000
2021-02-24 15:31:59.065000,1.06031,1.0603,1000000,1000000
2021-02-24 15:31:59.116000,1.06033,1.06031,4010000,1000000
2021-02-24 15:31:59.419000,1.06033,1.0603,2440000,1000000
2021-02-24 15:31:59.470000,1.06029,1.06028,1250000,1000000
2021-02-24 15:31:59.571000,1.06028,1.06026,2440000,1500000
2021-02-24 15:32:00.112000,1.06027,1.06026,1250000,1500000
2021-02-24 15:32:00.162000,1.06023,1.06021,1690000,6820000
2021-02-24 15:32:00.591000,1.06022,1.0602,9190000,1500000
2021-02-24 15:32:00.794000,1.0602,1.06018,1000000,1000000
2021-02-24 15:32:00.896000,1.06019,1.06016,1870000,1950000
2021-02-24 15:32:00.997000,1.0602,1.06018,1500000,1500000
2021-02-24 15:32:01.098000,1.06021,1.0602,1000000,1000000
2021-02-24 15:32:01.301000,1.06021,1.06019,1690000,1000000
2021-02-24 15:32:01.402000,1.06019,1.06017,2440000,1000000
2021-02-24 15:32:02.174000,1.06021,1.0602,1100000,1000000
2021-02-24 15:32:02.275000,1.06022,1.0602,2440000,1000000
2021-02-24 15:32:02.680000,1.06023,1.06021,2440000,1000000
2021-02-24 15:32:02.833000,1.06025,1.06023,3200000,1500000
2021-02-24 15:32:02.934000,1.06026,1.06024,3640000,1000000
2021-02-24 15:32:03.036000,1.06025,1.06023,1000000,1500000
2021-02-24 15:32:03.087000,1.06026,1.06025,1500000,1000000
2021-02-24 15:32:03.239000,1.06029,1.06025,4460000,1500000
2021-02-24 15:32:03.340000,1.06029,1.06027,1500000,1500000
2021-02-24 15:32:04.080000,1.06028,1.06026,1000000,1500000
2021-02-24 15:32:04.333000,1.06027,1.06026,1000000,1000000
2021-02-24 15:32:04.389000,1.06026,1.06024,1250000,1500000
2021-02-24 15:32:04.491000,1.06025,1.06023,1690000,1500000
2021-02-24 15:32:04.745000,1.06027,1.06025,2320000,1500000
2021-02-24 15:32:05.458000,1.06027,1.06024,1000000,1000000
2021-02-24 15:32:05.559000,1.06025,1.06024,1000000,1000000
2021-02-24 15:32:05.661000,1.06024,1.06023,1000000,1000000
2021-02-24 15:32:06.267000,1.06026,1.06024,1500000,1500000
2021-02-24 15:32:06.419000,1.06026,1.06025,1500000,1000000
2021-02-24 15:32:06.891000,1.06027,1.06026,1000000,1500000
2021-02-24 15:32:06.993000,1.06028,1.06026,2890000,1000000
2021-02-24 15:32:07.195000,1.06027,1.06025,3640000,1500000
2021-02-24 15:32:07.297000,1.06026,1.06024,1000000,1500000
2021-02-24 15:32:07.555000,1.06024,1.06023,1000000,1000000
2021-02-24 15:32:07.656000,1.06024,1.06023,1000000,1000000
2021-02-24 15:32:08.636000,1.06025,1.06023,1000000,1500000
2021-02-24 15:32:09.311000,1.06024,1.06022,2440000,1500000
2021-02-24 15:32:09.413000,1.06021,1.0602,2440000,1500000
2021-02-24 15:32:09.514000,1.06021,1.0602,1390000,1000000
2021-02-24 15:32:09.615000,1.0602,1.06019,1690000,1000000
2021-02-24 15:32:10.128000,1.06021,1.06019,2440000,1500000
2021-02-24 15:32:10.230000,1.06023,1.06019,1750000,1000000
2021-02-24 15:32:10.506000,1.06023,1.06021,2140000,1500000
2021-02-24 15:32:13.092000,1.06025,1.06023,2700000,1500000
2021-02-24 15:32:16.490000,1.06024,1.06021,3260000,1870000
2021-02-24 15:32:19.205000,1.06024,1.0602,1000000,1500000
2021-02-24 15:32:21.442000,1.06024,1.06022,1870000,2140000
2021-02-24 15:32:21.492000,1.06025,1.06024,1000000,1000000
2021-02-24 15:32:21.543000,1.06027,1.06025,4390000,1000000
2021-02-24 15:32:21.645000,1.06027,1.06025,1100000,1000000
2021-02-24 15:32:21.869000,1.06026,1.06024,1570000,1120000
2021-02-24 15:32:22.021000,1.06025,1.06023,1100000,1000000
2021-02-24 15:32:22.122000,1.06025,1.06022,1950000,2060000
2021-02-24 15:32:24.178000,1.06025,1.06023,1500000,1000000
2021-02-24 15:32:24.284000,1.06023,1.06021,1760000,1000000
2021-02-24 15:32:25.052000,1.06024,1.0602,3320000,1000000
2021-02-24 15:32:27.479000,1.06022,1.0602,1010000,1500000
2021-02-24 15:32:30.866000,1.06021,1.06019,1000000,2620000
2021-02-24 15:32:31.968000,1.0602,1.06016,1000000,2470000
2021-02-24 15:32:32.069000,1.06017,1.06016,1000000,1000000
2021-02-24 15:32:32.170000,1.06016,1.06015,1000000,1000000
2021-02-24 15:32:32.272000,1.06016,1.06014,1000000,1500000
2021-02-24 15:32:41.439000,1.06017,1.06015,1000000,4600000
2021-02-24 15:32:41.591000,1.06017,1.06015,1000000,2590000
2021-02-24 15:32:41.692000,1.06017,1.06013,1000000,5320000
2021-02-24 15:32:43.483000,1.06015,1.06014,1000000,1120000
2021-02-24 15:32:43.585000,1.06014,1.06012,1500000,3200000
2021-02-24 15:32:43.686000,1.06013,1.06012,1000000,1870000
2021-02-24 15:32:44.978000,1.06013,1.06011,1000000,1570000
2021-02-24 15:32:45.080000,1.06011,1.06009,1000000,2800000
2021-02-24 15:32:45.181000,1.06012,1.0601,1500000,1950000
2021-02-24 15:32:45.282000,1.06014,1.06011,3370000,1950000
2021-02-24 15:32:45.333000,1.06015,1.06013,1100000,3260000
2021-02-24 15:32:45.491000,1.06015,1.06013,1000000,4070000
2021-02-24 15:32:46.520000,1.06017,1.06014,1500000,4220000
2021-02-24 15:32:46.622000,1.06018,1.06016,1000000,2890000
2021-02-24 15:32:46.673000,1.0602,1.06018,1870000,2140000
2021-02-24 15:32:46.724000,1.06021,1.06019,1500000,3700000
2021-02-24 15:32:46.825000,1.06022,1.0602,1000000,3010000
2021-02-24 15:32:46.926000,1.06022,1.0602,1000000,1760000
2021-02-24 15:32:49.693000,1.06021,1.06019,1250000,3820000
2021-02-24 15:32:49.845000,1.06021,1.06019,3320000,1000000
2021-02-24 15:32:49.946000,1.06022,1.06018,1760000,1000000
2021-02-24 15:32:50.098000,1.06021,1.06018,1000000,1000000
2021-02-24 15:32:51.100000,1.0602,1.06017,1000000,1000000
2021-02-24 15:32:51.151000,1.06017,1.06015,1000000,4840000
2021-02-24 15:32:51.252000,1.06016,1.06015,1000000,1250000
2021-02-24 15:32:52.856000,1.06016,1.06014,1000000,2440000
2021-02-24 15:32:56.249000,1.06016,1.06014,1000000,4450000
2021-02-24 15:32:58.370000,1.06019,1.06018,1000000,1690000
2021-02-24 15:32:58.636000,1.06021,1.06018,2250000,4450000
2021-02-24 15:32:59.010000,1.06022,1.06019,1500000,4100000
2021-02-24 15:32:59.305000,1.06024,1.06022,1500000,1010000
2021-02-24 15:32:59.406000,1.06024,1.06022,1000000,4890000
2021-02-24 15:33:00.106000,1.06025,1.06024,1000000,1250000
2021-02-24 15:33:00.207000,1.06027,1.06023,1000000,1690000
2021-02-24 15:33:01.474000,1.06027,1.06024,1690000,2510000
2021-02-24 15:33:02.036000,1.06027,1.06025,1000000,1310000
2021-02-24 15:33:02.656000,1.06028,1.06026,1000000,2140000
2021-02-24 15:33:03.573000,1.06027,1.06025,1000000,2810000
2021-02-24 15:33:03.826000,1.06027,1.06022,3450000,4200000
2021-02-24 15:33:03.877000,1.06023,1.06021,1000000,1000000
2021-02-24 15:33:03.979000,1.06023,1.06022,1250000,1000000
2021-02-24 15:33:04.030000,1.06021,1.0602,1000000,1200000
2021-02-24 15:33:04.132000,1.06021,1.06019,1000000,1000000
2021-02-24 15:33:04.234000,1.06019,1.06018,1500000,1000000
2021-02-24 15:33:04.335000,1.06019,1.06017,1500000,1000000
2021-02-24 15:33:04.437000,1.06017,1.06015,1000000,2400000
2021-02-24 15:33:04.539000,1.06016,1.06013,1500000,5390000
2021-02-24 15:33:04.640000,1.06016,1.06013,1500000,3710000
2021-02-24 15:33:05.078000,1.06016,1.06014,1000000,1000000
2021-02-24 15:33:05.179000,1.06017,1.06014,1120000,3940000
2021-02-24 15:33:05.336000,1.06018,1.06017,4120000,1250000
2021-02-24 15:33:05.438000,1.0602,1.06017,1500000,4790000
2021-02-24 15:33:08.434000,1.06021,1.0602,1500000,1250000
2021-02-24 15:33:08.485000,1.06024,1.06021,2820000,1000000
2021-02-24 15:33:08.536000,1.06025,1.06023,3740000,3260000
2021-02-24 15:33:08.637000,1.06026,1.06024,1000000,1760000
2021-02-24 15:33:08.995000,1.06024,1.06023,1000000,2440000
2021-02-24 15:33:09.097000,1.06024,1.06023,1000000,1310000
2021-02-24 15:33:09.812000,1.06026,1.06023,1500000,4010000
2021-02-24 15:33:09.914000,1.06026,1.06024,1500000,1390000
2021-02-24 15:33:09.965000,1.06027,1.06025,1500000,4450000
2021-02-24 15:33:10.066000,1.0603,1.06025,1500000,6350000
2021-02-24 15:33:10.275000,1.06029,1.06027,1000000,1390000
2021-02-24 15:33:11.421000,1.06027,1.06025,1000000,7900000
2021-02-24 15:33:12.107000,1.06028,1.06026,1000000,3320000
2021-02-24 15:33:12.642000,1.06027,1.06025,1500000,4060000
2021-02-24 15:33:12.743000,1.06027,1.06025,1500000,3560000
2021-02-24 15:33:13.106000,1.06028,1.06027,1000000,1200000
2021-02-24 15:33:13.510000,1.06032,1.06027,3250000,3070000
2021-02-24 15:33:15.446000,1.06031,1.06028,1500000,4450000
2021-02-24 15:33:15.548000,1.06032,1.0603,1000000,1950000
2021-02-24 15:33:19.998000,1.06032,1.06029,1000000,3410000
2021-02-24 15:33:20.352000,1.0603,1.06028,1000000,3820000
2021-02-24 15:33:20.453000,1.0603,1.06028,1000000,1500000
2021-02-24 15:33:20.706000,1.06031,1.06029,2440000,1000000
2021-02-24 15:33:20.858000,1.06031,1.0603,1500000,1000000
2021-02-24 15:33:21.570000,1.06031,1.06029,1000000,3260000
2021-02-24 15:33:21.671000,1.06032,1.0603,1000000,1690000
2021-02-24 15:33:22.174000,1.0603,1.06029,1000000,1500000
2021-02-24 15:33:22.225000,1.06029,1.06027,1690000,3270000
2021-02-24 15:33:22.327000,1.06028,1.06026,1000000,3120000
2021-02-24 15:33:22.478000,1.06029,1.06026,1250000,2370000
2021-02-24 15:33:22.580000,1.06029,1.06026,1250000,1870000
2021-02-24 15:33:22.782000,1.06028,1.06026,1000000,2620000
2021-02-24 15:33:23.035000,1.0603,1.06028,1000000,2320000
2021-02-24 15:33:24.259000,1.06031,1.06029,1500000,2320000
2021-02-24 15:33:25.248000,1.0603,1.06028,1000000,2250000
2021-02-24 15:33:25.349000,1.0603,1.06027,1000000,1390000
2021-02-24 15:33:25.400000,1.06029,1.06026,1000000,1390000
2021-02-24 15:33:26.876000,1.06027,1.06026,1500000,3370000
2021-02-24 15:33:26.927000,1.06023,1.06021,1000000,7950000
2021-02-24 15:33:27.028000,1.06022,1.0602,1500000,5320000
2021-02-24 15:33:27.130000,1.06021,1.06019,1000000,2850000
2021-02-24 15:33:28.150000,1.06021,1.06019,1000000,4870000
2021-02-24 15:33:29.099000,1.0602,1.06019,1000000,1000000
2021-02-24 15:33:29.575000,1.06021,1.06019,1250000,1500000
2021-02-24 15:33:31.159000,1.06023,1.06021,1690000,1100000
2021-02-24 15:33:31.311000,1.06023,1.06021,1250000,2450000
2021-02-24 15:33:31.818000,1.06024,1.06021,1690000,3200000
2021-02-24 15:33:31.969000,1.06023,1.06021,1250000,2320000
2021-02-24 15:33:32.071000,1.06026,1.06024,1720000,1570000
2021-02-24 15:33:38.631000,1.06027,1.06025,1000000,1120000
2021-02-24 15:33:42.066000,1.06027,1.06025,1000000,1620000
2021-02-24 15:33:43.217000,1.06029,1.06027,1100000,2510000
2021-02-24 15:33:43.319000,1.06032,1.06028,2250000,1120000
2021-02-24 15:33:47.937000,1.06025,1.06023,1000000,11620000
2021-02-24 15:33:48.038000,1.06026,1.06023,1500000,4140000
2021-02-24 15:33:48.139000,1.06026,1.06023,1500000,2890000
2021-02-24 15:33:49.012000,1.06026,1.06023,1500000,7040000
2021-02-24 15:33:49.757000,1.06026,1.06025,1500000,1000000
2021-02-24 15:33:50.359000,1.06027,1.06025,1000000,4010000
2021-02-24 15:33:50.513000,1.06032,1.0603,5420000,1250000
2021-02-24 15:33:50.615000,1.06033,1.06032,1000000,1100000
2021-02-24 15:33:50.716000,1.06034,1.06032,1000000,1700000
2021-02-24 15:33:51.019000,1.06033,1.06031,1000000,1100000
2021-02-24 15:33:51.070000,1.06032,1.0603,1000000,2060000
2021-02-24 15:33:51.323000,1.06031,1.06029,1000000,2700000
2021-02-24 15:33:51.536000,1.0603,1.06028,1000000,4540000
2021-02-24 15:33:51.638000,1.06029,1.06027,1000000,2720000
2021-02-24 15:33:51.739000,1.06031,1.06029,2440000,1000000
2021-02-24 15:33:51.891000,1.06029,1.06027,1500000,5140000
2021-02-24 15:33:51.993000,1.06027,1.06025,1000000,2250000
2021-02-24 15:33:52.094000,1.06026,1.06024,1000000,2440000
2021-02-24 15:33:52.647000,1.06023,1.06021,1000000,1390000
2021-02-24 15:33:52.748000,1.06022,1.0602,1000000,2320000
2021-02-24 15:33:53.051000,1.06021,1.06019,1500000,1760000
2021-02-24 15:33:53.153000,1.06021,1.06018,1000000,4850000
2021-02-24 15:33:53.655000,1.0602,1.06018,1500000,1950000
2021-02-24 15:33:53.705000,1.06019,1.06016,1000000,1870000
2021-02-24 15:33:53.807000,1.06018,1.06014,1000000,4390000
2021-02-24 15:33:53.908000,1.06017,1.06014,1690000,4570000
2021-02-24 15:33:55.195000,1.06015,1.06014,1500000,1000000
2021-02-24 15:33:55.297000,1.06014,1.06012,1000000,4390000
2021-02-24 15:33:58.118000,1.06015,1.06013,1500000,1390000
2021-02-24 15:33:58.487000,1.06017,1.06015,1500000,1000000
2021-02-24 15:33:58.588000,1.06017,1.06013,1000000,4390000
2021-02-24 15:34:00.270000,1.0602,1.06017,4320000,2140000
2021-02-24 15:34:00.372000,1.06021,1.06019,1000000,2890000
2021-02-24 15:34:00.626000,1.0602,1.06019,1000000,1120000
2021-02-24 15:34:01.081000,1.06022,1.06019,1000000,1000000
2021-02-24 15:34:01.131000,1.06024,1.06022,2320000,2250000
2021-02-24 15:34:01.334000,1.06024,1.06021,1000000,2890000
2021-02-24 15:34:01.486000,1.06025,1.06024,1000000,1000000
2021-02-24 15:34:01.587000,1.06026,1.06024,1000000,2250000
2021-02-24 15:34:01.689000,1.06026,1.06025,1000000,1000000
2021-02-24 15:34:02.117000,1.06027,1.06025,1500000,2510000
2021-02-24 15:34:02.420000,1.06026,1.06025,1000000,1000000
2021-02-24 15:34:05.076000,1.06027,1.06025,1500000,1500000
2021-02-24 15:34:05.178000,1.06027,1.06026,1500000,1000000
2021-02-24 15:34:05.330000,1.06028,1.06027,1000000,1000000
2021-02-24 15:34:05.380000,1.06029,1.06027,1500000,1120000
2021-02-24 15:34:05.835000,1.06029,1.06025,1500000,3070000
2021-02-24 15:34:06.574000,1.06027,1.06026,1000000,1000000
2021-02-24 15:34:06.777000,1.06028,1.06025,1750000,1000000
2021-02-24 15:34:06.828000,1.06027,1.06023,1250000,3370000
2021-02-24 15:34:06.879000,1.06024,1.06023,1690000,1870000
2021-02-24 15:34:06.930000,1.06022,1.06021,1000000,2700000
2021-02-24 15:34:07.031000,1.06021,1.06019,1000000,1500000
2021-02-24 15:34:08.439000,1.06024,1.06022,1570000,1000000
2021-02-24 15:34:08.540000,1.06023,1.06021,1500000,2810000
2021-02-24 15:34:09.517000,1.06021,1.06019,1000000,4140000
2021-02-24 15:34:09.618000,1.06021,1.06019,1000000,3560000
2021-02-24 15:34:10.033000,1.06023,1.06021,1000000,1000000
2021-02-24 15:34:10.236000,1.06025,1.06022,4010000,1870000
2021-02-24 15:34:10.337000,1.06024,1.06022,1000000,1000000
2021-02-24 15:34:10.439000,1.06023,1.06022,1000000,1000000
2021-02-24 15:34:11.121000,1.06026,1.06024,3640000,1000000
2021-02-24 15:34:11.274000,1.06025,1.06024,1000000,1000000
2021-02-24 15:34:11.375000,1.06026,1.06024,1000000,1690000
2021-02-24 15:34:11.476000,1.06028,1.06023,1500000,4010000
2021-02-24 15:34:11.578000,1.06027,1.06025,1000000,4010000
2021-02-24 15:34:11.831000,1.06029,1.06024,1500000,4310000
2021-02-24 15:34:12.051000,1.06028,1.06026,1000000,1000000
2021-02-24 15:34:12.102000,1.0603,1.06028,1500000,1000000
2021-02-24 15:34:12.204000,1.06033,1.06031,3900000,1000000
2021-02-24 15:34:12.305000,1.06032,1.06031,1000000,1120000
2021-02-24 15:34:12.508000,1.06033,1.06032,1000000,1000000
2021-02-24 15:34:12.609000,1.06033,1.06032,1000000,1000000
2021-02-24 15:34:12.913000,1.06033,1.06031,1690000,1120000
2021-02-24 15:34:13.016000,1.0603,1.06029,1250000,2320000
2021-02-24 15:34:13.067000,1.0603,1.06028,1750000,1500000
2021-02-24 15:34:13.220000,1.0603,1.06028,1500000,1500000
2021-02-24 15:34:13.575000,1.06031,1.06029,1500000,1500000
2021-02-24 15:34:13.678000,1.06033,1.06029,1000000,1500000
2021-02-24 15:34:14.098000,1.06032,1.06031,1000000,1000000
2021-02-24 15:34:14.682000,1.06033,1.06031,1690000,1000000
2021-02-24 15:34:14.783000,1.06033,1.0603,1000000,1390000
2021-02-24 15:34:15.502000,1.06031,1.0603,1250000,1120000
2021-02-24 15:34:15.604000,1.0603,1.06029,1000000,1000000
2021-02-24 15:34:15.705000,1.06029,1.06028,1000000,1000000
2021-02-24 15:34:16.265000,1.06028,1.06026,1000000,2750000
2021-02-24 15:34:16.366000,1.06027,1.06026,1000000,1000000
2021-02-24 15:34:16.518000,1.06028,1.06026,1000000,1000000
2021-02-24 15:34:18.340000,1.06028,1.06027,1000000,1120000
2021-02-24 15:34:18.441000,1.06029,1.06028,1000000,1000000
2021-02-24 15:34:19.605000,1.06027,1.06026,1000000,1120000
2021-02-24 15:34:19.656000,1.06026,1.06025,1250000,2700000
2021-02-24 15:34:19.757000,1.06027,1.06025,2250000,1000000
2021-02-24 15:34:19.808000,1.0603,1.06026,1250000,1000000
2021-02-24 15:34:19.909000,1.06029,1.06028,1000000,1000000
2021-02-24 15:34:20.880000,1.0603,1.06028,1000000,1950000
2021-02-24 15:34:20.981000,1.06031,1.06029,1250000,1500000
2021-02-24 15:34:21.133000,1.06032,1.06029,1500000,4390000
2021-02-24 15:34:21.234000,1.06032,1.06031,1000000,1000000
2021-02-24 15:34:23.412000,1.0603,1.06029,1000000,1000000
2021-02-24 15:34:23.565000,1.06029,1.06028,1000000,1310000
2021-02-24 15:34:24.776000,1.06028,1.06027,1690000,1000000
2021-02-24 15:34:24.877000,1.06028,1.06026,1000000,1870000
2021-02-24 15:34:25.079000,1.0603,1.06028,2440000,1000000
2021-02-24 15:34:25.181000,1.06031,1.06029,4010000,1000000
2021-02-24 15:34:25.787000,1.06029,1.06028,1000000,1000000
2021-02-24 15:34:25.888000,1.06029,1.06027,1000000,1870000
2021-02-24 15:34:26.138000,1.0603,1.06028,1000000,1000000
2021-02-24 15:34:26.239000,1.06031,1.0603,1250000,1000000
2021-02-24 15:34:26.393000,1.06033,1.06031,2400000,1000000
2021-02-24 15:34:26.494000,1.06033,1.06032,1000000,1000000
2021-02-24 15:34:26.748000,1.06034,1.06032,1000000,1000000
2021-02-24 15:34:27.003000,1.06032,1.06031,1000000,1000000
2021-02-24 15:34:36.117000,1.06032,1.0603,1500000,1000000
2021-02-24 15:34:41.627000,1.06035,1.06031,1200000,2250000
2021-02-24 15:34:41.728000,1.06039,1.06034,2960000,3370000
2021-02-24 15:34:41.829000,1.06038,1.06036,1690000,1000000
2021-02-24 15:34:45.520000,1.06037,1.06036,1000000,1000000
2021-02-24 15:34:47.963000,1.06037,1.06035,1000000,1500000
2021-02-24 15:34:52.561000,1.06033,1.06032,1000000,6450000
2021-02-24 15:34:52.663000,1.06032,1.06031,1000000,1000000
2021-02-24 15:34:55.911000,1.06032,1.0603,1000000,1000000
2021-02-24 15:34:56.012000,1.06031,1.0603,1000000,1000000
2021-02-24 15:34:57.624000,1.06032,1.0603,1500000,5060000
2021-02-24 15:34:57.726000,1.06032,1.06031,1000000,4120000
2021-02-24 15:34:58.101000,1.06034,1.06032,1500000,1120000
2021-02-24 15:34:58.203000,1.06035,1.06032,1000000,1000000
2021-02-24 15:34:59.221000,1.06035,1.06033,1000000,4950000
2021-02-24 15:34:59.272000,1.06037,1.06035,1120000,1000000
2021-02-24 15:34:59.884000,1.06035,1.06034,1000000,1000000
2021-02-24 15:34:59.993000,1.06035,1.06032,1000000,1120000
2021-02-24 15:35:00.096000,1.06036,1.06034,1760000,1000000
2021-02-24 15:35:00.620000,1.06037,1.06035,1500000,1000000
2021-02-24 15:35:01.435000,1.06036,1.06035,1000000,1000000
2021-02-24 15:35:01.536000,1.06037,1.06035,1500000,1000000
2021-02-24 15:35:01.847000,1.06033,1.06031,1000000,3000000
2021-02-24 15:35:04.113000,1.06033,1.06031,1500000,5320000
2021-02-24 15:35:06.139000,1.06032,1.0603,1500000,3200000
2021-02-24 15:35:06.240000,1.06032,1.0603,1500000,2320000
2021-02-24 15:35:11.058000,1.06032,1.06031,1000000,1000000
2021-02-24 15:35:11.160000,1.06033,1.06031,1500000,4350000
2021-02-24 15:35:12.175000,1.06034,1.06032,1690000,1570000
2021-02-24 15:35:12.277000,1.06034,1.06033,1000000,1000000
2021-02-24 15:35:13.101000,1.06036,1.06034,1000000,2700000
2021-02-24 15:35:13.303000,1.06037,1.06034,1000000,3850000
2021-02-24 15:35:13.404000,1.06037,1.06035,1690000,1100000
2021-02-24 15:35:14.174000,1.06037,1.06036,1250000,1000000
2021-02-24 15:35:15.008000,1.06038,1.06036,1870000,2320000
2021-02-24 15:35:15.059000,1.0604,1.06039,3000000,1000000
2021-02-24 15:35:15.161000,1.06038,1.06037,1000000,2620000
2021-02-24 15:35:17.093000,1.06041,1.06039,4400000,1500000
2021-02-24 15:35:17.245000,1.06042,1.06039,2510000,2250000
2021-02-24 15:35:18.166000,1.06042,1.0604,1690000,1000000
2021-02-24 15:35:19.471000,1.06042,1.06038,1250000,2250000
2021-02-24 15:35:19.523000,1.0604,1.06038,1000000,4950000
2021-02-24 15:35:21.541000,1.06041,1.06039,1000000,2620000
2021-02-24 15:35:21.592000,1.06042,1.06041,2060000,1000000
2021-02-24 15:35:22.484000,1.06043,1.0604,1000000,1000000
2021-02-24 15:35:22.585000,1.06043,1.06042,1000000,1120000
2021-02-24 15:35:23.783000,1.06042,1.06041,1000000,1000000
2021-02-24 15:35:23.884000,1.06042,1.06041,1000000,1000000
2021-02-24 15:35:24.110000,1.06043,1.06041,1950000,1500000
2021-02-24 15:35:28.661000,1.06045,1.06043,2820000,3190000
2021-02-24 15:35:28.712000,1.06047,1.06045,3000000,1500000
2021-02-24 15:35:28.814000,1.06048,1.06047,1000000,1120000
2021-02-24 15:35:28.915000,1.06052,1.0605,1570000,1000000
2021-02-24 15:35:28.966000,1.06052,1.06051,1000000,1500000
2021-02-24 15:35:29.068000,1.06052,1.0605,1500000,1250000
2021-02-24 15:35:29.169000,1.06049,1.06048,1000000,1570000
2021-02-24 15:35:29.220000,1.06047,1.06046,1250000,2250000
2021-02-24 15:35:36.888000,1.06047,1.06045,1820000,2250000
2021-02-24 15:35:36.939000,1.06043,1.06041,1500000,2450000
2021-02-24 15:35:37.040000,1.06043,1.06041,1690000,1000000
2021-02-24 15:35:37.142000,1.06042,1.06041,1000000,1000000
2021-02-24 15:35:38.036000,1.06042,1.0604,1000000,2890000
2021-02-24 15:35:38.239000,1.06042,1.06041,1000000,1000000
2021-02-24 15:35:44.093000,1.06044,1.06042,1000000,2620000
2021-02-24 15:35:45.373000,1.06043,1.06041,1000000,2250000
2021-02-24 15:35:46.771000,1.06042,1.0604,1000000,3900000
2021-02-24 15:35:47.157000,1.06042,1.06039,1500000,1120000
2021-02-24 15:35:47.410000,1.06043,1.06039,2440000,1500000
2021-02-24 15:35:51.882000,1.0604,1.06039,1690000,1120000
2021-02-24 15:35:51.933000,1.06038,1.06037,1000000,3070000
2021-02-24 15:35:54.918000,1.06038,1.06036,1000000,1950000
2021-02-24 15:35:55.177000,1.06038,1.06035,1000000,1950000
2021-02-24 15:35:57.118000,1.06038,1.06036,1000000,1000000
2021-02-24 15:35:58.200000,1.06038,1.06037,1000000,1000000
2021-02-24 15:35:59.902000,1.06038,1.06036,1000000,2700000
2021-02-24 15:36:00.256000,1.06039,1.06038,1000000,1250000
2021-02-24 15:36:00.307000,1.06042,1.06039,3450000,3930000
2021-02-24 15:36:00.459000,1.06042,1.0604,1000000,1000000
2021-02-24 15:36:04.100000,1.06045,1.06041,1000000,2890000
2021-02-24 15:36:04.202000,1.06046,1.06042,1000000,2620000
2021-02-24 15:36:05.533000,1.06043,1.06042,1000000,2320000
2021-02-24 15:36:06.958000,1.06044,1.06042,1000000,1000000
2021-02-24 15:36:07.009000,1.06045,1.06044,1000000,1000000
2021-02-24 15:36:07.211000,1.06047,1.06046,1500000,1000000
2021-02-24 15:36:07.313000,1.06048,1.06046,1250000,1120000
2021-02-24 15:36:08.937000,1.06047,1.06045,1690000,1120000
2021-02-24 15:36:09.090000,1.06047,1.06043,1000000,3070000
2021-02-24 15:36:09.878000,1.06045,1.06043,2440000,1500000
2021-02-24 15:36:09.929000,1.06042,1.0604,4070000,2060000
2021-02-24 15:36:09.980000,1.06038,1.06037,1000000,7760000
2021-02-24 15:36:10.081000,1.06037,1.06036,1000000,2700000
2021-02-24 15:36:11.182000,1.06042,1.06038,6520000,3250000
2021-02-24 15:36:11.284000,1.06039,1.06037,1000000,7390000
2021-02-24 15:36:11.486000,1.06037,1.06036,1000000,1500000
2021-02-24 15:36:11.587000,1.06037,1.06035,1000000,1500000
2021-02-24 15:36:11.941000,1.06036,1.06035,1000000,1000000
2021-02-24 15:36:12.193000,1.06038,1.06034,1250000,2250000
2021-02-24 15:36:12.295000,1.06038,1.06035,1000000,1000000
2021-02-24 15:36:13.120000,1.06041,1.06039,4010000,1000000
2021-02-24 15:36:13.221000,1.06041,1.06039,1690000,3320000
2021-02-24 15:36:13.474000,1.06042,1.0604,1500000,1250000
2021-02-24 15:36:14.120000,1.06043,1.06042,1250000,1000000
2021-02-24 15:36:14.171000,1.06046,1.06044,2910000,1500000
2021-02-24 15:36:14.273000,1.06046,1.06045,1000000,1000000
2021-02-24 15:36:17.108000,1.06047,1.06045,1250000,1000000
2021-02-24 15:36:17.361000,1.06048,1.06046,1690000,1000000
2021-02-24 15:36:19.071000,1.06047,1.06046,1310000,1500000
2021-02-24 15:36:19.122000,1.06043,1.06042,1000000,6750000
2021-02-24 15:36:19.173000,1.06041,1.0604,1000000,10390000
2021-02-24 15:36:19.275000,1.06038,1.06037,1000000,1100000
2021-02-24 15:36:24.133000,1.0604,1.06038,1500000,1950000
2021-02-24 15:36:24.235000,1.06039,1.06037,1000000,1100000
2021-02-24 15:36:24.438000,1.06038,1.06036,1000000,1950000
2021-02-24 15:36:27.380000,1.06039,1.06037,1000000,1570000
2021-02-24 15:36:27.431000,1.06041,1.06039,4410000,1500000
2021-02-24 15:36:27.532000,1.06041,1.06039,2440000,2620000
2021-02-24 15:36:27.634000,1.06042,1.0604,2500000,1500000
2021-02-24 15:36:28.243000,1.06041,1.06039,1250000,1120000
2021-02-24 15:36:28.345000,1.06042,1.0604,1820000,1000000
2021-02-24 15:36:28.446000,1.06038,1.06036,1500000,3070000
2021-02-24 15:36:30.114000,1.06042,1.06039,4570000,1000000
2021-02-24 15:36:30.215000,1.06042,1.06041,1690000,1000000
2021-02-24 15:36:30.317000,1.06041,1.0604,1690000,1000000
2021-02-24 15:36:30.469000,1.06039,1.06038,1500000,1500000
2021-02-24 15:36:30.520000,1.06037,1.06035,2500000,3750000
2021-02-24 15:36:30.571000,1.06034,1.06033,1690000,1120000
2021-02-24 15:36:30.672000,1.06034,1.06032,1690000,1500000
2021-02-24 15:36:30.773000,1.06033,1.06032,1000000,1810000
2021-02-24 15:36:32.315000,1.06034,1.0603,1500000,2700000
2021-02-24 15:36:33.002000,1.06033,1.06031,1000000,1950000
2021-02-24 15:36:35.789000,1.0603,1.06029,1690000,1000000
2021-02-24 15:36:35.840000,1.06024,1.06023,1690000,2320000
2021-02-24 15:36:35.993000,1.06024,1.06022,1690000,1950000
2021-02-24 15:36:36.094000,1.06026,1.06023,1000000,1000000
2021-02-24 15:36:36.718000,1.06026,1.06024,1000000,1000000
2021-02-24 15:36:36.870000,1.06026,1.06025,1000000,1000000
2021-02-24 15:36:37.122000,1.06027,1.06025,1500000,1000000
2021-02-24 15:36:37.545000,1.06029,1.06028,1000000,1000000
2021-02-24 15:36:37.646000,1.0603,1.06029,1250000,1000000
2021-02-24 15:36:39.317000,1.06028,1.06027,1000000,7200000
2021-02-24 15:36:39.569000,1.06029,1.06027,1000000,1000000
2021-02-24 15:36:40.481000,1.06029,1.06028,1000000,1000000
2021-02-24 15:36:40.583000,1.0603,1.06029,1250000,1000000
2021-02-24 15:36:40.989000,1.06031,1.0603,1250000,1000000
2021-02-24 15:36:43.124000,1.06031,1.0603,1250000,1000000
2021-02-24 15:36:43.485000,1.06032,1.0603,1250000,1000000
2021-02-24 15:36:43.586000,1.06035,1.06033,6940000,1000000
2021-02-24 15:36:43.688000,1.06036,1.06035,1000000,1000000
2021-02-24 15:36:43.789000,1.06037,1.06035,1000000,1500000
2021-02-24 15:36:44.125000,1.06037,1.06036,1690000,1000000
2021-02-24 15:36:44.227000,1.06036,1.06035,1000000,1000000
2021-02-24 15:36:44.531000,1.06037,1.06035,2440000,1500000
2021-02-24 15:36:44.838000,1.06036,1.06035,1000000,1000000
2021-02-24 15:36:45.261000,1.06035,1.06033,1250000,3200000
2021-02-24 15:36:45.312000,1.06033,1.06031,1000000,1870000
2021-02-24 15:36:45.413000,1.06032,1.06031,1000000,1000000
2021-02-24 15:36:46.116000,1.06029,1.06028,1500000,1200000
2021-02-24 15:36:46.166000,1.06028,1.06025,1000000,1120000
2021-02-24 15:36:46.268000,1.06027,1.06025,1000000,1100000
2021-02-24 15:36:46.369000,1.06026,1.06024,1000000,1950000
2021-02-24 15:36:48.056000,1.06026,1.06024,1000000,1500000
2021-02-24 15:36:48.158000,1.06024,1.06021,1000000,3550000
2021-02-24 15:36:48.259000,1.06026,1.06023,2440000,1000000
2021-02-24 15:36:50.099000,1.06026,1.06025,1500000,1000000
2021-02-24 15:36:50.403000,1.06029,1.06027,3660000,1000000
2021-02-24 15:36:50.505000,1.06028,1.06026,1690000,2250000
2021-02-24 15:36:50.607000,1.06027,1.06025,1690000,1500000
2021-02-24 15:36:50.709000,1.06024,1.06023,1690000,1570000
2021-02-24 15:36:50.760000,1.06023,1.06021,1000000,2770000
2021-02-24 15:36:50.912000,1.06022,1.0602,1250000,2620000
2021-02-24 15:36:51.064000,1.06021,1.0602,1000000,1000000
2021-02-24 15:36:51.165000,1.06021,1.06019,1250000,1500000
2021-02-24 15:36:53.121000,1.06022,1.0602,2510000,1000000
2021-02-24 15:36:53.173000,1.06024,1.06022,2700000,1000000
2021-02-24 15:36:53.325000,1.06025,1.06023,2440000,1500000
2021-02-24 15:36:53.477000,1.06025,1.06024,1000000,1000000
2021-02-24 15:36:53.881000,1.06026,1.06024,1000000,2250000
2021-02-24 15:36:54.262000,1.06026,1.06025,1000000,1000000
2021-02-24 15:36:55.507000,1.06027,1.06025,1500000,1500000
2021-02-24 15:37:00.247000,1.06026,1.06024,2500000,1000000
2021-02-24 15:37:00.348000,1.06023,1.06021,2440000,1570000
2021-02-24 15:37:00.601000,1.06022,1.0602,1000000,1950000
2021-02-24 15:37:01.107000,1.06024,1.06023,1000000,1500000
2021-02-24 15:37:01.158000,1.06026,1.06024,2590000,1000000
2021-02-24 15:37:01.310000,1.06023,1.06022,1690000,2320000
2021-02-24 15:37:01.360000,1.06022,1.0602,1500000,1000000
2021-02-24 15:37:01.462000,1.06021,1.06019,1690000,1500000
2021-02-24 15:37:04.064000,1.06022,1.0602,3190000,1000000
2021-02-24 15:37:04.115000,1.06024,1.06023,2320000,1310000
2021-02-24 15:37:04.216000,1.06025,1.06023,1000000,2140000
2021-02-24 15:37:04.318000,1.06025,1.06023,1000000,2710000
2021-02-24 15:37:04.469000,1.06025,1.06023,1000000,2960000
2021-02-24 15:37:05.117000,1.06024,1.06021,1000000,1950000
2021-02-24 15:37:05.226000,1.06022,1.06021,1000000,1000000
2021-02-24 15:37:05.327000,1.06022,1.0602,1500000,1570000
2021-02-24 15:37:05.781000,1.06023,1.06021,1000000,1570000
2021-02-24 15:37:06.338000,1.06026,1.06022,1500000,1000000
2021-02-24 15:37:06.439000,1.06025,1.06024,1000000,1000000
2021-02-24 15:37:09.275000,1.06027,1.06023,2440000,1500000
2021-02-24 15:37:10.350000,1.06026,1.06024,1000000,3580000
2021-02-24 15:37:11.907000,1.06026,1.06024,1000000,1950000
2021-02-24 15:37:12.989000,1.06023,1.06022,1690000,3070000
2021-02-24 15:37:13.040000,1.06022,1.06019,1500000,3790000
2021-02-24 15:37:13.444000,1.06021,1.06019,1000000,3360000
2021-02-24 15:37:13.873000,1.06021,1.06019,1000000,3640000
2021-02-24 15:37:21.865000,1.06022,1.0602,1500000,1000000
2021-02-24 15:37:22.770000,1.06021,1.06019,1000000,1000000
2021-02-24 15:37:23.497000,1.06017,1.06016,2440000,1000000
2021-02-24 15:37:23.548000,1.06014,1.06012,2440000,2400000
2021-02-24 15:37:23.649000,1.06014,1.06012,4060000,1000000
2021-02-24 15:37:23.801000,1.06012,1.0601,1690000,1950000
2021-02-24 15:37:23.954000,1.0601,1.06009,1000000,1000000
2021-02-24 15:37:24.055000,1.0601,1.06008,1000000,2250000
2021-02-24 15:37:24.258000,1.06009,1.06006,1000000,3100000
2021-02-24 15:37:24.410000,1.06009,1.06007,1000000,1000000
2021-02-24 15:37:25.213000,1.0601,1.06008,1000000,1500000
2021-02-24 15:37:25.263000,1.06012,1.0601,2250000,2440000
2021-02-24 15:37:25.853000,1.06013,1.06012,1000000,1000000
2021-02-24 15:37:25.955000,1.06015,1.06012,3260000,1500000
2021-02-24 15:37:26.107000,1.06015,1.06013,1570000,1000000
2021-02-24 15:37:26.772000,1.06016,1.06014,1500000,1690000
2021-02-24 15:37:27.630000,1.06019,1.06015,1500000,1500000
2021-02-24 15:37:27.731000,1.0602,1.06018,2440000,1000000
2021-02-24 15:37:27.832000,1.0602,1.06019,1000000,1000000
2021-02-24 15:37:28.590000,1.06016,1.06014,2440000,1120000
2021-02-24 15:37:28.640000,1.06014,1.06012,1690000,5050000
2021-02-24 15:37:28.742000,1.06014,1.06012,1000000,1200000
2021-02-24 15:37:28.944000,1.06015,1.06012,3190000,1950000
2021-02-24 15:37:29.532000,1.06015,1.06013,1000000,1450000
2021-02-24 15:37:30.475000,1.06017,1.06012,1500000,9100000
2021-02-24 15:37:30.929000,1.06017,1.06012,2440000,3450000
2021-02-24 15:37:31.665000,1.06015,1.06013,1000000,2700000
2021-02-24 15:37:33.206000,1.06014,1.06012,1000000,1950000
2021-02-24 15:37:33.556000,1.06014,1.06013,1000000,1500000
2021-02-24 15:37:34.515000,1.06015,1.06013,1000000,1500000
2021-02-24 15:37:37.078000,1.06015,1.06014,1000000,1000000
2021-02-24 15:37:37.231000,1.06017,1.06013,1500000,2890000
2021-02-24 15:37:37.649000,1.06014,1.06013,1000000,1100000
2021-02-24 15:37:40.049000,1.06015,1.06013,1500000,1000000
2021-02-24 15:37:40.846000,1.06016,1.06014,2250000,1570000
2021-02-24 15:37:41.253000,1.06017,1.06015,1500000,2140000
2021-02-24 15:37:42.418000,1.06018,1.06014,1500000,3410000
2021-02-24 15:37:42.525000,1.06019,1.06017,1500000,1000000
2021-02-24 15:37:42.832000,1.06016,1.06014,1000000,5020000
2021-02-24 15:37:42.883000,1.06014,1.06013,1000000,1120000
2021-02-24 15:37:42.985000,1.06014,1.06012,1000000,1950000
2021-02-24 15:37:43.238000,1.06015,1.06012,2620000,2890000
2021-02-24 15:37:43.390000,1.06018,1.06017,3940000,1690000
2021-02-24 15:37:43.441000,1.06021,1.06019,1310000,1390000
2021-02-24 15:37:43.492000,1.06022,1.0602,1000000,1000000
2021-02-24 15:37:43.593000,1.06024,1.06023,1200000,1000000
2021-02-24 15:37:43.999000,1.06025,1.06023,1500000,1500000
2021-02-24 15:37:44.353000,1.06026,1.06024,1000000,3190000
2021-02-24 15:37:45.394000,1.06022,1.06021,1250000,1500000
2021-02-24 15:37:45.496000,1.06022,1.0602,1690000,1870000
2021-02-24 15:37:45.597000,1.06021,1.06019,1250000,1500000
2021-02-24 15:37:46.064000,1.0602,1.06018,1000000,1500000
2021-02-24 15:37:47.562000,1.06021,1.06019,1000000,1200000
2021-02-24 15:37:47.664000,1.06021,1.06019,1000000,1950000
2021-02-24 15:37:55.582000,1.06025,1.06023,5450000,1000000
2021-02-24 15:37:55.683000,1.06025,1.06023,1690000,1200000
2021-02-24 15:37:56.023000,1.06025,1.06024,1000000,1000000
2021-02-24 15:37:56.125000,1.06026,1.06024,1000000,1950000
2021-02-24 15:37:57.298000,1.0603,1.06027,4500000,1000000
2021-02-24 15:37:57.349000,1.06033,1.06031,1690000,1200000
2021-02-24 15:37:57.450000,1.06034,1.06033,1250000,1000000
2021-02-24 15:37:57.552000,1.06033,1.06031,1500000,2510000
2021-02-24 15:38:00.149000,1.06034,1.06032,1000000,1950000
2021-02-24 15:38:00.251000,1.06033,1.06031,1000000,3070000
2021-02-24 15:38:00.403000,1.06032,1.06031,1250000,1120000
2021-02-24 15:38:01.059000,1.06033,1.06031,1000000,4600000
2021-02-24 15:38:01.110000,1.06037,1.06036,1500000,1250000
2021-02-24 15:38:01.161000,1.0604,1.06037,1870000,4010000
2021-02-24 15:38:01.212000,1.06038,1.06037,1000000,1310000
2021-02-24 15:38:01.920000,1.06038,1.06036,3190000,1500000
2021-02-24 15:38:03.955000,1.06038,1.06037,1500000,1000000
2021-02-24 15:38:04.006000,1.0604,1.06038,1500000,3640000
2021-02-24 15:38:04.108000,1.06041,1.0604,1500000,2440000
2021-02-24 15:38:04.209000,1.06043,1.06041,1000000,1500000
2021-02-24 15:38:04.310000,1.06043,1.06041,1000000,2500000
2021-02-24 15:38:04.565000,1.06045,1.06043,1000000,2950000
2021-02-24 15:38:04.676000,1.06048,1.06047,1000000,1250000
2021-02-24 15:38:04.828000,1.06049,1.06047,1500000,2060000
2021-02-24 15:38:04.929000,1.06048,1.06047,1000000,1310000
2021-02-24 15:38:05.101000,1.0605,1.06049,1500000,1250000
2021-02-24 15:38:05.253000,1.06052,1.06051,1100000,1690000
2021-02-24 15:38:05.355000,1.06054,1.06052,1570000,1000000
2021-02-24 15:38:05.457000,1.06054,1.06053,1000000,1690000
2021-02-24 15:38:06.240000,1.0605,1.06048,1000000,2920000
2021-02-24 15:38:06.342000,1.06049,1.06047,1500000,2440000
2021-02-24 15:38:10.104000,1.06053,1.06051,5100000,1690000
2021-02-24 15:38:10.205000,1.06054,1.0605,1500000,1690000
2021-02-24 15:38:10.307000,1.06054,1.06052,1000000,1250000
2021-02-24 15:38:10.583000,1.06056,1.06054,1500000,1500000
2021-02-24 15:38:10.685000,1.06057,1.06055,2250000,1250000
2021-02-24 15:38:10.786000,1.06059,1.06057,2250000,1250000
2021-02-24 15:38:10.888000,1.06059,1.06057,1500000,2950000
2021-02-24 15:38:10.989000,1.06061,1.06058,3000000,2140000
2021-02-24 15:38:13.104000,1.06063,1.06061,2700000,1690000
2021-02-24 15:38:13.206000,1.06064,1.06063,1000000,1690000
2021-02-24 15:38:13.257000,1.06069,1.06067,3900000,2440000
2021-02-24 15:38:13.358000,1.06066,1.06065,1000000,5140000
2021-02-24 15:38:13.409000,1.06065,1.06064,1000000,1000000
2021-02-24 15:38:14.007000,1.06066,1.06064,1570000,2440000
2021-02-24 15:38:16.291000,1.06066,1.06065,1000000,1000000
2021-02-24 15:38:16.393000,1.06067,1.06065,1100000,1500000
2021-02-24 15:38:16.872000,1.06066,1.06064,1690000,1500000
2021-02-24 15:38:16.974000,1.06063,1.06062,1000000,1000000
2021-02-24 15:38:17.024000,1.06063,1.0606,1950000,2510000
2021-02-24 15:38:17.126000,1.06062,1.06061,1500000,2250000
2021-02-24 15:38:17.227000,1.06062,1.0606,1500000,1000000
2021-02-24 15:38:17.402000,1.06061,1.06059,1000000,1690000
2021-02-24 15:38:17.906000,1.06064,1.06062,3450000,1000000
2021-02-24 15:38:18.008000,1.06064,1.06063,1000000,1500000
2021-02-24 15:38:18.109000,1.06065,1.06063,1500000,1500000
2021-02-24 15:38:18.261000,1.06065,1.06064,1000000,1000000
2021-02-24 15:38:19.576000,1.06065,1.06063,1500000,1690000
2021-02-24 15:38:19.888000,1.06061,1.06059,1000000,2910000
2021-02-24 15:38:19.989000,1.06061,1.06059,1000000,1690000
2021-02-24 15:38:20.091000,1.06064,1.0606,3450000,1690000
2021-02-24 15:38:20.192000,1.06065,1.06063,1950000,1000000
2021-02-24 15:38:20.293000,1.06065,1.06064,1000000,1500000
2021-02-24 15:38:20.395000,1.06066,1.06064,1000000,1690000
2021-02-24 15:38:21.295000,1.06067,1.06065,1500000,2200000
2021-02-24 15:38:21.396000,1.06068,1.06066,1100000,2140000
2021-02-24 15:38:21.497000,1.06068,1.06066,1000000,2290000
2021-02-24 15:38:22.243000,1.06068,1.06066,1500000,1500000
2021-02-24 15:38:22.345000,1.06067,1.06064,1000000,1250000
2021-02-24 15:38:22.447000,1.06066,1.06064,1500000,1390000
2021-02-24 15:38:23.004000,1.06067,1.06066,1500000,1000000
2021-02-24 15:38:23.055000,1.06068,1.06066,1950000,2890000
2021-02-24 15:38:23.156000,1.0607,1.06066,1500000,2890000
2021-02-24 15:38:25.048000,1.06069,1.06068,1000000,1250000
2021-02-24 15:38:25.099000,1.06071,1.06069,1000000,2890000
2021-02-24 15:38:25.853000,1.06072,1.06071,1000000,1250000
2021-02-24 15:38:25.903000,1.06074,1.06073,1200000,1000000
2021-02-24 15:38:26.005000,1.06075,1.06073,1000000,3040000
2021-02-24 15:38:26.106000,1.06076,1.06074,1500000,1500000
2021-02-24 15:38:27.121000,1.06078,1.06076,3150000,1250000
2021-02-24 15:38:27.223000,1.06078,1.06075,2770000,1690000
2021-02-24 15:38:27.324000,1.06076,1.06073,1000000,1000000
2021-02-24 15:38:27.476000,1.06074,1.06073,1000000,1000000
2021-02-24 15:38:27.577000,1.06073,1.06071,1500000,1500000
2021-02-24 15:38:27.679000,1.06072,1.0607,1000000,1570000
2021-02-24 15:38:27.832000,1.06073,1.06071,1500000,1690000
2021-02-24 15:38:28.340000,1.06072,1.0607,1500000,1690000
2021-02-24 15:38:29.431000,1.06073,1.06071,2250000,2510000
2021-02-24 15:38:29.790000,1.06074,1.06072,1500000,2440000
2021-02-24 15:38:30.126000,1.06076,1.06074,2320000,1000000
2021-02-24 15:38:31.059000,1.06075,1.06073,2250000,2590000
2021-02-24 15:38:31.160000,1.06073,1.06071,1500000,1750000
2021-02-24 15:38:31.809000,1.06073,1.0607,1500000,3320000
2021-02-24 15:38:32.485000,1.06072,1.0607,1000000,1250000
2021-02-24 15:38:36.087000,1.06072,1.06071,1000000,1690000
2021-02-24 15:38:36.138000,1.06074,1.06072,1100000,1000000
2021-02-24 15:38:36.240000,1.06074,1.06072,1000000,2510000
2021-02-24 15:38:36.728000,1.06073,1.06071,1500000,1000000
2021-02-24 15:38:36.880000,1.06072,1.0607,1000000,2440000
2021-02-24 15:38:36.982000,1.06071,1.0607,1000000,1250000
2021-02-24 15:38:37.083000,1.06073,1.06072,1000000,1000000
2021-02-24 15:38:37.184000,1.06075,1.06073,1500000,1250000
2021-02-24 15:38:38.818000,1.06074,1.06073,1000000,1250000
2021-02-24 15:38:39.108000,1.06074,1.06072,1000000,2440000
2021-02-24 15:38:39.312000,1.06073,1.06072,1000000,1690000
2021-02-24 15:38:39.616000,1.06072,1.06071,1000000,1690000
2021-02-24 15:38:40,1.06074,1.06071,1500000,1000000
2021-02-24 15:38:40.051000,1.0607,1.06069,1000000,2810000
2021-02-24 15:38:40.153000,1.0607,1.06069,1000000,1250000
2021-02-24 15:38:40.581000,1.06067,1.06066,1500000,2730000
2021-02-24 15:38:40.683000,1.06067,1.06065,1500000,1690000
2021-02-24 15:38:41.287000,1.06068,1.06066,1500000,1690000
2021-02-24 15:38:41.598000,1.06067,1.06064,1000000,3740000
2021-02-24 15:38:41.700000,1.06066,1.06063,1500000,7460000
2021-02-24 15:38:42.358000,1.06066,1.06064,1500000,1250000
2021-02-24 15:38:42.459000,1.06066,1.06063,1500000,2890000
2021-02-24 15:38:43.076000,1.06065,1.06061,1500000,4390000
2021-02-24 15:38:43.178000,1.06065,1.06062,1000000,1100000
2021-02-24 15:38:43.279000,1.06065,1.06063,1000000,4010000
2021-02-24 15:38:43.380000,1.06066,1.06065,1500000,1250000
2021-02-24 15:38:43.482000,1.06067,1.06065,1000000,2510000
2021-02-24 15:38:44.149000,1.06066,1.06064,1000000,4040000
2021-02-24 15:38:44.250000,1.06066,1.06064,1000000,3640000
2021-02-24 15:38:54.191000,1.06064,1.06062,1500000,5700000
2021-02-24 15:38:55.794000,1.06065,1.06063,1500000,1100000
2021-02-24 15:38:55.895000,1.06066,1.06064,2440000,1000000
2021-02-24 15:38:57.939000,1.06066,1.06063,2500000,2770000
2021-02-24 15:38:58.040000,1.06063,1.06061,1500000,2210000
2021-02-24 15:38:58.496000,1.06065,1.06063,2620000,1250000
2021-02-24 15:38:58.951000,1.06063,1.06061,1000000,2900000
2021-02-24 15:38:59.002000,1.06061,1.06059,1000000,1350000
2021-02-24 15:38:59.104000,1.0606,1.06057,1500000,3200000
2021-02-24 15:38:59.205000,1.06061,1.06056,1500000,1950000
2021-02-24 15:39:00.075000,1.0606,1.06057,1500000,2640000
2021-02-24 15:39:00.634000,1.06059,1.06057,1200000,1810000
2021-02-24 15:39:00.685000,1.06057,1.06056,2700000,2510000
2021-02-24 15:39:00.736000,1.06056,1.06053,1500000,2590000
2021-02-24 15:39:00.938000,1.06056,1.06054,1500000,1000000
2021-02-24 15:39:01.090000,1.06058,1.06055,2770000,1000000
2021-02-24 15:39:01.192000,1.06057,1.06055,1000000,1000000
2021-02-24 15:39:01.565000,1.06054,1.06053,1250000,1500000
2021-02-24 15:39:03.061000,1.06055,1.06053,1690000,1000000
2021-02-24 15:39:03.163000,1.06055,1.06054,1000000,1250000
2021-02-24 15:39:03.581000,1.06056,1.06054,1000000,1250000
2021-02-24 15:39:03.683000,1.06058,1.06054,1250000,1000000
2021-02-24 15:39:03.885000,1.06057,1.06055,1000000,1250000
2021-02-24 15:39:03.987000,1.06059,1.06057,1570000,1250000
2021-02-24 15:39:04.088000,1.06062,1.0606,3490000,1000000
2021-02-24 15:39:04.190000,1.06061,1.06059,1000000,2060000
2021-02-24 15:39:04.962000,1.06064,1.06062,6260000,1570000
2021-02-24 15:39:05.063000,1.06067,1.06063,3840000,1000000
2021-02-24 15:39:05.165000,1.06066,1.06064,3260000,1000000
2021-02-24 15:39:06.221000,1.06063,1.06062,1000000,1310000
2021-02-24 15:39:06.323000,1.06063,1.06059,1690000,1000000
2021-02-24 15:39:06.626000,1.06063,1.0606,2510000,1250000
2021-02-24 15:39:06.878000,1.06063,1.06061,1690000,1000000
2021-02-24 15:39:09.092000,1.06064,1.06062,2250000,1250000
2021-02-24 15:39:09.193000,1.06065,1.06063,1500000,1250000
2021-02-24 15:39:09.497000,1.06066,1.06064,2440000,1000000
2021-02-24 15:39:11.858000,1.06063,1.06062,1500000,2440000
2021-02-24 15:39:11.960000,1.06063,1.06061,1500000,1250000
2021-02-24 15:39:12.112000,1.06064,1.06061,1000000,1000000
2021-02-24 15:39:12.623000,1.0606,1.06057,1000000,1550000
2021-02-24 15:39:12.724000,1.06059,1.06057,1000000,1690000
2021-02-24 15:39:12.825000,1.06059,1.06058,1000000,1000000
2021-02-24 15:39:12.876000,1.06062,1.0606,1000000,1690000
2021-02-24 15:39:12.977000,1.06063,1.06061,1000000,1010000
2021-02-24 15:39:13.079000,1.06062,1.0606,1000000,2060000
2021-02-24 15:39:13.635000,1.06063,1.06061,1500000,1250000
2021-02-24 15:39:14.746000,1.06065,1.06063,1500000,1000000
2021-02-24 15:39:15,1.06066,1.06064,1500000,1000000
2021-02-24 15:39:16.089000,1.06067,1.06064,2700000,2500000
2021-02-24 15:39:16.190000,1.06068,1.06063,2890000,1250000
2021-02-24 15:39:16.651000,1.06066,1.06064,1000000,1390000
2021-02-24 15:39:17.313000,1.06067,1.06064,3190000,1390000
2021-02-24 15:39:17.443000,1.06066,1.06064,1000000,1390000
2021-02-24 15:39:19.876000,1.06067,1.06064,2440000,2140000
2021-02-24 15:39:21.219000,1.06064,1.06063,1000000,1120000
2021-02-24 15:39:21.270000,1.06064,1.06061,1690000,2210000
2021-02-24 15:39:21.573000,1.06064,1.06061,2950000,1000000
2021-02-24 15:39:22.338000,1.06063,1.0606,1250000,3260000
2021-02-24 15:39:22.981000,1.06061,1.06059,1000000,2810000
2021-02-24 15:39:23.082000,1.06061,1.06059,1000000,2440000
2021-02-24 15:39:23.184000,1.06061,1.0606,1000000,1250000
2021-02-24 15:39:24.281000,1.06061,1.06059,1000000,2140000
2021-02-24 15:39:25.060000,1.06062,1.0606,1500000,1250000
2021-02-24 15:39:29.123000,1.06063,1.06061,2250000,1250000
2021-02-24 15:39:33.845000,1.06064,1.06063,1000000,1000000
2021-02-24 15:39:34.200000,1.06066,1.06063,2890000,1120000
2021-02-24 15:39:34.251000,1.06067,1.06065,1000000,1690000
2021-02-24 15:39:35.234000,1.06067,1.06064,2890000,1000000
2021-02-24 15:39:35.337000,1.06065,1.06063,1000000,1120000
2021-02-24 15:39:35.438000,1.06065,1.06062,1000000,3190000
2021-02-24 15:39:36.052000,1.06065,1.06063,1000000,1000000
2021-02-24 15:39:36.154000,1.06067,1.06065,1570000,1250000
2021-02-24 15:39:37.204000,1.06067,1.06066,1000000,1120000
2021-02-24 15:39:37.305000,1.06067,1.06064,1000000,1120000
2021-02-24 15:39:37.407000,1.06066,1.06064,1500000,2060000
2021-02-24 15:39:38.594000,1.06064,1.06063,1000000,3750000
2021-02-24 15:39:38.644000,1.06063,1.06061,1500000,1920000
2021-02-24 15:39:38.853000,1.06063,1.06061,1500000,1310000
2021-02-24 15:39:38.954000,1.06063,1.06062,1000000,4690000
2021-02-24 15:39:39.056000,1.06064,1.06063,1000000,1250000
2021-02-24 15:39:39.754000,1.06064,1.06062,1000000,2440000
2021-02-24 15:39:39.805000,1.06061,1.06059,1500000,8950000
2021-02-24 15:39:39.856000,1.0606,1.06057,2250000,5690000
2021-02-24 15:39:39.919000,1.06058,1.06057,1500000,3560000
2021-02-24 15:39:40.021000,1.06057,1.06055,1000000,1690000
2021-02-24 15:39:40.072000,1.06055,1.06053,1000000,8960000
2021-02-24 15:39:41.686000,1.06054,1.06052,1500000,1250000
2021-02-24 15:39:41.787000,1.06053,1.06051,1000000,1690000
2021-02-24 15:39:42.091000,1.06054,1.06052,1000000,1000000
2021-02-24 15:39:42.192000,1.06055,1.06053,1500000,1250000
2021-02-24 15:39:42.445000,1.06055,1.06052,2440000,1310000
2021-02-24 15:39:43.148000,1.06055,1.0605,1500000,3620000
2021-02-24 15:39:43.250000,1.06054,1.06051,1690000,1690000
2021-02-24 15:39:44.503000,1.06054,1.06052,1690000,1000000
2021-02-24 15:39:46.131000,1.06054,1.06053,1000000,1000000
2021-02-24 15:39:46.232000,1.06055,1.06053,2250000,1000000
2021-02-24 15:39:48.106000,1.06056,1.06054,1500000,4000000
2021-02-24 15:39:48.409000,1.06055,1.06054,1000000,1000000
2021-02-24 15:39:48.460000,1.06054,1.06052,1000000,2440000
2021-02-24 15:39:48.612000,1.06055,1.06053,1690000,1000000
2021-02-24 15:39:48.939000,1.06054,1.06052,1000000,1690000
2021-02-24 15:39:49.542000,1.06055,1.06054,1000000,1690000
2021-02-24 15:39:50.390000,1.06058,1.06056,3000000,1250000
2021-02-24 15:39:50.542000,1.06059,1.06056,1000000,1000000
2021-02-24 15:39:50.644000,1.06056,1.06055,1500000,3750000
2021-02-24 15:39:50.745000,1.06055,1.06053,1000000,2060000
2021-02-24 15:39:52.698000,1.06053,1.06051,1000000,3940000
2021-02-24 15:39:53.208000,1.06055,1.06053,3190000,1000000
2021-02-24 15:39:53.967000,1.06054,1.06051,1250000,4060000
2021-02-24 15:39:54.068000,1.06053,1.06051,1000000,1690000
2021-02-24 15:39:55.742000,1.06053,1.06051,1690000,1000000
2021-02-24 15:39:56.076000,1.06053,1.06052,1000000,1000000
2021-02-24 15:39:56.177000,1.06054,1.06052,3190000,1500000
2021-02-24 15:39:59.217000,1.06053,1.06051,1250000,1620000
2021-02-24 15:39:59.319000,1.06053,1.0605,1690000,6310000
2021-02-24 15:40:00.326000,1.06054,1.06052,1690000,1000000
2021-02-24 15:40:01.633000,1.06054,1.06053,1000000,1000000
2021-02-24 15:40:01.937000,1.06055,1.06053,2060000,1500000
2021-02-24 15:40:02.038000,1.06058,1.06056,1250000,1620000
2021-02-24 15:40:02.139000,1.06059,1.06058,1500000,1000000
2021-02-24 15:40:03.302000,1.06064,1.06059,9410000,1750000
2021-02-24 15:40:03.404000,1.06068,1.06067,8250000,1000000
2021-02-24 15:40:03.455000,1.06069,1.06067,2400000,1000000
2021-02-24 15:40:03.556000,1.0607,1.06068,1570000,1120000
2021-02-24 15:40:03.607000,1.06068,1.06067,1000000,1000000
2021-02-24 15:40:03.708000,1.06067,1.06065,1390000,1870000
2021-02-24 15:40:05.893000,1.06067,1.06065,3700000,1000000
2021-02-24 15:40:06.174000,1.06067,1.06065,2140000,1000000
2021-02-24 15:40:06.756000,1.06067,1.06066,1000000,1250000
2021-02-24 15:40:06.858000,1.06068,1.06066,1000000,1690000
2021-02-24 15:40:08.214000,1.06068,1.06067,1000000,1000000
2021-02-24 15:40:08.265000,1.06071,1.06069,3340000,1000000
2021-02-24 15:40:08.872000,1.0607,1.06069,1000000,1000000
2021-02-24 15:40:08.923000,1.06068,1.06067,1250000,1870000
2021-02-24 15:40:09.024000,1.06067,1.06066,1000000,1000000
2021-02-24 15:40:09.126000,1.06068,1.06066,1000000,1000000
2021-02-24 15:40:10.147000,1.06068,1.06067,1000000,1000000
2021-02-24 15:40:10.299000,1.06068,1.06066,1500000,1000000
2021-02-24 15:40:10.400000,1.06067,1.06065,1500000,1250000
2021-02-24 15:40:12.704000,1.06069,1.06065,1000000,1500000
2021-02-24 15:40:12.969000,1.06069,1.06066,1000000,1000000
2021-02-24 15:40:13.070000,1.0607,1.06067,1000000,1000000
2021-02-24 15:40:13.222000,1.06069,1.06067,1000000,1500000
2021-02-24 15:40:13.323000,1.06068,1.06066,1000000,1010000
2021-02-24 15:40:14.589000,1.06068,1.06064,1000000,1500000
2021-02-24 15:40:16.119000,1.06068,1.06066,1500000,1100000
2021-02-24 15:40:17.848000,1.06067,1.06064,1690000,3010000
2021-02-24 15:40:17.949000,1.06067,1.06064,1690000,2140000
2021-02-24 15:40:19.027000,1.06067,1.06065,1690000,1000000
2021-02-24 15:40:20.740000,1.06065,1.06064,1000000,1310000
2021-02-24 15:40:20.791000,1.06063,1.06062,1000000,2320000
2021-02-24 15:40:20.892000,1.06063,1.06061,1500000,1310000
2021-02-24 15:40:22.115000,1.06065,1.06061,1690000,1200000
2021-02-24 15:40:22.746000,1.06067,1.06063,2620000,2510000
2021-02-24 15:40:25.053000,1.06067,1.06065,2440000,1000000
2021-02-24 15:40:25.155000,1.06067,1.06065,1000000,4570000
2021-02-24 15:40:26.400000,1.06067,1.06065,1000000,2510000
2021-02-24 15:40:28.736000,1.06066,1.06064,1500000,2060000
2021-02-24 15:40:28.938000,1.06066,1.06064,2950000,1000000
2021-02-24 15:40:28.989000,1.06062,1.0606,1500000,1500000
2021-02-24 15:40:30.989000,1.06062,1.06061,1000000,1000000
2021-02-24 15:40:34.336000,1.06062,1.0606,1500000,2890000
2021-02-24 15:40:34.906000,1.06064,1.06063,1120000,1000000
2021-02-24 15:40:35.007000,1.06066,1.06064,2440000,1000000
2021-02-24 15:40:35.260000,1.06066,1.06065,1000000,2890000
2021-02-24 15:40:35.361000,1.06067,1.06065,1500000,3010000
2021-02-24 15:40:35.462000,1.06068,1.06064,1500000,2510000
2021-02-24 15:40:36.228000,1.06067,1.06066,1000000,1120000
2021-02-24 15:40:36.329000,1.06068,1.06066,1500000,2320000
2021-02-24 15:40:36.801000,1.06068,1.06064,1000000,2060000
2021-02-24 15:40:37.105000,1.06067,1.06066,1000000,1000000
2021-02-24 15:40:38.009000,1.06068,1.06066,1500000,1000000
2021-02-24 15:40:38.110000,1.06067,1.06065,1500000,1250000
2021-02-24 15:40:40.103000,1.06067,1.06064,1570000,4310000
2021-02-24 15:40:41.832000,1.06065,1.06063,1250000,2250000
2021-02-24 15:40:42.187000,1.06066,1.06064,1000000,1500000
2021-02-24 15:40:42.289000,1.06067,1.06065,1000000,5200000
2021-02-24 15:40:42.996000,1.06067,1.06065,1000000,1310000
2021-02-24 15:40:43.097000,1.06066,1.06064,1000000,3820000
2021-02-24 15:40:43.199000,1.06066,1.06064,1000000,1250000
2021-02-24 15:40:46.083000,1.06065,1.06064,1250000,1000000
2021-02-24 15:40:46.134000,1.06064,1.06061,2250000,4570000
2021-02-24 15:40:46.338000,1.06064,1.0606,1000000,3320000
2021-02-24 15:40:46.511000,1.06063,1.06061,1000000,2510000
2021-02-24 15:40:47.156000,1.06065,1.0606,1690000,2510000
2021-02-24 15:40:47.206000,1.06065,1.06064,1500000,1500000
2021-02-24 15:40:47.308000,1.06067,1.06063,2810000,1500000
2021-02-24 15:40:47.685000,1.06066,1.06065,1500000,1250000
2021-02-24 15:40:47.787000,1.06067,1.06065,1500000,1750000
2021-02-24 15:40:49.067000,1.06068,1.06067,1000000,1250000
2021-02-24 15:40:49.117000,1.0607,1.06068,1950000,2140000
2021-02-24 15:40:49.219000,1.06071,1.06069,2440000,1000000
2021-02-24 15:40:49.531000,1.06069,1.06067,1000000,4010000
2021-02-24 15:40:49.582000,1.06067,1.06066,1690000,1000000
