time,ask,bid,ask_volume,bid_volume
2021-06-25 13:55:01.023000,1.1059,1.10587,2250000,1010000
2021-06-25 13:55:03.167000,1.1059,1.10587,1000000,2570000
2021-06-25 13:55:03.620000,1.10591,1.10588,1000000,1010000
2021-06-25 13:55:03.722000,1.10591,1.10588,1000000,1820000
2021-06-25 13:55:05,1.10591,1.10588,1000000,1010000
2021-06-25 13:55:05.996000,1.1059,1.10587,1000000,3700000
2021-06-25 13:55:06.528000,1.10592,1.10589,3000000,1760000
2021-06-25 13:55:06.630000,1.10592,1.1059,1000000,1010000
2021-06-25 13:55:06.731000,1.10593,1.1059,1870000,1010000
2021-06-25 13:55:08.527000,1.10592,1.10589,1000000,2510000
2021-06-25 13:55:12.556000,1.10593,1.10591,6140000,1000000
2021-06-25 13:55:12.657000,1.10595,1.10591,1500000,1010000
2021-06-25 13:55:12.759000,1.10595,1.10593,1000000,1390000
2021-06-25 13:55:13.131000,1.10597,1.10594,3900000,1000000
2021-06-25 13:55:13.396000,1.10595,1.10593,1000000,1390000
2021-06-25 13:55:13.547000,1.10596,1.10594,1000000,1000000
2021-06-25 13:55:13.649000,1.10595,1.10592,1000000,1760000
2021-06-25 13:55:13.750000,1.10594,1.10592,1000000,1390000
2021-06-25 13:55:14.105000,1.10594,1.10591,1120000,3640000
2021-06-25 13:55:16.224000,1.10594,1.10592,1120000,1000000
2021-06-25 13:55:16.326000,1.10593,1.1059,1000000,3260000
2021-06-25 13:55:17.613000,1.10592,1.1059,1120000,1000000
2021-06-25 13:55:17.966000,1.10591,1.10588,1120000,1100000
2021-06-25 13:55:21.138000,1.1059,1.10588,1000000,1000000
2021-06-25 13:55:21.841000,1.10588,1.10584,2700000,2250000
2021-06-25 13:55:21.942000,1.10586,1.10583,1000000,1000000
2021-06-25 13:55:22.043000,1.10585,1.10583,1100000,1000000
2021-06-25 13:55:23.930000,1.10585,1.10582,1570000,1000000
2021-06-25 13:55:25.255000,1.10584,1.10582,1000000,1000000
2021-06-25 13:55:26.096000,1.10584,1.10581,1570000,1000000
2021-06-25 13:55:26.197000,1.10583,1.10581,1000000,1000000
2021-06-25 13:55:29.592000,1.10583,1.1058,1500000,3450000
2021-06-25 13:55:32.676000,1.10583,1.10581,1000000,1500000
2021-06-25 13:55:40.278000,1.1058,1.10577,1570000,5910000
2021-06-25 13:55:41.187000,1.10579,1.10577,1000000,1000000
2021-06-25 13:55:41.289000,1.10579,1.10576,1000000,3520000
2021-06-25 13:55:43.086000,1.10577,1.10575,1000000,1000000
2021-06-25 13:55:43.139000,1.10575,1.10573,1200000,1100000
2021-06-25 13:55:43.240000,1.10576,1.10571,2850000,1500000
2021-06-25 13:55:43.291000,1.10572,1.10569,2700000,1600000
2021-06-25 13:55:43.392000,1.10572,1.10569,2700000,1000000
2021-06-25 13:55:44.662000,1.10572,1.10569,3220000,1000000
2021-06-25 13:55:44.763000,1.10571,1.10568,1200000,2250000
2021-06-25 13:55:49.478000,1.10571,1.10568,2850000,1000000
2021-06-25 13:55:49.635000,1.10568,1.10566,3200000,1000000
2021-06-25 13:55:49.686000,1.10566,1.10563,1200000,3000000
2021-06-25 13:55:49.838000,1.10566,1.10563,1600000,1000000
2021-06-25 13:55:50.182000,1.10565,1.10562,2700000,1120000
2021-06-25 13:55:50.283000,1.10564,1.10561,1200000,2810000
2021-06-25 13:55:53.364000,1.10564,1.10562,1950000,1250000
2021-06-25 13:55:53.465000,1.10564,1.10561,1950000,1500000
2021-06-25 13:55:54.771000,1.10562,1.1056,1500000,2060000
2021-06-25 13:55:54.873000,1.10561,1.10559,1000000,2060000
2021-06-25 13:55:54.974000,1.10561,1.10558,1200000,1310000
2021-06-25 13:55:55.178000,1.10559,1.10557,1000000,5010000
2021-06-25 13:55:55.280000,1.1056,1.10557,1000000,6340000
2021-06-25 13:55:55.876000,1.10559,1.10557,1000000,3320000
2021-06-25 13:55:55.927000,1.10562,1.10557,2850000,5140000
2021-06-25 13:55:56.749000,1.10563,1.10559,3220000,2440000
2021-06-25 13:55:56.851000,1.10561,1.10559,1000000,1690000
2021-06-25 13:55:59.761000,1.10562,1.10558,2100000,1870000
2021-06-25 13:55:59.812000,1.10558,1.10556,1000000,3760000
2021-06-25 13:55:59.914000,1.10558,1.10556,1000000,2510000
2021-06-25 13:56:00.141000,1.10559,1.10556,1200000,3940000
2021-06-25 13:56:02.306000,1.10559,1.10556,1200000,8010000
2021-06-25 13:56:02.458000,1.10561,1.10559,1000000,1390000
2021-06-25 13:56:02.559000,1.10561,1.10559,1000000,2640000
2021-06-25 13:56:03.487000,1.10562,1.10558,1000000,1010000
2021-06-25 13:56:05.760000,1.10562,1.10559,1000000,1760000
2021-06-25 13:56:07.469000,1.10563,1.10559,3070000,1200000
2021-06-25 13:56:07.570000,1.10562,1.10559,1000000,2510000
2021-06-25 13:56:07.671000,1.10563,1.10559,3070000,1010000
2021-06-25 13:56:08.027000,1.10561,1.10558,1000000,4860000
2021-06-25 13:56:08.129000,1.10561,1.10558,1950000,1120000
2021-06-25 13:56:11.078000,1.1056,1.10557,1000000,3000000
2021-06-25 13:56:11.230000,1.10559,1.10556,1950000,2400000
2021-06-25 13:56:11.332000,1.10559,1.10556,2850000,1000000
2021-06-25 13:56:11.534000,1.10558,1.10555,1200000,1000000
2021-06-25 13:56:12.234000,1.10558,1.10555,2100000,1120000
2021-06-25 13:56:12.537000,1.10556,1.10554,1000000,1620000
2021-06-25 13:56:12.638000,1.10557,1.10554,1200000,2370000
2021-06-25 13:56:13.103000,1.10557,1.10554,1200000,2250000
2021-06-25 13:56:15.251000,1.10555,1.10551,2700000,6290000
2021-06-25 13:56:15.352000,1.10554,1.10551,3450000,1690000
2021-06-25 13:56:16.029000,1.10555,1.1055,3040000,1500000
2021-06-25 13:56:16.130000,1.10552,1.1055,1000000,1000000
2021-06-25 13:56:16.232000,1.10552,1.10549,1200000,1000000
2021-06-25 13:56:17,1.10549,1.10547,1000000,2750000
2021-06-25 13:56:17.102000,1.1055,1.10547,1000000,1760000
2021-06-25 13:56:17.203000,1.10551,1.10548,2700000,1000000
2021-06-25 13:56:19.220000,1.10551,1.10548,3220000,1000000
2021-06-25 13:56:19.322000,1.10549,1.10547,1000000,1690000
2021-06-25 13:56:19.474000,1.10548,1.10547,1000000,1000000
2021-06-25 13:56:20.007000,1.10549,1.10547,1200000,1000000
2021-06-25 13:56:20.163000,1.10548,1.10547,1000000,1000000
2021-06-25 13:56:20.265000,1.10548,1.10545,1000000,2810000
2021-06-25 13:56:20.457000,1.10548,1.10545,1000000,2870000
2021-06-25 13:56:20.558000,1.1055,1.10547,2660000,1000000
2021-06-25 13:56:21.925000,1.10548,1.10545,1000000,2440000
2021-06-25 13:56:25.018000,1.10547,1.10545,1200000,1000000
2021-06-25 13:56:25.120000,1.10547,1.10544,2100000,1000000
2021-06-25 13:56:28.172000,1.10548,1.10543,1570000,1000000
2021-06-25 13:56:36.906000,1.10547,1.10544,2850000,1000000
2021-06-25 13:56:37.701000,1.10546,1.10543,1200000,1870000
2021-06-25 13:56:42.731000,1.10547,1.10544,2320000,1000000
2021-06-25 13:56:46.107000,1.10544,1.10541,1000000,3840000
2021-06-25 13:56:46.208000,1.10545,1.10542,1000000,1310000
2021-06-25 13:56:57.947000,1.10544,1.10541,1000000,2060000
2021-06-25 13:57:05.401000,1.10545,1.10542,1000000,2250000
2021-06-25 13:57:05.502000,1.10545,1.10543,1000000,1000000
2021-06-25 13:57:05.604000,1.10546,1.10543,1000000,1500000
2021-06-25 13:57:06.502000,1.10546,1.10543,1000000,3870000
2021-06-25 13:57:06.604000,1.1055,1.10546,2370000,1250000
2021-06-25 13:57:06.705000,1.10549,1.10546,1120000,2440000
2021-06-25 13:57:07.181000,1.10549,1.10547,1000000,1310000
2021-06-25 13:57:08.986000,1.1055,1.10548,1910000,1250000
2021-06-25 13:57:13.214000,1.10549,1.10546,1910000,2060000
2021-06-25 13:57:13.315000,1.10549,1.10547,1120000,1690000
2021-06-25 13:57:16.683000,1.10549,1.10546,1910000,2060000
2021-06-25 13:57:16.734000,1.10547,1.10545,1000000,1000000
2021-06-25 13:57:16.835000,1.10547,1.10544,1000000,3940000
2021-06-25 13:57:26.480000,1.10548,1.10545,1570000,1690000
2021-06-25 13:57:26.581000,1.10549,1.10546,1500000,3190000
2021-06-25 13:57:27.913000,1.10548,1.10545,1000000,1500000
2021-06-25 13:57:29.311000,1.10547,1.10544,1570000,1000000
2021-06-25 13:57:29.412000,1.10544,1.1054,3900000,6750000
2021-06-25 13:57:29.513000,1.10543,1.1054,1120000,2870000
2021-06-25 13:57:30.877000,1.10543,1.10538,1200000,6620000
2021-06-25 13:57:34.084000,1.10542,1.10539,1600000,5620000
2021-06-25 13:57:35.971000,1.10542,1.1054,2100000,1250000
2021-06-25 13:57:37.095000,1.10542,1.10539,2100000,2810000
2021-06-25 13:57:38.112000,1.10543,1.1054,1570000,1500000
2021-06-25 13:57:39.095000,1.10543,1.1054,1600000,1500000
2021-06-25 13:57:40.102000,1.10542,1.10539,1200000,3940000
2021-06-25 13:57:40.308000,1.10542,1.1054,1200000,1000000
2021-06-25 13:57:45.692000,1.10541,1.1054,1000000,1250000
2021-06-25 13:57:47.100000,1.10542,1.10539,1200000,4010000
2021-06-25 13:57:51.076000,1.10543,1.1054,1000000,1690000
2021-06-25 13:57:51.178000,1.10543,1.10538,1000000,3290000
2021-06-25 13:57:51.280000,1.10543,1.10539,4200000,1220000
2021-06-25 13:57:51.331000,1.10541,1.10539,1000000,1250000
2021-06-25 13:57:51.496000,1.10541,1.10537,1000000,3260000
2021-06-25 13:57:51.598000,1.10541,1.10539,1000000,1350000
2021-06-25 13:57:54.638000,1.10542,1.10539,1000000,1820000
2021-06-25 13:57:55.069000,1.10541,1.10539,1000000,1750000
2021-06-25 13:57:55.170000,1.10542,1.10539,1000000,1370000
2021-06-25 13:57:55.271000,1.10541,1.10539,1000000,1370000
2021-06-25 13:57:56.059000,1.10542,1.10539,1000000,1450000
2021-06-25 13:58:00.153000,1.10542,1.10539,1500000,1200000
2021-06-25 13:58:00.405000,1.10541,1.10538,1000000,6390000
2021-06-25 13:58:00.506000,1.10541,1.10538,1000000,2890000
2021-06-25 13:58:04.157000,1.10537,1.10534,1200000,4390000
2021-06-25 13:58:04.259000,1.10542,1.1054,1600000,1690000
2021-06-25 13:58:04.361000,1.10541,1.10539,1200000,1120000
2021-06-25 13:58:04.463000,1.1054,1.10537,2100000,1760000
2021-06-25 13:58:04.566000,1.10538,1.10535,1200000,2440000
2021-06-25 13:58:04.667000,1.10538,1.10535,2470000,1000000
2021-06-25 13:58:04.768000,1.10536,1.10533,1200000,6560000
2021-06-25 13:58:07.119000,1.10535,1.10532,1200000,4690000
2021-06-25 13:58:09.051000,1.10536,1.10532,1570000,2440000
2021-06-25 13:58:09.832000,1.10534,1.10532,1000000,2440000
2021-06-25 13:58:11.108000,1.10534,1.10531,1200000,2440000
2021-06-25 13:58:11.210000,1.10535,1.1053,1600000,2440000
2021-06-25 13:58:11.813000,1.10531,1.10529,1950000,2320000
2021-06-25 13:58:11.914000,1.10533,1.10528,2700000,1010000
2021-06-25 13:58:12.016000,1.10533,1.1053,2320000,1250000
2021-06-25 13:58:12.294000,1.10533,1.1053,1000000,3700000
2021-06-25 13:58:12.446000,1.10534,1.10531,2620000,1750000
2021-06-25 13:58:12.549000,1.10534,1.10531,2250000,1250000
2021-06-25 13:58:12.777000,1.10534,1.10531,1500000,1750000
2021-06-25 13:58:12.878000,1.10534,1.10532,1000000,1250000
2021-06-25 13:58:14.744000,1.10536,1.10534,2250000,1250000
2021-06-25 13:58:14.795000,1.10539,1.10536,2770000,1000000
2021-06-25 13:58:15.558000,1.1054,1.10537,1950000,1000000
2021-06-25 13:58:22.072000,1.10539,1.10536,1000000,2890000
2021-06-25 13:58:26.140000,1.10539,1.10537,1000000,1010000
2021-06-25 13:58:26.191000,1.10541,1.10537,2700000,1010000
2021-06-25 13:58:26.605000,1.10541,1.10539,1950000,1000000
2021-06-25 13:58:26.706000,1.10541,1.10538,1500000,1250000
2021-06-25 13:58:26.808000,1.10542,1.10538,2700000,1310000
2021-06-25 13:58:26.909000,1.10543,1.10541,1000000,1250000
2021-06-25 13:58:29.978000,1.10545,1.10541,1950000,2960000
2021-06-25 13:58:30.080000,1.10544,1.10541,1950000,1570000
2021-06-25 13:58:30.131000,1.10542,1.10539,1200000,5120000
2021-06-25 13:58:31.619000,1.10543,1.1054,1200000,1690000
2021-06-25 13:58:32.932000,1.10543,1.1054,2320000,2870000
2021-06-25 13:58:33.648000,1.10543,1.1054,1950000,1250000
2021-06-25 13:58:33.749000,1.10542,1.1054,1000000,1250000
2021-06-25 13:58:37.710000,1.10543,1.10539,3600000,1310000
2021-06-25 13:58:37.811000,1.10542,1.10538,1200000,1310000
2021-06-25 13:58:48.057000,1.1054,1.10536,1500000,2070000
2021-06-25 13:58:48.108000,1.10537,1.10535,1000000,1870000
2021-06-25 13:58:48.209000,1.10538,1.10536,1870000,1840000
2021-06-25 13:58:49.203000,1.10537,1.10536,1000000,1250000
2021-06-25 13:58:49.964000,1.10537,1.10535,1000000,1690000
2021-06-25 13:58:50.271000,1.10538,1.10535,1000000,2440000
2021-06-25 13:58:52.320000,1.10538,1.10535,1720000,2810000
2021-06-25 13:58:55.680000,1.10536,1.10534,1200000,1690000
2021-06-25 13:58:56.238000,1.10535,1.10534,1000000,1690000
2021-06-25 13:58:56.863000,1.10535,1.10533,1000000,1250000
2021-06-25 13:59:00.050000,1.10534,1.10532,1000000,1250000
2021-06-25 13:59:00.153000,1.10532,1.10529,1200000,2440000
2021-06-25 13:59:00.255000,1.10532,1.10529,1600000,1690000
2021-06-25 13:59:02.154000,1.10532,1.10529,1200000,1690000
2021-06-25 13:59:02.256000,1.10533,1.1053,2100000,1690000
2021-06-25 13:59:02.407000,1.10534,1.10529,1200000,2060000
2021-06-25 13:59:02.508000,1.10533,1.1053,1000000,2870000
2021-06-25 13:59:02.610000,1.10534,1.10531,1950000,1250000
2021-06-25 13:59:09.406000,1.10534,1.1053,1200000,1250000
2021-06-25 13:59:09.793000,1.10533,1.1053,1200000,1250000
2021-06-25 13:59:09.894000,1.10532,1.10529,1000000,4070000
2021-06-25 13:59:18.109000,1.10532,1.10529,1200000,2440000
2021-06-25 13:59:18.211000,1.10531,1.10528,1200000,3190000
2021-06-25 13:59:19.843000,1.10531,1.10529,1100000,1250000
2021-06-25 13:59:19.945000,1.10532,1.10529,1570000,1750000
2021-06-25 13:59:20.046000,1.10532,1.1053,1000000,1370000
2021-06-25 13:59:20.147000,1.10533,1.1053,1100000,2120000
2021-06-25 13:59:21.261000,1.10534,1.10531,1100000,1250000
2021-06-25 13:59:23.005000,1.10533,1.1053,1100000,1750000
2021-06-25 13:59:23.208000,1.10532,1.10529,1570000,1390000
2021-06-25 13:59:23.359000,1.10532,1.10529,1200000,1750000
2021-06-25 13:59:26.219000,1.10533,1.10528,1200000,1690000
2021-06-25 13:59:28.252000,1.1053,1.10528,1000000,2060000
2021-06-25 13:59:28.303000,1.10533,1.10529,1720000,2810000
2021-06-25 13:59:28.404000,1.10533,1.10529,1200000,2890000
2021-06-25 13:59:28.657000,1.10533,1.1053,1200000,1000000
2021-06-25 13:59:30.135000,1.10533,1.1053,1720000,1000000
2021-06-25 13:59:32.545000,1.10532,1.10529,2470000,1000000
2021-06-25 13:59:32.647000,1.10532,1.10529,1200000,1690000
2021-06-25 13:59:33.253000,1.10532,1.10529,1600000,1000000
2021-06-25 13:59:33.354000,1.10531,1.10528,1200000,1000000
2021-06-25 13:59:35.270000,1.10532,1.1053,1200000,1000000
2021-06-25 13:59:35.472000,1.10533,1.10531,1950000,1000000
2021-06-25 13:59:39.301000,1.1053,1.10527,2510000,4200000
2021-06-25 13:59:39.352000,1.10531,1.10529,1600000,1000000
2021-06-25 13:59:39.404000,1.10534,1.10532,1950000,1000000
2021-06-25 13:59:39.506000,1.10533,1.10531,1200000,1000000
2021-06-25 13:59:39.809000,1.10535,1.10532,3070000,1000000
2021-06-25 13:59:39.961000,1.10534,1.10532,3070000,1000000
2021-06-25 13:59:41.288000,1.10535,1.10532,2320000,1000000
2021-06-25 13:59:42.061000,1.10535,1.10532,2470000,1000000
2021-06-25 13:59:43.973000,1.10535,1.1053,2360000,2370000
2021-06-25 13:59:44.075000,1.10534,1.10532,1100000,1000000
2021-06-25 13:59:44.227000,1.10533,1.1053,2100000,1000000
2021-06-25 13:59:44.329000,1.10533,1.10528,1600000,4140000
2021-06-25 13:59:44.679000,1.10535,1.10532,2850000,1000000
2021-06-25 13:59:46.124000,1.10536,1.10532,2700000,1000000
2021-06-25 13:59:46.695000,1.10534,1.10531,3070000,1000000
2021-06-25 13:59:46.797000,1.10533,1.10532,2700000,1000000
2021-06-25 13:59:47.876000,1.10534,1.10532,1000000,1000000
2021-06-25 13:59:47.977000,1.10535,1.10532,3520000,1000000
2021-06-25 13:59:48.460000,1.10533,1.10528,1000000,1000000
2021-06-25 13:59:48.612000,1.10533,1.1053,1200000,1000000
2021-06-25 13:59:49.568000,1.10534,1.10531,1000000,1000000
2021-06-25 13:59:50.089000,1.10534,1.10531,1600000,1000000
2021-06-25 13:59:50.548000,1.10534,1.10531,1200000,2250000
2021-06-25 13:59:50.649000,1.10536,1.10533,2250000,1000000
2021-06-25 13:59:52.511000,1.10534,1.10531,1600000,1000000
2021-06-25 13:59:52.672000,1.1053,1.10527,1000000,2250000
2021-06-25 13:59:52.774000,1.10533,1.1053,2470000,1500000
2021-06-25 13:59:52.875000,1.10533,1.1053,1200000,1500000
2021-06-25 13:59:52.976000,1.10534,1.10531,2100000,1000000
2021-06-25 13:59:55.330000,1.10532,1.10528,9070000,1000000
2021-06-25 13:59:55.431000,1.10532,1.1053,1200000,1000000
2021-06-25 13:59:55.532000,1.10534,1.10531,1600000,1500000
2021-06-25 13:59:55.955000,1.10534,1.10531,1000000,1000000
2021-06-25 13:59:56.107000,1.10535,1.1053,5100000,1500000
2021-06-25 13:59:56.208000,1.10535,1.1053,2100000,1500000
2021-06-25 13:59:56.462000,1.10535,1.10531,1600000,1000000
2021-06-25 13:59:56.715000,1.10537,1.10532,3800000,1000000
2021-06-25 13:59:56.917000,1.10538,1.10532,3970000,1000000
2021-06-25 13:59:57.019000,1.10537,1.10536,1500000,1000000
2021-06-25 13:59:57.120000,1.10539,1.10536,1600000,1000000
2021-06-25 13:59:57.777000,1.10541,1.10537,1200000,1000000
2021-06-25 13:59:59.821000,1.1054,1.10536,3970000,1500000
2021-06-25 13:59:59.923000,1.1054,1.10535,2100000,1200000
2021-06-25 14:00:00.025000,1.1054,1.10537,1600000,1000000
2021-06-25 14:00:00.127000,1.10541,1.10538,1200000,1000000
2021-06-25 14:00:00.758000,1.10541,1.10538,1600000,1000000
2021-06-25 14:00:00.861000,1.10541,1.10537,1600000,1000000
2021-06-25 14:00:00.962000,1.10542,1.10539,3750000,1570000
2021-06-25 14:00:01.064000,1.10545,1.10541,5740000,1000000
2021-06-25 14:00:02.501000,1.10541,1.10539,1950000,1000000
2021-06-25 14:00:02.552000,1.10541,1.10537,1600000,1000000
2021-06-25 14:00:02.755000,1.10542,1.10538,1200000,1100000
2021-06-25 14:00:03.825000,1.10542,1.10539,1200000,1000000
2021-06-25 14:00:04.302000,1.10542,1.10538,1200000,1000000
2021-06-25 14:00:04.555000,1.1054,1.10535,2850000,1500000
2021-06-25 14:00:04.607000,1.10541,1.10535,2100000,2320000
2021-06-25 14:00:04.709000,1.10542,1.10538,3970000,1000000
2021-06-25 14:00:04.760000,1.10542,1.10539,3370000,1000000
2021-06-25 14:00:04.862000,1.10543,1.10538,1200000,1950000
2021-06-25 14:00:05.073000,1.10543,1.10538,1600000,1000000
2021-06-25 14:00:05.391000,1.10542,1.10539,1200000,1000000
2021-06-25 14:00:05.547000,1.10545,1.10543,5470000,1250000
2021-06-25 14:00:05.598000,1.10551,1.10548,3250000,1950000
2021-06-25 14:00:05.649000,1.10554,1.10551,1000000,1120000
2021-06-25 14:00:05.750000,1.10554,1.10551,1620000,1500000
2021-06-25 14:00:05.953000,1.10554,1.10551,1000000,2440000
2021-06-25 14:00:06.890000,1.10553,1.1055,1000000,1690000
2021-06-25 14:00:07.396000,1.10552,1.10549,1200000,1500000
2021-06-25 14:00:07.929000,1.10552,1.10549,2100000,1000000
2021-06-25 14:00:10.386000,1.10552,1.10547,5470000,1010000
2021-06-25 14:00:10.493000,1.10555,1.10552,8820000,1500000
2021-06-25 14:00:10.544000,1.1056,1.10558,1570000,1000000
2021-06-25 14:00:10.645000,1.10562,1.1056,1570000,1690000
2021-06-25 14:00:10.898000,1.10556,1.10554,1500000,2120000
2021-06-25 14:00:10.950000,1.10559,1.10556,1000000,1690000
2021-06-25 14:00:11.001000,1.10562,1.10558,2100000,1690000
2021-06-25 14:00:11.255000,1.10562,1.10559,1200000,2500000
2021-06-25 14:00:11.356000,1.10562,1.10559,1220000,1000000
2021-06-25 14:00:11.508000,1.10562,1.1056,1220000,1250000
2021-06-25 14:00:11.660000,1.10562,1.1056,1100000,1250000
2021-06-25 14:00:11.962000,1.10561,1.10559,1100000,1750000
2021-06-25 14:00:12.013000,1.10561,1.10558,1100000,1000000
2021-06-25 14:00:12.115000,1.1056,1.10557,1000000,3140000
2021-06-25 14:00:12.166000,1.10562,1.1056,2320000,1000000
2021-06-25 14:00:12.267000,1.10562,1.1056,1100000,1250000
2021-06-25 14:00:12.369000,1.10563,1.10561,3820000,1250000
2021-06-25 14:00:14.291000,1.10562,1.10561,1000000,2440000
2021-06-25 14:00:14.696000,1.10563,1.10559,1000000,2440000
2021-06-25 14:00:15.184000,1.10563,1.1056,1500000,2140000
2021-06-25 14:00:16.099000,1.10563,1.10562,1500000,1000000
2021-06-25 14:00:16.200000,1.10563,1.1056,1000000,1000000
2021-06-25 14:00:16.539000,1.10563,1.10561,1000000,1950000
2021-06-25 14:00:18.433000,1.10561,1.10559,1000000,3940000
2021-06-25 14:00:18.888000,1.10561,1.1056,1000000,1000000
2021-06-25 14:00:18.989000,1.10561,1.10559,1500000,1250000
2021-06-25 14:00:19.090000,1.1056,1.10559,1000000,1250000
2021-06-25 14:00:20.074000,1.1056,1.10558,1000000,1950000
2021-06-25 14:00:20.277000,1.10556,1.10554,1000000,3370000
2021-06-25 14:00:20.378000,1.10554,1.10553,1000000,1000000
2021-06-25 14:00:22.092000,1.10553,1.10551,1000000,1950000
2021-06-25 14:00:22.427000,1.10552,1.10551,1000000,1500000
2021-06-25 14:00:22.730000,1.10553,1.10551,1200000,1000000
2021-06-25 14:00:22.831000,1.10552,1.10551,1000000,1000000
2021-06-25 14:00:24.091000,1.10552,1.1055,1000000,1000000
2021-06-25 14:00:24.142000,1.10548,1.10546,1500000,1500000
2021-06-25 14:00:24.193000,1.10547,1.10545,1000000,1500000
2021-06-25 14:00:24.294000,1.10545,1.10544,1000000,1000000
2021-06-25 14:00:24.396000,1.10545,1.10543,1000000,1000000
2021-06-25 14:00:24.447000,1.10548,1.10546,1120000,1000000
2021-06-25 14:00:24.548000,1.10548,1.10547,1000000,1000000
2021-06-25 14:00:24.649000,1.10548,1.10546,1000000,1500000
2021-06-25 14:00:25.054000,1.10548,1.10546,1000000,1500000
2021-06-25 14:00:25.155000,1.10547,1.10545,1000000,1570000
2021-06-25 14:00:26.510000,1.10549,1.10547,1000000,1500000
2021-06-25 14:00:26.662000,1.10549,1.10547,1000000,1310000
2021-06-25 14:00:29.480000,1.1055,1.10549,1000000,1250000
2021-06-25 14:00:29.733000,1.10552,1.10549,1500000,2950000
2021-06-25 14:00:30.037000,1.10552,1.1055,1000000,2570000
2021-06-25 14:00:30.139000,1.10552,1.1055,1000000,1760000
2021-06-25 14:00:30.516000,1.10552,1.1055,1000000,2950000
2021-06-25 14:00:30.567000,1.10554,1.10551,1500000,2140000
2021-06-25 14:00:30.669000,1.10553,1.10551,1000000,2140000
2021-06-25 14:00:31.364000,1.10552,1.10551,1000000,1250000
2021-06-25 14:00:32.138000,1.10553,1.1055,1000000,2200000
2021-06-25 14:00:32.341000,1.10553,1.1055,1500000,1390000
2021-06-25 14:00:33.634000,1.10551,1.1055,1000000,1000000
2021-06-25 14:00:34.087000,1.10551,1.10548,1000000,2810000
2021-06-25 14:00:35.705000,1.10551,1.10548,1000000,3310000
2021-06-25 14:00:37.277000,1.10552,1.10549,1500000,2510000
2021-06-25 14:00:37.631000,1.10552,1.10549,1500000,2660000
2021-06-25 14:00:39.445000,1.10553,1.1055,1500000,1390000
2021-06-25 14:00:40.419000,1.10552,1.1055,1000000,1010000
2021-06-25 14:00:41.347000,1.10553,1.10548,1760000,2250000
2021-06-25 14:00:41.398000,1.10549,1.10547,3750000,1810000
2021-06-25 14:00:41.499000,1.10548,1.10545,2320000,1000000
2021-06-25 14:00:41.600000,1.10547,1.10545,1000000,1000000
2021-06-25 14:00:44.790000,1.10547,1.10544,1950000,1870000
2021-06-25 14:00:48.507000,1.10546,1.10544,1950000,1000000
2021-06-25 14:00:49.131000,1.10548,1.10545,1500000,1250000
2021-06-25 14:00:50.087000,1.1055,1.10549,1120000,1000000
2021-06-25 14:00:51.097000,1.10549,1.10547,1000000,1950000
2021-06-25 14:00:51.557000,1.1055,1.10548,1000000,1000000
2021-06-25 14:00:51.709000,1.10551,1.10548,3070000,1000000
2021-06-25 14:00:52.207000,1.1055,1.10547,1000000,1950000
2021-06-25 14:00:54.973000,1.1055,1.10548,1000000,1000000
2021-06-25 14:00:55.279000,1.1055,1.10547,1000000,2700000
2021-06-25 14:01:00.962000,1.10552,1.1055,1570000,1000000
2021-06-25 14:01:01.064000,1.10553,1.1055,4010000,1500000
2021-06-25 14:01:04.220000,1.10552,1.1055,1000000,1000000
2021-06-25 14:01:06.713000,1.10551,1.1055,1000000,1000000
2021-06-25 14:01:08.159000,1.10557,1.10554,1500000,2970000
2021-06-25 14:01:08.261000,1.10557,1.10555,1000000,7450000
2021-06-25 14:01:08.312000,1.1056,1.10557,1100000,1000000
2021-06-25 14:01:10.174000,1.10563,1.1056,1000000,2140000
2021-06-25 14:01:10.276000,1.10564,1.1056,1000000,1760000
2021-06-25 14:01:10.377000,1.10564,1.10562,1000000,1390000
2021-06-25 14:01:10.428000,1.10567,1.10565,1000000,1000000
2021-06-25 14:01:19.070000,1.10567,1.10564,1570000,2250000
2021-06-25 14:01:19.121000,1.10565,1.10564,1000000,1000000
2021-06-25 14:01:19.222000,1.10565,1.10563,1000000,1870000
2021-06-25 14:01:31.501000,1.10565,1.10562,1000000,2320000
2021-06-25 14:01:32.643000,1.10565,1.10563,1000000,1000000
2021-06-25 14:01:32.794000,1.10566,1.10563,1950000,1000000
2021-06-25 14:01:33.056000,1.10565,1.10563,1000000,1000000
2021-06-25 14:01:34.139000,1.10567,1.10563,1000000,2440000
2021-06-25 14:01:34.240000,1.10566,1.10564,1000000,3020000
2021-06-25 14:01:34.394000,1.10566,1.10564,1000000,2060000
2021-06-25 14:01:37.208000,1.10567,1.10564,1950000,3370000
2021-06-25 14:01:37.310000,1.10569,1.10565,1000000,3000000
2021-06-25 14:01:37.412000,1.1057,1.10565,1950000,3000000
2021-06-25 14:01:37.895000,1.10569,1.10565,4950000,5900000
2021-06-25 14:01:37.997000,1.10567,1.10565,1500000,1100000
2021-06-25 14:01:38.200000,1.10567,1.10564,1950000,1870000
2021-06-25 14:01:41.805000,1.10566,1.10564,1000000,1500000
2021-06-25 14:01:43.478000,1.10566,1.10565,1000000,1000000
2021-06-25 14:01:44.421000,1.10568,1.10564,1120000,1000000
2021-06-25 14:01:45.254000,1.1057,1.10567,1120000,1000000
2021-06-25 14:01:45.356000,1.1057,1.10568,1570000,1000000
2021-06-25 14:01:50.698000,1.10569,1.10567,3070000,1000000
2021-06-25 14:01:50.800000,1.10567,1.10566,1120000,1000000
2021-06-25 14:01:52.497000,1.10567,1.10565,1000000,1010000
2021-06-25 14:01:52.599000,1.10569,1.10567,2140000,1000000
2021-06-25 14:01:52.751000,1.10569,1.10568,1000000,1000000
2021-06-25 14:01:52.852000,1.1057,1.10568,1000000,1000000
2021-06-25 14:01:54.243000,1.10571,1.10569,2440000,1000000
2021-06-25 14:01:55.681000,1.10572,1.10569,1690000,1500000
2021-06-25 14:01:59.624000,1.10575,1.10573,2960000,1000000
2021-06-25 14:01:59.726000,1.10575,1.10573,1000000,1200000
2021-06-25 14:02:02.065000,1.10576,1.10573,1310000,1500000
2021-06-25 14:02:02.217000,1.10575,1.10573,1000000,1000000
2021-06-25 14:02:02.557000,1.10576,1.10573,1310000,1500000
2021-06-25 14:02:03.562000,1.10575,1.10573,1000000,1000000
2021-06-25 14:02:03.663000,1.10577,1.10572,1690000,1500000
2021-06-25 14:02:03.971000,1.10575,1.10573,1000000,1000000
2021-06-25 14:02:04.074000,1.10576,1.10573,1690000,1500000
2021-06-25 14:02:04.379000,1.10576,1.10574,1690000,1000000
2021-06-25 14:02:06.432000,1.10574,1.10573,1000000,1000000
2021-06-25 14:02:06.584000,1.10574,1.10572,1000000,1100000
2021-06-25 14:02:09.393000,1.10574,1.10572,2570000,1000000
2021-06-25 14:02:09.904000,1.10574,1.10572,1760000,1000000
2021-06-25 14:02:10.157000,1.10574,1.10572,1390000,1000000
2021-06-25 14:02:10.738000,1.10575,1.10573,1120000,1000000
2021-06-25 14:02:10.943000,1.10576,1.10573,1000000,1000000
2021-06-25 14:02:11.772000,1.10576,1.10574,1000000,1120000
2021-06-25 14:02:11.873000,1.10577,1.10575,1120000,1000000
2021-06-25 14:02:12.229000,1.10578,1.10576,1120000,1000000
2021-06-25 14:02:15.166000,1.10578,1.10576,1000000,1100000
2021-06-25 14:02:15.864000,1.10578,1.10575,1000000,1000000
2021-06-25 14:02:16.633000,1.10578,1.10576,1000000,1000000
2021-06-25 14:02:16.936000,1.10578,1.10577,1000000,1000000
2021-06-25 14:02:17.189000,1.10578,1.10576,1200000,1000000
2021-06-25 14:02:17.291000,1.10577,1.10576,1000000,1000000
2021-06-25 14:02:17.773000,1.10577,1.10575,1200000,1000000
2021-06-25 14:02:20.518000,1.10577,1.10575,1200000,1000000
2021-06-25 14:02:20.572000,1.10576,1.10574,1200000,1000000
2021-06-25 14:02:20.674000,1.10574,1.10572,1200000,1000000
2021-06-25 14:02:20.725000,1.10573,1.1057,1570000,2810000
2021-06-25 14:02:22.143000,1.10572,1.1057,1000000,1000000
2021-06-25 14:02:24.785000,1.10575,1.10573,3780000,1500000
2021-06-25 14:02:24.887000,1.1058,1.10575,1100000,1310000
2021-06-25 14:02:24.988000,1.10579,1.10576,1000000,2570000
2021-06-25 14:02:25.342000,1.10579,1.10576,1200000,1760000
2021-06-25 14:02:29.070000,1.10578,1.10576,1200000,1250000
2021-06-25 14:02:29.121000,1.10576,1.10575,1000000,1000000
2021-06-25 14:02:29.222000,1.10577,1.10573,1000000,1000000
2021-06-25 14:02:29.324000,1.10575,1.10574,1000000,1000000
2021-06-25 14:02:29.425000,1.10577,1.10573,1120000,1000000
2021-06-25 14:02:31.057000,1.10576,1.10574,1100000,1000000
2021-06-25 14:02:31.565000,1.10573,1.10571,1000000,1750000
2021-06-25 14:02:31.667000,1.10573,1.1057,1000000,1690000
2021-06-25 14:02:35.809000,1.10572,1.10569,1000000,3700000
2021-06-25 14:02:35.910000,1.10573,1.10568,1000000,2890000
2021-06-25 14:02:40.020000,1.10574,1.10572,1120000,1000000
2021-06-25 14:02:40.121000,1.10575,1.10572,1500000,1250000
2021-06-25 14:02:41.713000,1.10577,1.10572,2250000,1000000
2021-06-25 14:02:43.465000,1.10577,1.10574,1500000,2140000
2021-06-25 14:02:44.739000,1.10578,1.10575,1000000,2200000
2021-06-25 14:02:44.841000,1.10579,1.10576,1500000,1250000
2021-06-25 14:02:46.734000,1.1058,1.10578,1000000,1250000
2021-06-25 14:02:46.836000,1.10581,1.10578,1000000,1690000
2021-06-25 14:02:47.972000,1.10582,1.10579,1120000,2890000
2021-06-25 14:02:48.073000,1.10583,1.1058,1870000,1500000
2021-06-25 14:02:48.434000,1.10582,1.1058,1000000,1200000
2021-06-25 14:02:48.908000,1.10585,1.10581,2700000,1000000
2021-06-25 14:02:49.110000,1.10583,1.1058,1000000,3640000
2021-06-25 14:02:49.709000,1.10583,1.1058,1000000,3790000
2021-06-25 14:02:50.120000,1.10584,1.10579,1000000,2890000
2021-06-25 14:02:53.389000,1.10584,1.10582,1000000,1250000
2021-06-25 14:02:53.951000,1.10587,1.10584,1500000,1250000
2021-06-25 14:02:54.053000,1.10588,1.10585,1120000,1690000
2021-06-25 14:02:54.257000,1.10588,1.10586,1000000,1690000
2021-06-25 14:02:55.253000,1.10586,1.10585,1000000,1000000
2021-06-25 14:02:55.455000,1.10588,1.10584,1000000,1000000
2021-06-25 14:02:59.513000,1.10585,1.10582,1000000,3340000
2021-06-25 14:02:59.615000,1.10584,1.10582,1000000,2210000
2021-06-25 14:03:01.889000,1.10585,1.1058,1000000,5140000
2021-06-25 14:03:02.042000,1.10582,1.1058,2170000,1200000
2021-06-25 14:03:02.143000,1.10581,1.10578,1000000,1250000
2021-06-25 14:03:02.244000,1.1058,1.10577,1000000,3620000
2021-06-25 14:03:04.132000,1.1058,1.10577,1000000,1250000
2021-06-25 14:03:04.182000,1.10581,1.10579,1000000,1000000
2021-06-25 14:03:04.284000,1.10582,1.10579,2250000,1000000
2021-06-25 14:03:04.487000,1.10583,1.10581,1000000,1500000
2021-06-25 14:03:04.589000,1.10585,1.10582,1500000,1250000
2021-06-25 14:03:04.792000,1.10587,1.10584,1530000,1000000
2021-06-25 14:03:04.997000,1.10586,1.10583,1000000,1760000
2021-06-25 14:03:05.149000,1.10585,1.1058,1000000,5420000
2021-06-25 14:03:08.325000,1.10585,1.10582,1500000,1250000
2021-06-25 14:03:09.416000,1.10584,1.10581,1000000,2870000
2021-06-25 14:03:10.760000,1.10584,1.10581,1000000,2510000
2021-06-25 14:03:10.965000,1.10584,1.10582,1000000,1760000
2021-06-25 14:03:11.066000,1.10586,1.10581,1000000,4070000
2021-06-25 14:03:12.466000,1.10585,1.10584,1000000,1250000
2021-06-25 14:03:12.517000,1.10588,1.10587,3000000,1250000
2021-06-25 14:03:12.619000,1.10588,1.10586,1000000,1690000
2021-06-25 14:03:12.720000,1.10589,1.10586,1000000,3640000
2021-06-25 14:03:12.824000,1.10589,1.10587,1000000,2200000
2021-06-25 14:03:13.655000,1.1059,1.10587,1000000,3700000
2021-06-25 14:03:15.429000,1.1059,1.10587,1000000,2140000
2021-06-25 14:03:15.531000,1.10589,1.10586,1000000,2890000
2021-06-25 14:03:18.607000,1.10587,1.10585,1120000,1000000
2021-06-25 14:03:18.709000,1.10585,1.10583,1000000,1000000
2021-06-25 14:03:20.740000,1.10586,1.10581,1000000,4010000
2021-06-25 14:03:22.570000,1.10587,1.10583,1120000,1000000
2021-06-25 14:03:22.671000,1.10588,1.10585,1120000,1000000
2021-06-25 14:03:24.126000,1.10588,1.10583,1000000,4010000
2021-06-25 14:03:26.874000,1.10584,1.10582,1000000,2320000
2021-06-25 14:03:30.522000,1.10585,1.10582,1000000,3260000
2021-06-25 14:03:34.441000,1.10584,1.10582,1000000,1000000
2021-06-25 14:03:36.961000,1.10585,1.10583,1000000,2200000
2021-06-25 14:03:37.062000,1.10587,1.10584,1000000,3700000
2021-06-25 14:03:37.113000,1.10589,1.10586,1870000,1250000
2021-06-25 14:03:37.214000,1.10589,1.10586,1000000,3320000
2021-06-25 14:03:37.417000,1.10589,1.10587,1000000,1250000
2021-06-25 14:03:39.279000,1.10591,1.10588,1120000,1250000
2021-06-25 14:03:39.381000,1.10592,1.10589,1870000,2250000
2021-06-25 14:03:41.711000,1.10592,1.1059,1120000,1250000
2021-06-25 14:03:41.813000,1.10595,1.10593,1000000,1000000
2021-06-25 14:03:42.422000,1.10596,1.10593,1000000,1000000
2021-06-25 14:03:43.848000,1.10597,1.10594,3950000,1000000
2021-06-25 14:03:44.544000,1.10597,1.10594,2700000,1000000
2021-06-25 14:03:46.396000,1.10598,1.10596,1120000,2140000
2021-06-25 14:03:46.447000,1.10601,1.10598,2250000,1000000
2021-06-25 14:03:46.548000,1.10602,1.10599,2620000,1250000
2021-06-25 14:03:47.002000,1.10599,1.10596,1000000,3570000
2021-06-25 14:03:47.103000,1.10598,1.10595,1500000,1690000
2021-06-25 14:03:47.204000,1.10597,1.10594,1000000,1690000
2021-06-25 14:03:50.691000,1.10594,1.10592,1000000,1120000
2021-06-25 14:03:50.742000,1.10593,1.1059,1120000,3000000
2021-06-25 14:03:50.843000,1.10593,1.1059,3570000,1000000
2021-06-25 14:03:51.332000,1.10591,1.10589,1000000,1000000
2021-06-25 14:03:51.544000,1.10591,1.10588,1120000,1000000
2021-06-25 14:03:51.646000,1.10592,1.10588,1120000,1000000
2021-06-25 14:03:53.474000,1.1059,1.10587,1100000,3190000
2021-06-25 14:03:53.575000,1.1059,1.10587,2350000,1500000
2021-06-25 14:03:54.422000,1.10586,1.10583,1100000,5000000
2021-06-25 14:03:54.524000,1.10585,1.10583,1000000,1000000
2021-06-25 14:03:57.416000,1.10586,1.10584,1000000,2440000
2021-06-25 14:03:57.517000,1.10588,1.10583,1200000,2440000
2021-06-25 14:03:58.794000,1.10588,1.10584,1100000,1000000
2021-06-25 14:03:59.204000,1.10589,1.10587,2370000,1000000
2021-06-25 14:03:59.254000,1.1059,1.10587,1200000,2250000
2021-06-25 14:03:59.761000,1.1059,1.10588,1000000,1000000
2021-06-25 14:03:59.863000,1.10591,1.10589,1000000,1500000
2021-06-25 14:03:59.964000,1.10592,1.10589,1000000,2700000
2021-06-25 14:04:00.065000,1.10593,1.10589,1000000,1000000
2021-06-25 14:04:00.276000,1.10592,1.10588,1000000,1500000
2021-06-25 14:04:01.849000,1.10591,1.10588,1000000,3640000
2021-06-25 14:04:06.317000,1.1059,1.10588,1000000,1000000
2021-06-25 14:04:06.368000,1.1059,1.10586,2470000,1950000
2021-06-25 14:04:06.419000,1.10587,1.10585,1950000,1000000
2021-06-25 14:04:06.522000,1.10585,1.10583,1500000,1000000
2021-06-25 14:04:06.624000,1.10585,1.10582,1950000,1000000
2021-06-25 14:04:07.575000,1.10583,1.1058,1000000,1570000
2021-06-25 14:04:07.727000,1.10584,1.10581,1200000,1000000
2021-06-25 14:04:08.285000,1.10584,1.1058,2320000,1100000
2021-06-25 14:04:08.386000,1.10581,1.10579,1000000,1100000
2021-06-25 14:04:13.196000,1.10582,1.10579,1570000,1500000
2021-06-25 14:04:13.566000,1.10583,1.1058,1870000,1570000
2021-06-25 14:04:13.668000,1.10583,1.10581,1120000,1000000
2021-06-25 14:04:13.921000,1.10584,1.10581,1120000,1100000
2021-06-25 14:04:15.585000,1.10585,1.10582,1500000,1120000
2021-06-25 14:04:18.736000,1.10587,1.10585,1000000,1100000
2021-06-25 14:04:18.787000,1.1059,1.10587,2700000,1000000
2021-06-25 14:04:23.767000,1.10591,1.10588,2320000,1000000
2021-06-25 14:04:27.522000,1.10587,1.10585,3070000,1700000
2021-06-25 14:04:27.573000,1.10586,1.10583,1870000,1100000
2021-06-25 14:04:28.687000,1.10585,1.10583,1000000,1000000
2021-06-25 14:04:28.981000,1.10586,1.10583,3070000,1000000
2021-06-25 14:04:30.520000,1.10585,1.10582,1500000,1570000
2021-06-25 14:04:30.621000,1.10584,1.10582,1000000,1000000
2021-06-25 14:04:30.723000,1.10584,1.10581,1500000,1500000
2021-06-25 14:04:31.606000,1.10584,1.10581,3950000,1000000
2021-06-25 14:04:32.285000,1.10583,1.1058,2320000,1500000
2021-06-25 14:04:35.720000,1.10582,1.10579,1000000,2510000
2021-06-25 14:04:37.704000,1.10582,1.10579,2450000,1000000
2021-06-25 14:04:37.805000,1.10581,1.10578,1120000,1100000
2021-06-25 14:04:40.706000,1.10581,1.10576,3070000,1000000
2021-06-25 14:04:40.807000,1.1058,1.10577,4320000,1000000
2021-06-25 14:04:40.909000,1.10579,1.10576,2700000,1250000
2021-06-25 14:04:43.791000,1.1058,1.10578,1000000,1000000
2021-06-25 14:04:43.893000,1.10582,1.10577,1000000,1010000
2021-06-25 14:04:44.045000,1.10582,1.10579,3820000,1000000
2021-06-25 14:04:45.302000,1.10582,1.10577,1000000,1010000
2021-06-25 14:04:50.759000,1.1058,1.10577,1000000,4100000
2021-06-25 14:04:53.973000,1.10582,1.10579,2620000,1010000
2021-06-25 14:04:58.451000,1.1058,1.10577,1200000,1100000
2021-06-25 14:04:58.554000,1.10578,1.10575,1000000,3720000
2021-06-25 14:04:59.772000,1.10579,1.10576,1120000,2570000
2021-06-25 14:04:59.974000,1.10579,1.10576,1120000,1760000
2021-06-25 14:05:01.085000,1.10579,1.10576,1000000,2910000
2021-06-25 14:05:02.809000,1.10579,1.10576,1120000,1570000
2021-06-25 14:05:03.163000,1.10581,1.10577,5820000,4390000
2021-06-25 14:05:03.265000,1.10581,1.10578,1870000,1000000
2021-06-25 14:05:03.417000,1.10583,1.1058,2620000,1570000
2021-06-25 14:05:04.178000,1.10582,1.10579,1870000,1200000
2021-06-25 14:05:05.050000,1.10581,1.10578,1000000,2320000
2021-06-25 14:05:08.212000,1.10581,1.10578,1000000,3510000
2021-06-25 14:05:08.313000,1.10583,1.1058,1120000,1100000
2021-06-25 14:05:08.667000,1.10584,1.10581,2320000,1000000
2021-06-25 14:05:08.769000,1.10584,1.10582,1000000,1100000
2021-06-25 14:05:11.225000,1.10584,1.10581,1000000,1500000
2021-06-25 14:05:11.378000,1.10583,1.1058,1000000,1570000
2021-06-25 14:05:12.035000,1.10584,1.10581,1000000,1000000
2021-06-25 14:05:13.020000,1.10584,1.10582,1000000,1010000
2021-06-25 14:05:14.764000,1.10585,1.10582,1000000,2140000
2021-06-25 14:05:14.866000,1.10587,1.10582,3000000,1100000
2021-06-25 14:05:16.128000,1.10584,1.10581,1000000,2800000
2021-06-25 14:05:16.230000,1.10584,1.10581,1200000,1570000
2021-06-25 14:05:17.452000,1.10583,1.1058,1870000,1100000
2021-06-25 14:05:18.294000,1.10581,1.10579,1000000,1000000
2021-06-25 14:05:18.400000,1.10581,1.10578,1000000,4270000
2021-06-25 14:05:25.038000,1.10581,1.10577,3950000,1100000
2021-06-25 14:05:25.140000,1.10578,1.10576,1000000,2210000
2021-06-25 14:05:26.515000,1.10578,1.10577,1000000,1000000
2021-06-25 14:05:26.616000,1.10578,1.10576,1000000,2140000
2021-06-25 14:05:28.924000,1.10578,1.10575,1870000,1100000
2021-06-25 14:05:29.581000,1.10577,1.10574,1000000,4040000
2021-06-25 14:05:29.683000,1.10576,1.10574,1000000,1120000
2021-06-25 14:05:29.784000,1.10575,1.10572,1200000,1250000
2021-06-25 14:05:33.559000,1.10574,1.10572,1000000,1250000
2021-06-25 14:05:33.609000,1.10576,1.10574,1120000,1000000
2021-06-25 14:05:35.744000,1.10576,1.10573,1000000,3260000
2021-06-25 14:05:35.947000,1.10576,1.10575,1000000,1000000
2021-06-25 14:05:36.314000,1.10576,1.10573,1000000,2590000
2021-06-25 14:05:37.278000,1.10576,1.10573,1000000,3400000
2021-06-25 14:05:37.494000,1.10578,1.10576,1950000,1000000
2021-06-25 14:05:37.596000,1.1058,1.10579,1000000,1000000
2021-06-25 14:05:39.439000,1.10576,1.10574,1000000,1500000
2021-06-25 14:05:39.490000,1.10569,1.10567,1000000,3940000
2021-06-25 14:05:40.098000,1.10568,1.10566,1570000,1000000
2021-06-25 14:05:40.201000,1.10567,1.10565,2450000,1000000
2021-06-25 14:05:40.353000,1.10567,1.10565,2700000,1000000
2021-06-25 14:05:43.060000,1.10566,1.10563,1000000,1390000
2021-06-25 14:05:43.212000,1.10565,1.10564,1000000,1000000
2021-06-25 14:05:44.484000,1.10567,1.10563,1000000,1000000
2021-06-25 14:05:46.224000,1.10568,1.10566,1000000,1000000
2021-06-25 14:05:46.376000,1.10569,1.10566,2320000,1500000
2021-06-25 14:05:50.789000,1.10568,1.10566,1000000,1000000
2021-06-25 14:05:54.358000,1.10569,1.10568,1000000,1000000
2021-06-25 14:05:55.656000,1.1057,1.10568,1570000,1000000
2021-06-25 14:05:56.775000,1.10569,1.10568,1000000,1000000
2021-06-25 14:05:57.638000,1.1057,1.10565,1000000,2510000
2021-06-25 14:05:59.564000,1.10569,1.10567,1000000,1000000
2021-06-25 14:05:59.817000,1.1057,1.10568,2320000,1000000
2021-06-25 14:06:04.158000,1.10571,1.10568,1120000,3640000
2021-06-25 14:06:04.260000,1.10572,1.1057,1000000,1690000
2021-06-25 14:06:05.771000,1.10568,1.10566,1100000,1810000
2021-06-25 14:06:05.872000,1.10569,1.10567,1100000,1000000
2021-06-25 14:06:13.721000,1.1057,1.10568,1000000,1690000
2021-06-25 14:06:13.822000,1.10571,1.10569,1000000,1000000
2021-06-25 14:06:14.846000,1.10574,1.10572,3200000,1000000
2021-06-25 14:06:14.948000,1.10576,1.10574,1100000,1000000
2021-06-25 14:06:15.049000,1.10577,1.10575,1570000,1000000
2021-06-25 14:06:15.252000,1.10576,1.10575,1000000,1000000
2021-06-25 14:06:16.524000,1.10576,1.10574,1100000,1000000
2021-06-25 14:06:19.320000,1.10575,1.10574,1000000,1000000
2021-06-25 14:06:19.371000,1.10574,1.10571,1100000,1760000
2021-06-25 14:06:19.472000,1.10573,1.10571,1000000,1690000
2021-06-25 14:06:21.545000,1.10574,1.10572,1100000,1000000
2021-06-25 14:06:21.647000,1.10576,1.10574,1570000,1500000
2021-06-25 14:06:22.836000,1.10577,1.10574,1200000,1500000
2021-06-25 14:06:23.071000,1.10577,1.10574,1600000,1500000
2021-06-25 14:06:24.884000,1.10577,1.10574,1200000,1500000
2021-06-25 14:06:25.417000,1.10576,1.10573,1100000,2440000
2021-06-25 14:06:27.076000,1.10574,1.10571,1100000,4760000
2021-06-25 14:06:29.078000,1.10575,1.10572,1570000,1500000
2021-06-25 14:06:29.179000,1.10576,1.10573,1570000,2060000
2021-06-25 14:06:33.647000,1.10576,1.10574,1100000,1500000
2021-06-25 14:06:33.749000,1.10577,1.10575,1000000,1690000
2021-06-25 14:06:33.850000,1.10578,1.10575,1200000,3260000
2021-06-25 14:06:33.952000,1.10578,1.10575,1000000,4210000
2021-06-25 14:06:34.768000,1.10579,1.10577,1120000,1000000
2021-06-25 14:06:35.376000,1.10581,1.10578,1950000,1000000
2021-06-25 14:06:37.693000,1.1058,1.10576,2470000,1970000
2021-06-25 14:06:37.794000,1.10579,1.10575,1000000,1000000
2021-06-25 14:06:38.280000,1.10581,1.10576,1100000,4010000
2021-06-25 14:06:38.330000,1.10581,1.1058,1120000,1250000
2021-06-25 14:06:38.381000,1.10583,1.10581,1000000,1000000
2021-06-25 14:06:38.482000,1.10583,1.10582,1000000,1000000
2021-06-25 14:06:38.824000,1.10584,1.10579,1000000,5590000
2021-06-25 14:06:52.583000,1.10583,1.10582,1000000,1000000
2021-06-25 14:06:52.634000,1.10586,1.10583,1950000,1000000
2021-06-25 14:06:53.069000,1.10585,1.10582,1000000,5740000
2021-06-25 14:06:53.221000,1.10585,1.10582,1100000,3190000
2021-06-25 14:06:54.488000,1.10583,1.10581,1000000,1310000
2021-06-25 14:06:54.589000,1.10583,1.1058,1100000,1870000
2021-06-25 14:07:02.080000,1.10583,1.10581,1000000,2510000
2021-06-25 14:07:03.471000,1.10584,1.10581,1000000,3740000
2021-06-25 14:07:04.624000,1.10586,1.10583,1500000,2140000
2021-06-25 14:07:04.726000,1.10589,1.10586,1570000,2890000
2021-06-25 14:07:04.827000,1.10589,1.10586,1500000,3740000
2021-06-25 14:07:04.979000,1.10589,1.10586,1500000,4010000
2021-06-25 14:07:12.637000,1.10589,1.10587,1500000,1000000
2021-06-25 14:07:12.891000,1.10591,1.10588,2320000,1000000
2021-06-25 14:07:14.227000,1.10593,1.1059,5700000,1310000
2021-06-25 14:07:14.329000,1.10593,1.1059,1970000,1000000
2021-06-25 14:07:14.582000,1.10592,1.10589,1100000,2060000
2021-06-25 14:07:20.338000,1.10594,1.10591,1570000,2060000
2021-06-25 14:07:20.744000,1.10592,1.10589,1000000,5510000
2021-06-25 14:07:21.155000,1.10591,1.10588,1970000,1000000
2021-06-25 14:07:25.255000,1.1059,1.10587,1100000,2060000
2021-06-25 14:07:29.126000,1.10587,1.10584,1570000,3760000
2021-06-25 14:07:29.228000,1.10587,1.10584,1570000,1760000
2021-06-25 14:07:31.630000,1.10587,1.10582,1570000,2810000
2021-06-25 14:07:31.732000,1.10586,1.10584,1100000,1000000
2021-06-25 14:07:33.965000,1.10588,1.10585,1120000,1310000
2021-06-25 14:07:34.067000,1.10589,1.10586,1500000,1000000
2021-06-25 14:07:38.020000,1.1059,1.10587,1570000,1250000
2021-06-25 14:07:38.223000,1.10592,1.10589,1100000,2810000
2021-06-25 14:07:40.358000,1.10594,1.10591,1570000,1870000
2021-06-25 14:07:40.461000,1.10594,1.10592,1000000,1870000
2021-06-25 14:07:40.563000,1.10595,1.10592,1120000,3070000
2021-06-25 14:07:40.766000,1.10596,1.10593,1570000,1000000
2021-06-25 14:07:46.260000,1.106,1.10595,2450000,2190000
2021-06-25 14:07:46.361000,1.10599,1.10596,1100000,2560000
2021-06-25 14:07:46.614000,1.106,1.10597,1000000,2140000
2021-06-25 14:07:46.716000,1.10601,1.10598,1100000,2060000
2021-06-25 14:07:51.480000,1.10602,1.10599,3100000,1000000
2021-06-25 14:07:51.582000,1.10602,1.10599,1950000,1000000
2021-06-25 14:07:51.784000,1.10604,1.10598,2320000,2890000
2021-06-25 14:07:52.457000,1.10604,1.10598,2320000,3700000
2021-06-25 14:07:52.710000,1.10602,1.10599,1100000,1690000
2021-06-25 14:07:54.565000,1.10603,1.106,2320000,1000000
2021-06-25 14:07:56.242000,1.10603,1.106,3850000,1000000
2021-06-25 14:07:57.747000,1.10602,1.10599,1100000,1250000
2021-06-25 14:08:03.474000,1.10603,1.10599,3070000,1390000
2021-06-25 14:08:03.576000,1.10606,1.10603,3150000,1250000
2021-06-25 14:08:03.982000,1.10604,1.10601,1950000,3010000
2021-06-25 14:08:04.084000,1.10604,1.10601,3070000,1250000
2021-06-25 14:08:04.185000,1.10604,1.10601,3970000,1000000
2021-06-25 14:08:06.809000,1.10603,1.106,1120000,1010000
2021-06-25 14:08:06.912000,1.10604,1.10601,1000000,2160000
2021-06-25 14:08:07.014000,1.10605,1.10602,2620000,1100000
2021-06-25 14:08:07.817000,1.10606,1.10603,1000000,2540000
2021-06-25 14:08:07.969000,1.10608,1.10604,4700000,1100000
2021-06-25 14:08:12.911000,1.10608,1.10605,1500000,1100000
2021-06-25 14:08:13.013000,1.1061,1.10608,2320000,1010000
2021-06-25 14:08:13.114000,1.10613,1.1061,1950000,1100000
2021-06-25 14:08:15.131000,1.10614,1.10609,1000000,2600000
2021-06-25 14:08:17.696000,1.10612,1.1061,1000000,1310000
2021-06-25 14:08:19.373000,1.10613,1.1061,1000000,1760000
2021-06-25 14:08:19.625000,1.10615,1.1061,2320000,1000000
2021-06-25 14:08:21.159000,1.10613,1.1061,1120000,1100000
2021-06-25 14:08:23.262000,1.1061,1.10608,1120000,1350000
2021-06-25 14:08:23.313000,1.1061,1.10607,1120000,1570000
2021-06-25 14:08:28.060000,1.10612,1.1061,1000000,1000000
2021-06-25 14:08:28.162000,1.10614,1.10611,4070000,1000000
2021-06-25 14:08:28.668000,1.10614,1.10611,4200000,1000000
2021-06-25 14:08:34.603000,1.10615,1.10614,1000000,1690000
2021-06-25 14:08:34.654000,1.10618,1.10615,1000000,1890000
2021-06-25 14:08:34.755000,1.1062,1.10615,1000000,1200000
2021-06-25 14:08:35.667000,1.10616,1.10613,1950000,2870000
2021-06-25 14:08:35.768000,1.10614,1.10612,1000000,1100000
2021-06-25 14:08:35.869000,1.10614,1.10612,3200000,1000000
2021-06-25 14:08:35.971000,1.10613,1.10611,1000000,1000000
2021-06-25 14:08:36.325000,1.10615,1.1061,2620000,1100000
2021-06-25 14:08:42.196000,1.10613,1.10611,1000000,1000000
2021-06-25 14:08:43.727000,1.10609,1.10608,3750000,1000000
2021-06-25 14:08:43.778000,1.10609,1.10607,1120000,1000000
2021-06-25 14:08:43.880000,1.10608,1.10606,1000000,1000000
2021-06-25 14:08:46.870000,1.10608,1.10604,3100000,1250000
2021-06-25 14:08:48.781000,1.10608,1.10606,2700000,1000000
2021-06-25 14:08:51.792000,1.10608,1.10605,2320000,1000000
2021-06-25 14:08:52.873000,1.10609,1.10607,1000000,1000000
2021-06-25 14:08:52.974000,1.1061,1.10607,1760000,1120000
2021-06-25 14:08:53.126000,1.10608,1.10605,1100000,3310000
2021-06-25 14:08:53.228000,1.10608,1.10605,1100000,1690000
2021-06-25 14:08:53.695000,1.10608,1.10605,2160000,1000000
2021-06-25 14:08:56.162000,1.10608,1.10605,2140000,1000000
2021-06-25 14:08:56.802000,1.10607,1.10604,1000000,1760000
2021-06-25 14:09:00.448000,1.10608,1.10605,1390000,1000000
2021-06-25 14:09:01.351000,1.10608,1.10605,2910000,1000000
2021-06-25 14:09:03.952000,1.10607,1.10604,1100000,2060000
2021-06-25 14:09:11.484000,1.10605,1.10601,2320000,1000000
2021-06-25 14:09:11.535000,1.10603,1.106,1500000,4300000
2021-06-25 14:09:11.687000,1.10603,1.106,1870000,1570000
2021-06-25 14:09:13.396000,1.10601,1.10599,1000000,1100000
2021-06-25 14:09:17.596000,1.10602,1.10599,1950000,2060000
2021-06-25 14:09:17.697000,1.10604,1.10602,1100000,1120000
2021-06-25 14:09:17.802000,1.10605,1.10602,1500000,1200000
2021-06-25 14:09:18.753000,1.10602,1.10601,1000000,1000000
2021-06-25 14:09:18.857000,1.10602,1.10599,1200000,1950000
2021-06-25 14:09:19.010000,1.106,1.10597,1000000,3640000
2021-06-25 14:09:19.861000,1.106,1.10598,1000000,1100000
2021-06-25 14:09:20.064000,1.10601,1.10598,1000000,2140000
2021-06-25 14:09:20.316000,1.10602,1.10599,1000000,1760000
2021-06-25 14:09:20.620000,1.10602,1.10599,1000000,1970000
2021-06-25 14:09:20.721000,1.10606,1.10601,1500000,1570000
2021-06-25 14:09:20.873000,1.10604,1.10601,1000000,2020000
2021-06-25 14:09:21.025000,1.10605,1.10602,1000000,2640000
2021-06-25 14:09:21.177000,1.10606,1.10603,1000000,1790000
2021-06-25 14:09:21.329000,1.10605,1.10602,4950000,2720000
2021-06-25 14:09:21.430000,1.10605,1.10602,2890000,1000000
2021-06-25 14:09:21.531000,1.10603,1.106,1000000,2140000
2021-06-25 14:09:22.188000,1.10605,1.10602,1000000,1390000
2021-06-25 14:09:24.924000,1.10605,1.10603,1000000,1100000
2021-06-25 14:09:25.026000,1.10606,1.10603,1000000,1840000
2021-06-25 14:09:26.376000,1.10605,1.10601,1910000,2450000
2021-06-25 14:09:26.477000,1.10603,1.10601,1000000,1100000
2021-06-25 14:09:26.630000,1.10604,1.10601,1000000,3010000
2021-06-25 14:09:29.963000,1.10603,1.106,1100000,3370000
2021-06-25 14:09:30.081000,1.10602,1.10599,1100000,2250000
2021-06-25 14:09:31.484000,1.10601,1.10598,1100000,2620000
2021-06-25 14:09:31.820000,1.10601,1.10598,2350000,1500000
2021-06-25 14:09:34.853000,1.106,1.10597,1570000,1870000
2021-06-25 14:09:36.406000,1.106,1.10597,1970000,1870000
2021-06-25 14:09:36.507000,1.10598,1.10596,1000000,2250000
2021-06-25 14:09:36.609000,1.10596,1.10593,1100000,3370000
2021-06-25 14:09:36.881000,1.10596,1.10592,1000000,1000000
2021-06-25 14:09:36.982000,1.10594,1.10591,1000000,3260000
2021-06-25 14:09:37.336000,1.10594,1.10591,1000000,3790000
2021-06-25 14:09:38.052000,1.10595,1.10592,1000000,3390000
2021-06-25 14:09:39.307000,1.10595,1.10592,1570000,2810000
2021-06-25 14:09:40.571000,1.10595,1.10593,1000000,1370000
2021-06-25 14:09:40.673000,1.10596,1.10593,1000000,3040000
2021-06-25 14:09:41.146000,1.10597,1.10592,1000000,6640000
2021-06-25 14:09:41.248000,1.10596,1.10593,1000000,7790000
2021-06-25 14:09:41.903000,1.10596,1.10593,1100000,1310000
2021-06-25 14:09:43.482000,1.10595,1.10592,1000000,1760000
2021-06-25 14:09:45.451000,1.10594,1.10591,1000000,2890000
2021-06-25 14:09:47.204000,1.10592,1.1059,1000000,1750000
2021-06-25 14:09:47.330000,1.10592,1.1059,1000000,1250000
2021-06-25 14:09:47.755000,1.10592,1.1059,1000000,1820000
2021-06-25 14:09:49.253000,1.10593,1.1059,1000000,2950000
2021-06-25 14:09:49.457000,1.10593,1.10591,1000000,2700000
2021-06-25 14:09:49.507000,1.10595,1.10591,1500000,2720000
2021-06-25 14:09:50.174000,1.10598,1.10595,2620000,2020000
2021-06-25 14:09:50.275000,1.10598,1.10596,1000000,1100000
2021-06-25 14:09:50.427000,1.106,1.10597,1100000,1120000
2021-06-25 14:09:51.202000,1.106,1.10597,1000000,3550000
2021-06-25 14:09:51.303000,1.10601,1.10598,1500000,1760000
2021-06-25 14:09:53.112000,1.10601,1.10599,1000000,2840000
2021-06-25 14:09:53.163000,1.10604,1.10601,1120000,4040000
2021-06-25 14:09:53.214000,1.10606,1.10603,2320000,1760000
2021-06-25 14:09:53.315000,1.10606,1.10603,1500000,2260000
2021-06-25 14:09:54.227000,1.10606,1.10603,1500000,1760000
2021-06-25 14:09:56.240000,1.10606,1.10603,1000000,2640000
2021-06-25 14:10:00.852000,1.10605,1.10602,1570000,2720000
2021-06-25 14:10:00.953000,1.10604,1.10602,1000000,1010000
2021-06-25 14:10:01.004000,1.10603,1.106,1000000,5220000
2021-06-25 14:10:02.057000,1.10604,1.10601,1000000,2320000
2021-06-25 14:10:02.209000,1.10602,1.106,1000000,1870000
2021-06-25 14:10:03.228000,1.10602,1.10599,1000000,2140000
2021-06-25 14:10:03.330000,1.10602,1.10599,1000000,2160000
2021-06-25 14:10:06.327000,1.10602,1.10598,1000000,5640000
2021-06-25 14:10:07.302000,1.10602,1.10599,1000000,1220000
2021-06-25 14:10:10.441000,1.10605,1.106,1120000,3100000
2021-06-25 14:10:11.367000,1.10605,1.10602,1000000,3950000
2021-06-25 14:10:12.254000,1.10607,1.10602,4390000,2550000
2021-06-25 14:10:13.692000,1.10605,1.10602,1000000,4020000
2021-06-25 14:10:14.335000,1.10605,1.10602,1000000,3820000
2021-06-25 14:10:14.436000,1.10607,1.10602,4010000,5470000
2021-06-25 14:10:14.638000,1.10606,1.10602,1000000,6970000
2021-06-25 14:10:15.422000,1.10607,1.10602,1000000,1100000
2021-06-25 14:10:17.655000,1.10607,1.10603,1000000,5990000
2021-06-25 14:10:19.434000,1.10607,1.10603,1000000,6410000
2021-06-25 14:10:19.636000,1.10607,1.10603,1000000,6490000
2021-06-25 14:10:22.492000,1.10606,1.10604,1000000,1100000
2021-06-25 14:10:23.395000,1.10606,1.10603,1000000,5960000
2021-06-25 14:10:23.634000,1.10605,1.10603,1000000,5960000
2021-06-25 14:10:24.414000,1.10605,1.10603,1000000,6390000
2021-06-25 14:10:25.600000,1.10607,1.10603,1570000,3760000
2021-06-25 14:10:28.560000,1.10607,1.10602,1000000,2900000
2021-06-25 14:10:28.661000,1.10606,1.10603,1000000,1650000
2021-06-25 14:10:28.763000,1.10605,1.10603,1000000,1570000
2021-06-25 14:10:31.541000,1.10605,1.10603,1000000,6570000
2021-06-25 14:10:33.300000,1.10607,1.10603,1950000,3840000
2021-06-25 14:10:36.124000,1.1061,1.10604,1950000,4760000
2021-06-25 14:10:36.226000,1.10608,1.10605,1000000,6670000
2021-06-25 14:10:41.080000,1.10608,1.10605,1000000,5770000
2021-06-25 14:10:41.536000,1.10608,1.10605,1000000,6170000
2021-06-25 14:10:41.669000,1.10608,1.10605,1000000,5770000
2021-06-25 14:10:42.096000,1.10607,1.10605,1000000,4320000
2021-06-25 14:10:42.198000,1.10607,1.10605,1000000,3820000
2021-06-25 14:10:42.299000,1.10607,1.10605,1000000,4320000
2021-06-25 14:10:42.517000,1.10612,1.10606,6020000,2320000
2021-06-25 14:10:42.619000,1.10611,1.10607,1840000,3070000
2021-06-25 14:10:43.519000,1.10611,1.10607,1760000,3270000
2021-06-25 14:10:46.010000,1.10608,1.10606,1000000,6580000
2021-06-25 14:10:46.112000,1.10608,1.10605,1200000,3000000
2021-06-25 14:10:46.213000,1.10607,1.10604,1000000,2820000
2021-06-25 14:10:46.403000,1.10607,1.10604,1000000,2700000
2021-06-25 14:10:47.360000,1.10607,1.10604,1100000,2370000
2021-06-25 14:10:50.986000,1.10607,1.10605,1000000,2820000
2021-06-25 14:10:51.354000,1.10608,1.10605,1000000,7210000
2021-06-25 14:10:51.456000,1.10609,1.10607,1000000,1950000
2021-06-25 14:10:51.557000,1.10611,1.10608,1000000,4020000
2021-06-25 14:10:53.581000,1.1061,1.10607,1000000,6710000
2021-06-25 14:10:53.884000,1.1061,1.10606,1000000,1000000
2021-06-25 14:10:53.986000,1.10609,1.10606,1000000,4540000
2021-06-25 14:10:54.463000,1.10609,1.10606,1000000,4390000
2021-06-25 14:10:54.919000,1.10609,1.10606,1000000,4890000
2021-06-25 14:10:55.990000,1.10609,1.10606,2140000,1120000
2021-06-25 14:10:57.426000,1.10608,1.10605,1000000,1950000
2021-06-25 14:10:58.529000,1.10608,1.10605,1000000,6390000
2021-06-25 14:10:58.788000,1.10611,1.10609,3000000,1000000
2021-06-25 14:10:58.897000,1.10612,1.10609,1570000,1000000
2021-06-25 14:10:58.999000,1.10613,1.1061,2510000,1000000
2021-06-25 14:10:59.252000,1.10613,1.1061,1500000,3200000
2021-06-25 14:11:00.239000,1.10613,1.1061,1500000,3640000
2021-06-25 14:11:00.624000,1.10613,1.10611,1000000,1000000
2021-06-25 14:11:01.741000,1.10613,1.1061,1760000,1870000
2021-06-25 14:11:03.874000,1.10614,1.1061,1570000,1000000
2021-06-25 14:11:06.501000,1.10614,1.10611,2700000,1000000
2021-06-25 14:11:06.602000,1.10617,1.10614,1300000,1250000
2021-06-25 14:11:06.703000,1.10617,1.10614,1500000,2260000
2021-06-25 14:11:06.956000,1.10617,1.10613,1000000,1000000
2021-06-25 14:11:07.531000,1.10616,1.10613,1000000,4140000
2021-06-25 14:11:08.240000,1.10617,1.10614,1570000,1120000
2021-06-25 14:11:08.846000,1.10618,1.10615,2350000,1000000
2021-06-25 14:11:08.999000,1.10617,1.10614,1100000,1870000
2021-06-25 14:11:11.194000,1.10618,1.10615,1100000,1870000
2021-06-25 14:11:12.325000,1.10618,1.10616,1000000,1000000
2021-06-25 14:11:19.619000,1.1062,1.10617,1100000,2060000
2021-06-25 14:11:19.671000,1.10622,1.10621,1000000,1000000
2021-06-25 14:11:19.721000,1.10623,1.10621,1000000,1000000
2021-06-25 14:11:19.875000,1.10624,1.10621,1100000,2250000
2021-06-25 14:11:19.925000,1.10626,1.10622,1870000,1120000
2021-06-25 14:11:23.453000,1.10628,1.10623,1100000,2620000
2021-06-25 14:11:23.504000,1.10629,1.10626,1650000,1000000
2021-06-25 14:11:23.606000,1.10629,1.10627,1000000,2510000
2021-06-25 14:11:23.708000,1.1063,1.10628,1000000,1870000
2021-06-25 14:11:23.861000,1.10631,1.10628,1000000,4760000
2021-06-25 14:11:24.838000,1.1063,1.10627,1760000,2620000
2021-06-25 14:11:24.939000,1.1063,1.10627,2160000,1000000
2021-06-25 14:11:25.041000,1.1063,1.10627,1000000,1570000
2021-06-25 14:11:26.316000,1.10633,1.10631,1100000,1200000
2021-06-25 14:11:26.367000,1.10637,1.10634,1650000,1000000
2021-06-25 14:11:26.468000,1.10639,1.10636,1200000,1000000
2021-06-25 14:11:26.570000,1.1064,1.10637,1000000,3070000
2021-06-25 14:11:26.671000,1.10642,1.1064,1000000,1000000
2021-06-25 14:11:26.772000,1.10642,1.1064,1000000,1120000
2021-06-25 14:11:27.091000,1.10644,1.10639,1200000,1500000
2021-06-25 14:11:28.213000,1.10646,1.10643,2370000,1950000
2021-06-25 14:11:28.265000,1.10647,1.10644,1500000,1200000
2021-06-25 14:11:29.032000,1.10646,1.10643,1000000,2890000
2021-06-25 14:11:29.903000,1.10645,1.10643,1000000,1000000
2021-06-25 14:11:31.203000,1.10645,1.10642,1000000,2890000
2021-06-25 14:11:32.717000,1.10644,1.10642,1000000,1950000
2021-06-25 14:11:32.869000,1.10644,1.10641,1000000,2320000
2021-06-25 14:11:36.180000,1.10643,1.10641,1250000,1950000
2021-06-25 14:11:36.281000,1.10637,1.10634,1000000,5550000
2021-06-25 14:11:36.383000,1.10637,1.10634,1000000,1100000
2021-06-25 14:11:37.898000,1.10636,1.10633,1000000,2320000
2021-06-25 14:11:39.039000,1.10636,1.10632,1000000,3260000
2021-06-25 14:11:41.458000,1.10637,1.10631,1000000,3840000
2021-06-25 14:11:43.173000,1.10634,1.10632,1000000,2900000
2021-06-25 14:11:43.274000,1.10634,1.10631,1000000,3690000
2021-06-25 14:11:43.375000,1.10634,1.10631,1000000,3000000
2021-06-25 14:11:43.996000,1.10635,1.10633,1500000,1200000
2021-06-25 14:11:44.107000,1.10636,1.10634,1000000,1120000
2021-06-25 14:11:44.210000,1.1064,1.10636,3070000,2140000
2021-06-25 14:11:44.513000,1.10642,1.10638,1600000,1000000
2021-06-25 14:11:44.626000,1.10641,1.10639,1000000,1000000
2021-06-25 14:11:44.728000,1.10641,1.10637,3260000,3150000
2021-06-25 14:11:44.780000,1.10638,1.10636,1000000,2510000
2021-06-25 14:11:44.882000,1.10637,1.10635,1000000,1200000
2021-06-25 14:11:47.298000,1.10637,1.10634,1000000,3340000
2021-06-25 14:11:48.180000,1.10638,1.10635,2510000,1000000
2021-06-25 14:11:48.282000,1.10636,1.10632,1950000,1000000
2021-06-25 14:11:48.384000,1.10635,1.10632,1950000,1570000
2021-06-25 14:11:49.634000,1.10634,1.10631,1390000,1500000
2021-06-25 14:11:50.139000,1.10632,1.10629,1000000,2700000
2021-06-25 14:11:51.348000,1.10632,1.1063,1000000,1000000
2021-06-25 14:11:51.491000,1.10633,1.1063,2140000,1500000
2021-06-25 14:11:53.145000,1.10633,1.10631,1120000,1000000
2021-06-25 14:11:53.256000,1.10633,1.1063,1120000,3260000
2021-06-25 14:11:53.357000,1.10635,1.10632,1200000,1500000
2021-06-25 14:11:54.703000,1.10634,1.10632,1000000,1950000
2021-06-25 14:11:56.290000,1.10634,1.10631,1310000,1500000
2021-06-25 14:11:57.257000,1.10634,1.10631,2750000,1000000
2021-06-25 14:11:57.462000,1.10635,1.10632,2320000,1000000
2021-06-25 14:12:05.418000,1.10634,1.10631,1000000,2700000
2021-06-25 14:12:05.892000,1.10634,1.10631,1770000,1000000
2021-06-25 14:12:06.331000,1.10634,1.10631,1100000,1000000
2021-06-25 14:12:06.634000,1.10634,1.10631,1700000,1000000
2021-06-25 14:12:06.736000,1.10633,1.1063,1120000,2700000
2021-06-25 14:12:08.438000,1.10633,1.10631,1000000,1390000
2021-06-25 14:12:08.540000,1.10635,1.10632,1000000,2320000
2021-06-25 14:12:08.843000,1.10634,1.10631,1000000,1950000
2021-06-25 14:12:08.995000,1.10634,1.10632,1000000,1000000
2021-06-25 14:12:09.097000,1.10635,1.10633,1000000,1000000
2021-06-25 14:12:09.299000,1.10636,1.10633,1500000,1500000
2021-06-25 14:12:09.400000,1.10636,1.10634,1500000,1000000
2021-06-25 14:12:10.063000,1.10636,1.10633,1000000,1500000
2021-06-25 14:12:10.164000,1.10637,1.10635,1100000,1000000
2021-06-25 14:12:10.266000,1.10638,1.10636,1120000,1000000
2021-06-25 14:12:10.468000,1.10637,1.10635,1000000,1000000
2021-06-25 14:12:10.620000,1.10637,1.10635,1000000,1000000
2021-06-25 14:12:10.959000,1.10635,1.10633,1120000,1000000
2021-06-25 14:12:11.568000,1.10635,1.10632,2000000,1500000
2021-06-25 14:12:11.669000,1.10634,1.10631,1000000,1000000
2021-06-25 14:12:11.771000,1.10635,1.10634,1100000,1000000
2021-06-25 14:12:11.821000,1.10638,1.10634,1570000,1000000
2021-06-25 14:12:12.074000,1.10637,1.10636,1000000,1000000
2021-06-25 14:12:13.023000,1.10639,1.10635,1120000,1000000
2021-06-25 14:12:13.125000,1.10637,1.10634,2070000,1500000
2021-06-25 14:12:13.278000,1.10635,1.10632,1120000,1950000
2021-06-25 14:12:14.569000,1.10634,1.10631,2250000,1500000
2021-06-25 14:12:14.671000,1.10634,1.10632,1870000,1000000
2021-06-25 14:12:14.823000,1.10633,1.1063,3450000,1570000
2021-06-25 14:12:15.810000,1.10633,1.1063,3950000,1500000
2021-06-25 14:12:25.258000,1.10632,1.10629,2640000,1500000
2021-06-25 14:12:26.592000,1.10632,1.10629,3140000,1500000
2021-06-25 14:12:27.622000,1.10631,1.10628,1890000,1000000
2021-06-25 14:12:27.774000,1.10631,1.10628,3890000,1000000
2021-06-25 14:12:27.876000,1.10631,1.10628,2640000,1000000
2021-06-25 14:12:30.597000,1.10631,1.10629,1120000,1000000
2021-06-25 14:12:32.883000,1.10632,1.10629,1120000,1760000
2021-06-25 14:12:32.934000,1.10634,1.10633,1000000,3450000
2021-06-25 14:12:32.985000,1.10637,1.10635,3000000,1000000
2021-06-25 14:12:33.086000,1.1064,1.10638,1500000,1500000
2021-06-25 14:12:33.238000,1.1064,1.10637,1000000,2320000
2021-06-25 14:12:33.842000,1.1064,1.10638,1000000,1000000
2021-06-25 14:12:35.091000,1.10641,1.10636,2390000,1500000
2021-06-25 14:12:35.192000,1.10639,1.10636,1510000,1570000
2021-06-25 14:12:36.919000,1.10639,1.10636,2010000,1000000
2021-06-25 14:12:40.005000,1.10639,1.10636,1950000,1000000
2021-06-25 14:12:40.107000,1.10642,1.10639,1500000,1570000
2021-06-25 14:12:40.209000,1.10643,1.10641,1000000,1000000
2021-06-25 14:12:40.310000,1.10644,1.10642,1000000,1000000
2021-06-25 14:12:43.745000,1.10645,1.10642,2060000,1000000
2021-06-25 14:12:45.191000,1.10644,1.10641,2320000,1000000
2021-06-25 14:12:45.748000,1.10644,1.10641,3470000,1000000
2021-06-25 14:12:48.354000,1.10644,1.10641,2320000,1000000
2021-06-25 14:12:49.184000,1.10645,1.1064,3850000,1000000
2021-06-25 14:12:51.051000,1.10644,1.10641,1970000,1000000
2021-06-25 14:12:51.153000,1.10644,1.10642,1570000,1000000
2021-06-25 14:12:52.381000,1.10644,1.10641,2290000,1000000
2021-06-25 14:12:52.483000,1.10642,1.1064,1570000,1000000
2021-06-25 14:12:52.637000,1.10642,1.10639,3100000,1000000
2021-06-25 14:12:52.739000,1.10642,1.10639,3100000,1500000
2021-06-25 14:12:53.422000,1.10642,1.1064,1950000,1000000
2021-06-25 14:12:55.352000,1.10643,1.10638,4410000,1000000
2021-06-25 14:12:55.403000,1.10641,1.10636,1200000,2250000
2021-06-25 14:12:55.913000,1.1064,1.10637,2470000,2250000
2021-06-25 14:12:56.065000,1.10639,1.10637,1700000,1000000
2021-06-25 14:12:56.167000,1.10638,1.10636,1570000,1500000
2021-06-25 14:13:00.973000,1.10639,1.10636,1500000,1200000
2021-06-25 14:13:01.125000,1.10639,1.10637,1000000,1000000
2021-06-25 14:13:03.311000,1.10642,1.1064,4720000,1000000
2021-06-25 14:13:03.413000,1.10643,1.10642,1000000,1000000
2021-06-25 14:13:03.515000,1.10644,1.10642,1000000,1000000
2021-06-25 14:13:05.583000,1.10643,1.10641,1570000,1000000
2021-06-25 14:13:05.684000,1.10642,1.10639,2820000,1000000
2021-06-25 14:13:05.836000,1.10642,1.10639,2320000,1000000
2021-06-25 14:13:05.938000,1.10643,1.10638,2820000,1000000
2021-06-25 14:13:06.626000,1.10642,1.10639,2320000,1000000
2021-06-25 14:13:07.598000,1.10643,1.10638,3570000,1000000
2021-06-25 14:13:07.700000,1.10642,1.10639,3070000,1000000
2021-06-25 14:13:09.435000,1.10638,1.10636,1500000,1390000
2021-06-25 14:13:10.094000,1.10638,1.10635,2250000,1100000
2021-06-25 14:13:10.195000,1.10637,1.10635,1000000,1100000
2021-06-25 14:13:11.159000,1.10638,1.10635,2250000,1100000
2021-06-25 14:13:12.130000,1.10638,1.10634,1000000,1100000
2021-06-25 14:13:12.232000,1.10638,1.10635,1870000,1410000
2021-06-25 14:13:13.226000,1.10638,1.10635,1500000,1100000
2021-06-25 14:13:17.057000,1.10637,1.10635,1120000,1100000
2021-06-25 14:13:17.158000,1.10638,1.10633,1870000,1100000
2021-06-25 14:13:17.259000,1.10635,1.10632,1500000,3710000
2021-06-25 14:13:17.361000,1.10634,1.10632,1000000,1100000
2021-06-25 14:13:17.462000,1.10633,1.10631,1000000,2510000
2021-06-25 14:13:19.925000,1.10634,1.10632,1000000,1760000
2021-06-25 14:13:21.289000,1.10634,1.1063,1500000,1120000
2021-06-25 14:13:21.997000,1.10632,1.10629,1000000,3190000
2021-06-25 14:13:22.250000,1.10631,1.10629,1500000,1120000
2021-06-25 14:13:22.301000,1.10629,1.10627,1500000,2160000
2021-06-25 14:13:22.352000,1.10628,1.10626,1000000,1000000
2021-06-25 14:13:22.454000,1.10628,1.10625,1870000,2440000
2021-06-25 14:13:24.236000,1.10627,1.10624,2250000,2140000
2021-06-25 14:13:24.288000,1.10625,1.10623,1000000,1310000
2021-06-25 14:13:26.970000,1.10626,1.10623,1500000,2060000
2021-06-25 14:13:28.284000,1.10628,1.10625,5370000,2060000
2021-06-25 14:13:28.385000,1.10628,1.10625,1000000,2810000
2021-06-25 14:13:28.486000,1.10629,1.10627,1000000,1000000
2021-06-25 14:13:29.298000,1.1063,1.10627,1500000,1870000
2021-06-25 14:13:30.773000,1.10629,1.10626,1000000,3560000
2021-06-25 14:13:34.064000,1.10627,1.10624,1000000,1000000
2021-06-25 14:13:34.115000,1.10626,1.10623,1500000,3260000
2021-06-25 14:13:35.796000,1.10624,1.10622,1000000,1000000
2021-06-25 14:13:38.271000,1.10621,1.10619,1000000,3500000
2021-06-25 14:13:38.322000,1.10621,1.10617,1000000,1120000
2021-06-25 14:13:38.423000,1.1062,1.10617,1500000,1500000
2021-06-25 14:13:40.999000,1.10618,1.10617,1000000,1000000
2021-06-25 14:13:42.887000,1.10618,1.10615,1100000,1000000
2021-06-25 14:13:44.512000,1.10614,1.10612,1000000,1200000
2021-06-25 14:13:44.613000,1.10614,1.10611,1500000,3470000
2021-06-25 14:13:44.664000,1.10616,1.10613,4570000,1120000
2021-06-25 14:13:45.019000,1.10617,1.10614,2320000,1120000
2021-06-25 14:13:45.172000,1.10618,1.10615,2250000,1120000
2021-06-25 14:13:46.033000,1.10618,1.10616,1500000,1000000
2021-06-25 14:13:48.831000,1.10619,1.10616,1570000,1000000
2021-06-25 14:13:49.056000,1.10618,1.10616,1000000,1000000
2021-06-25 14:13:50.535000,1.10618,1.10615,1570000,1500000
2021-06-25 14:13:51.063000,1.10618,1.10616,1000000,1000000
2021-06-25 14:13:51.164000,1.10619,1.10616,1500000,1000000
2021-06-25 14:13:51.770000,1.10618,1.10615,1500000,2250000
2021-06-25 14:13:51.871000,1.10617,1.10615,1000000,1870000
2021-06-25 14:13:52.539000,1.10617,1.10613,1570000,1000000
2021-06-25 14:13:52.640000,1.10616,1.10613,1570000,1870000
2021-06-25 14:13:55.005000,1.10615,1.10613,1000000,1500000
2021-06-25 14:13:56.915000,1.10615,1.10612,1500000,1950000
2021-06-25 14:13:57.362000,1.10615,1.10612,1500000,2100000
2021-06-25 14:13:57.570000,1.10617,1.10612,5250000,2100000
2021-06-25 14:13:57.672000,1.10616,1.10614,1000000,2100000
2021-06-25 14:13:57.871000,1.10616,1.10614,1000000,1950000
2021-06-25 14:13:59.810000,1.10618,1.10613,1500000,1970000
2021-06-25 14:14:00.114000,1.10618,1.10613,1000000,2700000
2021-06-25 14:14:00.216000,1.10618,1.10615,2250000,1200000
2021-06-25 14:14:00.368000,1.10618,1.10615,1500000,2350000
2021-06-25 14:14:03.408000,1.10618,1.10615,1500000,2320000
2021-06-25 14:14:05.879000,1.10617,1.10614,1000000,2700000
2021-06-25 14:14:06.435000,1.10617,1.10612,1000000,4350000
2021-06-25 14:14:07.729000,1.10614,1.10612,2440000,1000000
2021-06-25 14:14:07.780000,1.10614,1.10611,1500000,1100000
2021-06-25 14:14:07.883000,1.10613,1.1061,1500000,1650000
2021-06-25 14:14:08.592000,1.10612,1.1061,3750000,1500000
2021-06-25 14:14:10.104000,1.10613,1.1061,2890000,1500000
2021-06-25 14:14:10.372000,1.10611,1.10608,1910000,1620000
2021-06-25 14:14:10.423000,1.1061,1.10606,2890000,2250000
2021-06-25 14:14:10.524000,1.10608,1.10606,1100000,1000000
2021-06-25 14:14:10.676000,1.10608,1.10605,1200000,1500000
2021-06-25 14:14:10.727000,1.10606,1.10603,1500000,4950000
2021-06-25 14:14:10.828000,1.10605,1.10603,1000000,1000000
2021-06-25 14:14:11.132000,1.10605,1.10602,1000000,3820000
2021-06-25 14:14:11.234000,1.10606,1.10603,1500000,1570000
2021-06-25 14:14:12.788000,1.10606,1.10604,1000000,2320000
2021-06-25 14:14:12.839000,1.10608,1.10605,1100000,1120000
2021-06-25 14:14:13.158000,1.1061,1.10607,2250000,1200000
2021-06-25 14:14:15.153000,1.1061,1.10608,1000000,1000000
2021-06-25 14:14:15.254000,1.10611,1.10609,1000000,1120000
2021-06-25 14:14:15.500000,1.10613,1.10608,2890000,1000000
2021-06-25 14:14:16.004000,1.10613,1.1061,1000000,2270000
2021-06-25 14:14:16.055000,1.10615,1.10613,1500000,4390000
2021-06-25 14:14:16.106000,1.10618,1.10613,1000000,2340000
2021-06-25 14:14:17.489000,1.10619,1.10616,1500000,1410000
2021-06-25 14:14:19.101000,1.10621,1.10619,1000000,2060000
2021-06-25 14:14:19.153000,1.10625,1.10622,4670000,1000000
2021-06-25 14:14:19.254000,1.10625,1.10622,1000000,2350000
2021-06-25 14:14:19.773000,1.10626,1.10623,1500000,1570000
2021-06-25 14:14:20.282000,1.10624,1.10621,1000000,1570000
2021-06-25 14:14:20.485000,1.10624,1.10621,4300000,1000000
2021-06-25 14:14:20.716000,1.10625,1.1062,2700000,1570000
2021-06-25 14:14:21.284000,1.10625,1.10621,1000000,4200000
2021-06-25 14:14:22.438000,1.10626,1.10621,1500000,1100000
2021-06-25 14:14:22.845000,1.10624,1.10621,1000000,1000000
2021-06-25 14:14:22.896000,1.1062,1.10619,1000000,1650000
2021-06-25 14:14:22.997000,1.1062,1.10617,1500000,2700000
2021-06-25 14:14:23.493000,1.10621,1.10618,1500000,1000000
2021-06-25 14:14:25.220000,1.1062,1.10617,1000000,2320000
2021-06-25 14:14:25.574000,1.10621,1.10618,1500000,2320000
2021-06-25 14:14:25.676000,1.10621,1.10619,1500000,1200000
2021-06-25 14:14:27.909000,1.10621,1.10618,1500000,2700000
2021-06-25 14:14:29.802000,1.10621,1.10619,1000000,1000000
2021-06-25 14:14:30.031000,1.10622,1.10617,1500000,1200000
2021-06-25 14:14:30.903000,1.10619,1.10617,1000000,2320000
2021-06-25 14:14:35.878000,1.1062,1.10618,1500000,1000000
2021-06-25 14:14:37.182000,1.10621,1.10616,1500000,2890000
2021-06-25 14:14:37.486000,1.1062,1.10618,1000000,1200000
2021-06-25 14:14:37.587000,1.10621,1.10618,1500000,1950000
2021-06-25 14:14:45.167000,1.10621,1.10619,1000000,1570000
2021-06-25 14:14:45.370000,1.10621,1.10619,1000000,1220000
2021-06-25 14:14:46.479000,1.10621,1.10619,1000000,4950000
2021-06-25 14:14:46.581000,1.10623,1.10621,1000000,3040000
2021-06-25 14:14:47.033000,1.10623,1.10621,1000000,7460000
2021-06-25 14:14:48.029000,1.10623,1.10621,1000000,8400000
2021-06-25 14:14:48.627000,1.10625,1.10622,1500000,4840000
2021-06-25 14:14:48.729000,1.10625,1.10623,1000000,1100000
2021-06-25 14:14:48.983000,1.10625,1.10622,1500000,3390000
2021-06-25 14:14:49.702000,1.10625,1.10622,1500000,2320000
2021-06-25 14:14:51.192000,1.10623,1.10621,1000000,1870000
2021-06-25 14:14:51.294000,1.10622,1.1062,1000000,1000000
2021-06-25 14:14:51.650000,1.10621,1.10618,1500000,3040000
2021-06-25 14:14:53.912000,1.10621,1.10619,1000000,1600000
2021-06-25 14:14:54.224000,1.10623,1.1062,1120000,2540000
2021-06-25 14:14:54.751000,1.10624,1.10621,1500000,2910000
2021-06-25 14:14:54.852000,1.10624,1.10621,1500000,4390000
2021-06-25 14:14:54.954000,1.10624,1.10621,1500000,2990000
2021-06-25 14:14:56.984000,1.10623,1.1062,1000000,2660000
2021-06-25 14:14:57.288000,1.10623,1.10619,1000000,1910000
2021-06-25 14:14:58.017000,1.10622,1.1062,1000000,1100000
2021-06-25 14:14:58.118000,1.10622,1.10618,6000000,4110000
2021-06-25 14:14:58.220000,1.1062,1.10618,1000000,1350000
2021-06-25 14:14:58.490000,1.10621,1.10619,1500000,1310000
2021-06-25 14:14:58.592000,1.10623,1.1062,1500000,1310000
2021-06-25 14:14:58.643000,1.10623,1.1062,1000000,6410000
2021-06-25 14:15:00.756000,1.10622,1.1062,1000000,1100000
