time,ask,bid,ask_volume,bid_volume
2021-03-11 14:55:03.408000,1.08654,1.08653,1000000,1000000
2021-03-11 14:55:06.134000,1.08654,1.08652,1390000,1120000
2021-03-11 14:55:06.185000,1.08652,1.08651,3750000,1000000
2021-03-11 14:55:06.236000,1.08651,1.08649,1690000,1870000
2021-03-11 14:55:06.388000,1.08652,1.08649,1690000,2510000
2021-03-11 14:55:06.440000,1.08652,1.08651,1690000,1000000
2021-03-11 14:55:07.411000,1.08652,1.0865,1250000,1000000
2021-03-11 14:55:07.669000,1.08652,1.0865,2950000,1000000
2021-03-11 14:55:10.530000,1.08649,1.08647,1120000,1250000
2021-03-11 14:55:13.722000,1.0865,1.08647,2510000,2440000
2021-03-11 14:55:19.026000,1.08649,1.08647,1390000,1120000
2021-03-11 14:55:19.128000,1.08648,1.08645,2950000,1530000
2021-03-11 14:55:19.231000,1.08648,1.08644,2120000,1000000
2021-03-11 14:55:19.282000,1.08645,1.08642,5200000,1570000
2021-03-11 14:55:20.578000,1.08644,1.08642,3320000,1000000
2021-03-11 14:55:20.732000,1.08643,1.08641,1010000,1000000
2021-03-11 14:55:23.509000,1.08644,1.08642,2140000,1000000
2021-03-11 14:55:23.560000,1.08646,1.08645,2620000,1250000
2021-03-11 14:55:23.611000,1.08648,1.08647,1690000,1000000
2021-03-11 14:55:23.763000,1.0865,1.08647,3660000,1000000
2021-03-11 14:55:23.915000,1.0865,1.08646,6290000,2090000
2021-03-11 14:55:24.575000,1.08648,1.08645,4540000,1000000
2021-03-11 14:55:24.778000,1.08648,1.08645,2060000,1570000
2021-03-11 14:55:29.501000,1.08649,1.08646,6140000,1000000
2021-03-11 14:55:29.804000,1.0865,1.08645,2890000,1500000
2021-03-11 14:55:30.006000,1.08649,1.08647,2060000,1000000
2021-03-11 14:55:31.239000,1.08651,1.08646,4310000,1570000
2021-03-11 14:55:33.010000,1.0865,1.08648,3560000,1000000
2021-03-11 14:55:33.313000,1.0865,1.08647,3560000,1570000
2021-03-11 14:55:33.717000,1.08651,1.08646,5510000,1000000
2021-03-11 14:55:38.056000,1.08648,1.08645,4390000,1000000
2021-03-11 14:55:38.107000,1.08646,1.08644,1250000,1340000
2021-03-11 14:55:39.785000,1.08644,1.08642,1000000,1500000
2021-03-11 14:55:39.887000,1.08643,1.08641,2100000,1000000
2021-03-11 14:55:40.389000,1.08643,1.0864,2470000,2440000
2021-03-11 14:55:41.279000,1.08642,1.08639,1000000,6480000
2021-03-11 14:55:41.380000,1.08641,1.08638,2060000,2250000
2021-03-11 14:55:45.186000,1.08643,1.08638,7010000,1000000
2021-03-11 14:55:45.288000,1.08642,1.0864,1870000,1000000
2021-03-11 14:55:45.444000,1.08643,1.08641,1870000,1000000
2021-03-11 14:55:45.646000,1.08643,1.0864,1690000,3070000
2021-03-11 14:55:52.529000,1.08643,1.08641,2060000,1000000
2021-03-11 14:55:52.781000,1.08644,1.08642,3690000,1500000
2021-03-11 14:55:52.883000,1.08644,1.08642,2810000,1500000
2021-03-11 14:55:56.137000,1.08643,1.08641,1760000,1500000
2021-03-11 14:55:56.239000,1.08641,1.08639,1000000,3590000
2021-03-11 14:55:57.357000,1.0864,1.08638,1760000,1000000
2021-03-11 14:55:57.560000,1.08639,1.08637,1690000,1000000
2021-03-11 14:55:57.662000,1.08639,1.08637,2560000,1000000
2021-03-11 14:55:58.515000,1.08639,1.08637,2250000,1000000
2021-03-11 14:56:00.347000,1.08639,1.08636,2060000,1950000
2021-03-11 14:56:00.714000,1.08639,1.08637,2250000,1000000
2021-03-11 14:56:03.285000,1.08639,1.08636,2810000,1500000
2021-03-11 14:56:03.386000,1.08638,1.08635,1760000,1710000
2021-03-11 14:56:03.521000,1.08637,1.08635,1000000,1280000
2021-03-11 14:56:03.723000,1.08633,1.08632,1000000,1120000
2021-03-11 14:56:03.825000,1.08632,1.0863,2120000,3370000
2021-03-11 14:56:04.344000,1.08632,1.0863,1250000,1500000
2021-03-11 14:56:08.892000,1.0863,1.08629,1000000,1000000
2021-03-11 14:56:08.994000,1.08631,1.08627,1000000,1950000
2021-03-11 14:56:13.125000,1.08629,1.08627,1000000,3640000
2021-03-11 14:56:13.665000,1.0863,1.08629,1000000,1000000
2021-03-11 14:56:14.326000,1.0863,1.08628,1000000,3480000
2021-03-11 14:56:15.092000,1.0863,1.08627,1000000,3700000
2021-03-11 14:56:21.237000,1.08631,1.08628,1550000,3990000
2021-03-11 14:56:21.339000,1.08632,1.08631,1250000,1000000
2021-03-11 14:56:21.440000,1.08632,1.0863,1000000,1310000
2021-03-11 14:56:21.542000,1.08632,1.08631,1000000,1000000
2021-03-11 14:56:21.644000,1.08633,1.08631,1120000,1120000
2021-03-11 14:56:22.592000,1.08633,1.08632,1000000,1000000
2021-03-11 14:56:23.630000,1.08633,1.08631,1250000,1120000
2021-03-11 14:56:24.207000,1.08634,1.08629,1690000,1950000
2021-03-11 14:56:26.166000,1.08634,1.0863,4760000,4390000
2021-03-11 14:56:26.309000,1.08634,1.0863,4690000,4540000
2021-03-11 14:56:30.791000,1.08634,1.08632,3000000,1000000
2021-03-11 14:56:30.892000,1.08638,1.08636,1200000,1200000
2021-03-11 14:56:30.994000,1.08638,1.08636,1000000,4820000
2021-03-11 14:56:31.095000,1.0864,1.08637,2060000,2730000
2021-03-11 14:56:31.247000,1.0864,1.08638,1000000,1000000
2021-03-11 14:56:31.349000,1.08643,1.08638,4510000,1000000
2021-03-11 14:56:32.106000,1.08642,1.08639,3380000,1870000
2021-03-11 14:56:32.528000,1.08642,1.0864,1000000,1000000
2021-03-11 14:56:32.680000,1.08642,1.08639,1500000,4010000
2021-03-11 14:56:34.538000,1.0864,1.08638,1250000,1120000
2021-03-11 14:56:34.639000,1.0864,1.08637,2810000,2140000
2021-03-11 14:56:34.842000,1.08639,1.08637,1250000,1000000
2021-03-11 14:56:34.943000,1.08637,1.08635,1000000,1120000
2021-03-11 14:56:35.045000,1.08637,1.08634,3830000,1500000
2021-03-11 14:56:38.719000,1.08637,1.08635,1000000,1310000
2021-03-11 14:56:38.820000,1.08639,1.08636,3260000,1870000
2021-03-11 14:56:39.175000,1.0864,1.08637,4760000,1000000
2021-03-11 14:56:39.276000,1.08641,1.08638,2320000,2810000
2021-03-11 14:56:44.333000,1.08641,1.08637,2890000,4390000
2021-03-11 14:56:44.740000,1.08641,1.08639,2250000,1000000
2021-03-11 14:56:45.960000,1.08643,1.08641,2620000,1500000
2021-03-11 14:56:46.062000,1.08644,1.08643,1120000,1250000
2021-03-11 14:56:46.113000,1.08646,1.08644,3000000,2440000
2021-03-11 14:56:46.215000,1.08647,1.08644,3450000,2440000
2021-03-11 14:56:52.519000,1.08647,1.08645,2320000,1000000
2021-03-11 14:56:52.620000,1.08648,1.08646,1000000,2890000
2021-03-11 14:56:52.721000,1.0865,1.08649,1120000,1000000
2021-03-11 14:56:53.126000,1.08652,1.08648,4010000,1000000
2021-03-11 14:56:59.370000,1.08649,1.08648,1000000,1000000
2021-03-11 14:56:59.471000,1.08649,1.08646,2510000,1870000
2021-03-11 14:56:59.573000,1.08649,1.08646,2260000,1870000
2021-03-11 14:57:00.467000,1.08649,1.08646,1760000,1500000
2021-03-11 14:57:03,1.08648,1.08645,3260000,2250000
2021-03-11 14:57:03.153000,1.08648,1.08644,3260000,5510000
2021-03-11 14:57:03.632000,1.08647,1.08644,1120000,3640000
2021-03-11 14:57:05.270000,1.08646,1.08642,1200000,1250000
2021-03-11 14:57:05.371000,1.08645,1.08643,1620000,1000000
2021-03-11 14:57:05.473000,1.08644,1.08641,1570000,4750000
2021-03-11 14:57:05.574000,1.08644,1.08641,2070000,3250000
2021-03-11 14:57:06.162000,1.08645,1.08642,2750000,2140000
2021-03-11 14:57:06.264000,1.08645,1.08642,1120000,2140000
2021-03-11 14:57:07.018000,1.08646,1.08641,3950000,1250000
2021-03-11 14:57:08.116000,1.08643,1.0864,2320000,3190000
2021-03-11 14:57:08.819000,1.08643,1.0864,1000000,4070000
2021-03-11 14:57:11.457000,1.08643,1.0864,1000000,3640000
2021-03-11 14:57:11.559000,1.08643,1.08641,1000000,1000000
2021-03-11 14:57:11.711000,1.08643,1.0864,1000000,3260000
2021-03-11 14:57:11.971000,1.08642,1.08639,1000000,6320000
2021-03-11 14:57:13.471000,1.08642,1.08641,1000000,1250000
2021-03-11 14:57:13.573000,1.08643,1.08641,1000000,1760000
2021-03-11 14:57:14.191000,1.08644,1.08641,3370000,2510000
2021-03-11 14:57:14.343000,1.08644,1.08641,1120000,4450000
2021-03-11 14:57:15.932000,1.08644,1.08642,1000000,3700000
2021-03-11 14:57:16.146000,1.08645,1.08643,1870000,1250000
2021-03-11 14:57:19.910000,1.08648,1.08645,1620000,1000000
2021-03-11 14:57:20.026000,1.08647,1.08646,1000000,1690000
2021-03-11 14:57:20.129000,1.08649,1.08647,1000000,2440000
2021-03-11 14:57:20.584000,1.08649,1.08646,1500000,4230000
2021-03-11 14:57:23.955000,1.08648,1.08646,1000000,1000000
2021-03-11 14:57:24.057000,1.08648,1.08645,1950000,1690000
2021-03-11 14:57:25.836000,1.08647,1.08645,1000000,1000000
2021-03-11 14:57:27.328000,1.08647,1.08644,1870000,3260000
2021-03-11 14:57:30.408000,1.08648,1.08644,1120000,1000000
2021-03-11 14:57:30.510000,1.08647,1.08644,1000000,4230000
2021-03-11 14:57:31.243000,1.08647,1.08645,1000000,1000000
2021-03-11 14:57:32.207000,1.08647,1.08644,1000000,4230000
2021-03-11 14:57:32.510000,1.08648,1.08645,2440000,2700000
2021-03-11 14:57:32.793000,1.08648,1.08646,1000000,1000000
2021-03-11 14:57:33.046000,1.08649,1.08647,1690000,1000000
2021-03-11 14:57:33.148000,1.0865,1.08645,2060000,1950000
2021-03-11 14:57:34.036000,1.0865,1.08648,3760000,1000000
2021-03-11 14:57:35.038000,1.0865,1.08648,3260000,1000000
2021-03-11 14:57:35.291000,1.08649,1.08648,1100000,1000000
2021-03-11 14:57:35.394000,1.08648,1.08647,1000000,1000000
2021-03-11 14:57:38.846000,1.0865,1.08646,3260000,1000000
2021-03-11 14:57:40.199000,1.08649,1.08647,3760000,1000000
2021-03-11 14:57:40.301000,1.08649,1.08647,3640000,1000000
2021-03-11 14:57:40.453000,1.08649,1.08647,3760000,1000000
2021-03-11 14:57:40.605000,1.0865,1.08646,3640000,1000000
2021-03-11 14:57:43.791000,1.08649,1.08647,4510000,1000000
2021-03-11 14:57:44.130000,1.08649,1.08647,1690000,1500000
2021-03-11 14:57:46.381000,1.0865,1.08648,1570000,1000000
2021-03-11 14:57:48.384000,1.0865,1.08648,1810000,1000000
2021-03-11 14:57:50.059000,1.08649,1.08647,1000000,2700000
2021-03-11 14:57:55.499000,1.0865,1.08647,1500000,4010000
2021-03-11 14:57:55.668000,1.0865,1.08648,1120000,1690000
2021-03-11 14:57:55.770000,1.08651,1.08649,1000000,1000000
2021-03-11 14:57:56.666000,1.0865,1.08649,1120000,1000000
2021-03-11 14:58:00.958000,1.0865,1.08648,3760000,1000000
2021-03-11 14:58:01.211000,1.08649,1.08647,2140000,1120000
2021-03-11 14:58:01.262000,1.08649,1.08644,3940000,1000000
2021-03-11 14:58:01.313000,1.08646,1.08644,1000000,3150000
2021-03-11 14:58:01.414000,1.08648,1.08644,1810000,1000000
2021-03-11 14:58:01.516000,1.08647,1.08645,1310000,1000000
2021-03-11 14:58:02.127000,1.08647,1.08646,1310000,1000000
2021-03-11 14:58:02.477000,1.08649,1.08645,2060000,1000000
2021-03-11 14:58:12.233000,1.08647,1.08645,2890000,1000000
2021-03-11 14:58:12.335000,1.08644,1.08642,1200000,1000000
2021-03-11 14:58:12.487000,1.08643,1.08641,1200000,1000000
2021-03-11 14:58:12.690000,1.08642,1.0864,1200000,1000000
2021-03-11 14:58:12.740000,1.08641,1.08639,1100000,1000000
2021-03-11 14:58:13.044000,1.08641,1.08638,5210000,1500000
2021-03-11 14:58:13.375000,1.0864,1.08638,1000000,1500000
2021-03-11 14:58:13.650000,1.0864,1.08637,2700000,1690000
2021-03-11 14:58:13.752000,1.08641,1.08636,4510000,1500000
2021-03-11 14:58:16.059000,1.0864,1.08635,6040000,1500000
2021-03-11 14:58:17.485000,1.08638,1.08635,3070000,1250000
2021-03-11 14:58:17.587000,1.08637,1.08634,3700000,2620000
2021-03-11 14:58:17.688000,1.08636,1.08632,3560000,1000000
2021-03-11 14:58:17.789000,1.08636,1.08632,4750000,1000000
2021-03-11 14:58:17.891000,1.08635,1.08633,1120000,1000000
2021-03-11 14:58:18.348000,1.08635,1.08632,5810000,1500000
2021-03-11 14:58:18.449000,1.08636,1.08631,6390000,1500000
2021-03-11 14:58:18.551000,1.08634,1.08633,1000000,1000000
2021-03-11 14:58:18.916000,1.08635,1.08633,2940000,1000000
2021-03-11 14:58:19.236000,1.08636,1.08632,2810000,1000000
2021-03-11 14:58:20.128000,1.08635,1.08632,3560000,1870000
2021-03-11 14:58:20.854000,1.08634,1.08631,3640000,2250000
2021-03-11 14:58:21.410000,1.08634,1.08631,6390000,1000000
2021-03-11 14:58:23.064000,1.08634,1.08631,3260000,1870000
2021-03-11 14:58:26.930000,1.08633,1.08631,1000000,1120000
2021-03-11 14:58:27.032000,1.08631,1.08629,1000000,2620000
2021-03-11 14:58:27.183000,1.08632,1.08629,2620000,1870000
2021-03-11 14:58:27.450000,1.08631,1.08629,1500000,1140000
2021-03-11 14:58:28.517000,1.0863,1.08628,1950000,1000000
2021-03-11 14:58:28.618000,1.08631,1.08626,2700000,2440000
2021-03-11 14:58:29.557000,1.0863,1.08627,2820000,2440000
2021-03-11 14:58:29.658000,1.08628,1.08626,2320000,1500000
2021-03-11 14:58:32.326000,1.08628,1.08625,5320000,1690000
2021-03-11 14:58:32.427000,1.08628,1.08625,5820000,1690000
2021-03-11 14:58:32.936000,1.08626,1.08624,2320000,1000000
2021-03-11 14:58:33.088000,1.08626,1.08623,1120000,1760000
2021-03-11 14:58:33.713000,1.08625,1.08622,1950000,2440000
2021-03-11 14:58:34.063000,1.08625,1.08622,2820000,1250000
2021-03-11 14:58:35.185000,1.08625,1.08621,3200000,1000000
2021-03-11 14:58:35.287000,1.08624,1.08621,3200000,2440000
2021-03-11 14:58:35.795000,1.08623,1.08621,4260000,1000000
2021-03-11 14:58:36.320000,1.08622,1.08619,4500000,2700000
2021-03-11 14:58:37.396000,1.08621,1.08619,2500000,1000000
2021-03-11 14:58:38.788000,1.08621,1.08618,5890000,1500000
2021-03-11 14:58:42.222000,1.08622,1.0862,2370000,2810000
2021-03-11 14:58:42.323000,1.08623,1.08622,1120000,1250000
2021-03-11 14:58:42.425000,1.08625,1.08622,2640000,2810000
2021-03-11 14:58:42.577000,1.08625,1.08623,1350000,1000000
2021-03-11 14:58:42.678000,1.08626,1.08623,4600000,1500000
2021-03-11 14:58:43.614000,1.08625,1.08622,2510000,2440000
2021-03-11 14:58:44.632000,1.08625,1.08622,2570000,2620000
2021-03-11 14:58:49.009000,1.08625,1.08622,1200000,3370000
2021-03-11 14:58:49.133000,1.08626,1.08624,1090000,1000000
2021-03-11 14:58:50.834000,1.08628,1.08623,5400000,1500000
2021-03-11 14:58:51.189000,1.08626,1.08624,1000000,1500000
2021-03-11 14:58:52.194000,1.08628,1.08626,2890000,1000000
2021-03-11 14:58:52.295000,1.08628,1.08625,2510000,1500000
2021-03-11 14:58:52.447000,1.08627,1.08625,1000000,1500000
2021-03-11 14:58:52.806000,1.08629,1.08626,4890000,1500000
2021-03-11 14:58:52.907000,1.08629,1.08626,3640000,1500000
2021-03-11 14:58:53.296000,1.08628,1.08625,1200000,1690000
2021-03-11 14:58:54.356000,1.08626,1.08623,4500000,2440000
2021-03-11 14:58:55.530000,1.08626,1.08623,4970000,1690000
2021-03-11 14:58:55.632000,1.08625,1.08622,1100000,3190000
2021-03-11 14:58:56.448000,1.08624,1.08622,1100000,1120000
2021-03-11 14:59:00.941000,1.08626,1.08623,2070000,1690000
2021-03-11 14:59:01.043000,1.08627,1.08624,2700000,1250000
2021-03-11 14:59:01.185000,1.08627,1.08625,1100000,1000000
2021-03-11 14:59:01.287000,1.08628,1.08626,1100000,1690000
2021-03-11 14:59:01.338000,1.0863,1.08628,1500000,1370000
2021-03-11 14:59:01.388000,1.08631,1.0863,1200000,1000000
2021-03-11 14:59:01.642000,1.08632,1.08629,6790000,1120000
2021-03-11 14:59:03.610000,1.08632,1.08629,3070000,1690000
2021-03-11 14:59:06.351000,1.08632,1.08631,1570000,1000000
2021-03-11 14:59:06.453000,1.08633,1.08631,1100000,1500000
2021-03-11 14:59:09.014000,1.08634,1.08631,3260000,1500000
2021-03-11 14:59:09.727000,1.08634,1.08631,4160000,1500000
2021-03-11 14:59:14.880000,1.0863,1.08628,1570000,1870000
2021-03-11 14:59:14.982000,1.08631,1.08627,2450000,1000000
2021-03-11 14:59:18.857000,1.08628,1.08627,1010000,1000000
2021-03-11 14:59:18.959000,1.08626,1.08624,1600000,1120000
2021-03-11 14:59:19.607000,1.08624,1.08623,1000000,1000000
2021-03-11 14:59:22.407000,1.08624,1.08622,9380000,1000000
2021-03-11 14:59:22.459000,1.08621,1.08619,1200000,2250000
2021-03-11 14:59:22.561000,1.08621,1.0862,1570000,1000000
2021-03-11 14:59:22.916000,1.08621,1.08619,2140000,1500000
2021-03-11 14:59:23.220000,1.08621,1.0862,1570000,1000000
2021-03-11 14:59:23.574000,1.08622,1.0862,2890000,1000000
2021-03-11 14:59:23.676000,1.08623,1.08622,1200000,1000000
2021-03-11 14:59:23.777000,1.08626,1.08621,4570000,1000000
2021-03-11 14:59:24.953000,1.08623,1.08621,1200000,2310000
2021-03-11 14:59:25.004000,1.08622,1.0862,1080000,1120000
2021-03-11 14:59:25.105000,1.08623,1.08621,7140000,1000000
2021-03-11 14:59:25.156000,1.08623,1.08619,2790000,1000000
2021-03-11 14:59:25.891000,1.08624,1.08621,1120000,1000000
2021-03-11 14:59:25.992000,1.08624,1.08622,2040000,1000000
2021-03-11 14:59:26.521000,1.08623,1.08622,1100000,1000000
2021-03-11 14:59:26.848000,1.08623,1.08621,1570000,1000000
2021-03-11 14:59:26.950000,1.08622,1.0862,1200000,1000000
2021-03-11 14:59:27.153000,1.0862,1.08618,1200000,2250000
2021-03-11 14:59:27.306000,1.0862,1.08619,1000000,1000000
2021-03-11 14:59:27.407000,1.08621,1.08619,2510000,1000000
2021-03-11 14:59:27.865000,1.0862,1.08619,1000000,1000000
2021-03-11 14:59:28.271000,1.08621,1.08619,1760000,1000000
2021-03-11 14:59:28.373000,1.0862,1.08619,1000000,1000000
2021-03-11 14:59:28.486000,1.0862,1.08618,1000000,2620000
2021-03-11 14:59:29.582000,1.08622,1.0862,2800000,1000000
2021-03-11 14:59:29.684000,1.08622,1.08619,4140000,1000000
2021-03-11 14:59:29.785000,1.08622,1.08618,4140000,3190000
2021-03-11 14:59:30.949000,1.08621,1.08619,1070000,1000000
2021-03-11 14:59:31.050000,1.08623,1.08621,1680000,1000000
2021-03-11 14:59:31.202000,1.08624,1.08621,8990000,1000000
2021-03-11 14:59:31.304000,1.08624,1.08622,1500000,1250000
2021-03-11 14:59:31.406000,1.08625,1.08622,8320000,1250000
2021-03-11 14:59:32.323000,1.08625,1.08623,2230000,1000000
2021-03-11 14:59:33.137000,1.08625,1.08623,5230000,1000000
2021-03-11 14:59:33.390000,1.08624,1.08622,1070000,1000000
2021-03-11 14:59:33.492000,1.08624,1.08622,3270000,1000000
2021-03-11 14:59:35.603000,1.08623,1.08621,1070000,1500000
2021-03-11 14:59:35.704000,1.08622,1.0862,1180000,1000000
2021-03-11 14:59:35.806000,1.08622,1.0862,1180000,1000000
2021-03-11 14:59:36.137000,1.08622,1.0862,2520000,1000000
2021-03-11 14:59:36.908000,1.08622,1.0862,1550000,1500000
2021-03-11 14:59:37.009000,1.08622,1.08621,1070000,1000000
2021-03-11 14:59:37.945000,1.08623,1.08621,1000000,1000000
2021-03-11 14:59:39.756000,1.08624,1.08622,2050000,1000000
2021-03-11 14:59:39.858000,1.08624,1.08623,1000000,1000000
2021-03-11 14:59:39.959000,1.08625,1.08623,4940000,1000000
2021-03-11 14:59:41.149000,1.08626,1.08623,5340000,1000000
2021-03-11 14:59:45.227000,1.08626,1.08623,4370000,1500000
2021-03-11 14:59:45.334000,1.08629,1.08626,3860000,1500000
2021-03-11 14:59:45.435000,1.08627,1.08625,2250000,2690000
2021-03-11 14:59:45.537000,1.08626,1.08625,1000000,1690000
2021-03-11 14:59:45.638000,1.08627,1.08625,2250000,1000000
2021-03-11 14:59:45.739000,1.08626,1.08625,1000000,1000000
2021-03-11 14:59:45.891000,1.08628,1.08625,1890000,1500000
2021-03-11 14:59:46.424000,1.08627,1.08626,1120000,1000000
2021-03-11 14:59:46.911000,1.08627,1.08624,1500000,4010000
2021-03-11 14:59:48.451000,1.08627,1.08625,1120000,1000000
2021-03-11 14:59:49.043000,1.08629,1.08628,1870000,1000000
2021-03-11 14:59:49.184000,1.08632,1.08631,1000000,1250000
2021-03-11 14:59:49.237000,1.08634,1.08632,1570000,1500000
2021-03-11 14:59:49.338000,1.08635,1.08632,2440000,1500000
2021-03-11 14:59:50.656000,1.08634,1.08632,2690000,1500000
2021-03-11 14:59:50.910000,1.08633,1.08631,1720000,1000000
2021-03-11 14:59:51.012000,1.08633,1.08631,1570000,1000000
2021-03-11 14:59:55.062000,1.08634,1.08632,5140000,1000000
2021-03-11 14:59:55.316000,1.08634,1.08631,1950000,2440000
2021-03-11 14:59:55.941000,1.08634,1.08632,1950000,1000000
2021-03-11 14:59:56.620000,1.08634,1.08631,2250000,1690000
2021-03-11 14:59:56.721000,1.08632,1.0863,1000000,2440000
2021-03-11 14:59:57.080000,1.08632,1.08629,3000000,2060000
2021-03-11 14:59:57.181000,1.08631,1.08629,1000000,2060000
2021-03-11 14:59:57.384000,1.0863,1.08629,1000000,1690000
2021-03-11 14:59:58.125000,1.08632,1.08628,1000000,2440000
2021-03-11 14:59:58.328000,1.0863,1.08628,1000000,1000000
2021-03-11 14:59:59.097000,1.0863,1.08628,1000000,1500000
2021-03-11 14:59:59.199000,1.08631,1.08628,3940000,1500000
2021-03-11 14:59:59.300000,1.0863,1.08625,1500000,1990000
2021-03-11 14:59:59.402000,1.08629,1.08625,1500000,1000000
2021-03-11 15:00:00.064000,1.08628,1.08625,1500000,2440000
2021-03-11 15:00:00.216000,1.08627,1.08625,1000000,1690000
2021-03-11 15:00:00.367000,1.08627,1.08625,1000000,3250000
2021-03-11 15:00:00.418000,1.08631,1.0863,1120000,1690000
2021-03-11 15:00:00.470000,1.08633,1.08631,1870000,1000000
2021-03-11 15:00:00.571000,1.08633,1.08631,1870000,1000000
2021-03-11 15:00:00.673000,1.08632,1.08631,1000000,1690000
2021-03-11 15:00:00.775000,1.08633,1.08631,1120000,1000000
2021-03-11 15:00:00.877000,1.08633,1.08632,1120000,1690000
2021-03-11 15:00:01.001000,1.08633,1.08631,1500000,1000000
2021-03-11 15:00:01.103000,1.08633,1.0863,2620000,1500000
2021-03-11 15:00:01.205000,1.08631,1.08629,1000000,2440000
2021-03-11 15:00:01.307000,1.08632,1.0863,1000000,1000000
2021-03-11 15:00:01.610000,1.08633,1.08631,1000000,1000000
2021-03-11 15:00:02.326000,1.08634,1.08631,3190000,1000000
2021-03-11 15:00:03.200000,1.08634,1.08631,3500000,1000000
2021-03-11 15:00:03.301000,1.08631,1.08629,1690000,1000000
2021-03-11 15:00:03.403000,1.0863,1.08628,1000000,1500000
2021-03-11 15:00:03.655000,1.08629,1.08626,3000000,2060000
2021-03-11 15:00:03.757000,1.08629,1.08627,1000000,1000000
2021-03-11 15:00:04.760000,1.08629,1.08628,1000000,1000000
2021-03-11 15:00:04.862000,1.0863,1.08628,1000000,1690000
2021-03-11 15:00:05.167000,1.08632,1.08628,1500000,1000000
2021-03-11 15:00:05.268000,1.08631,1.0863,1000000,1000000
2021-03-11 15:00:05.369000,1.08632,1.0863,1310000,1500000
2021-03-11 15:00:06.641000,1.08631,1.08629,1500000,1000000
2021-03-11 15:00:06.742000,1.0863,1.08628,1000000,1000000
2021-03-11 15:00:06.998000,1.08628,1.08626,1500000,2250000
2021-03-11 15:00:07.251000,1.08627,1.08625,1000000,1500000
2021-03-11 15:00:07.404000,1.08628,1.08626,1000000,2510000
2021-03-11 15:00:07.556000,1.08629,1.08627,1870000,2440000
2021-03-11 15:00:07.657000,1.08629,1.08628,1000000,1000000
2021-03-11 15:00:07.860000,1.0863,1.08626,1000000,1250000
2021-03-11 15:00:07.961000,1.08628,1.08626,1500000,1870000
2021-03-11 15:00:10.019000,1.08629,1.08627,1500000,1760000
2021-03-11 15:00:10.121000,1.08629,1.08628,1000000,1690000
2021-03-11 15:00:10.375000,1.08631,1.08629,1500000,1690000
2021-03-11 15:00:11.210000,1.08632,1.08629,1000000,1000000
2021-03-11 15:00:11.311000,1.08631,1.08629,1500000,1760000
2021-03-11 15:00:11.514000,1.08631,1.0863,1000000,1000000
2021-03-11 15:00:17.443000,1.08631,1.08629,1000000,1760000
2021-03-11 15:00:17.545000,1.08632,1.0863,1000000,1100000
2021-03-11 15:00:17.647000,1.08632,1.08631,1000000,1000000
2021-03-11 15:00:20.554000,1.08632,1.0863,1000000,2510000
2021-03-11 15:00:22.526000,1.08632,1.08631,1000000,1000000
2021-03-11 15:00:22.628000,1.08632,1.0863,1500000,1000000
2021-03-11 15:00:22.731000,1.08629,1.08627,1200000,6120000
2021-03-11 15:00:22.856000,1.08627,1.08625,1000000,1690000
2021-03-11 15:00:23.817000,1.08628,1.08623,1000000,3640000
2021-03-11 15:00:24.295000,1.08626,1.08624,1000000,1690000
2021-03-11 15:00:25.128000,1.08623,1.08622,1000000,1120000
2021-03-11 15:00:25.230000,1.08622,1.0862,1500000,1250000
2021-03-11 15:00:25.332000,1.08622,1.08619,1500000,2510000
2021-03-11 15:00:25.636000,1.08621,1.08619,1500000,1000000
2021-03-11 15:00:26.043000,1.0862,1.08618,1000000,1100000
2021-03-11 15:00:26.094000,1.08619,1.08616,3000000,5210000
2021-03-11 15:00:26.196000,1.08618,1.08616,1000000,1690000
2021-03-11 15:00:26.601000,1.08617,1.08615,1000000,2140000
2021-03-11 15:00:26.753000,1.08618,1.08615,1500000,2510000
2021-03-11 15:00:26.955000,1.08617,1.08615,1000000,1100000
2021-03-11 15:00:27.056000,1.08617,1.08613,1000000,1120000
2021-03-11 15:00:27.209000,1.08616,1.08613,2440000,1950000
2021-03-11 15:00:27.310000,1.08614,1.08612,1000000,2000000
2021-03-11 15:00:27.413000,1.0861,1.08609,1000000,2620000
2021-03-11 15:00:27.514000,1.0861,1.08608,1000000,1200000
2021-03-11 15:00:28.580000,1.0861,1.08607,2910000,1500000
2021-03-11 15:00:28.681000,1.08608,1.08606,1000000,1000000
2021-03-11 15:00:28.783000,1.08609,1.08608,1000000,1000000
2021-03-11 15:00:28.885000,1.0861,1.08608,1310000,1000000
2021-03-11 15:00:28.988000,1.08609,1.08607,1000000,2140000
2021-03-11 15:00:29.091000,1.0861,1.08608,1120000,1250000
2021-03-11 15:00:29.193000,1.08612,1.08608,1870000,1500000
2021-03-11 15:00:29.713000,1.08611,1.08609,2760000,1000000
2021-03-11 15:00:29.916000,1.08611,1.08609,1250000,1000000
2021-03-11 15:00:31.555000,1.08613,1.08609,1500000,1000000
2021-03-11 15:00:32.673000,1.08613,1.0861,2890000,1000000
2021-03-11 15:00:33.272000,1.08614,1.08609,4070000,1000000
2021-03-11 15:00:33.476000,1.08612,1.08609,3100000,1000000
2021-03-11 15:00:34.036000,1.08611,1.08609,2200000,1000000
2021-03-11 15:00:34.340000,1.08611,1.08609,1390000,1000000
2021-03-11 15:00:35.062000,1.08612,1.08609,1500000,1200000
2021-03-11 15:00:35.163000,1.08613,1.0861,3370000,1100000
2021-03-11 15:00:35.265000,1.08613,1.08611,1120000,1000000
2021-03-11 15:00:36.599000,1.08612,1.0861,1000000,1000000
2021-03-11 15:00:37.360000,1.08613,1.0861,5140000,1000000
2021-03-11 15:00:37.664000,1.08612,1.0861,1390000,1000000
2021-03-11 15:00:37.967000,1.08612,1.08609,2140000,1500000
2021-03-11 15:00:38.640000,1.08612,1.08609,3410000,1500000
2021-03-11 15:00:39.350000,1.08609,1.08607,1100000,1120000
2021-03-11 15:00:39.451000,1.08613,1.08608,2400000,2060000
2021-03-11 15:00:39.553000,1.08611,1.08609,3260000,1000000
2021-03-11 15:00:39.958000,1.08611,1.08608,3970000,1120000
2021-03-11 15:00:40.008000,1.08613,1.0861,11140000,1000000
2021-03-11 15:00:40.110000,1.08612,1.08609,3320000,2250000
2021-03-11 15:00:42.463000,1.08611,1.08608,1760000,2250000
2021-03-11 15:00:42.665000,1.08611,1.08608,3320000,2250000
2021-03-11 15:00:42.767000,1.0861,1.08607,2510000,1000000
2021-03-11 15:00:42.919000,1.08611,1.0861,1000000,1000000
2021-03-11 15:00:43.020000,1.08612,1.0861,2140000,1000000
2021-03-11 15:00:43.121000,1.08612,1.08609,2510000,1500000
2021-03-11 15:00:43.223000,1.08612,1.08609,4070000,1500000
2021-03-11 15:00:43.733000,1.08611,1.08608,5140000,1500000
2021-03-11 15:00:44.118000,1.08611,1.08608,2440000,1570000
2021-03-11 15:00:49.563000,1.08611,1.08608,4200000,1000000
2021-03-11 15:00:49.665000,1.08612,1.0861,1120000,1250000
2021-03-11 15:00:49.867000,1.08613,1.0861,3000000,1250000
2021-03-11 15:00:50.373000,1.08614,1.08611,2950000,1000000
2021-03-11 15:00:50.877000,1.08615,1.0861,2890000,1000000
2021-03-11 15:00:51.180000,1.08614,1.08611,4950000,1000000
2021-03-11 15:00:52.311000,1.08613,1.0861,1000000,1760000
2021-03-11 15:00:53.377000,1.08611,1.08608,2890000,1100000
2021-03-11 15:00:53.478000,1.08611,1.08609,1000000,1250000
2021-03-11 15:00:53.580000,1.08612,1.08609,1000000,2890000
2021-03-11 15:00:56.296000,1.08612,1.0861,1100000,1000000
2021-03-11 15:00:58.850000,1.08613,1.08611,1390000,1000000
2021-03-11 15:00:59.995000,1.08612,1.08611,1310000,1000000
2021-03-11 15:01:00.148000,1.08612,1.0861,1690000,1500000
2021-03-11 15:01:00.300000,1.08613,1.0861,5890000,1500000
2021-03-11 15:01:00.401000,1.08612,1.0861,2440000,1000000
2021-03-11 15:01:00.553000,1.08612,1.08609,5260000,1120000
2021-03-11 15:01:01.028000,1.08611,1.08609,1620000,1000000
2021-03-11 15:01:01.180000,1.08611,1.08608,3760000,2250000
2021-03-11 15:01:01.383000,1.08609,1.08608,1310000,1000000
2021-03-11 15:01:01.485000,1.08608,1.08606,1200000,1000000
2021-03-11 15:01:03.371000,1.08606,1.08604,1000000,1870000
2021-03-11 15:01:03.472000,1.08605,1.08603,1570000,1500000
2021-03-11 15:01:04.045000,1.08604,1.08602,1000000,2440000
2021-03-11 15:01:05.804000,1.086,1.08599,1000000,1500000
2021-03-11 15:01:05.906000,1.086,1.08598,1120000,1000000
2021-03-11 15:01:06.007000,1.08599,1.08597,1000000,2440000
2021-03-11 15:01:06.867000,1.086,1.08598,1310000,1000000
2021-03-11 15:01:10.216000,1.086,1.08599,1000000,1000000
2021-03-11 15:01:10.660000,1.086,1.08598,1000000,2440000
2021-03-11 15:01:11.418000,1.08599,1.08597,1000000,1500000
2021-03-11 15:01:12.869000,1.08598,1.08595,5250000,1500000
2021-03-11 15:01:12.920000,1.08596,1.08594,3810000,1000000
2021-03-11 15:01:13.022000,1.08596,1.08593,4090000,1500000
2021-03-11 15:01:13.123000,1.08596,1.08593,5860000,1500000
2021-03-11 15:01:13.375000,1.08595,1.08592,1310000,2620000
2021-03-11 15:01:14.800000,1.08595,1.08592,5820000,1000000
2021-03-11 15:01:15.721000,1.08591,1.0859,1250000,1500000
2021-03-11 15:01:15.772000,1.0859,1.08588,2890000,1000000
2021-03-11 15:01:15.974000,1.08592,1.0859,2320000,1500000
2021-03-11 15:01:16.126000,1.08592,1.0859,2570000,1000000
2021-03-11 15:01:16.228000,1.08591,1.08589,1250000,1000000
2021-03-11 15:01:16.796000,1.08592,1.0859,2890000,1000000
2021-03-11 15:01:16.897000,1.08593,1.08591,2890000,1000000
2021-03-11 15:01:17.302000,1.08593,1.0859,3130000,1000000
2021-03-11 15:01:19.195000,1.08592,1.0859,2700000,1000000
2021-03-11 15:01:20.398000,1.0859,1.08589,1120000,1000000
2021-03-11 15:01:20.449000,1.08587,1.08586,1690000,1120000
2021-03-11 15:01:20.500000,1.08586,1.08584,1250000,2250000
2021-03-11 15:01:20.601000,1.08584,1.08582,1200000,2250000
2021-03-11 15:01:20.703000,1.08586,1.08583,3310000,1500000
2021-03-11 15:01:20.804000,1.08586,1.08584,2560000,1000000
2021-03-11 15:01:21.180000,1.08586,1.08584,1120000,1000000
2021-03-11 15:01:22.509000,1.08587,1.08584,4690000,1000000
2021-03-11 15:01:22.610000,1.08587,1.08585,2440000,1000000
2021-03-11 15:01:22.713000,1.08588,1.08586,1000000,2440000
2021-03-11 15:01:22.815000,1.0859,1.08588,3080000,1000000
2021-03-11 15:01:22.917000,1.08592,1.08587,3680000,1000000
2021-03-11 15:01:22.968000,1.08592,1.0859,1070000,1690000
2021-03-11 15:01:23.019000,1.08593,1.0859,1950000,2440000
2021-03-11 15:01:23.120000,1.08594,1.08591,1500000,1250000
2021-03-11 15:01:23.221000,1.08595,1.08592,1260000,2440000
2021-03-11 15:01:24.568000,1.08596,1.08593,1960000,1000000
2021-03-11 15:01:24.670000,1.08596,1.08592,4010000,2440000
2021-03-11 15:01:24.798000,1.08595,1.08592,4060000,1000000
2021-03-11 15:01:25.238000,1.08596,1.08591,3450000,1000000
2021-03-11 15:01:25.542000,1.08594,1.08591,2180000,1500000
2021-03-11 15:01:26.016000,1.08594,1.08591,2640000,1500000
2021-03-11 15:01:26.747000,1.08595,1.08592,2930000,1500000
2021-03-11 15:01:26.848000,1.08594,1.08592,1160000,1500000
2021-03-11 15:01:28.079000,1.08597,1.08593,4260000,1500000
2021-03-11 15:01:28.180000,1.08597,1.08594,2770000,1500000
2021-03-11 15:01:28.332000,1.08597,1.08595,2400000,1000000
2021-03-11 15:01:28.535000,1.08596,1.08594,1060000,1000000
2021-03-11 15:01:28.890000,1.08595,1.08593,1060000,1500000
2021-03-11 15:01:29.042000,1.08594,1.08592,1000000,2060000
2021-03-11 15:01:33.299000,1.08595,1.08592,3120000,2810000
2021-03-11 15:01:39.102000,1.08595,1.08592,3210000,1500000
2021-03-11 15:01:40.179000,1.08593,1.08592,1120000,1000000
2021-03-11 15:01:40.432000,1.08594,1.08592,1310000,1000000
2021-03-11 15:01:42.337000,1.08594,1.08591,1000000,1000000
2021-03-11 15:01:42.590000,1.08595,1.0859,4010000,1500000
2021-03-11 15:01:42.692000,1.08594,1.08592,1620000,1000000
2021-03-11 15:01:42.793000,1.08594,1.08592,1120000,1000000
2021-03-11 15:01:43.312000,1.08594,1.08591,2510000,1870000
2021-03-11 15:01:43.414000,1.08594,1.08591,3290000,1000000
2021-03-11 15:01:43.515000,1.0859,1.08588,1200000,1500000
2021-03-11 15:01:43.667000,1.08591,1.0859,1540000,1000000
2021-03-11 15:01:43.920000,1.08593,1.0859,4180000,1120000
2021-03-11 15:01:44.225000,1.08593,1.08591,1810000,1000000
2021-03-11 15:01:44.477000,1.08593,1.08591,1310000,1000000
2021-03-11 15:01:46.064000,1.08593,1.0859,2660000,1500000
2021-03-11 15:01:48.789000,1.08589,1.08588,1000000,1000000
2021-03-11 15:01:48.891000,1.08589,1.08587,1570000,1250000
2021-03-11 15:01:50.920000,1.08585,1.08583,1000000,4870000
2021-03-11 15:01:51.021000,1.08585,1.08582,3230000,1500000
2021-03-11 15:01:51.123000,1.08586,1.08584,1560000,1000000
2021-03-11 15:01:51.900000,1.08585,1.08583,1120000,1000000
2021-03-11 15:01:52.001000,1.08583,1.08581,1120000,1870000
2021-03-11 15:01:52.102000,1.08583,1.0858,2490000,2440000
2021-03-11 15:01:52.254000,1.08583,1.0858,2370000,2440000
2021-03-11 15:01:52.445000,1.08582,1.08579,2370000,1690000
2021-03-11 15:01:53.050000,1.08583,1.08581,1500000,1000000
2021-03-11 15:01:53.356000,1.08584,1.0858,6010000,2440000
2021-03-11 15:01:53.558000,1.08584,1.0858,6310000,2440000
2021-03-11 15:01:53.660000,1.08584,1.0858,2320000,2870000
2021-03-11 15:01:53.913000,1.08583,1.0858,1000000,2500000
2021-03-11 15:01:54.222000,1.08582,1.08578,2930000,3260000
2021-03-11 15:01:54.425000,1.08583,1.0858,5320000,1000000
2021-03-11 15:01:54.526000,1.08582,1.08579,1250000,1570000
2021-03-11 15:01:54.728000,1.08583,1.08581,1000000,1000000
2021-03-11 15:01:54.830000,1.08584,1.08581,1690000,1000000
2021-03-11 15:01:55.777000,1.08585,1.08582,2860000,1000000
2021-03-11 15:01:55.879000,1.08586,1.08583,1250000,1000000
2021-03-11 15:01:56.545000,1.08585,1.08583,1000000,1310000
2021-03-11 15:01:56.647000,1.08583,1.08582,1000000,1000000
2021-03-11 15:01:57.013000,1.08586,1.08581,2640000,1000000
2021-03-11 15:01:57.217000,1.08582,1.0858,1000000,1120000
2021-03-11 15:01:57.318000,1.0858,1.08578,1000000,1690000
2021-03-11 15:01:57.533000,1.08579,1.08578,1250000,1000000
2021-03-11 15:01:59.281000,1.08577,1.08575,1000000,3000000
2021-03-11 15:01:59.332000,1.08576,1.08574,1000000,2700000
2021-03-11 15:01:59.484000,1.08576,1.08574,1000000,1250000
2021-03-11 15:01:59.636000,1.08577,1.08575,1000000,1000000
2021-03-11 15:01:59.738000,1.08578,1.08575,1500000,1250000
2021-03-11 15:02:00.834000,1.08578,1.08573,2890000,10120000
2021-03-11 15:02:00.935000,1.08574,1.08571,1000000,3560000
2021-03-11 15:02:01.088000,1.08573,1.0857,2140000,1500000
2021-03-11 15:02:01.447000,1.08573,1.08571,1390000,1000000
2021-03-11 15:02:01.549000,1.08573,1.08572,1000000,1000000
2021-03-11 15:02:01.751000,1.08574,1.08572,2140000,1000000
2021-03-11 15:02:03.104000,1.08573,1.0857,1000000,3940000
2021-03-11 15:02:05.111000,1.08573,1.08571,1000000,1120000
2021-03-11 15:02:05.213000,1.08574,1.08569,1000000,4760000
2021-03-11 15:02:05.517000,1.08574,1.08571,2140000,1000000
2021-03-11 15:02:07.299000,1.08573,1.0857,1000000,1690000
2021-03-11 15:02:08.806000,1.0857,1.08568,2890000,1000000
2021-03-11 15:02:08.857000,1.08569,1.08566,3260000,1120000
2021-03-11 15:02:08.959000,1.08568,1.08565,1200000,1690000
2021-03-11 15:02:09.431000,1.08566,1.08563,1200000,3190000
2021-03-11 15:02:10.217000,1.08567,1.08565,1000000,1000000
2021-03-11 15:02:10.318000,1.08568,1.08565,1760000,1870000
2021-03-11 15:02:10.420000,1.08571,1.08569,2700000,1000000
2021-03-11 15:02:10.521000,1.08572,1.08569,1390000,1000000
2021-03-11 15:02:10.673000,1.08572,1.08569,3890000,1000000
2021-03-11 15:02:11.348000,1.08569,1.08566,4220000,2250000
2021-03-11 15:02:11.781000,1.08568,1.08565,1390000,1500000
2021-03-11 15:02:11.883000,1.08571,1.08567,4260000,1000000
2021-03-11 15:02:12.137000,1.08569,1.08566,3640000,1000000
2021-03-11 15:02:12.677000,1.08569,1.08567,1120000,1000000
2021-03-11 15:02:12.778000,1.0857,1.08567,3260000,1000000
2021-03-11 15:02:13.337000,1.08569,1.08566,1950000,2440000
2021-03-11 15:02:13.789000,1.0857,1.08567,4160000,1000000
2021-03-11 15:02:14.697000,1.0857,1.08567,3260000,1000000
2021-03-11 15:02:15.661000,1.08571,1.0857,1000000,1250000
2021-03-11 15:02:15.712000,1.08574,1.08571,1090000,1500000
2021-03-11 15:02:15.813000,1.08576,1.08574,3500000,1000000
2021-03-11 15:02:15.915000,1.08577,1.08574,1250000,1950000
2021-03-11 15:02:15.965000,1.08576,1.08574,1750000,1500000
2021-03-11 15:02:16.067000,1.08575,1.08573,2060000,1000000
2021-03-11 15:02:16.219000,1.08574,1.08572,1310000,1000000
2021-03-11 15:02:16.321000,1.08574,1.08572,2200000,1000000
2021-03-11 15:02:17.008000,1.08574,1.08571,2950000,1870000
2021-03-11 15:02:17.647000,1.08574,1.08571,1950000,2440000
2021-03-11 15:02:17.799000,1.08574,1.08571,1500000,3390000
2021-03-11 15:02:20.005000,1.08575,1.08572,2810000,1200000
2021-03-11 15:02:21.020000,1.08575,1.08572,1500000,3290000
2021-03-11 15:02:21.071000,1.08577,1.08576,1350000,1000000
2021-03-11 15:02:21.122000,1.08579,1.08576,2890000,1000000
2021-03-11 15:02:21.324000,1.08578,1.08575,1200000,2440000
2021-03-11 15:02:22.790000,1.08578,1.08577,1500000,1000000
2021-03-11 15:02:22.841000,1.0858,1.08577,5060000,1000000
2021-03-11 15:02:22.994000,1.08578,1.08576,1100000,1000000
2021-03-11 15:02:23.146000,1.08579,1.08576,2250000,1390000
2021-03-11 15:02:23.763000,1.08579,1.08576,1500000,1450000
2021-03-11 15:02:23.966000,1.0858,1.08577,3370000,1250000
2021-03-11 15:02:25.631000,1.08579,1.08575,1100000,1000000
2021-03-11 15:02:25.732000,1.08577,1.08576,1000000,1000000
2021-03-11 15:02:25.834000,1.08578,1.08576,2320000,1000000
2021-03-11 15:02:27.001000,1.08578,1.08574,3450000,3700000
2021-03-11 15:02:27.103000,1.08576,1.08573,6260000,1000000
2021-03-11 15:02:27.659000,1.08576,1.08574,1000000,1000000
2021-03-11 15:02:27.760000,1.08576,1.08573,4690000,1000000
2021-03-11 15:02:28.114000,1.08575,1.08573,1000000,1000000
2021-03-11 15:02:28.215000,1.08576,1.08573,8510000,1000000
2021-03-11 15:02:28.367000,1.08575,1.08573,1000000,1000000
2021-03-11 15:02:29.312000,1.08576,1.08573,1870000,2510000
2021-03-11 15:02:29.363000,1.08578,1.08576,1000000,3320000
2021-03-11 15:02:29.413000,1.0858,1.08577,2020000,1690000
2021-03-11 15:02:30.057000,1.08578,1.08576,1000000,1000000
2021-03-11 15:02:30.378000,1.08578,1.08575,1250000,2320000
2021-03-11 15:02:32.235000,1.08579,1.08575,2890000,4010000
2021-03-11 15:02:33.339000,1.08579,1.08575,4790000,3560000
2021-03-11 15:02:34.720000,1.08578,1.08573,2700000,1690000
2021-03-11 15:02:35.555000,1.08577,1.08574,5290000,1000000
2021-03-11 15:02:35.657000,1.08576,1.08573,1200000,1690000
2021-03-11 15:02:36.730000,1.08575,1.08572,2140000,1500000
2021-03-11 15:02:38.565000,1.08575,1.08572,4060000,1000000
2021-03-11 15:02:39.514000,1.08575,1.08571,4060000,3640000
2021-03-11 15:02:44.969000,1.08575,1.08572,2260000,1000000
2021-03-11 15:02:45.071000,1.0858,1.08577,2250000,3260000
2021-03-11 15:02:45.173000,1.08578,1.08576,3070000,1870000
2021-03-11 15:02:45.274000,1.08578,1.08575,1950000,2810000
2021-03-11 15:02:48.602000,1.08579,1.08575,3570000,4070000
2021-03-11 15:02:49.396000,1.08579,1.08577,1950000,1120000
2021-03-11 15:02:50.004000,1.08581,1.08577,1120000,2870000
2021-03-11 15:02:50.055000,1.08582,1.08579,2320000,2060000
2021-03-11 15:02:50.156000,1.08582,1.08579,1000000,7070000
2021-03-11 15:02:50.861000,1.08583,1.08581,1000000,1310000
2021-03-11 15:02:50.963000,1.08581,1.08579,1000000,4870000
2021-03-11 15:02:51.267000,1.08583,1.0858,1120000,1000000
2021-03-11 15:02:51.419000,1.08582,1.0858,1120000,2620000
2021-03-11 15:02:54.762000,1.08582,1.08581,1000000,1000000
2021-03-11 15:02:54.864000,1.08583,1.08581,1120000,1000000
2021-03-11 15:02:55.066000,1.08581,1.08579,1000000,2810000
2021-03-11 15:02:55.219000,1.08581,1.08579,1000000,1750000
2021-03-11 15:02:56.145000,1.08583,1.08578,1870000,2970000
2021-03-11 15:02:58.585000,1.08584,1.08582,3870000,2510000
2021-03-11 15:02:58.636000,1.08585,1.08583,1500000,1000000
2021-03-11 15:02:59.293000,1.08584,1.08582,1120000,1690000
2021-03-11 15:02:59.394000,1.08583,1.0858,1000000,3700000
2021-03-11 15:02:59.751000,1.08584,1.08581,1950000,1250000
2021-03-11 15:02:59.903000,1.08585,1.08582,6260000,1000000
2021-03-11 15:03:00.257000,1.08585,1.08583,4760000,1000000
2021-03-11 15:03:00.358000,1.08585,1.08581,4760000,1760000
2021-03-11 15:03:01.065000,1.08584,1.08581,1000000,2140000
2021-03-11 15:03:01.116000,1.08582,1.08579,1500000,3640000
2021-03-11 15:03:01.369000,1.08582,1.08577,1200000,2810000
2021-03-11 15:03:02.418000,1.0858,1.08577,1570000,1690000
2021-03-11 15:03:02.620000,1.0858,1.08577,2070000,1690000
2021-03-11 15:03:03.437000,1.0858,1.08577,1570000,1250000
2021-03-11 15:03:04.465000,1.08582,1.08577,6010000,1000000
2021-03-11 15:03:04.567000,1.08585,1.0858,1500000,2510000
2021-03-11 15:03:04.668000,1.08584,1.08581,1000000,3320000
2021-03-11 15:03:05.597000,1.08583,1.08581,1120000,1250000
2021-03-11 15:03:08.373000,1.08582,1.0858,1200000,1250000
2021-03-11 15:03:09.317000,1.08584,1.08579,4570000,1250000
2021-03-11 15:03:13.882000,1.08582,1.08579,1000000,2570000
2021-03-11 15:03:14.185000,1.08583,1.08579,5700000,2570000
2021-03-11 15:03:14.871000,1.08583,1.08579,4320000,3700000
2021-03-11 15:03:15.574000,1.08583,1.0858,1120000,2510000
2021-03-11 15:03:15.776000,1.08582,1.0858,1000000,1760000
2021-03-11 15:03:16.761000,1.08582,1.0858,1000000,1690000
2021-03-11 15:03:17.805000,1.08582,1.0858,1000000,1820000
2021-03-11 15:03:17.906000,1.08583,1.0858,1000000,1250000
2021-03-11 15:03:18.008000,1.08582,1.0858,1000000,1760000
2021-03-11 15:03:19.639000,1.08578,1.08576,1000000,6000000
2021-03-11 15:03:19.741000,1.08575,1.08573,1000000,1500000
2021-03-11 15:03:19.892000,1.08575,1.08574,1000000,1250000
2021-03-11 15:03:19.994000,1.08576,1.08574,1870000,1690000
2021-03-11 15:03:21.208000,1.08578,1.08576,1120000,1760000
2021-03-11 15:03:21.613000,1.08578,1.08576,1000000,2440000
2021-03-11 15:03:21.866000,1.08577,1.08575,1000000,1500000
2021-03-11 15:03:23.068000,1.08577,1.08576,1000000,1000000
2021-03-11 15:03:23.170000,1.08578,1.08576,1000000,1100000
2021-03-11 15:03:26.253000,1.0858,1.08575,1000000,2510000
2021-03-11 15:03:27.801000,1.08577,1.08575,1950000,3190000
2021-03-11 15:03:27.903000,1.08575,1.08573,1000000,2890000
2021-03-11 15:03:29.633000,1.08575,1.08572,1930000,2510000
2021-03-11 15:03:29.785000,1.08573,1.08571,1000000,2510000
2021-03-11 15:03:29.886000,1.08572,1.0857,1000000,1250000
2021-03-11 15:03:31.530000,1.08572,1.08571,1000000,1000000
2021-03-11 15:03:31.581000,1.08574,1.08571,4060000,1500000
2021-03-11 15:03:32.036000,1.08572,1.08569,3950000,2120000
2021-03-11 15:03:33.406000,1.08574,1.08572,1500000,1690000
2021-03-11 15:03:34.825000,1.08569,1.08565,13390000,1500000
2021-03-11 15:03:34.876000,1.08566,1.08563,1120000,2140000
2021-03-11 15:03:34.927000,1.08569,1.08567,2320000,1750000
2021-03-11 15:03:35.028000,1.0857,1.08567,2700000,2440000
2021-03-11 15:03:35.130000,1.0857,1.08566,1000000,1000000
2021-03-11 15:03:35.332000,1.0857,1.08567,1000000,3640000
2021-03-11 15:03:35.434000,1.08571,1.08569,1000000,2440000
2021-03-11 15:03:36.047000,1.0857,1.08568,1000000,1500000
2021-03-11 15:03:36.524000,1.08571,1.0857,1000000,1000000
2021-03-11 15:03:36.575000,1.08573,1.08571,1200000,1690000
2021-03-11 15:03:36.676000,1.08574,1.08571,1200000,2500000
2021-03-11 15:03:36.829000,1.08576,1.08573,2470000,1250000
2021-03-11 15:03:37.226000,1.08576,1.08573,1950000,1250000
2021-03-11 15:03:38.281000,1.08577,1.08575,1570000,1250000
2021-03-11 15:03:38.382000,1.08577,1.08574,1570000,1690000
2021-03-11 15:03:39.298000,1.08578,1.08576,2620000,1250000
2021-03-11 15:03:39.399000,1.08581,1.08578,1570000,1690000
2021-03-11 15:03:39.897000,1.08581,1.08578,1000000,2950000
2021-03-11 15:03:39.998000,1.08582,1.08579,1000000,1690000
2021-03-11 15:03:43.806000,1.08582,1.08579,1000000,3690000
2021-03-11 15:03:44.207000,1.08583,1.08581,1000000,1500000
2021-03-11 15:03:49.755000,1.08582,1.0858,1000000,1250000
2021-03-11 15:03:49.857000,1.08582,1.08579,3640000,1000000
2021-03-11 15:03:50.827000,1.08583,1.0858,3260000,1000000
2021-03-11 15:03:51.384000,1.08583,1.08582,1250000,1000000
2021-03-11 15:03:51.485000,1.08584,1.08582,1120000,1000000
2021-03-11 15:03:52.167000,1.08584,1.0858,2140000,1000000
2021-03-11 15:03:55.191000,1.08583,1.08581,3760000,1000000
2021-03-11 15:03:55.404000,1.08583,1.0858,4510000,1000000
2021-03-11 15:03:59.270000,1.08581,1.08579,1310000,1000000
2021-03-11 15:03:59.422000,1.08582,1.0858,1120000,1000000
2021-03-11 15:04:00.003000,1.08581,1.08579,1310000,1000000
2021-03-11 15:04:00.256000,1.08582,1.0858,1870000,1000000
2021-03-11 15:04:00.358000,1.08582,1.08579,1000000,4010000
2021-03-11 15:04:01.808000,1.08584,1.08583,3000000,1000000
2021-03-11 15:04:01.859000,1.08585,1.08584,1570000,1500000
2021-03-11 15:04:02.315000,1.08585,1.08583,1000000,2700000
2021-03-11 15:04:02.621000,1.08585,1.08583,2500000,1000000
2021-03-11 15:04:02.723000,1.08585,1.08583,1250000,1000000
2021-03-11 15:04:03.926000,1.08586,1.08583,2140000,2440000
2021-03-11 15:04:05.884000,1.08587,1.08583,5260000,4070000
2021-03-11 15:04:05.985000,1.08587,1.08583,6260000,2700000
2021-03-11 15:04:12.164000,1.08588,1.08586,3370000,3940000
2021-03-11 15:04:12.266000,1.0859,1.08587,3640000,1000000
2021-03-11 15:04:13.389000,1.08592,1.0859,3120000,1000000
2021-03-11 15:04:13.493000,1.08594,1.0859,2890000,3260000
2021-03-11 15:04:14.658000,1.08592,1.0859,1250000,1000000
2021-03-11 15:04:14.709000,1.08589,1.08588,1310000,1000000
2021-03-11 15:04:14.811000,1.08589,1.08587,1310000,1000000
2021-03-11 15:04:14.913000,1.0859,1.08587,2510000,1250000
2021-03-11 15:04:15.014000,1.0859,1.08588,1760000,1000000
2021-03-11 15:04:16.243000,1.08588,1.08586,1750000,1120000
2021-03-11 15:04:16.294000,1.08585,1.08583,3250000,2250000
2021-03-11 15:04:16.396000,1.08584,1.08581,2510000,1500000
2021-03-11 15:04:17.958000,1.08586,1.08582,1690000,1950000
2021-03-11 15:04:18.060000,1.08586,1.08585,1690000,1000000
2021-03-11 15:04:18.111000,1.08588,1.08585,4760000,1000000
2021-03-11 15:04:18.566000,1.08588,1.08585,6700000,1000000
2021-03-11 15:04:21.819000,1.08587,1.08584,2890000,1000000
2021-03-11 15:04:21.869000,1.08584,1.08582,2200000,2620000
2021-03-11 15:04:21.971000,1.08584,1.08582,2510000,1000000
2021-03-11 15:04:23.008000,1.08586,1.08582,1840000,1000000
2021-03-11 15:04:23.109000,1.08586,1.08584,1390000,1500000
2021-03-11 15:04:27.302000,1.08585,1.08582,1750000,3900000
2021-03-11 15:04:29.881000,1.08583,1.0858,2890000,1250000
2021-03-11 15:04:29.982000,1.08583,1.0858,4450000,1000000
2021-03-11 15:04:36.168000,1.08583,1.0858,2510000,1310000
2021-03-11 15:04:38.944000,1.08583,1.0858,1120000,4450000
2021-03-11 15:04:39.153000,1.08584,1.08582,2320000,1000000
2021-03-11 15:04:39.204000,1.08586,1.08585,1000000,1000000
2021-03-11 15:04:39.306000,1.08589,1.08586,3820000,2060000
2021-03-11 15:04:40.522000,1.08589,1.08586,3100000,1690000
2021-03-11 15:04:40.573000,1.08585,1.08583,1000000,2370000
2021-03-11 15:04:40.625000,1.08585,1.08582,1120000,2210000
2021-03-11 15:04:40.726000,1.08586,1.08583,4890000,1000000
2021-03-11 15:04:40.981000,1.08586,1.08582,3100000,1000000
2021-03-11 15:04:41.082000,1.08584,1.08581,3200000,1250000
2021-03-11 15:04:42.069000,1.08584,1.08581,2890000,1000000
2021-03-11 15:04:47.171000,1.08585,1.08583,1120000,3450000
2021-03-11 15:04:47.272000,1.08588,1.08585,1390000,1000000
2021-03-11 15:04:47.373000,1.0859,1.08585,7010000,1000000
2021-03-11 15:04:47.475000,1.08589,1.08586,3640000,1000000
2021-03-11 15:04:47.779000,1.08589,1.08584,2570000,1500000
2021-03-11 15:04:52.375000,1.08587,1.08585,4450000,1000000
2021-03-11 15:04:52.477000,1.08588,1.08583,5720000,1000000
2021-03-11 15:04:52.903000,1.08587,1.08585,1310000,1000000
2021-03-11 15:04:53.004000,1.08589,1.08586,2950000,1000000
2021-03-11 15:04:53.939000,1.08589,1.08586,1760000,1250000
2021-03-11 15:04:56.028000,1.08589,1.08587,1010000,1000000
2021-03-11 15:04:56.231000,1.0859,1.08588,2440000,1500000
2021-03-11 15:04:56.282000,1.08594,1.08592,1570000,1000000
2021-03-11 15:04:56.383000,1.08596,1.08593,1850000,1500000
2021-03-11 15:04:56.535000,1.08597,1.08594,3470000,1000000
2021-03-11 15:04:56.738000,1.08597,1.08594,3320000,1000000
2021-03-11 15:04:57.515000,1.08598,1.08596,4090000,1000000
2021-03-11 15:04:57.617000,1.086,1.08598,3500000,1000000
2021-03-11 15:04:57.971000,1.08598,1.08596,1250000,1120000
2021-03-11 15:04:58.530000,1.08598,1.08595,8320000,1500000
2021-03-11 15:05:02.137000,1.08598,1.08594,7820000,1200000
2021-03-11 15:05:02.637000,1.08597,1.08593,2260000,2510000
2021-03-11 15:05:02.739000,1.08596,1.08593,1890000,1500000
2021-03-11 15:05:02.840000,1.08595,1.08592,1120000,1760000
2021-03-11 15:05:05.078000,1.08595,1.0859,2890000,2250000
2021-03-11 15:05:09.625000,1.08594,1.08591,4820000,1120000
2021-03-11 15:05:10.156000,1.08594,1.08591,4010000,1120000
2021-03-11 15:05:10.798000,1.08594,1.08591,4820000,1120000
2021-03-11 15:05:10.849000,1.08591,1.08589,3470000,1000000
2021-03-11 15:05:10.900000,1.0859,1.08587,1760000,4570000
2021-03-11 15:05:11.153000,1.0859,1.08587,1310000,3950000
2021-03-11 15:05:11.355000,1.08591,1.08588,4450000,1620000
2021-03-11 15:05:11.483000,1.08591,1.08588,3640000,1620000
2021-03-11 15:05:11.635000,1.08592,1.08589,2510000,1870000
2021-03-11 15:05:11.737000,1.08593,1.0859,3640000,1870000
2021-03-11 15:05:11.838000,1.08593,1.0859,4450000,1870000
2021-03-11 15:05:12.042000,1.08593,1.0859,3260000,1870000
2021-03-11 15:05:22.800000,1.08594,1.08589,6010000,1000000
2021-03-11 15:05:23.207000,1.0859,1.08588,1390000,2620000
2021-03-11 15:05:23.309000,1.0859,1.08588,3700000,1000000
2021-03-11 15:05:23.511000,1.08589,1.08587,1310000,1000000
2021-03-11 15:05:30.263000,1.08589,1.08587,1810000,1000000
2021-03-11 15:05:31.241000,1.08589,1.08587,1310000,1000000
2021-03-11 15:05:32.783000,1.08589,1.08586,1690000,3260000
2021-03-11 15:05:32.885000,1.08589,1.08586,6820000,1000000
2021-03-11 15:05:43,1.08586,1.08584,3370000,1000000
2021-03-11 15:05:43.102000,1.08586,1.08583,3620000,1570000
2021-03-11 15:05:44.699000,1.08586,1.08584,1870000,1010000
2021-03-11 15:05:44.750000,1.08589,1.08587,1120000,1690000
2021-03-11 15:05:44.852000,1.0859,1.08588,2320000,1120000
2021-03-11 15:05:44.953000,1.0859,1.08587,2320000,2440000
2021-03-11 15:05:46.003000,1.08589,1.08586,1310000,1950000
2021-03-11 15:05:46.104000,1.08589,1.08583,4010000,3640000
2021-03-11 15:05:46.256000,1.08588,1.08583,1010000,1500000
2021-03-11 15:05:46.358000,1.08587,1.08582,1250000,3450000
2021-03-11 15:05:46.878000,1.08586,1.08583,1570000,3310000
2021-03-11 15:05:46.981000,1.08587,1.08584,1120000,3640000
2021-03-11 15:05:50.169000,1.08588,1.08585,2510000,1000000
2021-03-11 15:05:50.271000,1.0859,1.08584,3640000,3260000
2021-03-11 15:05:50.372000,1.08589,1.08585,3260000,3390000
2021-03-11 15:05:53.933000,1.08589,1.08587,2510000,1000000
2021-03-11 15:05:54.472000,1.08589,1.08586,1000000,1000000
2021-03-11 15:05:54.523000,1.08588,1.08585,1250000,1500000
2021-03-11 15:05:54.628000,1.08588,1.08585,2660000,1500000
2021-03-11 15:05:54.730000,1.08586,1.08583,3040000,1500000
2021-03-11 15:05:55.222000,1.08587,1.08584,2510000,1120000
2021-03-11 15:05:56.494000,1.08587,1.08584,4450000,1000000
2021-03-11 15:05:56.546000,1.08585,1.08581,4600000,6390000
2021-03-11 15:05:57.268000,1.08585,1.08581,4970000,2440000
2021-03-11 15:05:58.479000,1.08584,1.0858,3640000,3070000
2021-03-11 15:05:58.580000,1.08581,1.08579,1000000,1000000
2021-03-11 15:05:58.681000,1.08581,1.08578,1000000,2890000
2021-03-11 15:06:00.593000,1.08581,1.08578,3890000,1000000
2021-03-11 15:06:00.694000,1.08581,1.08578,2890000,1000000
2021-03-11 15:06:00.846000,1.0858,1.08577,1000000,2890000
2021-03-11 15:06:03.153000,1.08581,1.08578,1950000,1690000
2021-03-11 15:06:03.254000,1.08582,1.08581,1000000,1690000
2021-03-11 15:06:03.305000,1.08585,1.0858,1570000,2060000
2021-03-11 15:06:03.407000,1.08583,1.0858,4010000,1000000
2021-03-11 15:06:07.174000,1.08585,1.08583,5750000,1000000
2021-03-11 15:06:07.225000,1.08586,1.08584,1200000,1000000
2021-03-11 15:06:08.191000,1.08587,1.08584,3260000,1000000
2021-03-11 15:06:09.605000,1.08586,1.08584,2120000,1120000
2021-03-11 15:06:10.363000,1.08586,1.08583,3320000,1500000
2021-03-11 15:06:11.236000,1.08587,1.08584,2320000,2190000
2021-03-11 15:06:11.338000,1.0859,1.08589,1120000,1000000
2021-03-11 15:06:11.389000,1.08592,1.0859,2440000,1000000
2021-03-11 15:06:15.268000,1.08595,1.0859,3560000,1000000
2021-03-11 15:06:15.369000,1.08594,1.08592,2060000,1000000
2021-03-11 15:06:15.471000,1.08596,1.08593,2250000,2140000
2021-03-11 15:06:17.332000,1.08597,1.08593,4760000,2140000
2021-03-11 15:06:17.951000,1.08593,1.08591,3320000,1870000
2021-03-11 15:06:18.053000,1.08594,1.08591,6470000,1000000
2021-03-11 15:06:18.510000,1.08593,1.08591,2120000,1000000
2021-03-11 15:06:21.257000,1.08592,1.0859,2950000,1000000
2021-03-11 15:06:21.359000,1.08592,1.08589,3320000,1000000
2021-03-11 15:06:21.781000,1.08592,1.0859,2950000,1000000
2021-03-11 15:06:21.882000,1.08593,1.0859,2440000,1390000
2021-03-11 15:06:21.984000,1.08593,1.08591,1250000,1000000
2021-03-11 15:06:22.461000,1.08595,1.08593,4900000,1000000
2021-03-11 15:06:22.967000,1.08597,1.08594,7660000,1000000
2021-03-11 15:06:23.069000,1.08598,1.08593,1760000,1000000
2021-03-11 15:06:32.913000,1.08597,1.08595,2140000,1000000
2021-03-11 15:06:33.015000,1.08598,1.08596,1000000,1120000
2021-03-11 15:06:33.663000,1.08599,1.08597,1120000,1000000
2021-03-11 15:06:33.714000,1.086,1.08599,1500000,1000000
2021-03-11 15:06:34.079000,1.08601,1.08596,1000000,2890000
2021-03-11 15:06:35.376000,1.08601,1.08598,3710000,1000000
2021-03-11 15:06:40.221000,1.08603,1.086,1500000,1000000
2021-03-11 15:06:40.322000,1.08602,1.086,4390000,1000000
2021-03-11 15:06:40.424000,1.08602,1.086,1810000,1000000
2021-03-11 15:06:42.653000,1.08602,1.08599,5260000,1000000
2021-03-11 15:06:42.805000,1.08601,1.08599,2560000,1000000
2021-03-11 15:06:45.193000,1.086,1.08598,3940000,1000000
2021-03-11 15:06:45.295000,1.08597,1.08593,3940000,1500000
2021-03-11 15:06:45.498000,1.08597,1.08595,1120000,1000000
2021-03-11 15:06:45.600000,1.08597,1.08594,1310000,2250000
2021-03-11 15:06:46.694000,1.08598,1.08593,6820000,1000000
2021-03-11 15:06:47.107000,1.08595,1.08593,1000000,2250000
2021-03-11 15:06:47.209000,1.08593,1.08591,1690000,1500000
2021-03-11 15:06:49.515000,1.08594,1.08591,1120000,2810000
2021-03-11 15:06:49.718000,1.08594,1.08593,1120000,1000000
2021-03-11 15:06:49.769000,1.08599,1.08597,14650000,1000000
2021-03-11 15:06:49.870000,1.08599,1.08597,1500000,2890000
2021-03-11 15:06:50.326000,1.08599,1.08597,1000000,1700000
2021-03-11 15:06:50.604000,1.08599,1.08597,1000000,1570000
2021-03-11 15:06:51.399000,1.086,1.08598,1120000,1390000
2021-03-11 15:06:51.537000,1.08601,1.08599,1500000,2250000
2021-03-11 15:06:51.840000,1.08601,1.08598,1000000,1390000
2021-03-11 15:06:53.949000,1.08601,1.08598,1120000,3320000
2021-03-11 15:06:54.050000,1.08601,1.08598,1310000,1950000
2021-03-11 15:06:54.152000,1.086,1.08597,1000000,4010000
2021-03-11 15:06:55.493000,1.086,1.08598,1000000,2510000
2021-03-11 15:06:55.594000,1.08601,1.08599,1120000,1500000
2021-03-11 15:06:55.696000,1.086,1.08598,1000000,1500000
2021-03-11 15:06:55.797000,1.086,1.08598,1000000,2950000
2021-03-11 15:06:55.899000,1.08601,1.08598,1390000,2620000
2021-03-11 15:06:56.355000,1.08601,1.08598,1500000,4140000
2021-03-11 15:06:56.608000,1.08603,1.08599,3260000,1500000
2021-03-11 15:06:56.710000,1.08601,1.086,1000000,1000000
2021-03-11 15:06:56.811000,1.08601,1.08599,1000000,1500000
2021-03-11 15:06:57.597000,1.08601,1.086,1000000,1000000
2021-03-11 15:06:59.153000,1.086,1.08598,1000000,1690000
2021-03-11 15:07:01.869000,1.086,1.08596,1000000,1250000
2021-03-11 15:07:04.646000,1.08597,1.08595,1000000,4870000
2021-03-11 15:07:04.697000,1.08594,1.08593,1000000,3750000
2021-03-11 15:07:04.799000,1.08594,1.08592,1120000,2700000
2021-03-11 15:07:06.414000,1.08596,1.08595,1870000,1000000
2021-03-11 15:07:06.515000,1.08597,1.08595,2620000,1000000
2021-03-11 15:07:09.695000,1.08599,1.08594,1390000,2250000
2021-03-11 15:07:11.019000,1.08599,1.08597,3560000,1120000
2021-03-11 15:07:11.171000,1.08601,1.08599,1000000,1250000
2021-03-11 15:07:11.272000,1.08602,1.08599,2320000,1310000
2021-03-11 15:07:11.694000,1.08603,1.086,5540000,1000000
2021-03-11 15:07:11.795000,1.08603,1.08601,4060000,1000000
2021-03-11 15:07:11.846000,1.08604,1.08603,1000000,1000000
2021-03-11 15:07:11.897000,1.08603,1.08602,1310000,1000000
2021-03-11 15:07:11.999000,1.08604,1.08602,1250000,1500000
2021-03-11 15:07:12.201000,1.08602,1.08601,1250000,1000000
2021-03-11 15:07:13.211000,1.08603,1.08601,2810000,1000000
2021-03-11 15:07:13.510000,1.08604,1.08601,2060000,1500000
2021-03-11 15:07:13.678000,1.08607,1.08602,4870000,1000000
2021-03-11 15:07:14.986000,1.08606,1.08604,1370000,1000000
2021-03-11 15:07:15.087000,1.08606,1.08603,1370000,1500000
2021-03-11 15:07:15.340000,1.08606,1.08604,1370000,1000000
2021-03-11 15:07:20.241000,1.08604,1.08602,2890000,1870000
2021-03-11 15:07:20.343000,1.08603,1.08602,1310000,1500000
2021-03-11 15:07:20.977000,1.08604,1.08602,2620000,1500000
2021-03-11 15:07:25.981000,1.08603,1.08602,2140000,1000000
2021-03-11 15:07:26.032000,1.08601,1.08599,2440000,2450000
2021-03-11 15:07:26.084000,1.08602,1.08597,2890000,1500000
2021-03-11 15:07:26.186000,1.086,1.08598,1250000,1500000
2021-03-11 15:07:26.237000,1.08599,1.08597,2260000,1000000
2021-03-11 15:07:28.214000,1.08599,1.08597,1690000,1000000
2021-03-11 15:07:29.224000,1.08599,1.08597,3010000,1000000
2021-03-11 15:07:34.307000,1.08598,1.08596,3640000,1000000
2021-03-11 15:07:35.202000,1.08598,1.08596,4510000,1000000
2021-03-11 15:07:36.187000,1.08598,1.08596,2140000,1000000
2021-03-11 15:07:37.768000,1.08597,1.08596,1000000,1000000
2021-03-11 15:07:37.870000,1.08598,1.08596,5510000,1000000
2021-03-11 15:07:38.194000,1.08598,1.08596,5260000,1000000
2021-03-11 15:07:39.140000,1.08598,1.08595,6760000,1500000
2021-03-11 15:07:39.343000,1.08595,1.08593,3700000,1000000
2021-03-11 15:07:39.445000,1.08594,1.08592,2510000,1870000
2021-03-11 15:07:40.188000,1.08595,1.08593,4200000,1000000
2021-03-11 15:07:40.239000,1.08598,1.08595,4110000,1500000
2021-03-11 15:07:40.341000,1.08598,1.08596,1760000,1000000
2021-03-11 15:07:40.695000,1.08599,1.08597,3700000,1000000
2021-03-11 15:07:48.237000,1.08599,1.08598,1250000,1000000
2021-03-11 15:07:48.338000,1.08601,1.08597,3260000,1000000
2021-03-11 15:07:48.723000,1.08604,1.08602,2700000,1000000
2021-03-11 15:07:48.875000,1.08605,1.08603,1370000,1000000
2021-03-11 15:07:49.299000,1.08604,1.08601,4160000,1500000
2021-03-11 15:07:49.603000,1.08604,1.08601,3640000,1500000
2021-03-11 15:07:49.857000,1.08604,1.08601,4160000,1500000
2021-03-11 15:07:54.494000,1.08603,1.086,2060000,2320000
2021-03-11 15:07:54.709000,1.08603,1.08601,2060000,1000000
2021-03-11 15:07:57.279000,1.08605,1.08601,2260000,1000000
2021-03-11 15:07:57.585000,1.08604,1.08601,3390000,1500000
2021-03-11 15:07:58.621000,1.08604,1.08602,3390000,1000000
2021-03-11 15:08:00.338000,1.08605,1.08601,2890000,1000000
2021-03-11 15:08:01.356000,1.08603,1.08601,2290000,1000000
2021-03-11 15:08:01.458000,1.08601,1.08598,6010000,1870000
2021-03-11 15:08:01.762000,1.08599,1.08597,1000000,2560000
2021-03-11 15:08:02.016000,1.086,1.08597,2820000,2060000
2021-03-11 15:08:03.458000,1.086,1.08597,1120000,2140000
2021-03-11 15:08:04.308000,1.086,1.08598,1120000,1000000
2021-03-11 15:08:04.409000,1.08601,1.08599,2810000,1000000
2021-03-11 15:08:06.001000,1.08601,1.08599,3760000,1000000
2021-03-11 15:08:07.088000,1.08601,1.08598,6780000,1000000
2021-03-11 15:08:07.574000,1.08596,1.08594,1200000,3750000
2021-03-11 15:08:07.676000,1.08595,1.08593,1000000,2620000
2021-03-11 15:08:07.778000,1.08594,1.08593,1000000,1870000
2021-03-11 15:08:08.347000,1.08596,1.08593,5550000,1500000
2021-03-11 15:08:09.693000,1.08595,1.08593,2700000,1500000
2021-03-11 15:08:10.008000,1.08595,1.08593,1330000,1000000
2021-03-11 15:08:10.951000,1.08596,1.08593,3260000,2250000
2021-03-11 15:08:11.206000,1.08596,1.08593,4530000,2250000
2021-03-11 15:08:11.309000,1.08595,1.08592,1120000,1570000
2021-03-11 15:08:11.512000,1.08595,1.08593,1120000,1000000
2021-03-11 15:08:11.613000,1.08595,1.08592,1120000,1950000
2021-03-11 15:08:11.868000,1.08595,1.08594,1120000,1000000
2021-03-11 15:08:11.969000,1.08598,1.08595,1650000,1000000
2021-03-11 15:08:12.071000,1.086,1.08597,3400000,1500000
2021-03-11 15:08:12.172000,1.08601,1.08598,4650000,1000000
2021-03-11 15:08:13.511000,1.086,1.08598,3320000,1500000
2021-03-11 15:08:13.629000,1.086,1.08596,4570000,1000000
2021-03-11 15:08:13.781000,1.08599,1.08596,5320000,1500000
2021-03-11 15:08:15.871000,1.08599,1.08597,1010000,1000000
2021-03-11 15:08:16.738000,1.08598,1.08596,4070000,1000000
2021-03-11 15:08:19.150000,1.08599,1.08596,3760000,1500000
2021-03-11 15:08:19.251000,1.08599,1.08596,2510000,1870000
2021-03-11 15:08:20.808000,1.08598,1.08596,1690000,1000000
2021-03-11 15:08:23.021000,1.08599,1.08596,2890000,1870000
2021-03-11 15:08:23.123000,1.08599,1.08597,1310000,1000000
2021-03-11 15:08:24.025000,1.08597,1.08595,2570000,1000000
2021-03-11 15:08:24.127000,1.08597,1.08595,1570000,1500000
2021-03-11 15:08:24.533000,1.08597,1.08595,5700000,1000000
2021-03-11 15:08:24.964000,1.08596,1.08594,1370000,1500000
2021-03-11 15:08:25.283000,1.08597,1.08595,3820000,1000000
2021-03-11 15:08:25.385000,1.08596,1.08594,1750000,1500000
2021-03-11 15:08:26.009000,1.08596,1.08593,3700000,2620000
2021-03-11 15:08:27.695000,1.08595,1.08593,2290000,1000000
2021-03-11 15:08:27.746000,1.08593,1.08592,2440000,1000000
2021-03-11 15:08:27.797000,1.08592,1.0859,3090000,1500000
2021-03-11 15:08:27.898000,1.08591,1.08589,1370000,1500000
2021-03-11 15:08:28.202000,1.0859,1.08587,2120000,3000000
2021-03-11 15:08:29.463000,1.08589,1.08586,2810000,2250000
2021-03-11 15:08:29.565000,1.08588,1.08586,1000000,2250000
2021-03-11 15:08:29.928000,1.0859,1.08585,3560000,1500000
2021-03-11 15:08:30.474000,1.08589,1.08586,4510000,1500000
2021-03-11 15:08:32.269000,1.0859,1.08589,1000000,1000000
2021-03-11 15:08:32.370000,1.08591,1.08589,1810000,2250000
2021-03-11 15:08:37.276000,1.08598,1.08594,2120000,1500000
2021-03-11 15:08:37.378000,1.08596,1.08594,1820000,1000000
2021-03-11 15:08:37.479000,1.08596,1.08594,2950000,1000000
2021-03-11 15:08:38.271000,1.08598,1.08594,2950000,1000000
2021-03-11 15:08:41.621000,1.08596,1.08593,2570000,3000000
2021-03-11 15:08:41.773000,1.08595,1.08593,1250000,1500000
2021-03-11 15:08:41.874000,1.08594,1.08592,1250000,1870000
2021-03-11 15:08:45.929000,1.08593,1.08591,2870000,1500000
2021-03-11 15:08:49.489000,1.08593,1.08591,2870000,1500000
2021-03-11 15:08:54.005000,1.08591,1.08589,1250000,1270000
2021-03-11 15:08:54.107000,1.0859,1.08587,1810000,2700000
2021-03-11 15:08:55.752000,1.08589,1.08586,3640000,2250000
2021-03-11 15:08:55.854000,1.0859,1.08587,5320000,1500000
2021-03-11 15:08:56.873000,1.08591,1.08587,3760000,3710000
2021-03-11 15:08:57.862000,1.08592,1.08591,1120000,1000000
2021-03-11 15:08:57.963000,1.08594,1.08591,8850000,1500000
2021-03-11 15:08:58.065000,1.08594,1.08592,5140000,1000000
2021-03-11 15:08:58.167000,1.08594,1.08592,2320000,1000000
2021-03-11 15:08:58.268000,1.08595,1.08593,3260000,1000000
2021-03-11 15:08:58.521000,1.08594,1.08592,2510000,1500000
2021-03-11 15:08:59.704000,1.08594,1.08592,3010000,1500000
2021-03-11 15:09:00.170000,1.08594,1.08592,1250000,1500000
2021-03-11 15:09:01.647000,1.08594,1.08592,2570000,1000000
2021-03-11 15:09:01.748000,1.08593,1.08591,2890000,1500000
2021-03-11 15:09:01.852000,1.08593,1.08592,1250000,1000000
2021-03-11 15:09:02.106000,1.08594,1.08592,2140000,1000000
2021-03-11 15:09:03.237000,1.08594,1.08592,1250000,1500000
2021-03-11 15:09:03.793000,1.08595,1.08591,1310000,1500000
2021-03-11 15:09:03.894000,1.08594,1.08592,1250000,1500000
2021-03-11 15:09:03.996000,1.08595,1.08592,4260000,1500000
2021-03-11 15:09:04.690000,1.08595,1.08592,2700000,1500000
2021-03-11 15:09:04.792000,1.08596,1.08593,1760000,1500000
2021-03-11 15:09:04.894000,1.08597,1.08595,2640000,1500000
2021-03-11 15:09:04.995000,1.08598,1.08594,2510000,1500000
2021-03-11 15:09:05.147000,1.08598,1.08596,1000000,2250000
2021-03-11 15:09:05.198000,1.08601,1.08596,3640000,1500000
2021-03-11 15:09:05.326000,1.086,1.08597,1390000,1500000
2021-03-11 15:09:06.213000,1.086,1.08597,2260000,1500000
2021-03-11 15:09:08.571000,1.08599,1.08598,1250000,1000000
2021-03-11 15:09:10.188000,1.086,1.08599,3190000,1000000
2021-03-11 15:09:10.290000,1.08602,1.086,3640000,1000000
2021-03-11 15:09:10.391000,1.08603,1.086,7570000,1000000
2021-03-11 15:09:11.070000,1.08603,1.086,4010000,1000000
2021-03-11 15:09:12.736000,1.08603,1.08601,1760000,1000000
2021-03-11 15:09:13.260000,1.08604,1.08601,2890000,1500000
2021-03-11 15:09:13.948000,1.08604,1.08602,1390000,1000000
2021-03-11 15:09:14.050000,1.08605,1.08603,1690000,1500000
2021-03-11 15:09:14.151000,1.08606,1.08603,1000000,1120000
2021-03-11 15:09:14.202000,1.08608,1.08605,4540000,1120000
2021-03-11 15:09:14.354000,1.08609,1.08606,1000000,1000000
2021-03-11 15:09:14.406000,1.0861,1.08607,1760000,2000000
2021-03-11 15:09:14.507000,1.08613,1.0861,6290000,1000000
2021-03-11 15:09:14.609000,1.0861,1.08608,1760000,1000000
2021-03-11 15:09:14.862000,1.0861,1.08607,1760000,2370000
2021-03-11 15:09:15.790000,1.0861,1.08607,1250000,2320000
2021-03-11 15:09:16.408000,1.08612,1.08608,3760000,1760000
2021-03-11 15:09:19.610000,1.08613,1.08611,2450000,1000000
2021-03-11 15:09:19.761000,1.08613,1.08611,1200000,1000000
2021-03-11 15:09:19.863000,1.08614,1.08611,2320000,1120000
2021-03-11 15:09:19.914000,1.08617,1.08615,1760000,1000000
2021-03-11 15:09:20.015000,1.08618,1.08617,1000000,1000000
2021-03-11 15:09:20.117000,1.0862,1.08617,4760000,1000000
2021-03-11 15:09:20.218000,1.08621,1.08616,5790000,1000000
2021-03-11 15:09:20.370000,1.08618,1.08615,2060000,1500000
2021-03-11 15:09:20.471000,1.08615,1.08613,2060000,1120000
2021-03-11 15:09:20.776000,1.08615,1.08612,3560000,1500000
2021-03-11 15:09:21.030000,1.08614,1.08612,1000000,1000000
2021-03-11 15:09:21.132000,1.08612,1.0861,1000000,1500000
2021-03-11 15:09:21.284000,1.08612,1.08611,1000000,1000000
2021-03-11 15:09:22.169000,1.08613,1.08611,1000000,1950000
2021-03-11 15:09:22.422000,1.08613,1.08612,1000000,1000000
2021-03-11 15:09:22.720000,1.08613,1.08611,1000000,1500000
2021-03-11 15:09:22.889000,1.08612,1.0861,1000000,1000000
2021-03-11 15:09:22.990000,1.08612,1.08609,1500000,2700000
2021-03-11 15:09:23.195000,1.08608,1.08606,1000000,3950000
2021-03-11 15:09:23.298000,1.08607,1.08605,1000000,1500000
2021-03-11 15:09:23.450000,1.08607,1.08605,1120000,1500000
2021-03-11 15:09:24.152000,1.08609,1.08604,3260000,1500000
2021-03-11 15:09:24.351000,1.08608,1.08604,1000000,1000000
2021-03-11 15:09:24.403000,1.08606,1.08603,1000000,5250000
2021-03-11 15:09:28.738000,1.08608,1.08605,3820000,1000000
2021-03-11 15:09:28.890000,1.08608,1.08604,2700000,2890000
2021-03-11 15:09:29.891000,1.08608,1.08605,3070000,1000000
2021-03-11 15:09:30.634000,1.08608,1.08604,5700000,5890000
2021-03-11 15:09:30.736000,1.08607,1.08604,1000000,2890000
2021-03-11 15:09:31.596000,1.08607,1.08605,1000000,1000000
2021-03-11 15:09:32.392000,1.08607,1.08604,1000000,2890000
2021-03-11 15:09:35.586000,1.08608,1.08606,1120000,1000000
2021-03-11 15:09:35.789000,1.08609,1.08606,3000000,1000000
2021-03-11 15:09:36.398000,1.0861,1.08607,3000000,3560000
2021-03-11 15:09:36.550000,1.0861,1.08607,6010000,1000000
2021-03-11 15:09:36.702000,1.08609,1.08606,2060000,1500000
2021-03-11 15:09:37.566000,1.08609,1.08606,2560000,1500000
2021-03-11 15:09:44.844000,1.08609,1.08607,1810000,1000000
2021-03-11 15:09:45.647000,1.08607,1.08605,2620000,1000000
2021-03-11 15:09:45.698000,1.08607,1.08603,3500000,1120000
2021-03-11 15:09:45.799000,1.08605,1.08603,1000000,1000000
2021-03-11 15:09:46.747000,1.08605,1.08604,1500000,1000000
2021-03-11 15:09:46.858000,1.08605,1.08603,1620000,1000000
2021-03-11 15:09:47.109000,1.08605,1.08603,2250000,1000000
2021-03-11 15:09:48.609000,1.08604,1.08602,3560000,1000000
2021-03-11 15:09:48.660000,1.08602,1.086,4390000,1120000
2021-03-11 15:09:48.761000,1.08602,1.086,1100000,1000000
2021-03-11 15:09:49.667000,1.08603,1.086,6410000,1000000
2021-03-11 15:09:50.137000,1.08604,1.08601,1810000,1000000
2021-03-11 15:09:50.188000,1.08604,1.08602,1120000,1000000
2021-03-11 15:09:52.349000,1.08603,1.08602,2620000,1000000
2021-03-11 15:09:52.450000,1.08603,1.086,2620000,2440000
2021-03-11 15:09:53.737000,1.08605,1.086,6640000,1000000
2021-03-11 15:09:57.214000,1.08603,1.086,2140000,2250000
2021-03-11 15:09:57.316000,1.08601,1.08599,7260000,1000000
2021-03-11 15:09:57.367000,1.08601,1.08596,5760000,2620000
2021-03-11 15:09:57.469000,1.08599,1.08597,5140000,1120000
2021-03-11 15:09:59.153000,1.08599,1.08596,5140000,1500000
2021-03-11 15:10:04.158000,1.08601,1.086,2810000,1000000
2021-03-11 15:10:04.299000,1.08601,1.08598,5200000,1000000
2021-03-11 15:10:04.602000,1.08601,1.08599,2500000,1000000
2021-03-11 15:10:04.906000,1.08601,1.08598,2570000,1000000
2021-03-11 15:10:05.260000,1.08601,1.08597,4950000,4010000
2021-03-11 15:10:06.049000,1.086,1.08598,4820000,1000000
2021-03-11 15:10:06.201000,1.08599,1.08597,2870000,1500000
2021-03-11 15:10:06.354000,1.08599,1.08596,3320000,2250000
2021-03-11 15:10:07.497000,1.08596,1.08594,1690000,1500000
2021-03-11 15:10:07.599000,1.08595,1.08593,3750000,1500000
2021-03-11 15:10:08.313000,1.08594,1.08592,2870000,1000000
2021-03-11 15:10:08.414000,1.08593,1.08591,2200000,1500000
2021-03-11 15:10:11.666000,1.0859,1.08588,2580000,1000000
2021-03-11 15:10:11.768000,1.08591,1.08586,1820000,1870000
2021-03-11 15:10:11.970000,1.08591,1.08588,4670000,1000000
2021-03-11 15:10:13.592000,1.08591,1.08588,1920000,1870000
2021-03-11 15:10:13.744000,1.08589,1.08587,6940000,1000000
2021-03-11 15:10:13.846000,1.08588,1.08586,2010000,1000000
2021-03-11 15:10:13.947000,1.08588,1.08587,1000000,1000000
2021-03-11 15:10:14.049000,1.0859,1.08586,1700000,1000000
2021-03-11 15:10:14.150000,1.08587,1.08586,1100000,1000000
2021-03-11 15:10:14.252000,1.08587,1.08585,2260000,1870000
2021-03-11 15:10:14.404000,1.08585,1.08582,1570000,2810000
2021-03-11 15:10:14.505000,1.08584,1.08581,4060000,2190000
2021-03-11 15:10:14.556000,1.08582,1.0858,1000000,2060000
2021-03-11 15:10:14.658000,1.08581,1.08579,3760000,1370000
2021-03-11 15:10:14.759000,1.0858,1.08578,1000000,2370000
2021-03-11 15:10:14.860000,1.08582,1.08579,6340000,2250000
2021-03-11 15:10:15.316000,1.08582,1.0858,1660000,1500000
2021-03-11 15:10:15.417000,1.08583,1.0858,3720000,2250000
2021-03-11 15:10:16.088000,1.08584,1.08582,1950000,1000000
2021-03-11 15:10:16.190000,1.08585,1.0858,3930000,1250000
2021-03-11 15:10:17.948000,1.08584,1.0858,3220000,1000000
2021-03-11 15:10:18.151000,1.08583,1.08581,1570000,1000000
2021-03-11 15:10:20.064000,1.08584,1.08581,3260000,1870000
2021-03-11 15:10:20.165000,1.08583,1.0858,3450000,1690000
2021-03-11 15:10:20.749000,1.08584,1.08582,1250000,1000000
2021-03-11 15:10:20.851000,1.08585,1.08582,5510000,1000000
2021-03-11 15:10:23.100000,1.08585,1.08583,1100000,1000000
2021-03-11 15:10:26.006000,1.08585,1.08582,4350000,1690000
2021-03-11 15:10:27.027000,1.08586,1.08583,6760000,1120000
2021-03-11 15:10:27.129000,1.08586,1.08583,5890000,1000000
2021-03-11 15:10:27.230000,1.08586,1.08583,6040000,1000000
2021-03-11 15:10:30.296000,1.08586,1.08582,1510000,1000000
2021-03-11 15:10:31.550000,1.08586,1.08583,1000000,1000000
2021-03-11 15:10:31.652000,1.08588,1.08586,1250000,1500000
2021-03-11 15:10:31.754000,1.08589,1.08586,4820000,1870000
2021-03-11 15:10:31.855000,1.08588,1.08585,1690000,1200000
2021-03-11 15:10:32.315000,1.08588,1.08584,1120000,1000000
2021-03-11 15:10:33.311000,1.08587,1.08585,3760000,1000000
2021-03-11 15:10:33.412000,1.08588,1.08583,3760000,3000000
2021-03-11 15:10:34.287000,1.08587,1.08584,2510000,1500000
2021-03-11 15:10:34.438000,1.08586,1.08583,6700000,1000000
2021-03-11 15:10:36.506000,1.08586,1.08583,1760000,1870000
2021-03-11 15:10:36.896000,1.08587,1.08583,1010000,1000000
2021-03-11 15:10:37.556000,1.08586,1.08583,1760000,1500000
2021-03-11 15:10:37.657000,1.08586,1.08583,3010000,1500000
2021-03-11 15:10:40.749000,1.08584,1.08582,1100000,1870000
2021-03-11 15:10:41.920000,1.08585,1.08582,5440000,1200000
2021-03-11 15:10:43.262000,1.08586,1.08581,7010000,1500000
2021-03-11 15:10:47.302000,1.08584,1.08582,1510000,1500000
2021-03-11 15:10:48.893000,1.08589,1.08585,3620000,1950000
2021-03-11 15:10:48.994000,1.0859,1.08587,4200000,1000000
2021-03-11 15:10:49.579000,1.08591,1.08587,2950000,1000000
2021-03-11 15:10:49.680000,1.0859,1.08587,2950000,1500000
2021-03-11 15:10:50.999000,1.0859,1.08588,3820000,1000000
2021-03-11 15:10:51.050000,1.08591,1.08588,1500000,3010000
2021-03-11 15:10:51.101000,1.08593,1.08591,7390000,1000000
2021-03-11 15:10:51.253000,1.08593,1.0859,1250000,1000000
2021-03-11 15:10:51.355000,1.0859,1.08588,1390000,1500000
2021-03-11 15:10:51.456000,1.08591,1.08589,5890000,1000000
2021-03-11 15:10:52.085000,1.08591,1.08588,8290000,1000000
2021-03-11 15:10:53.608000,1.08588,1.08586,1250000,1120000
2021-03-11 15:10:53.760000,1.08588,1.08586,4260000,1000000
2021-03-11 15:10:54.518000,1.08588,1.08586,1760000,1000000
2021-03-11 15:10:55.127000,1.08587,1.08586,1000000,1000000
2021-03-11 15:10:55.939000,1.08585,1.08583,6290000,1000000
2021-03-11 15:10:56.040000,1.08582,1.0858,2140000,2250000
2021-03-11 15:10:56.091000,1.0858,1.08578,1000000,2070000
2021-03-11 15:10:57.305000,1.08578,1.08576,1250000,1120000
2021-03-11 15:10:57.457000,1.08579,1.08577,4070000,1000000
2021-03-11 15:10:57.559000,1.08577,1.08575,4070000,1000000
2021-03-11 15:10:57.761000,1.08576,1.08574,2870000,1000000
2021-03-11 15:10:58.885000,1.08575,1.08573,2500000,1120000
2021-03-11 15:10:59.037000,1.08574,1.08572,2200000,1870000
2021-03-11 15:10:59.139000,1.08574,1.08572,1250000,1870000
2021-03-11 15:10:59.249000,1.08575,1.08572,2950000,1870000
2021-03-11 15:11:00.076000,1.08574,1.08572,1250000,1870000
2021-03-11 15:11:00.414000,1.08573,1.08571,1750000,2620000
2021-03-11 15:11:01.375000,1.08572,1.0857,1250000,1500000
2021-03-11 15:11:01.477000,1.08572,1.08569,4070000,1500000
2021-03-11 15:11:01.578000,1.0857,1.08568,2440000,1500000
2021-03-11 15:11:01.680000,1.0857,1.08568,2570000,1500000
2021-03-11 15:11:01.882000,1.0857,1.08569,1310000,1000000
2021-03-11 15:11:02.135000,1.08572,1.08569,4600000,1500000
2021-03-11 15:11:03.695000,1.08571,1.08569,1350000,1000000
2021-03-11 15:11:04.747000,1.08573,1.08571,2440000,1000000
2021-03-11 15:11:04.849000,1.08572,1.08571,1250000,1000000
2021-03-11 15:11:05.221000,1.08571,1.08567,1250000,3750000
2021-03-11 15:11:05.778000,1.08569,1.08568,1250000,1000000
2021-03-11 15:11:05.880000,1.08568,1.08565,2510000,2250000
2021-03-11 15:11:05.983000,1.08568,1.08565,6260000,1870000
2021-03-11 15:11:06.185000,1.08568,1.08564,3890000,1000000
2021-03-11 15:11:06.287000,1.08566,1.08563,10260000,1120000
2021-03-11 15:11:06.489000,1.08566,1.08563,2140000,1500000
2021-03-11 15:11:06.591000,1.08567,1.08565,4940000,1000000
2021-03-11 15:11:06.692000,1.08567,1.08565,1760000,1000000
2021-03-11 15:11:07.181000,1.08566,1.08564,1310000,1000000
2021-03-11 15:11:07.283000,1.08567,1.08562,2510000,2250000
2021-03-11 15:11:07.485000,1.08567,1.08562,4260000,2250000
2021-03-11 15:11:08.437000,1.08565,1.08563,2010000,1500000
2021-03-11 15:11:08.538000,1.08566,1.08563,6160000,1500000
2021-03-11 15:11:08.640000,1.08566,1.08564,1950000,1000000
2021-03-11 15:11:11.512000,1.08567,1.08565,1010000,1000000
2021-03-11 15:11:12.089000,1.08568,1.08566,3810000,1500000
2021-03-11 15:11:15.786000,1.08568,1.08566,1500000,1000000
2021-03-11 15:11:15.939000,1.08569,1.08567,2060000,1000000
2021-03-11 15:11:16.395000,1.0857,1.08568,4010000,1000000
2021-03-11 15:11:17.229000,1.08569,1.08567,6010000,1000000
2021-03-11 15:11:18.580000,1.08569,1.08567,5200000,1000000
2021-03-11 15:11:18.826000,1.08568,1.08566,1250000,1000000
2021-03-11 15:11:18.927000,1.08568,1.08565,2200000,2620000
2021-03-11 15:11:19.617000,1.08567,1.08565,1250000,1500000
2021-03-11 15:11:21.762000,1.08569,1.08567,2440000,1000000
2021-03-11 15:11:21.863000,1.08569,1.08568,1310000,1000000
2021-03-11 15:11:23.131000,1.08571,1.08568,4200000,1000000
2021-03-11 15:11:23.234000,1.08573,1.08572,1250000,1000000
2021-03-11 15:11:24.077000,1.08573,1.08571,1760000,1500000
2021-03-11 15:11:24.229000,1.08572,1.08571,1250000,1500000
2021-03-11 15:11:24.431000,1.08574,1.0857,2890000,1000000
2021-03-11 15:11:27.313000,1.08573,1.08572,1250000,1500000
2021-03-11 15:11:27.414000,1.08575,1.08571,2890000,1500000
2021-03-11 15:11:27.465000,1.08574,1.0857,3260000,1950000
2021-03-11 15:11:27.617000,1.08574,1.08572,3260000,1000000
2021-03-11 15:11:28.251000,1.08575,1.08572,1760000,1250000
2021-03-11 15:11:28.453000,1.08577,1.08574,4240000,1100000
2021-03-11 15:11:28.555000,1.08578,1.08575,2260000,1500000
2021-03-11 15:11:28.657000,1.08578,1.08575,1760000,1500000
2021-03-11 15:11:29.914000,1.08576,1.08575,1000000,1000000
2021-03-11 15:11:30.548000,1.08576,1.08574,1000000,2140000
2021-03-11 15:11:31.892000,1.08576,1.08575,1000000,1000000
2021-03-11 15:11:36.902000,1.08576,1.08574,1000000,2890000
2021-03-11 15:11:37.964000,1.08576,1.08573,2440000,1950000
2021-03-11 15:11:38.369000,1.08574,1.08572,1120000,1120000
2021-03-11 15:11:38.471000,1.08574,1.08571,1120000,2890000
2021-03-11 15:11:42.030000,1.08574,1.08571,1120000,2910000
2021-03-11 15:11:42.403000,1.08574,1.08571,1310000,2700000
2021-03-11 15:11:44.028000,1.08573,1.08571,1250000,2700000
2021-03-11 15:11:46.422000,1.08573,1.0857,2140000,2620000
2021-03-11 15:11:47.748000,1.0857,1.08569,1000000,1500000
2021-03-11 15:11:47.952000,1.0857,1.08568,1690000,1500000
2021-03-11 15:11:48.156000,1.08571,1.08567,1750000,1000000
2021-03-11 15:11:49.076000,1.08568,1.08566,1250000,2250000
2021-03-11 15:11:58.990000,1.0857,1.08566,4060000,4010000
2021-03-11 15:11:59.042000,1.0857,1.08568,1310000,1000000
2021-03-11 15:11:59.143000,1.0857,1.08568,1810000,1000000
2021-03-11 15:12:00.049000,1.0857,1.08568,1310000,1000000
2021-03-11 15:12:00.201000,1.08571,1.08569,1000000,1000000
2021-03-11 15:12:00.252000,1.08572,1.08569,4010000,1000000
2021-03-11 15:12:00.707000,1.08572,1.08569,1820000,2250000
2021-03-11 15:12:01.228000,1.0857,1.08567,3620000,1870000
2021-03-11 15:12:01.380000,1.08569,1.08567,2870000,1000000
2021-03-11 15:12:01.481000,1.0857,1.08565,2120000,2620000
2021-03-11 15:12:02.263000,1.08568,1.08566,1370000,1500000
2021-03-11 15:12:02.598000,1.08565,1.08564,1250000,1870000
2021-03-11 15:12:02.699000,1.08566,1.08564,1310000,1120000
2021-03-11 15:12:02.902000,1.08565,1.08564,1250000,1000000
2021-03-11 15:12:03.763000,1.08565,1.08562,3250000,1500000
2021-03-11 15:12:05.555000,1.08565,1.08561,7570000,1690000
2021-03-11 15:12:06.007000,1.08565,1.08562,1140000,1000000
2021-03-11 15:12:06.108000,1.08566,1.08563,1420000,4010000
2021-03-11 15:12:06.209000,1.08567,1.08564,5270000,1000000
2021-03-11 15:12:06.896000,1.08566,1.08564,1390000,1000000
2021-03-11 15:12:07.099000,1.08568,1.08563,3390000,1500000
2021-03-11 15:12:07.491000,1.08566,1.08564,1370000,1500000
2021-03-11 15:12:07.597000,1.08566,1.08563,3620000,1950000
2021-03-11 15:12:13.170000,1.08564,1.08561,1000000,7320000
2021-03-11 15:12:13.727000,1.08564,1.08561,1690000,7010000
2021-03-11 15:12:13.999000,1.08563,1.08561,1250000,2620000
2021-03-11 15:12:14.607000,1.08565,1.08562,3620000,1950000
2021-03-11 15:12:16.820000,1.08564,1.08562,2500000,1500000
2021-03-11 15:12:16.921000,1.08564,1.08562,2060000,1000000
2021-03-11 15:12:17.023000,1.08564,1.08561,2060000,2440000
2021-03-11 15:12:17.333000,1.08564,1.08561,2120000,2250000
2021-03-11 15:12:17.435000,1.0856,1.08558,1310000,1500000
2021-03-11 15:12:17.537000,1.08562,1.08558,1310000,1000000
2021-03-11 15:12:18.240000,1.0856,1.08558,1000000,1500000
2021-03-11 15:12:21.812000,1.08559,1.08557,1310000,1870000
2021-03-11 15:12:22.065000,1.0856,1.08558,1750000,1000000
2021-03-11 15:12:22.166000,1.08561,1.08558,4330000,1500000
2021-03-11 15:12:23.404000,1.08561,1.08558,1390000,1500000
2021-03-11 15:12:23.506000,1.08563,1.0856,6640000,1000000
2021-03-11 15:12:24.537000,1.08562,1.0856,2500000,1000000
2021-03-11 15:12:24.639000,1.08562,1.0856,2060000,1000000
2021-03-11 15:12:24.741000,1.08565,1.08563,3120000,1000000
2021-03-11 15:12:24.842000,1.08565,1.08563,1250000,1120000
2021-03-11 15:12:27.133000,1.08568,1.08564,1870000,1500000
2021-03-11 15:12:27.185000,1.08568,1.08565,2510000,1870000
2021-03-11 15:12:27.287000,1.08569,1.08566,5030000,1000000
2021-03-11 15:12:31.749000,1.08569,1.08567,1800000,1000000
2021-03-11 15:12:32.154000,1.08569,1.08567,1300000,1000000
2021-03-11 15:12:37.460000,1.08571,1.08566,2660000,1500000
2021-03-11 15:12:38.511000,1.0857,1.08567,3160000,1870000
2021-03-11 15:12:39.183000,1.0857,1.08568,1000000,2250000
2021-03-11 15:12:39.285000,1.0857,1.08568,1250000,3750000
2021-03-11 15:12:39.336000,1.08572,1.0857,2700000,1000000
2021-03-11 15:12:40.750000,1.08573,1.0857,4370000,1500000
2021-03-11 15:12:41.622000,1.08573,1.08571,2510000,1000000
2021-03-11 15:12:41.724000,1.08576,1.08571,4000000,1870000
2021-03-11 15:12:41.775000,1.08576,1.08574,2500000,1000000
2021-03-11 15:12:41.876000,1.08577,1.08574,2870000,1500000
2021-03-11 15:12:42.608000,1.08577,1.08574,2060000,1390000
2021-03-11 15:12:42.659000,1.0858,1.08578,3190000,1000000
2021-03-11 15:12:42.761000,1.0858,1.08578,2690000,1000000
2021-03-11 15:12:43.128000,1.0858,1.08578,1120000,1000000
2021-03-11 15:12:43.280000,1.08581,1.08579,1370000,1000000
2021-03-11 15:12:43.543000,1.08581,1.08578,1370000,3000000
2021-03-11 15:12:45.741000,1.08582,1.08579,3150000,1000000
2021-03-11 15:12:45.845000,1.08582,1.08579,3150000,1000000
2021-03-11 15:12:46.047000,1.08582,1.08579,2960000,1000000
2021-03-11 15:12:46.149000,1.08584,1.08582,1460000,1000000
2021-03-11 15:12:46.251000,1.08584,1.08581,1960000,1500000
2021-03-11 15:12:47.805000,1.08583,1.08581,2240000,1000000
2021-03-11 15:12:50.549000,1.08584,1.08582,2810000,1000000
2021-03-11 15:12:51.814000,1.08585,1.08583,3820000,1000000
2021-03-11 15:12:54.430000,1.08586,1.08583,3070000,2070000
2021-03-11 15:12:54.532000,1.08588,1.08585,2260000,2620000
2021-03-11 15:12:55.341000,1.08588,1.08586,2070000,1000000
2021-03-11 15:12:55.442000,1.08588,1.08586,1120000,1000000
2021-03-11 15:13:00.417000,1.08591,1.08586,2370000,2070000
2021-03-11 15:13:00.518000,1.08592,1.0859,1620000,1570000
2021-03-11 15:13:00.569000,1.08595,1.08592,3050000,1000000
2021-03-11 15:13:00.670000,1.08594,1.08592,2360000,1000000
2021-03-11 15:13:00.923000,1.08594,1.08592,2140000,1000000
2021-03-11 15:13:01.075000,1.08593,1.08592,1390000,1000000
2021-03-11 15:13:01.177000,1.08594,1.08592,4090000,1000000
2021-03-11 15:13:01.430000,1.08594,1.08592,4110000,1000000
2021-03-11 15:13:01.531000,1.08594,1.08592,1390000,1000000
2021-03-11 15:13:02.959000,1.08595,1.08593,1910000,1000000
2021-03-11 15:13:03.566000,1.08596,1.08594,2510000,1000000
2021-03-11 15:13:06.683000,1.08598,1.08595,4400000,1250000
2021-03-11 15:13:06.784000,1.086,1.08595,2640000,1100000
2021-03-11 15:13:06.936000,1.08599,1.08596,2960000,1000000
2021-03-11 15:13:08.407000,1.086,1.08598,1620000,1000000
2021-03-11 15:13:08.508000,1.08601,1.08598,4960000,1000000
2021-03-11 15:13:09.987000,1.08601,1.08598,1870000,1390000
2021-03-11 15:13:11.032000,1.08601,1.08598,2820000,1250000
2021-03-11 15:13:12.032000,1.08601,1.08598,2700000,1310000
2021-03-11 15:13:12.967000,1.08601,1.08598,1870000,1510000
2021-03-11 15:13:13.676000,1.08602,1.086,2320000,1250000
2021-03-11 15:13:13.727000,1.08606,1.08604,4200000,1000000
2021-03-11 15:13:16.323000,1.08606,1.08602,1200000,1000000
2021-03-11 15:13:16.424000,1.08602,1.086,4090000,1000000
2021-03-11 15:13:16.526000,1.08601,1.086,1120000,1000000
2021-03-11 15:13:16.627000,1.08601,1.08599,2250000,1000000
2021-03-11 15:13:16.779000,1.08601,1.08598,1870000,2440000
2021-03-11 15:13:17.604000,1.08603,1.086,4810000,1500000
2021-03-11 15:13:17.706000,1.08603,1.08601,1000000,1000000
2021-03-11 15:13:17.808000,1.08605,1.08602,3000000,1250000
2021-03-11 15:13:19.384000,1.08605,1.08603,1000000,1000000
2021-03-11 15:13:19.737000,1.08606,1.08603,4090000,1000000
2021-03-11 15:13:24.071000,1.08606,1.08603,3760000,1500000
2021-03-11 15:13:25.731000,1.08604,1.08602,3640000,1000000
2021-03-11 15:13:25.832000,1.08604,1.08601,1200000,1000000
2021-03-11 15:13:27.507000,1.08603,1.08601,1200000,1000000
2021-03-11 15:13:29.611000,1.08603,1.086,2990000,1000000
2021-03-11 15:13:29.713000,1.08601,1.08599,1700000,1000000
2021-03-11 15:13:30.764000,1.08601,1.08599,1200000,1000000
2021-03-11 15:13:31.033000,1.08599,1.08598,3750000,1250000
2021-03-11 15:13:31.084000,1.08598,1.08596,3300000,1000000
2021-03-11 15:13:33.855000,1.08598,1.08595,5740000,1500000
2021-03-11 15:13:34.674000,1.08598,1.08595,1620000,3790000
2021-03-11 15:13:34.725000,1.08599,1.08597,1000000,1000000
2021-03-11 15:13:34.777000,1.086,1.08598,1500000,2200000
2021-03-11 15:13:34.828000,1.08602,1.086,1500000,1250000
2021-03-11 15:13:34.929000,1.08604,1.08601,6410000,1000000
2021-03-11 15:13:35.183000,1.08604,1.08601,4010000,1000000
2021-03-11 15:13:35.739000,1.08604,1.08601,4960000,1000000
2021-03-11 15:13:36.350000,1.08605,1.08602,2560000,2700000
2021-03-11 15:13:36.451000,1.08606,1.08601,2060000,2700000
2021-03-11 15:13:40.341000,1.08606,1.08604,1570000,1000000
2021-03-11 15:13:40.444000,1.0861,1.08608,1500000,1000000
2021-03-11 15:13:40.545000,1.08611,1.08606,1000000,3760000
2021-03-11 15:13:40.648000,1.08612,1.08609,5000000,1120000
2021-03-11 15:13:40.952000,1.08608,1.08606,1690000,1500000
2021-03-11 15:13:41.053000,1.08608,1.08606,4540000,1000000
2021-03-11 15:13:42.281000,1.08608,1.08607,2890000,1000000
2021-03-11 15:13:42.382000,1.08608,1.08607,1010000,1000000
2021-03-11 15:13:45.637000,1.0861,1.08608,1840000,1120000
2021-03-11 15:13:47.881000,1.0861,1.08608,3440000,1120000
2021-03-11 15:13:47.983000,1.0861,1.08607,3890000,1500000
2021-03-11 15:13:48.084000,1.0861,1.08608,3890000,1000000
2021-03-11 15:13:48.337000,1.0861,1.08608,2890000,1000000
2021-03-11 15:13:48.772000,1.08612,1.0861,1090000,1500000
2021-03-11 15:13:49.075000,1.08612,1.08609,2730000,1000000
2021-03-11 15:13:49.177000,1.08612,1.08609,3730000,1000000
2021-03-11 15:13:49.278000,1.08611,1.08608,1390000,1120000
2021-03-11 15:13:49.380000,1.08611,1.08607,3810000,5250000
2021-03-11 15:13:50.504000,1.08611,1.08609,1000000,2250000
2021-03-11 15:13:50.605000,1.08614,1.08613,1120000,1000000
2021-03-11 15:13:53.052000,1.08616,1.08614,1100000,1000000
2021-03-11 15:13:53.153000,1.08617,1.08615,1010000,1000000
2021-03-11 15:13:56.380000,1.08618,1.08616,1100000,2250000
2021-03-11 15:13:56.481000,1.08619,1.08617,1100000,1000000
2021-03-11 15:13:56.583000,1.0862,1.08618,2660000,1120000
2021-03-11 15:13:56.684000,1.08618,1.08616,4010000,1500000
2021-03-11 15:13:56.786000,1.08616,1.08614,1100000,1500000
2021-03-11 15:13:56.939000,1.08615,1.08613,1200000,1000000
2021-03-11 15:13:59.941000,1.08616,1.08613,4150000,1000000
2021-03-11 15:14:00.234000,1.08616,1.08613,4750000,1000000
2021-03-11 15:14:04.047000,1.08617,1.08613,3330000,1000000
2021-03-11 15:14:05.111000,1.08616,1.08613,4080000,1500000
2021-03-11 15:14:05.213000,1.08616,1.08614,3180000,1000000
2021-03-11 15:14:05.466000,1.08617,1.08615,2320000,1120000
2021-03-11 15:14:07.978000,1.08619,1.08617,1600000,1000000
2021-03-11 15:14:08.441000,1.0862,1.08619,1870000,1000000
2021-03-11 15:14:08.492000,1.08621,1.08619,1650000,1870000
2021-03-11 15:14:08.695000,1.08623,1.08619,4460000,2440000
2021-03-11 15:14:09.196000,1.08623,1.08619,4900000,3190000
2021-03-11 15:14:10.671000,1.08622,1.08617,4050000,2750000
2021-03-11 15:14:10.722000,1.0862,1.08617,3350000,1500000
2021-03-11 15:14:11.025000,1.0862,1.08618,2660000,1000000
2021-03-11 15:14:11.228000,1.0862,1.08619,1100000,1000000
2021-03-11 15:14:11.632000,1.08621,1.08619,2960000,1000000
2021-03-11 15:14:12.608000,1.08621,1.08619,4310000,1000000
2021-03-11 15:14:12.964000,1.0862,1.08616,2810000,1000000
2021-03-11 15:14:13.015000,1.08619,1.08614,1950000,2620000
2021-03-11 15:14:13.117000,1.08616,1.08612,2140000,3000000
2021-03-11 15:14:13.219000,1.08612,1.08609,1690000,6450000
2021-03-11 15:14:13.325000,1.08611,1.08609,1690000,1870000
2021-03-11 15:14:14.032000,1.08612,1.08609,4010000,2000000
2021-03-11 15:14:14.386000,1.08613,1.0861,4010000,1500000
2021-03-11 15:14:15.646000,1.08613,1.0861,2060000,1600000
2021-03-11 15:14:15.748000,1.08613,1.0861,2060000,1100000
2021-03-11 15:14:15.900000,1.08612,1.0861,1250000,1000000
2021-03-11 15:14:16.001000,1.08612,1.08609,2440000,2250000
2021-03-11 15:14:16.333000,1.0861,1.08607,4850000,1120000
2021-03-11 15:14:17.286000,1.08609,1.08606,1250000,3640000
2021-03-11 15:14:18.284000,1.0861,1.08607,1000000,3010000
2021-03-11 15:14:18.385000,1.08613,1.08611,1000000,1500000
2021-03-11 15:14:18.486000,1.08615,1.0861,1690000,1570000
2021-03-11 15:14:18.638000,1.08614,1.0861,3860000,3640000
2021-03-11 15:14:18.946000,1.08614,1.08611,1390000,1000000
2021-03-11 15:14:20.856000,1.08613,1.08611,4450000,1000000
2021-03-11 15:14:20.907000,1.08611,1.08607,1000000,3500000
2021-03-11 15:14:21.009000,1.0861,1.08608,2890000,1000000
2021-03-11 15:14:21.111000,1.08611,1.08608,4450000,2000000
2021-03-11 15:14:21.213000,1.08611,1.08608,4450000,1500000
2021-03-11 15:14:21.483000,1.08611,1.08608,1690000,1570000
2021-03-11 15:14:21.584000,1.08611,1.08609,1000000,1100000
2021-03-11 15:14:24.160000,1.08613,1.08611,1500000,1100000
2021-03-11 15:14:24.261000,1.08614,1.08612,3190000,1000000
2021-03-11 15:14:24.514000,1.08616,1.08613,2890000,1950000
2021-03-11 15:14:24.616000,1.08616,1.08613,1690000,3100000
2021-03-11 15:14:24.970000,1.08616,1.08613,1000000,1570000
2021-03-11 15:14:25.933000,1.08616,1.08613,4910000,1000000
2021-03-11 15:14:26.229000,1.08615,1.08612,1200000,1500000
2021-03-11 15:14:31.100000,1.08613,1.08611,5140000,1000000
2021-03-11 15:14:31.201000,1.08611,1.08609,1250000,1100000
2021-03-11 15:14:32.862000,1.08614,1.0861,2060000,1000000
2021-03-11 15:14:33.809000,1.08614,1.08611,2060000,1010000
2021-03-11 15:14:33.911000,1.08615,1.08612,1750000,1570000
2021-03-11 15:14:35.495000,1.08613,1.08611,1000000,2890000
2021-03-11 15:14:35.647000,1.08614,1.08612,4690000,1000000
2021-03-11 15:14:37.776000,1.08613,1.08611,1000000,1000000
2021-03-11 15:14:38.162000,1.08614,1.08612,2060000,1000000
2021-03-11 15:14:39.585000,1.08615,1.08613,2500000,1000000
2021-03-11 15:14:39.687000,1.08615,1.08613,1000000,1570000
2021-03-11 15:14:39.890000,1.08618,1.08613,3690000,1100000
2021-03-11 15:14:39.991000,1.08617,1.08614,1310000,1100000
2021-03-11 15:14:40.723000,1.08617,1.08614,3810000,1100000
2021-03-11 15:14:40.825000,1.08616,1.08613,2060000,1100000
2021-03-11 15:14:41.796000,1.08616,1.08613,3310000,1100000
2021-03-11 15:14:42.798000,1.08616,1.08613,2440000,1100000
2021-03-11 15:14:43.751000,1.08616,1.08613,5760000,1000000
2021-03-11 15:14:44.448000,1.08615,1.08612,7390000,1120000
2021-03-11 15:14:45.534000,1.08615,1.08612,3640000,1000000
2021-03-11 15:14:46.276000,1.08615,1.08613,1000000,1950000
2021-03-11 15:14:46.378000,1.08617,1.08614,2060000,1570000
2021-03-11 15:14:46.479000,1.08618,1.08615,2510000,1500000
2021-03-11 15:14:51.444000,1.08618,1.08615,3900000,2250000
2021-03-11 15:14:55.077000,1.08618,1.08614,5400000,2510000
2021-03-11 15:14:55.832000,1.08618,1.08614,3030000,7390000
2021-03-11 15:14:55.933000,1.08618,1.08614,2280000,8290000
2021-03-11 15:14:58.157000,1.08618,1.08615,3310000,1500000
2021-03-11 15:14:58.437000,1.08618,1.08615,4150000,1500000
2021-03-11 15:14:58.538000,1.08617,1.08614,1120000,3640000
2021-03-11 15:15:01.565000,1.08619,1.08617,2370000,1950000
