time,ask,bid,ask_volume,bid_volume
2021-04-15 14:25:01.594000,1.08672,1.08669,1500000,1500000
2021-04-15 14:25:01.695000,1.08671,1.08669,3450000,1000000
2021-04-15 14:25:01.899000,1.0867,1.08668,3000000,1000000
2021-04-15 14:25:02.001000,1.08669,1.08667,1000000,1000000
2021-04-15 14:25:05.564000,1.08668,1.08666,1000000,1500000
2021-04-15 14:25:07.081000,1.08668,1.08665,2820000,3190000
2021-04-15 14:25:07.132000,1.08666,1.08662,1000000,2700000
2021-04-15 14:25:08.102000,1.08665,1.08662,4570000,1500000
2021-04-15 14:25:08.204000,1.08664,1.08662,1000000,1000000
2021-04-15 14:25:12.167000,1.08663,1.08662,1000000,1500000
2021-04-15 14:25:18.324000,1.08664,1.08662,1500000,1500000
2021-04-15 14:25:18.426000,1.08665,1.08663,1000000,1000000
2021-04-15 14:25:18.805000,1.08667,1.08664,1870000,3190000
2021-04-15 14:25:18.958000,1.08667,1.08665,1000000,1000000
2021-04-15 14:25:19.983000,1.08668,1.08666,1870000,1250000
2021-04-15 14:25:20.085000,1.08668,1.08667,1000000,1000000
2021-04-15 14:25:20.406000,1.08667,1.08666,1000000,1000000
2021-04-15 14:25:20.508000,1.08667,1.08665,1000000,2440000
2021-04-15 14:25:27.123000,1.08666,1.08663,1500000,3000000
2021-04-15 14:25:28.234000,1.08665,1.08663,1000000,1500000
2021-04-15 14:25:28.862000,1.08664,1.08663,1000000,1000000
2021-04-15 14:25:28.964000,1.08664,1.08662,1000000,1000000
2021-04-15 14:25:30.523000,1.08662,1.0866,1870000,2810000
2021-04-15 14:25:30.625000,1.08661,1.08659,1500000,1100000
2021-04-15 14:25:30.726000,1.0866,1.08658,1000000,1690000
2021-04-15 14:25:31.609000,1.08661,1.08658,1500000,3190000
2021-04-15 14:25:34.033000,1.0866,1.08658,1000000,2440000
2021-04-15 14:25:35.990000,1.08662,1.0866,2250000,1000000
2021-04-15 14:25:36.142000,1.08662,1.08661,1000000,1000000
2021-04-15 14:25:36.243000,1.08663,1.08661,1500000,2440000
2021-04-15 14:25:36.345000,1.08664,1.08662,1000000,3190000
2021-04-15 14:25:36.765000,1.08664,1.08663,1000000,1000000
2021-04-15 14:25:37.536000,1.08664,1.08662,1000000,3190000
2021-04-15 14:25:37.638000,1.08663,1.08662,1000000,1000000
2021-04-15 14:25:38.570000,1.08663,1.08661,1000000,1000000
2021-04-15 14:25:40.440000,1.08661,1.08659,2320000,1100000
2021-04-15 14:25:40.542000,1.08659,1.08656,3000000,5250000
2021-04-15 14:25:40.643000,1.08659,1.08656,3500000,2250000
2021-04-15 14:25:43.147000,1.08658,1.08657,1120000,1500000
2021-04-15 14:25:43.360000,1.0866,1.08656,1870000,2250000
2021-04-15 14:25:43.613000,1.0866,1.08658,2620000,1690000
2021-04-15 14:25:43.727000,1.08662,1.08659,3000000,1000000
2021-04-15 14:25:43.880000,1.08662,1.0866,1310000,1000000
2021-04-15 14:25:44.858000,1.08662,1.08659,1000000,4500000
2021-04-15 14:25:45.214000,1.08661,1.08659,1500000,1000000
2021-04-15 14:25:45.316000,1.08661,1.08657,1870000,1000000
2021-04-15 14:25:47.429000,1.0866,1.08657,1000000,6190000
2021-04-15 14:25:47.980000,1.0866,1.08659,1120000,1250000
2021-04-15 14:25:48.132000,1.0866,1.08658,1000000,1690000
2021-04-15 14:25:49.939000,1.08661,1.0866,1120000,1250000
2021-04-15 14:25:49.990000,1.08663,1.08661,2620000,1500000
2021-04-15 14:25:50.142000,1.08663,1.08662,1000000,1000000
2021-04-15 14:25:50.719000,1.08663,1.08661,1000000,2250000
2021-04-15 14:25:51.174000,1.08664,1.08661,1120000,2250000
2021-04-15 14:25:52.236000,1.08664,1.08662,1000000,1000000
2021-04-15 14:25:52.866000,1.08665,1.08662,2250000,1500000
2021-04-15 14:25:52.968000,1.08665,1.08662,2750000,2250000
2021-04-15 14:25:53.730000,1.08665,1.08662,2250000,2250000
2021-04-15 14:25:54.562000,1.08663,1.08661,1870000,1000000
2021-04-15 14:25:54.664000,1.08664,1.0866,2750000,1000000
2021-04-15 14:25:55.318000,1.08661,1.08658,3370000,1000000
2021-04-15 14:25:55.420000,1.0866,1.08658,3120000,1000000
2021-04-15 14:25:55.522000,1.0866,1.08658,1870000,1000000
2021-04-15 14:25:55.624000,1.08659,1.08657,1000000,2250000
2021-04-15 14:25:55.989000,1.0866,1.08657,2750000,2440000
2021-04-15 14:25:56.091000,1.0866,1.08657,2620000,2440000
2021-04-15 14:25:56.192000,1.0866,1.08657,2750000,2440000
2021-04-15 14:25:56.757000,1.0866,1.08658,2000000,1000000
2021-04-15 14:25:56.909000,1.0866,1.08657,2000000,3190000
2021-04-15 14:25:57.052000,1.0866,1.08657,1870000,3190000
2021-04-15 14:25:57.209000,1.08659,1.08657,1000000,1500000
2021-04-15 14:25:59.145000,1.08661,1.08658,3870000,2500000
2021-04-15 14:25:59.247000,1.08661,1.08658,1870000,3250000
2021-04-15 14:25:59.349000,1.0866,1.08658,1120000,1500000
2021-04-15 14:25:59.450000,1.08661,1.08658,3000000,1500000
2021-04-15 14:26:00.296000,1.08662,1.08656,7250000,3560000
2021-04-15 14:26:00.397000,1.0866,1.08657,4250000,1500000
2021-04-15 14:26:07.607000,1.08661,1.08657,4870000,4310000
2021-04-15 14:26:07.709000,1.08661,1.08658,2250000,1000000
2021-04-15 14:26:08.166000,1.0866,1.08657,2250000,5060000
2021-04-15 14:26:09.962000,1.08659,1.08657,1000000,2440000
2021-04-15 14:26:11.513000,1.08659,1.08656,1120000,6370000
2021-04-15 14:26:11.716000,1.0866,1.08656,1000000,1000000
2021-04-15 14:26:12.178000,1.0866,1.08655,3200000,2250000
2021-04-15 14:26:15.159000,1.08659,1.08656,2250000,2250000
2021-04-15 14:26:15.362000,1.08659,1.08656,2370000,3190000
2021-04-15 14:26:15.464000,1.08659,1.08656,1870000,6560000
2021-04-15 14:26:16.039000,1.08658,1.08656,1000000,1500000
2021-04-15 14:26:25.267000,1.08659,1.08657,1500000,1000000
2021-04-15 14:26:28.287000,1.08658,1.08657,1000000,1000000
2021-04-15 14:26:28.749000,1.08657,1.08654,3370000,2250000
2021-04-15 14:26:28.850000,1.08656,1.08654,2250000,1000000
2021-04-15 14:26:28.952000,1.08656,1.08653,2250000,2440000
2021-04-15 14:26:29.927000,1.08655,1.08653,1000000,1120000
2021-04-15 14:26:30.028000,1.08654,1.08652,1620000,1000000
2021-04-15 14:26:30.130000,1.08653,1.08651,1000000,2440000
2021-04-15 14:26:31.170000,1.08654,1.08652,1000000,1690000
2021-04-15 14:26:31.221000,1.08658,1.08656,1870000,1000000
2021-04-15 14:26:31.322000,1.08658,1.08655,3000000,3190000
2021-04-15 14:26:39.023000,1.08658,1.08656,2250000,1000000
2021-04-15 14:26:45.958000,1.08655,1.08654,1000000,1250000
2021-04-15 14:26:46.009000,1.08656,1.08652,1000000,3560000
2021-04-15 14:26:47.626000,1.08656,1.08653,1870000,2440000
2021-04-15 14:26:48.030000,1.08658,1.08653,3450000,1500000
2021-04-15 14:26:48.132000,1.08657,1.08655,1000000,2440000
2021-04-15 14:26:48.233000,1.08658,1.08655,2250000,2440000
2021-04-15 14:26:52.779000,1.08659,1.08658,1120000,1690000
2021-04-15 14:26:52.881000,1.0866,1.08658,1120000,3190000
2021-04-15 14:26:54.740000,1.08662,1.08657,1870000,2060000
2021-04-15 14:26:55.591000,1.08662,1.08659,4120000,1000000
2021-04-15 14:26:55.692000,1.08662,1.08659,4250000,1000000
2021-04-15 14:26:57.107000,1.08662,1.0866,1870000,1250000
2021-04-15 14:26:57.209000,1.08664,1.08662,1000000,1000000
2021-04-15 14:26:57.360000,1.08666,1.08661,1870000,1500000
2021-04-15 14:26:57.462000,1.08667,1.08666,1000000,1000000
2021-04-15 14:26:57.563000,1.08668,1.08666,1870000,1000000
2021-04-15 14:27:05.219000,1.0867,1.08668,2370000,2440000
2021-04-15 14:27:05.320000,1.08672,1.08669,4320000,1000000
2021-04-15 14:27:05.422000,1.08672,1.08669,2620000,1690000
2021-04-15 14:27:08.171000,1.08672,1.0867,1500000,1000000
2021-04-15 14:27:08.222000,1.08671,1.08668,2250000,2250000
2021-04-15 14:27:08.425000,1.08672,1.08667,4060000,2250000
2021-04-15 14:27:10.328000,1.0867,1.08667,2820000,1500000
2021-04-15 14:27:10.530000,1.0867,1.08667,2700000,1500000
2021-04-15 14:27:10.934000,1.08669,1.08666,4760000,1500000
2021-04-15 14:27:10.985000,1.08669,1.08666,5260000,1000000
2021-04-15 14:27:11.036000,1.08665,1.08663,1000000,2250000
2021-04-15 14:27:11.289000,1.08664,1.08662,1000000,1000000
2021-04-15 14:27:17.747000,1.08665,1.08662,1000000,3250000
2021-04-15 14:27:19.319000,1.08662,1.0866,1500000,2250000
2021-04-15 14:27:19.421000,1.08661,1.08658,2620000,4690000
2021-04-15 14:27:19.522000,1.08661,1.08659,1000000,1000000
2021-04-15 14:27:21.108000,1.08663,1.08658,3000000,1500000
2021-04-15 14:27:21.159000,1.08664,1.0866,1000000,1000000
2021-04-15 14:27:21.261000,1.08664,1.08661,3000000,1500000
2021-04-15 14:27:22.110000,1.08665,1.08662,3000000,1690000
2021-04-15 14:27:23.589000,1.08665,1.08663,1000000,1250000
2021-04-15 14:27:25.117000,1.08667,1.08666,2250000,1000000
2021-04-15 14:27:25.218000,1.08669,1.08667,1000000,1000000
2021-04-15 14:27:25.320000,1.08671,1.08668,2250000,3190000
2021-04-15 14:27:26.432000,1.08669,1.08666,2620000,1100000
2021-04-15 14:27:26.533000,1.08667,1.08664,3370000,3000000
2021-04-15 14:27:26.634000,1.08666,1.08664,1000000,1000000
2021-04-15 14:27:27.093000,1.08667,1.08664,4120000,1000000
2021-04-15 14:27:27.297000,1.08666,1.08663,1000000,2440000
2021-04-15 14:27:28.581000,1.08665,1.08662,1500000,3940000
2021-04-15 14:27:28.884000,1.08664,1.08661,1120000,2440000
2021-04-15 14:27:29.239000,1.08664,1.08661,2000000,1500000
2021-04-15 14:27:30.967000,1.08664,1.08661,1500000,2440000
2021-04-15 14:27:31.068000,1.08664,1.08662,1000000,1250000
2021-04-15 14:27:32.216000,1.08664,1.08661,1000000,3000000
2021-04-15 14:27:33.295000,1.08663,1.08661,1000000,1000000
2021-04-15 14:27:34.174000,1.08664,1.08661,1000000,1250000
2021-04-15 14:27:34.276000,1.08663,1.0866,1000000,3190000
2021-04-15 14:27:34.377000,1.08662,1.0866,1000000,2440000
2021-04-15 14:27:35.517000,1.08662,1.08659,1000000,3190000
2021-04-15 14:27:48.659000,1.0866,1.08657,1690000,3750000
2021-04-15 14:27:48.761000,1.08658,1.08657,1120000,1000000
2021-04-15 14:27:48.863000,1.08658,1.08656,1120000,1690000
2021-04-15 14:27:53.716000,1.0866,1.08658,1120000,2440000
2021-04-15 14:27:53.818000,1.08661,1.08658,1500000,3560000
2021-04-15 14:27:53.919000,1.08661,1.08659,1000000,2440000
2021-04-15 14:27:56.726000,1.08662,1.08659,1000000,3190000
2021-04-15 14:27:59.750000,1.08662,1.0866,1000000,1000000
2021-04-15 14:27:59.860000,1.08661,1.08657,2440000,1000000
2021-04-15 14:27:59.911000,1.08659,1.08656,1120000,3190000
2021-04-15 14:28:00.534000,1.08659,1.08657,1000000,3370000
2021-04-15 14:28:00.585000,1.08661,1.08658,1870000,1690000
2021-04-15 14:28:02.932000,1.0866,1.08657,1870000,2510000
2021-04-15 14:28:03.399000,1.08658,1.08656,1000000,1690000
2021-04-15 14:28:04.297000,1.08658,1.08655,2500000,1000000
2021-04-15 14:28:04.840000,1.08656,1.08653,1690000,2620000
2021-04-15 14:28:04.992000,1.08655,1.08653,1000000,1870000
2021-04-15 14:28:07.527000,1.08653,1.08651,1250000,3000000
2021-04-15 14:28:07.633000,1.08652,1.0865,1000000,2250000
2021-04-15 14:28:09.703000,1.08651,1.08648,2440000,1000000
2021-04-15 14:28:10.007000,1.08647,1.08646,1000000,2440000
2021-04-15 14:28:10.108000,1.08649,1.08646,1500000,2620000
2021-04-15 14:28:12.517000,1.08647,1.08646,1000000,1000000
2021-04-15 14:28:12.619000,1.08647,1.08645,1500000,1000000
2021-04-15 14:28:13.035000,1.08647,1.08644,1500000,1250000
2021-04-15 14:28:14.405000,1.08646,1.08643,2060000,1120000
2021-04-15 14:28:14.507000,1.08646,1.08643,3240000,1000000
2021-04-15 14:28:14.922000,1.08645,1.08642,1250000,1870000
2021-04-15 14:28:15.713000,1.08645,1.08643,1000000,1000000
2021-04-15 14:28:15.815000,1.08646,1.08643,1250000,1000000
2021-04-15 14:28:16.517000,1.08647,1.08644,1120000,3820000
2021-04-15 14:28:18.812000,1.08649,1.08644,1250000,1870000
2021-04-15 14:28:19.182000,1.08649,1.08645,2810000,4690000
2021-04-15 14:28:19.745000,1.08649,1.08643,2060000,2810000
2021-04-15 14:28:20.587000,1.08648,1.08644,3310000,1690000
2021-04-15 14:28:20.740000,1.08645,1.08643,1250000,1000000
2021-04-15 14:28:20.842000,1.08645,1.08642,1500000,1250000
2021-04-15 14:28:21.731000,1.08643,1.08642,1000000,1120000
2021-04-15 14:28:21.838000,1.08642,1.08641,1000000,1000000
2021-04-15 14:28:21.889000,1.08642,1.08639,1500000,3190000
2021-04-15 14:28:21.991000,1.08644,1.08642,4870000,1000000
2021-04-15 14:28:22.093000,1.08642,1.0864,1000000,1690000
2021-04-15 14:28:22.346000,1.08642,1.08639,1000000,3750000
2021-04-15 14:28:28.465000,1.08643,1.08641,1000000,1000000
2021-04-15 14:28:28.567000,1.08645,1.0864,1870000,1500000
2021-04-15 14:28:33.781000,1.08645,1.08642,1000000,5510000
2021-04-15 14:28:33.882000,1.08646,1.08644,1120000,1000000
2021-04-15 14:28:34.245000,1.08647,1.08644,2250000,1000000
2021-04-15 14:28:35.727000,1.08648,1.08646,1000000,3190000
2021-04-15 14:28:36.183000,1.08649,1.08648,1000000,1250000
2021-04-15 14:28:36.234000,1.08651,1.08648,1870000,2060000
2021-04-15 14:28:36.386000,1.08651,1.08648,1500000,3250000
2021-04-15 14:28:38.164000,1.08651,1.08648,4820000,1000000
2021-04-15 14:28:38.977000,1.08651,1.08648,3190000,1120000
2021-04-15 14:28:39.079000,1.08652,1.08649,1870000,1690000
2021-04-15 14:28:40.659000,1.08652,1.08649,3380000,1000000
2021-04-15 14:28:41.009000,1.08652,1.08649,2510000,1000000
2021-04-15 14:28:42.324000,1.08653,1.08651,2810000,1000000
2021-04-15 14:28:44.264000,1.0865,1.08648,2060000,1000000
2021-04-15 14:28:44.365000,1.0865,1.08648,1690000,1000000
2021-04-15 14:28:45.249000,1.08652,1.0865,4310000,1000000
2021-04-15 14:28:46.059000,1.08652,1.08649,2440000,1500000
2021-04-15 14:28:46.160000,1.0865,1.08647,4010000,1000000
2021-04-15 14:28:46.413000,1.08651,1.08649,2810000,1000000
2021-04-15 14:28:46.515000,1.08652,1.08649,3640000,1500000
2021-04-15 14:28:47.150000,1.08652,1.0865,1870000,1000000
2021-04-15 14:28:47.252000,1.08655,1.08651,1690000,1000000
2021-04-15 14:28:47.606000,1.08654,1.08652,1890000,1000000
2021-04-15 14:28:47.657000,1.08654,1.08649,3190000,1000000
2021-04-15 14:28:50.344000,1.08654,1.08652,2060000,1000000
2021-04-15 14:28:50.496000,1.08653,1.08652,1000000,1000000
2021-04-15 14:28:50.961000,1.08653,1.08651,1000000,1000000
2021-04-15 14:28:56.926000,1.08651,1.08648,4000000,1870000
2021-04-15 14:28:57.027000,1.08651,1.08649,1250000,1000000
2021-04-15 14:28:57.129000,1.08649,1.08647,1250000,1000000
2021-04-15 14:29:00.128000,1.0865,1.08647,2060000,1000000
2021-04-15 14:29:01.111000,1.08653,1.08648,8620000,1000000
2021-04-15 14:29:01.212000,1.08653,1.0865,4140000,1500000
2021-04-15 14:29:01.314000,1.08656,1.08651,3940000,1500000
2021-04-15 14:29:01.416000,1.08656,1.08654,1250000,1500000
2021-04-15 14:29:01.517000,1.08658,1.08654,4950000,1500000
2021-04-15 14:29:01.619000,1.08658,1.08654,1690000,3560000
2021-04-15 14:29:01.720000,1.08659,1.08656,1750000,1000000
2021-04-15 14:29:01.822000,1.08659,1.08656,1250000,1000000
2021-04-15 14:29:06.164000,1.08661,1.08658,1310000,1000000
2021-04-15 14:29:06.571000,1.08661,1.08659,1250000,1000000
2021-04-15 14:29:07.209000,1.08663,1.0866,2500000,1500000
2021-04-15 14:29:11.497000,1.08663,1.08661,1250000,1000000
2021-04-15 14:29:11.598000,1.08664,1.08662,2120000,1000000
2021-04-15 14:29:11.700000,1.08664,1.08662,1310000,1000000
2021-04-15 14:29:11.802000,1.08665,1.08662,4010000,1000000
2021-04-15 14:29:11.903000,1.08666,1.08663,1850000,9670000
2021-04-15 14:29:12.004000,1.08667,1.08665,2500000,1000000
2021-04-15 14:29:12.847000,1.08666,1.08663,1250000,3370000
2021-04-15 14:29:13.202000,1.08666,1.08663,2870000,1000000
2021-04-15 14:29:14.756000,1.08665,1.08663,2870000,1000000
2021-04-15 14:29:14.807000,1.08664,1.08661,2500000,1000000
2021-04-15 14:29:14.858000,1.0866,1.08659,1690000,2250000
2021-04-15 14:29:14.909000,1.0866,1.08658,4010000,2250000
2021-04-15 14:29:15.011000,1.0866,1.08656,4510000,2250000
2021-04-15 14:29:15.214000,1.0866,1.08657,2560000,1000000
2021-04-15 14:29:15.315000,1.08662,1.08658,5700000,1500000
2021-04-15 14:29:16.273000,1.08662,1.08658,2140000,2440000
2021-04-15 14:29:16.375000,1.08662,1.08659,1250000,1500000
2021-04-15 14:29:16.799000,1.0866,1.08657,3510000,1500000
2021-04-15 14:29:17.002000,1.08659,1.08656,3760000,1000000
2021-04-15 14:29:21.366000,1.08658,1.08655,1000000,1500000
2021-04-15 14:29:27.213000,1.08659,1.08655,4010000,2250000
2021-04-15 14:29:29.061000,1.08659,1.08655,6390000,1500000
2021-04-15 14:29:29.909000,1.08657,1.08654,1500000,1500000
2021-04-15 14:29:30.446000,1.08658,1.08655,2810000,1000000
2021-04-15 14:29:31.508000,1.08658,1.08654,2810000,3370000
2021-04-15 14:29:33.826000,1.08659,1.08654,2060000,1500000
2021-04-15 14:29:33.928000,1.08661,1.08659,4310000,1000000
2021-04-15 14:29:34.029000,1.08662,1.08659,3640000,1000000
2021-04-15 14:29:39.431000,1.0866,1.08657,3190000,1500000
2021-04-15 14:29:40.270000,1.08659,1.08657,1250000,1500000
2021-04-15 14:29:41.228000,1.08659,1.08655,3760000,2810000
2021-04-15 14:29:41.381000,1.08659,1.08655,3260000,3190000
2021-04-15 14:29:42.215000,1.08659,1.08655,3390000,2440000
2021-04-15 14:29:42.749000,1.08659,1.08656,3010000,1000000
2021-04-15 14:29:42.800000,1.08661,1.0866,4500000,1000000
2021-04-15 14:29:42.851000,1.08664,1.08661,1570000,1690000
2021-04-15 14:29:42.952000,1.08665,1.08661,2700000,3250000
2021-04-15 14:29:43.350000,1.08665,1.08661,2510000,3190000
2021-04-15 14:29:43.603000,1.08665,1.08661,3590000,1500000
2021-04-15 14:29:44.597000,1.08666,1.0866,2370000,3620000
2021-04-15 14:29:44.698000,1.08665,1.08661,2620000,4370000
2021-04-15 14:29:45.006000,1.08665,1.08661,6900000,2250000
2021-04-15 14:29:47.752000,1.08666,1.08661,2250000,1690000
2021-04-15 14:29:48.541000,1.08665,1.08661,2760000,3370000
2021-04-15 14:29:49.409000,1.08663,1.0866,1000000,2440000
2021-04-15 14:29:53.691000,1.08662,1.08659,1310000,2250000
2021-04-15 14:29:53.894000,1.08659,1.08656,1870000,4890000
2021-04-15 14:29:54,1.08658,1.08655,1250000,4500000
2021-04-15 14:30:00.223000,1.08656,1.08655,1000000,1500000
2021-04-15 14:30:00.324000,1.08657,1.08654,2250000,1690000
2021-04-15 14:30:00.886000,1.08656,1.08653,2060000,3000000
2021-04-15 14:30:00.988000,1.08656,1.08653,1810000,2250000
2021-04-15 14:30:01.245000,1.08656,1.08653,1310000,2250000
2021-04-15 14:30:01.956000,1.08656,1.08654,1120000,1000000
2021-04-15 14:30:02.211000,1.08657,1.08655,1620000,1000000
2021-04-15 14:30:02.262000,1.08659,1.08654,1120000,2440000
2021-04-15 14:30:02.364000,1.08659,1.08655,3370000,4370000
2021-04-15 14:30:02.465000,1.08659,1.08655,2810000,4310000
2021-04-15 14:30:02.895000,1.08659,1.08655,1870000,4000000
2021-04-15 14:30:02.946000,1.0866,1.08658,1000000,2250000
2021-04-15 14:30:03.048000,1.08661,1.08658,1870000,3940000
2021-04-15 14:30:03.150000,1.08662,1.08659,1690000,2250000
2021-04-15 14:30:03.588000,1.08662,1.0866,1000000,1000000
2021-04-15 14:30:03.894000,1.08663,1.0866,1690000,3000000
2021-04-15 14:30:05.716000,1.08662,1.0866,1250000,1000000
2021-04-15 14:30:05.868000,1.08661,1.08659,1000000,1500000
2021-04-15 14:30:05.970000,1.08661,1.08658,2370000,2440000
2021-04-15 14:30:06.072000,1.08661,1.08659,2370000,1000000
2021-04-15 14:30:06.173000,1.08661,1.08658,1620000,3190000
2021-04-15 14:30:06.325000,1.08662,1.08659,1870000,1690000
2021-04-15 14:30:06.528000,1.08661,1.08659,1000000,1500000
2021-04-15 14:30:10.804000,1.0866,1.08658,1000000,1000000
2021-04-15 14:30:11.527000,1.0866,1.08657,1000000,2440000
2021-04-15 14:30:11.679000,1.08659,1.08657,2320000,1000000
2021-04-15 14:30:11.781000,1.08658,1.08656,1120000,1500000
2021-04-15 14:30:15.243000,1.0866,1.08658,1000000,2250000
2021-04-15 14:30:15.294000,1.08662,1.08661,1500000,1000000
2021-04-15 14:30:15.395000,1.08664,1.08661,2810000,3000000
2021-04-15 14:30:17.469000,1.08663,1.08661,2210000,1000000
2021-04-15 14:30:17.970000,1.08663,1.0866,4690000,1500000
2021-04-15 14:30:18.072000,1.08663,1.0866,4740000,1500000
2021-04-15 14:30:18.396000,1.08662,1.08659,3560000,1500000
2021-04-15 14:30:18.497000,1.0866,1.08658,1250000,1000000
2021-04-15 14:30:18.599000,1.08661,1.08658,3190000,1000000
2021-04-15 14:30:21.226000,1.08659,1.08657,1310000,1000000
2021-04-15 14:30:21.327000,1.08659,1.08656,1310000,3000000
2021-04-15 14:30:21.581000,1.08659,1.08655,1000000,1500000
2021-04-15 14:30:21.684000,1.08658,1.08655,3560000,2250000
2021-04-15 14:30:21.836000,1.08659,1.08657,1620000,1000000
2021-04-15 14:30:21.938000,1.08659,1.08657,1310000,1000000
2021-04-15 14:30:22.040000,1.08659,1.08656,3370000,2250000
2021-04-15 14:30:22.141000,1.08659,1.08657,2250000,1000000
2021-04-15 14:30:22.525000,1.0866,1.08657,4570000,1000000
2021-04-15 14:30:22.627000,1.0866,1.08658,1310000,1000000
2021-04-15 14:30:22.729000,1.08662,1.08659,5320000,1000000
2021-04-15 14:30:22.932000,1.08663,1.08661,1620000,1000000
2021-04-15 14:30:23.034000,1.08664,1.08661,1870000,1690000
2021-04-15 14:30:23.136000,1.08664,1.08662,1500000,1000000
2021-04-15 14:30:23.238000,1.08666,1.08661,1500000,1690000
2021-04-15 14:30:23.340000,1.08665,1.08663,1000000,1000000
2021-04-15 14:30:23.885000,1.08664,1.08662,1000000,1500000
2021-04-15 14:30:26.342000,1.08669,1.08665,2250000,1250000
2021-04-15 14:30:26.444000,1.0867,1.08668,4690000,1000000
2021-04-15 14:30:26.747000,1.0867,1.08667,2140000,1500000
2021-04-15 14:30:26.874000,1.0867,1.08666,1000000,1000000
2021-04-15 14:30:27.466000,1.0867,1.08667,1310000,1000000
2021-04-15 14:30:28.276000,1.0867,1.08668,1250000,1000000
2021-04-15 14:30:30.151000,1.08672,1.08666,5690000,2320000
2021-04-15 14:30:30.252000,1.08674,1.0867,1500000,1500000
2021-04-15 14:30:30.354000,1.08676,1.08673,3750000,1000000
2021-04-15 14:30:30.455000,1.08676,1.08674,1000000,1000000
2021-04-15 14:30:30.557000,1.08676,1.08673,1200000,2440000
2021-04-15 14:30:30.968000,1.08676,1.08673,1450000,1500000
2021-04-15 14:30:31.070000,1.08673,1.0867,4070000,1870000
2021-04-15 14:30:31.373000,1.08673,1.08672,1500000,1000000
2021-04-15 14:30:31.475000,1.08674,1.08672,1000000,1000000
2021-04-15 14:30:32.371000,1.08675,1.08672,4690000,1500000
2021-04-15 14:30:32.535000,1.08678,1.08673,1870000,1000000
2021-04-15 14:30:33.202000,1.08677,1.08674,1690000,1000000
2021-04-15 14:30:37.026000,1.08675,1.0867,2810000,3000000
2021-04-15 14:30:37.127000,1.08673,1.0867,4390000,1000000
2021-04-15 14:30:37.229000,1.08673,1.08669,1310000,1000000
2021-04-15 14:30:37.823000,1.08672,1.08669,2060000,2250000
2021-04-15 14:30:38.037000,1.08673,1.0867,3750000,1690000
2021-04-15 14:30:38.138000,1.08672,1.08669,1120000,2440000
2021-04-15 14:30:39.803000,1.08672,1.0867,1000000,1000000
2021-04-15 14:30:39.854000,1.08675,1.08673,1950000,1000000
2021-04-15 14:30:39.955000,1.08676,1.08674,2060000,1000000
2021-04-15 14:30:44.113000,1.08677,1.08674,3260000,1500000
2021-04-15 14:30:47.527000,1.08677,1.08675,2060000,1000000
2021-04-15 14:30:51.614000,1.08677,1.08675,2570000,1000000
2021-04-15 14:30:52.165000,1.08676,1.08674,1250000,1000000
2021-04-15 14:30:53.770000,1.08676,1.08673,1390000,3000000
2021-04-15 14:30:56.037000,1.08676,1.08674,1120000,1000000
2021-04-15 14:30:56.140000,1.08678,1.08677,1000000,1000000
2021-04-15 14:30:56.191000,1.08679,1.08677,1250000,1000000
2021-04-15 14:30:56.495000,1.08678,1.08675,1000000,1000000
2021-04-15 14:30:56.597000,1.08677,1.08674,2060000,3370000
2021-04-15 14:30:58.726000,1.08677,1.08675,1000000,2510000
2021-04-15 14:30:58.777000,1.0868,1.08678,2120000,1000000
2021-04-15 14:30:59.131000,1.08682,1.08677,4950000,1500000
2021-04-15 14:30:59.571000,1.08682,1.08679,2510000,1000000
2021-04-15 14:31:00.089000,1.08683,1.0868,8200000,1000000
2021-04-15 14:31:02.348000,1.08684,1.08682,3940000,1000000
2021-04-15 14:31:02.450000,1.08684,1.0868,1200000,1000000
2021-04-15 14:31:03.575000,1.08682,1.08679,1000000,2250000
2021-04-15 14:31:03.676000,1.08682,1.08679,2200000,1500000
2021-04-15 14:31:04.198000,1.08678,1.08676,1760000,2620000
2021-04-15 14:31:04.249000,1.08677,1.08674,1310000,8250000
2021-04-15 14:31:04.350000,1.08677,1.08675,1310000,1000000
2021-04-15 14:31:04.452000,1.08677,1.08674,1690000,2250000
2021-04-15 14:31:04.806000,1.08677,1.08674,3700000,1500000
2021-04-15 14:31:07.195000,1.08677,1.08674,2440000,2250000
2021-04-15 14:31:09.391000,1.08677,1.08675,1120000,1000000
2021-04-15 14:31:09.493000,1.08677,1.08674,1310000,2250000
2021-04-15 14:31:10.114000,1.08678,1.08675,7000000,1500000
2021-04-15 14:31:10.216000,1.08677,1.08674,1310000,2250000
2021-04-15 14:31:16.017000,1.08677,1.08673,2440000,3190000
2021-04-15 14:31:16.118000,1.08677,1.08674,2440000,1000000
2021-04-15 14:31:16.933000,1.08678,1.08676,2620000,1000000
2021-04-15 14:31:17.038000,1.08679,1.08676,2060000,1500000
2021-04-15 14:31:22.068000,1.08681,1.08678,3560000,1500000
2021-04-15 14:31:22.422000,1.0868,1.08675,1250000,1870000
2021-04-15 14:31:23.091000,1.0868,1.08678,2890000,1000000
2021-04-15 14:31:23.192000,1.08682,1.08678,4500000,3000000
2021-04-15 14:31:23.599000,1.08682,1.08679,3250000,1000000
2021-04-15 14:31:23.700000,1.08682,1.08679,1310000,1500000
2021-04-15 14:31:27.494000,1.08684,1.08679,2500000,1000000
2021-04-15 14:31:27.595000,1.08683,1.0868,1000000,1310000
2021-04-15 14:31:27.848000,1.08684,1.08681,3000000,1690000
2021-04-15 14:31:27.950000,1.08685,1.08682,1500000,1250000
2021-04-15 14:31:28.102000,1.08686,1.08682,4760000,2440000
2021-04-15 14:31:28.211000,1.08686,1.08683,4760000,1000000
2021-04-15 14:31:29.389000,1.08684,1.0868,4570000,3120000
2021-04-15 14:31:29.491000,1.08683,1.0868,4570000,1000000
2021-04-15 14:31:29.643000,1.08678,1.08677,1000000,1120000
2021-04-15 14:31:29.744000,1.08679,1.08675,1000000,1120000
2021-04-15 14:31:29.846000,1.0868,1.08678,1000000,1500000
2021-04-15 14:31:29.947000,1.08682,1.08677,2060000,1500000
2021-04-15 14:31:31.274000,1.08679,1.08677,1250000,1500000
2021-04-15 14:31:31.528000,1.08678,1.08675,3320000,2250000
2021-04-15 14:31:31.629000,1.08678,1.08675,1250000,1690000
2021-04-15 14:31:31.832000,1.08678,1.08675,4200000,1000000
2021-04-15 14:31:32.085000,1.08678,1.08673,1250000,2810000
2021-04-15 14:31:32.238000,1.08677,1.08675,1250000,1000000
2021-04-15 14:31:32.340000,1.08677,1.08674,1250000,2440000
2021-04-15 14:31:36.936000,1.08678,1.08675,5570000,1000000
2021-04-15 14:31:37.096000,1.08678,1.08675,2810000,1250000
2021-04-15 14:31:38.425000,1.08679,1.08677,2360000,1000000
2021-04-15 14:31:40.322000,1.08681,1.08678,2870000,1000000
2021-04-15 14:31:40.423000,1.08681,1.08678,1690000,1250000
2021-04-15 14:31:42.534000,1.0868,1.08677,3320000,1870000
2021-04-15 14:31:42.585000,1.08678,1.08675,1250000,2810000
2021-04-15 14:31:42.687000,1.08677,1.08674,1000000,3250000
2021-04-15 14:31:42.788000,1.08677,1.08674,1250000,2440000
2021-04-15 14:31:45.172000,1.0868,1.08678,2940000,1000000
2021-04-15 14:31:45.273000,1.0868,1.08678,1250000,1000000
2021-04-15 14:31:45.837000,1.08681,1.08678,1250000,1250000
2021-04-15 14:31:47.179000,1.08682,1.08679,3700000,1000000
2021-04-15 14:31:48.438000,1.08679,1.08677,1250000,2620000
2021-04-15 14:31:48.540000,1.08679,1.08675,1690000,1000000
2021-04-15 14:31:48.924000,1.08678,1.08675,1690000,1690000
2021-04-15 14:31:49.027000,1.08677,1.08675,1310000,1000000
2021-04-15 14:31:49.229000,1.08678,1.08676,1250000,1000000
2021-04-15 14:31:49.533000,1.08677,1.08674,1250000,1690000
2021-04-15 14:31:50.746000,1.08678,1.08675,2120000,1000000
2021-04-15 14:31:50.898000,1.08678,1.08675,1310000,1250000
2021-04-15 14:31:51.316000,1.08678,1.08676,1000000,1690000
2021-04-15 14:31:51.367000,1.08682,1.08678,1900000,2440000
2021-04-15 14:31:51.418000,1.08682,1.0868,3000000,1000000
2021-04-15 14:31:51.519000,1.08683,1.0868,2510000,1120000
2021-04-15 14:31:51.774000,1.08684,1.08683,1500000,1000000
2021-04-15 14:31:51.876000,1.08687,1.08686,1500000,1250000
2021-04-15 14:31:51.927000,1.0869,1.08685,1950000,2440000
2021-04-15 14:31:52.029000,1.08689,1.08685,8720000,3560000
2021-04-15 14:31:52.131000,1.08686,1.08683,1000000,1500000
2021-04-15 14:31:52.182000,1.08684,1.08681,1000000,5060000
2021-04-15 14:31:52.285000,1.08683,1.0868,1000000,3190000
2021-04-15 14:31:52.547000,1.08685,1.08684,1420000,1000000
2021-04-15 14:31:52.648000,1.08686,1.08684,1250000,1000000
2021-04-15 14:31:54.205000,1.08688,1.08686,1000000,3250000
2021-04-15 14:31:54.307000,1.08688,1.08685,1000000,2810000
2021-04-15 14:31:54.661000,1.08688,1.08686,1000000,1000000
2021-04-15 14:31:54.712000,1.08689,1.08688,1570000,1000000
2021-04-15 14:31:54.815000,1.08693,1.08688,3750000,2440000
2021-04-15 14:31:54.967000,1.08691,1.08689,1690000,1000000
2021-04-15 14:31:56.727000,1.08692,1.08691,1000000,1100000
2021-04-15 14:31:56.777000,1.08694,1.08693,1250000,1250000
2021-04-15 14:31:56.879000,1.08695,1.08693,1570000,1000000
2021-04-15 14:31:56.980000,1.08695,1.08693,1100000,1000000
2021-04-15 14:31:57.183000,1.08692,1.08689,1250000,2620000
2021-04-15 14:31:57.284000,1.08692,1.08689,1250000,1000000
2021-04-15 14:31:57.937000,1.08691,1.08689,1000000,1000000
2021-04-15 14:31:59.782000,1.08692,1.0869,1250000,1500000
2021-04-15 14:32:02.314000,1.0869,1.08689,1000000,1000000
2021-04-15 14:32:02.415000,1.08689,1.08686,1500000,3640000
2021-04-15 14:32:02.466000,1.08686,1.08684,1000000,1690000
2021-04-15 14:32:02.567000,1.08686,1.08683,1000000,3260000
2021-04-15 14:32:02.669000,1.08688,1.08683,1500000,1690000
2021-04-15 14:32:04.749000,1.08688,1.08686,1120000,1000000
2021-04-15 14:32:04.801000,1.08688,1.08685,3260000,1000000
2021-04-15 14:32:04.852000,1.08686,1.08684,1690000,1000000
2021-04-15 14:32:04.954000,1.08687,1.08685,1500000,1000000
2021-04-15 14:32:05.056000,1.08689,1.08685,1870000,1000000
2021-04-15 14:32:05.564000,1.08686,1.08684,1000000,1250000
2021-04-15 14:32:05.716000,1.08685,1.08683,1000000,1500000
2021-04-15 14:32:07.453000,1.08685,1.08682,1500000,1250000
2021-04-15 14:32:09.195000,1.08685,1.08683,1000000,1250000
2021-04-15 14:32:09.399000,1.08685,1.08684,1000000,1000000
2021-04-15 14:32:11.596000,1.08686,1.08684,1000000,1690000
2021-04-15 14:32:13.354000,1.08683,1.08682,1000000,1000000
2021-04-15 14:32:13.455000,1.08683,1.0868,1500000,3660000
2021-04-15 14:32:13.557000,1.08683,1.0868,2320000,1250000
2021-04-15 14:32:14.075000,1.08682,1.08679,1000000,1250000
2021-04-15 14:32:15.608000,1.08683,1.08677,3820000,2810000
2021-04-15 14:32:15.710000,1.08679,1.08676,1010000,1950000
2021-04-15 14:32:15.811000,1.08676,1.08674,1000000,4310000
2021-04-15 14:32:25.246000,1.08677,1.08672,1000000,2440000
2021-04-15 14:32:35.428000,1.08677,1.08675,1000000,2440000
2021-04-15 14:32:36.302000,1.08677,1.08675,1000000,2500000
2021-04-15 14:32:36.353000,1.08681,1.08677,2250000,4570000
2021-04-15 14:32:36.454000,1.08681,1.08679,1500000,3260000
2021-04-15 14:32:36.555000,1.08681,1.08679,1000000,3390000
2021-04-15 14:32:36.657000,1.08682,1.0868,1000000,1310000
2021-04-15 14:32:36.758000,1.08683,1.08679,1000000,2190000
2021-04-15 14:32:36.976000,1.08682,1.0868,1000000,2060000
2021-04-15 14:32:38.079000,1.08682,1.08679,1000000,4010000
2021-04-15 14:32:38.181000,1.0868,1.08678,1000000,1620000
2021-04-15 14:32:38.282000,1.08681,1.08678,2060000,1500000
2021-04-15 14:32:38.384000,1.08682,1.08679,1870000,1750000
2021-04-15 14:32:38.485000,1.08681,1.08678,3190000,1120000
2021-04-15 14:32:38.587000,1.08681,1.08678,1000000,4870000
2021-04-15 14:32:38.688000,1.08682,1.08679,1870000,2200000
2021-04-15 14:32:47.179000,1.08682,1.08678,1750000,1500000
2021-04-15 14:32:47.280000,1.08679,1.08678,1000000,1050000
2021-04-15 14:32:47.382000,1.08681,1.08678,1000000,3190000
2021-04-15 14:32:47.534000,1.0868,1.08677,1500000,2510000
2021-04-15 14:32:47.636000,1.08681,1.08678,1000000,3620000
2021-04-15 14:32:47.738000,1.08682,1.08679,1500000,1750000
2021-04-15 14:32:48.741000,1.08682,1.08678,1500000,8200000
2021-04-15 14:32:48.842000,1.0868,1.08677,2250000,3260000
2021-04-15 14:32:48.944000,1.0868,1.08677,1000000,4950000
2021-04-15 14:32:49.046000,1.08679,1.08676,1000000,1950000
2021-04-15 14:32:49.148000,1.0868,1.08678,1000000,2440000
2021-04-15 14:32:49.199000,1.08681,1.08678,2250000,1500000
2021-04-15 14:32:49.300000,1.08679,1.08677,1000000,1250000
2021-04-15 14:32:49.402000,1.08681,1.08678,1500000,4450000
2021-04-15 14:32:49.503000,1.08681,1.08679,1000000,1370000
2021-04-15 14:32:50.096000,1.08682,1.0868,1000000,1250000
2021-04-15 14:32:50.197000,1.08685,1.08682,1870000,2440000
2021-04-15 14:32:51.830000,1.08685,1.08682,1500000,4050000
2021-04-15 14:32:53.801000,1.08686,1.08682,1500000,7800000
2021-04-15 14:32:54.335000,1.08686,1.08681,1500000,2060000
2021-04-15 14:32:54.386000,1.08684,1.0868,1000000,1120000
2021-04-15 14:32:54.951000,1.08682,1.0868,1000000,2060000
2021-04-15 14:32:55.153000,1.08682,1.08679,1500000,4390000
2021-04-15 14:32:56.050000,1.08682,1.0868,1000000,1500000
2021-04-15 14:32:56.152000,1.08682,1.08679,3190000,1000000
2021-04-15 14:32:57.159000,1.08682,1.08677,1000000,6400000
2021-04-15 14:32:57.362000,1.08681,1.08678,3000000,1500000
2021-04-15 14:32:57.565000,1.08681,1.08678,1000000,4390000
2021-04-15 14:32:58.171000,1.0868,1.08678,1000000,1310000
2021-04-15 14:32:58.272000,1.0868,1.08678,1000000,1810000
2021-04-15 14:32:58.374000,1.0868,1.08678,1000000,1310000
2021-04-15 14:32:58.935000,1.08679,1.08677,1000000,2370000
2021-04-15 14:32:59.036000,1.08679,1.08677,1000000,1870000
2021-04-15 14:32:59.517000,1.08677,1.08675,1000000,1000000
2021-04-15 14:32:59.568000,1.08676,1.08672,1000000,3750000
2021-04-15 14:32:59.670000,1.08674,1.08671,1500000,4890000
2021-04-15 14:33:01.170000,1.08672,1.08669,1500000,3410000
2021-04-15 14:33:01.271000,1.08672,1.08669,1500000,1250000
2021-04-15 14:33:01.373000,1.0867,1.08667,1500000,1310000
2021-04-15 14:33:02.614000,1.0867,1.08666,1500000,5160000
2021-04-15 14:33:02.766000,1.0867,1.08666,1500000,4560000
2021-04-15 14:33:04.356000,1.08669,1.08666,1500000,1310000
2021-04-15 14:33:04.457000,1.08669,1.08667,1500000,1310000
2021-04-15 14:33:06.496000,1.08672,1.0867,1120000,1760000
2021-04-15 14:33:06.598000,1.08677,1.08675,10420000,1690000
2021-04-15 14:33:06.850000,1.08677,1.08675,1500000,1500000
2021-04-15 14:33:07.053000,1.08677,1.08674,1500000,2940000
2021-04-15 14:33:07.255000,1.08677,1.08674,1500000,2440000
2021-04-15 14:33:08.171000,1.08678,1.08673,1500000,5500000
2021-04-15 14:33:08.273000,1.08678,1.08675,1000000,2060000
2021-04-15 14:33:09.759000,1.08678,1.08675,1000000,5540000
2021-04-15 14:33:09.860000,1.08678,1.08675,1500000,1310000
2021-04-15 14:33:12.421000,1.08677,1.08675,1000000,1310000
2021-04-15 14:33:12.905000,1.08678,1.08675,2440000,1000000
2021-04-15 14:33:13.536000,1.08677,1.08675,1000000,1000000
2021-04-15 14:33:15.681000,1.08678,1.08675,1500000,1250000
2021-04-15 14:33:20.112000,1.08676,1.08674,1000000,1500000
2021-04-15 14:33:20.213000,1.08677,1.08672,1500000,3560000
2021-04-15 14:33:20.315000,1.08676,1.08674,1500000,1250000
2021-04-15 14:33:22.041000,1.08676,1.08674,1000000,1750000
2021-04-15 14:33:23.120000,1.08678,1.08675,1000000,4500000
2021-04-15 14:33:23.222000,1.08679,1.08676,1500000,1250000
2021-04-15 14:33:23.323000,1.08678,1.08677,1000000,1000000
2021-04-15 14:33:23.766000,1.08678,1.08675,1000000,2560000
2021-04-15 14:33:26.297000,1.08678,1.08675,1500000,1870000
2021-04-15 14:33:26.500000,1.08678,1.08675,1500000,2000000
2021-04-15 14:33:27.253000,1.08678,1.08675,1500000,1870000
2021-04-15 14:33:27.354000,1.08678,1.08675,1500000,2000000
2021-04-15 14:33:27.686000,1.08678,1.08675,1500000,1870000
2021-04-15 14:33:28.893000,1.08682,1.08679,3500000,2810000
2021-04-15 14:33:28.994000,1.08683,1.0868,2000000,4700000
2021-04-15 14:33:29.096000,1.08683,1.08681,1500000,1810000
2021-04-15 14:33:29.654000,1.08684,1.08681,1000000,5640000
2021-04-15 14:33:29.755000,1.08683,1.08681,1000000,4440000
2021-04-15 14:33:32.039000,1.08683,1.08681,1000000,2440000
2021-04-15 14:33:34.042000,1.08683,1.08681,1000000,2560000
2021-04-15 14:33:37.099000,1.08683,1.08681,1000000,2440000
2021-04-15 14:33:39.091000,1.08683,1.08681,1000000,2560000
2021-04-15 14:33:40.040000,1.08684,1.08682,1000000,2060000
2021-04-15 14:33:42.548000,1.08685,1.08683,1000000,2810000
2021-04-15 14:33:46.509000,1.08687,1.08685,1000000,1120000
2021-04-15 14:33:46.560000,1.0869,1.08688,4870000,2440000
2021-04-15 14:33:46.662000,1.08691,1.0869,1000000,1500000
2021-04-15 14:33:46.763000,1.08692,1.0869,1000000,1000000
2021-04-15 14:33:47.025000,1.08693,1.0869,2440000,1490000
2021-04-15 14:33:47.127000,1.08693,1.08691,1000000,1000000
2021-04-15 14:33:47.228000,1.08693,1.08691,1000000,1990000
2021-04-15 14:33:47.380000,1.08694,1.08691,3190000,1620000
2021-04-15 14:33:47.633000,1.08694,1.08691,2250000,1310000
2021-04-15 14:33:47.735000,1.08695,1.08693,1000000,1120000
2021-04-15 14:33:47.836000,1.08696,1.08694,2440000,1000000
2021-04-15 14:33:52.087000,1.08696,1.08694,1750000,1000000
2021-04-15 14:33:52.138000,1.08695,1.0869,1250000,3120000
2021-04-15 14:33:52.239000,1.08694,1.08691,1250000,2620000
2021-04-15 14:33:53.147000,1.08694,1.08692,1250000,1000000
2021-04-15 14:33:53.918000,1.08695,1.08692,2060000,1000000
2021-04-15 14:33:55.699000,1.08694,1.08691,2060000,1870000
2021-04-15 14:33:55.800000,1.08693,1.08691,1000000,1000000
2021-04-15 14:34:02.137000,1.08691,1.0869,1000000,1000000
2021-04-15 14:34:06.259000,1.08689,1.08687,1000000,2620000
2021-04-15 14:34:07.277000,1.08688,1.08685,1000000,2810000
2021-04-15 14:34:08.480000,1.08686,1.08684,1000000,1500000
2021-04-15 14:34:08.581000,1.08684,1.08682,1000000,1120000
2021-04-15 14:34:08.683000,1.08684,1.08681,1000000,4690000
2021-04-15 14:34:08.784000,1.08684,1.08682,1000000,1250000
2021-04-15 14:34:08.886000,1.08684,1.08681,1000000,5060000
2021-04-15 14:34:09.088000,1.08684,1.08681,1000000,5950000
2021-04-15 14:34:10.547000,1.08682,1.08681,1000000,1000000
2021-04-15 14:34:10.649000,1.08682,1.0868,1000000,1000000
2021-04-15 14:34:10.750000,1.08682,1.08679,1870000,1690000
2021-04-15 14:34:11.155000,1.0868,1.08678,1000000,1000000
2021-04-15 14:34:11.256000,1.0868,1.08677,1870000,1690000
2021-04-15 14:34:11.646000,1.0868,1.08678,1870000,1000000
2021-04-15 14:34:12.460000,1.08681,1.08678,1000000,2060000
2021-04-15 14:34:12.561000,1.08682,1.0868,1000000,1310000
2021-04-15 14:34:12.663000,1.08682,1.0868,1000000,2500000
2021-04-15 14:34:12.866000,1.08683,1.08681,1120000,1250000
2021-04-15 14:34:13.336000,1.08684,1.08682,1000000,1500000
2021-04-15 14:34:15.276000,1.08685,1.08682,2440000,1500000
2021-04-15 14:34:16.518000,1.08683,1.08681,1000000,3620000
2021-04-15 14:34:16.619000,1.08683,1.08681,1000000,1000000
2021-04-15 14:34:17.024000,1.08683,1.08681,1000000,2500000
2021-04-15 14:34:18.763000,1.08684,1.08682,1000000,1690000
2021-04-15 14:34:18.865000,1.08684,1.08683,1000000,1250000
2021-04-15 14:34:20.645000,1.08684,1.08682,1000000,2440000
2021-04-15 14:34:22.967000,1.08684,1.08682,1000000,3250000
2021-04-15 14:34:23.068000,1.08687,1.08683,1500000,1250000
2021-04-15 14:34:23.372000,1.08687,1.08685,1500000,2500000
2021-04-15 14:34:23.473000,1.08689,1.08686,3370000,2120000
2021-04-15 14:34:23.574000,1.08689,1.08686,2250000,2810000
2021-04-15 14:34:25.919000,1.08688,1.08684,1500000,1000000
2021-04-15 14:34:26.021000,1.08688,1.08683,1500000,2440000
2021-04-15 14:34:26.759000,1.08687,1.08685,1500000,1690000
2021-04-15 14:34:26.860000,1.08687,1.08685,1000000,2500000
2021-04-15 14:34:27.606000,1.08688,1.08684,1500000,1250000
2021-04-15 14:34:28.899000,1.0869,1.08686,1620000,1250000
2021-04-15 14:34:28.950000,1.0869,1.08687,2510000,1750000
2021-04-15 14:34:32.574000,1.0869,1.08688,1000000,1750000
2021-04-15 14:34:33.444000,1.08691,1.08688,2250000,2870000
2021-04-15 14:34:40.557000,1.08692,1.08687,1500000,1690000
2021-04-15 14:34:40.759000,1.08688,1.08686,1000000,1000000
2021-04-15 14:34:42.608000,1.08688,1.08686,1000000,1750000
2021-04-15 14:34:42.861000,1.08688,1.08685,1500000,2120000
2021-04-15 14:34:43.677000,1.08687,1.08685,1000000,1370000
2021-04-15 14:34:43.778000,1.08688,1.08686,1000000,1370000
2021-04-15 14:34:44.587000,1.08689,1.08687,1000000,1750000
2021-04-15 14:34:45.808000,1.08688,1.08686,1000000,1250000
2021-04-15 14:34:45.910000,1.08688,1.08686,1000000,1250000
2021-04-15 14:34:46.011000,1.08687,1.08685,1000000,2870000
2021-04-15 14:34:46.112000,1.08688,1.08686,1000000,1250000
2021-04-15 14:34:48.644000,1.08689,1.08685,11190000,1250000
2021-04-15 14:34:48.796000,1.08687,1.08684,1570000,1750000
2021-04-15 14:34:50.476000,1.08684,1.08682,1000000,1250000
2021-04-15 14:34:50.578000,1.08684,1.08682,1000000,2500000
2021-04-15 14:34:50.679000,1.08684,1.08682,1000000,2440000
2021-04-15 14:34:51.741000,1.08684,1.08682,1000000,1250000
2021-04-15 14:34:51.842000,1.08685,1.08682,1000000,1250000
2021-04-15 14:34:51.994000,1.08685,1.08684,1000000,1250000
2021-04-15 14:34:52.297000,1.08684,1.08682,1000000,1690000
2021-04-15 14:34:52.399000,1.08683,1.08682,1000000,1690000
2021-04-15 14:34:52.719000,1.08683,1.08681,1000000,1310000
2021-04-15 14:34:56.181000,1.08681,1.08679,1000000,2440000
2021-04-15 14:34:56.232000,1.0868,1.08678,1000000,4420000
2021-04-15 14:34:56.553000,1.0868,1.08678,1000000,2500000
2021-04-15 14:35:00.266000,1.08678,1.08676,1000000,2440000
2021-04-15 14:35:00.368000,1.08679,1.08676,1000000,2060000
2021-04-15 14:35:00.469000,1.08678,1.08676,1000000,2060000
2021-04-15 14:35:00.571000,1.0868,1.08676,1000000,1250000
2021-04-15 14:35:03.724000,1.08678,1.08676,1000000,1250000
2021-04-15 14:35:03.825000,1.08677,1.08675,1000000,2950000
2021-04-15 14:35:03.927000,1.08677,1.08674,1000000,2570000
2021-04-15 14:35:04.028000,1.08677,1.08674,1500000,1010000
2021-04-15 14:35:04.405000,1.08677,1.08674,1000000,2500000
2021-04-15 14:35:19.073000,1.08677,1.08676,1000000,1250000
2021-04-15 14:35:20.369000,1.08677,1.08675,1000000,1310000
2021-04-15 14:35:20.470000,1.08674,1.08672,1000000,4410000
2021-04-15 14:35:20.572000,1.08674,1.08671,1000000,1690000
2021-04-15 14:35:21.659000,1.08675,1.08672,1500000,1310000
2021-04-15 14:35:21.761000,1.08675,1.08673,1500000,1310000
2021-04-15 14:35:22.992000,1.08676,1.08674,1000000,3250000
2021-04-15 14:35:23.587000,1.0868,1.08674,2620000,6370000
2021-04-15 14:35:23.689000,1.08679,1.08676,1000000,4120000
2021-04-15 14:35:25.268000,1.08679,1.08677,1000000,2500000
2021-04-15 14:35:25.370000,1.0868,1.08677,1000000,4120000
2021-04-15 14:35:25.948000,1.08682,1.08677,2250000,1310000
2021-04-15 14:35:26.150000,1.08681,1.08678,2250000,2120000
2021-04-15 14:35:27.782000,1.08681,1.08677,2250000,5250000
2021-04-15 14:35:29.870000,1.08681,1.08678,2250000,2120000
2021-04-15 14:35:30.023000,1.08681,1.08679,1500000,1250000
2021-04-15 14:35:31.020000,1.08683,1.0868,1000000,2060000
2021-04-15 14:35:31.122000,1.08683,1.0868,1000000,4870000
2021-04-15 14:35:31.223000,1.08683,1.08681,1000000,1250000
2021-04-15 14:35:32.355000,1.08685,1.08682,3120000,2500000
2021-04-15 14:35:32.457000,1.08685,1.08682,1000000,7750000
2021-04-15 14:35:34.133000,1.08687,1.08682,1500000,2870000
2021-04-15 14:35:34.336000,1.08688,1.08687,1000000,1120000
2021-04-15 14:35:34.387000,1.0869,1.08687,1000000,3190000
2021-04-15 14:35:34.438000,1.0869,1.08689,1000000,1000000
2021-04-15 14:35:34.640000,1.0869,1.08688,1000000,1250000
2021-04-15 14:35:35.802000,1.08691,1.08689,1000000,1690000
2021-04-15 14:35:35.954000,1.08692,1.0869,1000000,1000000
2021-04-15 14:35:38.891000,1.08695,1.08694,2250000,1250000
2021-04-15 14:35:38.942000,1.08698,1.08695,2370000,2810000
2021-04-15 14:35:39.044000,1.08697,1.08695,1000000,1810000
2021-04-15 14:35:39.196000,1.08697,1.08694,1000000,3750000
2021-04-15 14:35:39.297000,1.08695,1.08694,1000000,3560000
2021-04-15 14:35:40.271000,1.08695,1.08693,1500000,2140000
2021-04-15 14:35:40.373000,1.08694,1.08692,1000000,1120000
2021-04-15 14:35:43.911000,1.08695,1.08693,1000000,1760000
2021-04-15 14:35:45.041000,1.08693,1.08692,1000000,1000000
2021-04-15 14:35:49.880000,1.08693,1.0869,1000000,4810000
2021-04-15 14:35:50.331000,1.08692,1.08689,1000000,8260000
2021-04-15 14:35:50.483000,1.08693,1.08688,1000000,4310000
2021-04-15 14:35:50.585000,1.08695,1.08689,2810000,5140000
2021-04-15 14:35:50.687000,1.08695,1.0869,1500000,1310000
2021-04-15 14:35:51.748000,1.08693,1.08691,1000000,1120000
2021-04-15 14:36:05.799000,1.08693,1.0869,2060000,1870000
2021-04-15 14:36:08.707000,1.0869,1.08689,2810000,1120000
2021-04-15 14:36:08.808000,1.0869,1.08686,1000000,1100000
2021-04-15 14:36:08.910000,1.08689,1.08686,2250000,3640000
2021-04-15 14:36:09.222000,1.08689,1.08687,1500000,1250000
2021-04-15 14:36:09.324000,1.08689,1.08686,1500000,5140000
2021-04-15 14:36:09.920000,1.08689,1.08686,1500000,5640000
2021-04-15 14:36:12.958000,1.08689,1.08686,1500000,4760000
2021-04-15 14:36:13.297000,1.0869,1.08687,1000000,4060000
2021-04-15 14:36:13.399000,1.08691,1.08688,2250000,2060000
2021-04-15 14:36:17.898000,1.0869,1.08687,1250000,4500000
2021-04-15 14:36:23.968000,1.0869,1.08688,1000000,1120000
2021-04-15 14:36:24.070000,1.08691,1.08688,1690000,3370000
2021-04-15 14:36:27.144000,1.08691,1.08689,1000000,1620000
2021-04-15 14:36:27.246000,1.08693,1.0869,4120000,3370000
2021-04-15 14:36:27.954000,1.08694,1.0869,1000000,1000000
2021-04-15 14:36:28.005000,1.08696,1.08693,1500000,3940000
2021-04-15 14:36:28.258000,1.08696,1.08694,1250000,1000000
2021-04-15 14:36:28.802000,1.08697,1.08694,2440000,1000000
2021-04-15 14:36:29.549000,1.08698,1.08695,3620000,1120000
2021-04-15 14:36:29.702000,1.08696,1.08694,1690000,1000000
2021-04-15 14:36:29.803000,1.08696,1.08693,2440000,1500000
2021-04-15 14:36:34.423000,1.08694,1.08693,1690000,3370000
2021-04-15 14:36:34.474000,1.08693,1.08691,1000000,4500000
2021-04-15 14:36:34.676000,1.08694,1.08689,1250000,2250000
2021-04-15 14:36:34.828000,1.08693,1.0869,1750000,2250000
2021-04-15 14:36:37.147000,1.08693,1.08691,1000000,1310000
2021-04-15 14:36:37.198000,1.08697,1.08696,1000000,1000000
2021-04-15 14:36:39.094000,1.08697,1.08695,3190000,1000000
2021-04-15 14:36:41.593000,1.08699,1.08695,1000000,1000000
2021-04-15 14:36:41.694000,1.08699,1.08696,2810000,1000000
2021-04-15 14:36:45.137000,1.08697,1.08695,1000000,3750000
2021-04-15 14:36:45.390000,1.08702,1.08698,1000000,2250000
2021-04-15 14:36:45.492000,1.08703,1.08701,2500000,1000000
2021-04-15 14:36:45.970000,1.08703,1.08701,1250000,1000000
2021-04-15 14:36:46.172000,1.08703,1.08699,1690000,1000000
2021-04-15 14:36:46.999000,1.08702,1.087,3620000,1000000
2021-04-15 14:36:49.487000,1.08702,1.087,2440000,1000000
2021-04-15 14:36:51.390000,1.08702,1.087,3250000,1000000
2021-04-15 14:36:53.178000,1.087,1.08698,1250000,1500000
2021-04-15 14:36:55.682000,1.08699,1.08697,1250000,1870000
2021-04-15 14:36:55.885000,1.08699,1.08696,1690000,2620000
2021-04-15 14:36:56.216000,1.08699,1.08696,4070000,1000000
2021-04-15 14:36:56.267000,1.08696,1.08694,1250000,1500000
2021-04-15 14:36:57.266000,1.08695,1.08693,1690000,1000000
2021-04-15 14:36:57.367000,1.08695,1.08693,2500000,1000000
2021-04-15 14:36:57.756000,1.08694,1.08692,1250000,1000000
2021-04-15 14:36:57.969000,1.08694,1.08691,1750000,2620000
2021-04-15 14:36:58.756000,1.08692,1.08689,1000000,1120000
2021-04-15 14:36:59.721000,1.08691,1.08689,1000000,1100000
2021-04-15 14:37:00.023000,1.0869,1.08687,1690000,3450000
2021-04-15 14:37:00.125000,1.08689,1.08686,1250000,2770000
2021-04-15 14:37:00.608000,1.08687,1.08684,1690000,1120000
2021-04-15 14:37:00.946000,1.08687,1.08682,1000000,4140000
2021-04-15 14:37:01.611000,1.08686,1.08683,1000000,3640000
2021-04-15 14:37:03.646000,1.08684,1.08682,1000000,1120000
2021-04-15 14:37:03.748000,1.08684,1.08679,1000000,5340000
2021-04-15 14:37:04.702000,1.08683,1.0868,1250000,3070000
2021-04-15 14:37:07.208000,1.08685,1.08683,1120000,1760000
2021-04-15 14:37:08.358000,1.08686,1.08684,1000000,1200000
2021-04-15 14:37:09.308000,1.08686,1.08684,1000000,1570000
2021-04-15 14:37:09.864000,1.08687,1.08684,1000000,4010000
2021-04-15 14:37:10.988000,1.08687,1.08684,1250000,3200000
2021-04-15 14:37:11.588000,1.08686,1.08683,1690000,1950000
2021-04-15 14:37:11.791000,1.08686,1.08681,1250000,3670000
2021-04-15 14:37:11.892000,1.08684,1.08681,1500000,5610000
2021-04-15 14:37:11.994000,1.08684,1.08681,1500000,4010000
2021-04-15 14:37:12.297000,1.08681,1.0868,1000000,1120000
2021-04-15 14:37:12.399000,1.08681,1.08679,1500000,1000000
2021-04-15 14:37:14.625000,1.08681,1.08678,2500000,1570000
2021-04-15 14:37:14.827000,1.08679,1.08677,1500000,1500000
2021-04-15 14:37:16.680000,1.0868,1.08678,1000000,1000000
2021-04-15 14:37:16.781000,1.0868,1.08679,1000000,1000000
2021-04-15 14:37:17.076000,1.08682,1.08678,1250000,1000000
2021-04-15 14:37:19.947000,1.08681,1.0868,1250000,1000000
2021-04-15 14:37:20.049000,1.08685,1.08681,1760000,11440000
2021-04-15 14:37:20.100000,1.08685,1.08683,1010000,1000000
2021-04-15 14:37:20.201000,1.08687,1.08683,1250000,1000000
2021-04-15 14:37:21.729000,1.08685,1.08683,1000000,1000000
2021-04-15 14:37:24.655000,1.08685,1.08684,1000000,1000000
2021-04-15 14:37:26.239000,1.08687,1.08683,1000000,1000000
2021-04-15 14:37:29.824000,1.08684,1.08683,2440000,1250000
2021-04-15 14:37:29.875000,1.08682,1.08681,1690000,1000000
2021-04-15 14:37:29.976000,1.08683,1.08679,2250000,1000000
2021-04-15 14:37:30.077000,1.08681,1.08679,1000000,1000000
2021-04-15 14:37:31.440000,1.08681,1.08678,1500000,2250000
2021-04-15 14:37:34.171000,1.0868,1.08678,1000000,1000000
2021-04-15 14:37:39.044000,1.0868,1.08679,1000000,1000000
2021-04-15 14:37:41.300000,1.08681,1.08679,1000000,1000000
2021-04-15 14:37:42.213000,1.08679,1.08677,2440000,1000000
2021-04-15 14:37:42.613000,1.08679,1.08678,1120000,1000000
2021-04-15 14:37:42.664000,1.08681,1.0868,1000000,1000000
2021-04-15 14:37:42.721000,1.08682,1.0868,1000000,1000000
2021-04-15 14:37:45.524000,1.08684,1.08682,2370000,1000000
2021-04-15 14:37:45.625000,1.08685,1.08683,1000000,7800000
2021-04-15 14:37:45.980000,1.08686,1.08683,1500000,1120000
2021-04-15 14:37:46.083000,1.08685,1.08682,1500000,1870000
2021-04-15 14:37:47.206000,1.08685,1.08683,1000000,1000000
2021-04-15 14:37:47.257000,1.08687,1.08684,2620000,2440000
2021-04-15 14:37:47.358000,1.08687,1.08685,1000000,1000000
2021-04-15 14:37:47.510000,1.08687,1.08684,2620000,1120000
2021-04-15 14:37:47.611000,1.08686,1.08684,1000000,1000000
2021-04-15 14:37:48.340000,1.08684,1.08682,1000000,1120000
2021-04-15 14:37:48.441000,1.08682,1.0868,1000000,1950000
2021-04-15 14:37:48.644000,1.08682,1.08679,1000000,1870000
2021-04-15 14:37:53.014000,1.08681,1.08679,1000000,1000000
2021-04-15 14:37:53.115000,1.0868,1.08678,1690000,1000000
2021-04-15 14:37:53.217000,1.0868,1.08677,3560000,1000000
2021-04-15 14:37:53.268000,1.08679,1.08675,1870000,4090000
2021-04-15 14:37:53.420000,1.08679,1.08675,4060000,1500000
2021-04-15 14:37:53.592000,1.08679,1.08675,3940000,1500000
2021-04-15 14:37:54.459000,1.08678,1.08675,3190000,1000000
2021-04-15 14:37:54.561000,1.08677,1.08675,1000000,1000000
2021-04-15 14:37:55.721000,1.08677,1.08674,1500000,1000000
2021-04-15 14:37:56.015000,1.08676,1.08674,1000000,1000000
2021-04-15 14:37:57.463000,1.08674,1.08673,1000000,1000000
2021-04-15 14:37:57.716000,1.08675,1.08671,1000000,1250000
2021-04-15 14:37:58.245000,1.08674,1.08671,1000000,1390000
2021-04-15 14:37:59.039000,1.08674,1.08671,1000000,2120000
2021-04-15 14:38:00.022000,1.08674,1.08671,1000000,1390000
2021-04-15 14:38:00.910000,1.08672,1.0867,1120000,1120000
2021-04-15 14:38:00.961000,1.08669,1.08667,1000000,2060000
2021-04-15 14:38:01.062000,1.08668,1.08666,1000000,4200000
2021-04-15 14:38:01.164000,1.08667,1.08665,1000000,2510000
2021-04-15 14:38:03.245000,1.08669,1.08666,3190000,1000000
2021-04-15 14:38:08.132000,1.08671,1.0867,1120000,1000000
2021-04-15 14:38:08.183000,1.08673,1.0867,3820000,2060000
2021-04-15 14:38:08.335000,1.08673,1.08671,1250000,1000000
2021-04-15 14:38:11.771000,1.08672,1.08671,1250000,1000000
2021-04-15 14:38:17.137000,1.08673,1.08671,1690000,1000000
2021-04-15 14:38:18.030000,1.08673,1.0867,2810000,1000000
2021-04-15 14:38:18.930000,1.08673,1.0867,5120000,1000000
2021-04-15 14:38:19.763000,1.08671,1.0867,1000000,1000000
2021-04-15 14:38:23.747000,1.08671,1.08669,1000000,1000000
2021-04-15 14:38:24.863000,1.08672,1.0867,1000000,1250000
2021-04-15 14:38:29.211000,1.08674,1.08672,1500000,1570000
2021-04-15 14:38:29.313000,1.08675,1.08673,1000000,1250000
2021-04-15 14:38:31.251000,1.08676,1.08673,1500000,2510000
2021-04-15 14:38:41.893000,1.08673,1.08671,1000000,3260000
2021-04-15 14:38:41.995000,1.0867,1.08668,1000000,1000000
2021-04-15 14:38:42.298000,1.08669,1.08667,2250000,1000000
2021-04-15 14:38:42.400000,1.08668,1.08665,1250000,2620000
2021-04-15 14:38:42.551000,1.08668,1.08667,1310000,1000000
2021-04-15 14:38:46.153000,1.08668,1.08665,2060000,1500000
2021-04-15 14:38:47.659000,1.08667,1.08664,2810000,1500000
2021-04-15 14:38:47.710000,1.08664,1.08663,1690000,1000000
2021-04-15 14:38:47.761000,1.08664,1.08661,2810000,1570000
2021-04-15 14:38:47.969000,1.08663,1.08661,1000000,1000000
2021-04-15 14:38:48.909000,1.08662,1.0866,1000000,2440000
2021-04-15 14:38:52.428000,1.08661,1.0866,1250000,1000000
2021-04-15 14:38:52.479000,1.0866,1.08658,1250000,1000000
2021-04-15 14:38:52.530000,1.08658,1.08657,1690000,1000000
2021-04-15 14:38:52.632000,1.08656,1.08654,1690000,1500000
2021-04-15 14:38:55.456000,1.08656,1.08653,2810000,1250000
2021-04-15 14:38:55.558000,1.08655,1.08653,1690000,1250000
2021-04-15 14:38:55.811000,1.08656,1.08653,1690000,1690000
2021-04-15 14:38:56.064000,1.08656,1.08654,1250000,1000000
2021-04-15 14:38:56.680000,1.08658,1.08655,3190000,1000000
2021-04-15 14:38:58.642000,1.08657,1.08655,1310000,1000000
2021-04-15 14:38:58.946000,1.08656,1.08653,2440000,1690000
2021-04-15 14:38:59.048000,1.08655,1.08653,1000000,1250000
2021-04-15 14:38:59.314000,1.08655,1.08653,1000000,1000000
2021-04-15 14:39:00.209000,1.08654,1.08652,1000000,1120000
2021-04-15 14:39:01.764000,1.08656,1.08651,1000000,3940000
2021-04-15 14:39:02.194000,1.08653,1.0865,1690000,2140000
2021-04-15 14:39:02.296000,1.08651,1.08649,1250000,1000000
2021-04-15 14:39:03.803000,1.08651,1.08648,2440000,2250000
2021-04-15 14:39:03.910000,1.0865,1.08648,1000000,1500000
2021-04-15 14:39:05.490000,1.08649,1.08647,1000000,1000000
2021-04-15 14:39:05.642000,1.08649,1.08646,1000000,3000000
2021-04-15 14:39:06.624000,1.08648,1.08646,1000000,1120000
2021-04-15 14:39:06.676000,1.08646,1.08644,2440000,1100000
2021-04-15 14:39:06.828000,1.08647,1.08642,1500000,1000000
2021-04-15 14:39:06.929000,1.08645,1.08642,1000000,3150000
2021-04-15 14:39:07.672000,1.08646,1.08644,1000000,3580000
2021-04-15 14:39:07.723000,1.08649,1.08647,1500000,1000000
2021-04-15 14:39:07.824000,1.0865,1.08649,1000000,1000000
2021-04-15 14:39:09.177000,1.0865,1.08646,1370000,1500000
2021-04-15 14:39:09.279000,1.08648,1.08644,1690000,6240000
2021-04-15 14:39:12.021000,1.08647,1.08645,1390000,1000000
2021-04-15 14:39:12.893000,1.08648,1.08645,1500000,2810000
2021-04-15 14:39:12.994000,1.0865,1.08648,1950000,1000000
2021-04-15 14:39:15.552000,1.08651,1.08648,1500000,1000000
2021-04-15 14:39:19.840000,1.08651,1.08649,1000000,1000000
2021-04-15 14:39:27.283000,1.08653,1.08652,1500000,1000000
2021-04-15 14:39:27.384000,1.08654,1.08652,1000000,1120000
2021-04-15 14:39:27.486000,1.08656,1.08654,1000000,1250000
2021-04-15 14:39:31.187000,1.08656,1.08654,3870000,1000000
2021-04-15 14:39:31.252000,1.08654,1.08652,2500000,1950000
2021-04-15 14:39:31.303000,1.08652,1.0865,1250000,2250000
2021-04-15 14:39:31.835000,1.08651,1.08649,1250000,1000000
2021-04-15 14:39:31.936000,1.0865,1.08648,2500000,1000000
2021-04-15 14:39:32.038000,1.0865,1.08648,1250000,1000000
2021-04-15 14:39:33.227000,1.08647,1.08646,1690000,1500000
2021-04-15 14:39:33.329000,1.08646,1.08645,1000000,1000000
2021-04-15 14:39:33.430000,1.08646,1.08643,1500000,2500000
2021-04-15 14:39:33.637000,1.08646,1.08643,1500000,1690000
2021-04-15 14:39:34.530000,1.08647,1.08644,2440000,1870000
2021-04-15 14:39:34.632000,1.08649,1.08646,3940000,1000000
2021-04-15 14:39:34.951000,1.08647,1.08644,1000000,7060000
2021-04-15 14:39:35.053000,1.08647,1.08644,1000000,2810000
2021-04-15 14:39:35.657000,1.0865,1.08645,3560000,1000000
2021-04-15 14:39:36.327000,1.08651,1.08648,5120000,1000000
2021-04-15 14:39:36.479000,1.08651,1.08648,2810000,1000000
2021-04-15 14:39:37.740000,1.08651,1.08647,1250000,1000000
2021-04-15 14:39:37.967000,1.08648,1.08645,1000000,8060000
2021-04-15 14:39:39.939000,1.08647,1.08645,1000000,1000000
2021-04-15 14:39:46.023000,1.08648,1.08646,1000000,1120000
2021-04-15 14:39:47.785000,1.08649,1.08646,3190000,1120000
2021-04-15 14:39:48.204000,1.08648,1.08646,1000000,1000000
2021-04-15 14:39:49.778000,1.08649,1.08646,3190000,1120000
2021-04-15 14:39:50.804000,1.08651,1.08648,5250000,1000000
2021-04-15 14:39:50.905000,1.08651,1.08649,1120000,1000000
2021-04-15 14:40:00.869000,1.08651,1.08649,1000000,2500000
2021-04-15 14:40:01.121000,1.08651,1.08649,1000000,1690000
2021-04-15 14:40:02.525000,1.08651,1.08649,1000000,2500000
2021-04-15 14:40:02.677000,1.0865,1.08649,1000000,1000000
2021-04-15 14:40:02.779000,1.08651,1.08649,1120000,1000000
2021-04-15 14:40:02.880000,1.08649,1.08648,1000000,1000000
2021-04-15 14:40:03.767000,1.08651,1.08649,1000000,1000000
2021-04-15 14:40:04.723000,1.08651,1.0865,1000000,1000000
2021-04-15 14:40:05.898000,1.08651,1.08649,1000000,1250000
2021-04-15 14:40:08.196000,1.08651,1.08649,1000000,1000000
2021-04-15 14:40:08.348000,1.08652,1.0865,1000000,1000000
2021-04-15 14:40:08.500000,1.08654,1.08652,2750000,1000000
2021-04-15 14:40:08.551000,1.08656,1.08653,3550000,1000000
2021-04-15 14:40:08.652000,1.08656,1.08655,1000000,1000000
2021-04-15 14:40:08.753000,1.08657,1.08655,1000000,1690000
2021-04-15 14:40:09.056000,1.08658,1.08656,1500000,1000000
2021-04-15 14:40:09.995000,1.08658,1.08655,1000000,1000000
2021-04-15 14:40:11.556000,1.08657,1.08655,2700000,1000000
2021-04-15 14:40:11.658000,1.08656,1.08655,1000000,1000000
2021-04-15 14:40:15.094000,1.08656,1.08654,2250000,1000000
2021-04-15 14:40:17.516000,1.08655,1.08652,2070000,1500000
2021-04-15 14:40:17.617000,1.08653,1.08651,1120000,1000000
2021-04-15 14:40:18.704000,1.08654,1.08652,2620000,1000000
2021-04-15 14:40:19.967000,1.08654,1.08652,2370000,1000000
2021-04-15 14:40:20.502000,1.08654,1.08652,1000000,1690000
2021-04-15 14:40:20.608000,1.08655,1.08653,1000000,1690000
2021-04-15 14:40:20.710000,1.08657,1.08653,1500000,1250000
2021-04-15 14:40:20.811000,1.08657,1.08654,1200000,1690000
2021-04-15 14:40:21.714000,1.08657,1.08655,1000000,1250000
2021-04-15 14:40:26.625000,1.08656,1.08654,1250000,1000000
2021-04-15 14:40:30.784000,1.08657,1.08654,1120000,1000000
2021-04-15 14:40:31.880000,1.08657,1.08655,1870000,1000000
2021-04-15 14:40:31.982000,1.08658,1.08656,1500000,1690000
2021-04-15 14:40:32.083000,1.08658,1.08657,1000000,1000000
2021-04-15 14:40:33.572000,1.0866,1.08657,3000000,1500000
2021-04-15 14:40:33.825000,1.08659,1.08657,1000000,1000000
2021-04-15 14:40:35.016000,1.08659,1.08657,1810000,1000000
2021-04-15 14:40:35.117000,1.08659,1.08657,1120000,1000000
2021-04-15 14:40:39.088000,1.0866,1.08657,3000000,2440000
2021-04-15 14:40:41.032000,1.08662,1.08659,1000000,2440000
2021-04-15 14:40:41.133000,1.08663,1.0866,5070000,2440000
2021-04-15 14:40:42.020000,1.08663,1.0866,4010000,2440000
2021-04-15 14:40:42.575000,1.08664,1.08661,1000000,1690000
2021-04-15 14:40:42.645000,1.08666,1.08664,2620000,1690000
2021-04-15 14:40:42.696000,1.08669,1.08665,1000000,1870000
2021-04-15 14:40:42.797000,1.08669,1.08666,3640000,1500000
2021-04-15 14:40:43.158000,1.08669,1.08666,5760000,1000000
2021-04-15 14:40:43.882000,1.08667,1.08666,1000000,1000000
2021-04-15 14:40:45.490000,1.08666,1.08664,3640000,1000000
2021-04-15 14:40:46.952000,1.08667,1.08664,2620000,2440000
2021-04-15 14:40:47.003000,1.08667,1.08666,1120000,1000000
2021-04-15 14:40:47.104000,1.08668,1.08666,2050000,1000000
2021-04-15 14:40:47.206000,1.08669,1.08667,2440000,1000000
2021-04-15 14:40:47.358000,1.08669,1.08665,1000000,1500000
2021-04-15 14:40:48.048000,1.08668,1.08665,2990000,1000000
2021-04-15 14:40:50.226000,1.08666,1.08664,1310000,1500000
2021-04-15 14:40:50.327000,1.08665,1.08663,1120000,1000000
2021-04-15 14:40:51.341000,1.08665,1.08664,1000000,1000000
2021-04-15 14:40:53.953000,1.08665,1.08663,1000000,1000000
2021-04-15 14:40:59.245000,1.08666,1.08663,1500000,2440000
2021-04-15 14:40:59.347000,1.08668,1.08664,1120000,1000000
2021-04-15 14:40:59.449000,1.08667,1.08664,1500000,1500000
2021-04-15 14:41:00.084000,1.08667,1.08664,4060000,1000000
2021-04-15 14:41:04.222000,1.08666,1.08663,1690000,1000000
2021-04-15 14:41:05.822000,1.08665,1.08662,2060000,1500000
2021-04-15 14:41:06.127000,1.08666,1.08661,4060000,1500000
2021-04-15 14:41:06.712000,1.08659,1.08658,1000000,3450000
2021-04-15 14:41:06.813000,1.0866,1.08658,1120000,1500000
2021-04-15 14:41:07.425000,1.08659,1.08656,1000000,5510000
2021-04-15 14:41:09.150000,1.08658,1.08655,1870000,3260000
2021-04-15 14:41:11.093000,1.08658,1.08656,1000000,1500000
2021-04-15 14:41:12.916000,1.08659,1.08657,1000000,1690000
2021-04-15 14:41:13.017000,1.08661,1.08657,1120000,1000000
2021-04-15 14:41:13.119000,1.08661,1.08659,1120000,2440000
2021-04-15 14:41:13.220000,1.08662,1.0866,1000000,1500000
2021-04-15 14:41:13.322000,1.08662,1.08661,1000000,1000000
2021-04-15 14:41:14.977000,1.08663,1.08661,1860000,1000000
2021-04-15 14:41:16.793000,1.08664,1.08662,1500000,1690000
2021-04-15 14:41:19.489000,1.08665,1.08663,1000000,1690000
2021-04-15 14:41:20.309000,1.08665,1.08662,1500000,2440000
2021-04-15 14:41:20.411000,1.08664,1.08662,1000000,1690000
2021-04-15 14:41:20.916000,1.08664,1.08663,1000000,1000000
2021-04-15 14:41:23.245000,1.08666,1.08663,3450000,2440000
2021-04-15 14:41:23.498000,1.08666,1.08664,1120000,1000000
2021-04-15 14:41:23.600000,1.08666,1.08665,1000000,2810000
2021-04-15 14:41:23.651000,1.08668,1.08665,1100000,2440000
2021-04-15 14:41:24.477000,1.08667,1.08665,1120000,1000000
2021-04-15 14:41:24.578000,1.08667,1.08664,3000000,2510000
2021-04-15 14:41:27.057000,1.08666,1.08664,2750000,1000000
2021-04-15 14:41:27.158000,1.08666,1.08664,2250000,1000000
2021-04-15 14:41:28.974000,1.08666,1.08663,1500000,2440000
2021-04-15 14:41:33.910000,1.08668,1.08666,2750000,2440000
2021-04-15 14:41:33.961000,1.08669,1.08667,2620000,1690000
2021-04-15 14:41:34.012000,1.08671,1.08668,4690000,1000000
2021-04-15 14:41:34.670000,1.08669,1.08667,1000000,1000000
2021-04-15 14:41:34.771000,1.08669,1.08667,2000000,1000000
2021-04-15 14:41:35.710000,1.08669,1.08667,1000000,1000000
2021-04-15 14:41:36.202000,1.08671,1.08668,2620000,1690000
2021-04-15 14:41:36.405000,1.08671,1.08669,1000000,1000000
2021-04-15 14:41:39.506000,1.08673,1.08671,1120000,1250000
2021-04-15 14:41:39.557000,1.08675,1.08674,4500000,1000000
2021-04-15 14:41:39.608000,1.08677,1.08674,5060000,1000000
2021-04-15 14:41:40.211000,1.08675,1.08673,2940000,1000000
2021-04-15 14:41:40.312000,1.08674,1.08672,1000000,1500000
2021-04-15 14:41:42.632000,1.08677,1.08674,5000000,1000000
2021-04-15 14:41:42.734000,1.08677,1.08674,2440000,1000000
2021-04-15 14:41:44.031000,1.08676,1.08674,4000000,1000000
2021-04-15 14:41:44.132000,1.08677,1.08673,1120000,1000000
2021-04-15 14:41:44.339000,1.08676,1.08675,1120000,1000000
2021-04-15 14:41:46.487000,1.08676,1.08673,1690000,1500000
2021-04-15 14:41:46.868000,1.08676,1.08674,1500000,1690000
2021-04-15 14:41:50.907000,1.08678,1.08675,9490000,1000000
2021-04-15 14:41:51.513000,1.08678,1.08677,1000000,1000000
2021-04-15 14:41:51.564000,1.08682,1.0868,5440000,1000000
2021-04-15 14:41:53.447000,1.0868,1.08677,1310000,3450000
2021-04-15 14:41:55.273000,1.08679,1.08677,1250000,1000000
2021-04-15 14:41:55.818000,1.08678,1.08676,4690000,1000000
2021-04-15 14:41:59.597000,1.08678,1.08675,6260000,1500000
2021-04-15 14:41:59.699000,1.08677,1.08674,4310000,1500000
2021-04-15 14:42:00.323000,1.08676,1.08674,1870000,1000000
2021-04-15 14:42:00.374000,1.08675,1.0867,1390000,2700000
2021-04-15 14:42:00.526000,1.08674,1.08671,2260000,1500000
2021-04-15 14:42:02.510000,1.08674,1.08671,2510000,1000000
2021-04-15 14:42:03.233000,1.08673,1.08671,1000000,1000000
2021-04-15 14:42:06.558000,1.08674,1.08669,2070000,1690000
2021-04-15 14:42:06.660000,1.08671,1.08669,1000000,2440000
2021-04-15 14:42:07.207000,1.08671,1.0867,1000000,1000000
2021-04-15 14:42:07.308000,1.08672,1.0867,1000000,1000000
2021-04-15 14:42:11.846000,1.08671,1.08669,1000000,2440000
2021-04-15 14:42:15.779000,1.0867,1.08667,1200000,3560000
2021-04-15 14:42:16.033000,1.08668,1.08666,1100000,1250000
2021-04-15 14:42:16.135000,1.08668,1.08665,1950000,1760000
2021-04-15 14:42:19.006000,1.08669,1.08666,4510000,1000000
2021-04-15 14:42:20.054000,1.08669,1.08666,2250000,1690000
2021-04-15 14:42:20.650000,1.0867,1.08668,1870000,1690000
2021-04-15 14:42:20.752000,1.08671,1.08669,1310000,1690000
2021-04-15 14:42:22.905000,1.08669,1.08667,2320000,2310000
2021-04-15 14:42:22.956000,1.08669,1.08666,4760000,1100000
2021-04-15 14:42:23.058000,1.08669,1.08666,4510000,1100000
2021-04-15 14:42:23.211000,1.08668,1.08666,1000000,2440000
2021-04-15 14:42:23.313000,1.08669,1.08666,3200000,2440000
2021-04-15 14:42:23.720000,1.08668,1.08665,1690000,1500000
2021-04-15 14:42:23.771000,1.08666,1.08664,1120000,1000000
2021-04-15 14:42:23.874000,1.08666,1.08663,1120000,2440000
2021-04-15 14:42:25.378000,1.08665,1.08663,1000000,1690000
2021-04-15 14:42:28.117000,1.08666,1.08665,1000000,1000000
2021-04-15 14:42:28.246000,1.08667,1.08665,1000000,1690000
2021-04-15 14:42:28.651000,1.08668,1.08665,2620000,2440000
2021-04-15 14:42:29.015000,1.08669,1.08665,1120000,1250000
2021-04-15 14:42:32.392000,1.08669,1.08667,1120000,1690000
2021-04-15 14:42:33.597000,1.0867,1.08668,1120000,1250000
2021-04-15 14:42:35.569000,1.08669,1.08667,1000000,1000000
2021-04-15 14:42:36.125000,1.08668,1.08666,1000000,1690000
2021-04-15 14:42:38.271000,1.08666,1.08664,1250000,1200000
2021-04-15 14:42:38.473000,1.08666,1.08663,2060000,1500000
2021-04-15 14:42:40.549000,1.08667,1.08664,1870000,1250000
2021-04-15 14:42:40.650000,1.08667,1.08664,1000000,2870000
2021-04-15 14:42:40.752000,1.08667,1.08664,1000000,2060000
2021-04-15 14:42:41.557000,1.08667,1.08664,1000000,4450000
2021-04-15 14:42:46.777000,1.08666,1.08663,1500000,2060000
2021-04-15 14:42:47.902000,1.08664,1.08662,1000000,1690000
2021-04-15 14:42:48.003000,1.08663,1.0866,1000000,2510000
2021-04-15 14:42:48.105000,1.08663,1.0866,1000000,3250000
2021-04-15 14:42:48.206000,1.08663,1.0866,1000000,2440000
2021-04-15 14:42:48.351000,1.08665,1.08662,1870000,1690000
2021-04-15 14:42:49.603000,1.08663,1.08661,1000000,2890000
2021-04-15 14:42:51.644000,1.08663,1.0866,1500000,3560000
2021-04-15 14:42:51.746000,1.08663,1.08661,1000000,2810000
2021-04-15 14:42:52.137000,1.08664,1.08661,1500000,3560000
2021-04-15 14:42:53.992000,1.08662,1.0866,1000000,2620000
2021-04-15 14:42:55.542000,1.08662,1.08658,1690000,4120000
2021-04-15 14:42:55.644000,1.08661,1.08658,1000000,3940000
2021-04-15 14:42:57.406000,1.08659,1.08657,1000000,1120000
2021-04-15 14:42:57.558000,1.0866,1.08655,3250000,1950000
2021-04-15 14:42:58.687000,1.0866,1.08655,2620000,1250000
2021-04-15 14:42:59.496000,1.0866,1.08657,1870000,1690000
2021-04-15 14:42:59.749000,1.08661,1.08658,1500000,2440000
2021-04-15 14:43:00.252000,1.0866,1.08658,1000000,2060000
2021-04-15 14:43:00.354000,1.08661,1.08658,1500000,2810000
2021-04-15 14:43:03.245000,1.08663,1.08659,1870000,1000000
2021-04-15 14:43:07.147000,1.08661,1.08658,1500000,3940000
2021-04-15 14:43:09.457000,1.08658,1.08656,1500000,5260000
2021-04-15 14:43:09.559000,1.08658,1.08656,1500000,2320000
2021-04-15 14:43:09.711000,1.08658,1.08657,1000000,1000000
2021-04-15 14:43:09.812000,1.08659,1.08657,1000000,1250000
2021-04-15 14:43:10.427000,1.08659,1.08656,1690000,2060000
2021-04-15 14:43:11.350000,1.08658,1.08656,1500000,1250000
2021-04-15 14:43:12.118000,1.08659,1.08656,1120000,2870000
2021-04-15 14:43:12.219000,1.0866,1.08657,1500000,3250000
2021-04-15 14:43:18.259000,1.08661,1.08658,1000000,4370000
2021-04-15 14:43:18.676000,1.08659,1.08656,1000000,2140000
2021-04-15 14:43:18.828000,1.08658,1.08656,1500000,1690000
2021-04-15 14:43:22.363000,1.08658,1.08655,1500000,4010000
2021-04-15 14:43:25.148000,1.08659,1.08655,1120000,3420000
2021-04-15 14:43:25.249000,1.08658,1.08656,1000000,4510000
2021-04-15 14:43:25.356000,1.08659,1.08656,1500000,7620000
2021-04-15 14:43:25.408000,1.08662,1.08657,1000000,3560000
2021-04-15 14:43:25.509000,1.08662,1.08659,1000000,4010000
2021-04-15 14:43:25.864000,1.08661,1.08659,1000000,2440000
2021-04-15 14:43:25.965000,1.0866,1.08659,1000000,1000000
2021-04-15 14:43:26.996000,1.08661,1.08659,1000000,1250000
2021-04-15 14:43:27.425000,1.08662,1.08659,1000000,1690000
2021-04-15 14:43:30.819000,1.08663,1.0866,3560000,1000000
2021-04-15 14:43:31.072000,1.08665,1.08661,1250000,1000000
2021-04-15 14:43:31.173000,1.08664,1.08661,1250000,4950000
2021-04-15 14:43:33.285000,1.08665,1.08661,1000000,4000000
2021-04-15 14:43:33.391000,1.08665,1.08662,1500000,4810000
2021-04-15 14:43:33.492000,1.08666,1.08661,1500000,4310000
2021-04-15 14:43:35.935000,1.08667,1.08664,1690000,3750000
2021-04-15 14:43:37.737000,1.08669,1.08666,1000000,3190000
2021-04-15 14:43:37.788000,1.0867,1.08668,1000000,3560000
2021-04-15 14:43:37.889000,1.08673,1.0867,1870000,3190000
2021-04-15 14:43:37.991000,1.08674,1.08672,1000000,1120000
2021-04-15 14:43:38.092000,1.08674,1.08672,1000000,1620000
2021-04-15 14:43:38.194000,1.08673,1.08672,1000000,1000000
2021-04-15 14:43:38.571000,1.08673,1.08671,1000000,1950000
2021-04-15 14:43:38.623000,1.08671,1.08669,1000000,4200000
2021-04-15 14:43:38.725000,1.08669,1.08668,1000000,1110000
2021-04-15 14:43:39.954000,1.08667,1.08665,1000000,6470000
2021-04-15 14:43:40.055000,1.08667,1.08665,1000000,3620000
2021-04-15 14:43:42.397000,1.08666,1.08663,1000000,2440000
2021-04-15 14:43:42.500000,1.08664,1.08663,1000000,1950000
2021-04-15 14:43:44.181000,1.08664,1.08662,1000000,2440000
2021-04-15 14:43:45.407000,1.08663,1.08662,1000000,1690000
2021-04-15 14:43:47.371000,1.08666,1.08662,1000000,3260000
2021-04-15 14:43:47.472000,1.08666,1.08664,1000000,1000000
2021-04-15 14:43:51.336000,1.08666,1.08665,1000000,1000000
2021-04-15 14:43:51.690000,1.08668,1.08665,1500000,2440000
2021-04-15 14:43:52.497000,1.08667,1.08665,1000000,1500000
2021-04-15 14:43:52.598000,1.08666,1.08663,1000000,5340000
2021-04-15 14:43:55.482000,1.08666,1.08662,1000000,4140000
2021-04-15 14:43:55.583000,1.08665,1.08663,1000000,3260000
2021-04-15 14:44:00.543000,1.08665,1.08662,1000000,4010000
2021-04-15 14:44:01.322000,1.08663,1.08661,1000000,3940000
2021-04-15 14:44:01.423000,1.08663,1.08661,1000000,3690000
2021-04-15 14:44:01.525000,1.08664,1.08661,1000000,6760000
2021-04-15 14:44:03.250000,1.08667,1.08664,3190000,1500000
2021-04-15 14:44:06.297000,1.0867,1.08668,1250000,2250000
2021-04-15 14:44:06.399000,1.08671,1.08669,1500000,2060000
2021-04-15 14:44:06.500000,1.08671,1.0867,1000000,1120000
2021-04-15 14:44:06.652000,1.08672,1.0867,1000000,1120000
2021-04-15 14:44:17.021000,1.08673,1.08671,1000000,2060000
2021-04-15 14:44:17.072000,1.08676,1.08673,3370000,1250000
2021-04-15 14:44:17.884000,1.08676,1.08673,1500000,1310000
2021-04-15 14:44:21.668000,1.08676,1.08673,1500000,1820000
2021-04-15 14:44:25.200000,1.08673,1.08672,1870000,3560000
2021-04-15 14:44:25.301000,1.08673,1.08668,1000000,5320000
2021-04-15 14:44:31.257000,1.08671,1.08669,1000000,2950000
2021-04-15 14:44:31.911000,1.08671,1.08669,1500000,1250000
2021-04-15 14:44:32.384000,1.0867,1.08668,1000000,1250000
2021-04-15 14:44:33.598000,1.08671,1.08668,1000000,1250000
2021-04-15 14:44:33.699000,1.0867,1.08668,1000000,1250000
2021-04-15 14:44:41.579000,1.08668,1.08665,1390000,2940000
2021-04-15 14:44:41.630000,1.08664,1.08662,1000000,4970000
2021-04-15 14:44:41.782000,1.08664,1.08661,1000000,2950000
2021-04-15 14:44:41.884000,1.08665,1.08661,1000000,1250000
2021-04-15 14:44:42.036000,1.08665,1.08662,1000000,3250000
2021-04-15 14:44:42.137000,1.08666,1.08662,2620000,5500000
2021-04-15 14:44:43.230000,1.08666,1.08664,1000000,1250000
2021-04-15 14:44:47.288000,1.08666,1.08663,1000000,7310000
2021-04-15 14:44:50.455000,1.08665,1.08663,2440000,3370000
2021-04-15 14:44:50.557000,1.08663,1.08661,1000000,1950000
2021-04-15 14:44:50.658000,1.08663,1.0866,1000000,3560000
2021-04-15 14:44:57.241000,1.08661,1.08659,1000000,1500000
2021-04-15 14:44:57.345000,1.08659,1.08656,2440000,2500000
2021-04-15 14:44:57.446000,1.08658,1.08656,1000000,1500000
2021-04-15 14:44:57.547000,1.08658,1.08655,1000000,6190000
2021-04-15 14:44:57.977000,1.08658,1.08655,1000000,9320000
2021-04-15 14:45:05.508000,1.08657,1.08655,1500000,1000000
