time,ask,bid,ask_volume,bid_volume
2020-05-13 12:25:00.003000,1.06934,1.06931,1690000,1000000
2020-05-13 12:25:00.154000,1.06934,1.0693,1690000,2440000
2020-05-13 12:25:00.998000,1.06934,1.0693,1890000,3190000
2020-05-13 12:25:01.233000,1.06934,1.0693,1200000,3390000
2020-05-13 12:25:02.245000,1.06934,1.0693,1390000,2810000
2020-05-13 12:25:02.346000,1.06932,1.0693,1000000,1690000
2020-05-13 12:25:03.013000,1.06932,1.0693,1000000,1250000
2020-05-13 12:25:03.115000,1.06934,1.0693,2810000,1750000
2020-05-13 12:25:04.587000,1.06933,1.0693,1000000,1250000
2020-05-13 12:25:04.689000,1.0693,1.06928,1690000,2470000
2020-05-13 12:25:04.790000,1.0693,1.06927,2370000,2500000
2020-05-13 12:25:04.992000,1.06929,1.06927,1120000,1000000
2020-05-13 12:25:05.094000,1.06929,1.06926,1890000,2060000
2020-05-13 12:25:05.195000,1.06926,1.06924,1000000,3190000
2020-05-13 12:25:06.510000,1.06927,1.06924,1310000,2810000
2020-05-13 12:25:06.611000,1.06928,1.06925,3560000,1310000
2020-05-13 12:25:06.813000,1.06928,1.06926,2620000,1250000
2020-05-13 12:25:07.378000,1.06925,1.06923,1000000,4540000
2020-05-13 12:25:07.479000,1.06925,1.06923,1500000,1000000
2020-05-13 12:25:09.515000,1.06924,1.06922,1000000,1700000
2020-05-13 12:25:09.616000,1.06924,1.06921,1500000,2560000
2020-05-13 12:25:09.718000,1.06924,1.06921,1870000,2060000
2020-05-13 12:25:11.727000,1.06924,1.06921,1000000,3390000
2020-05-13 12:25:12.038000,1.06923,1.06921,1000000,2560000
2020-05-13 12:25:12.729000,1.06923,1.06921,1500000,1310000
2020-05-13 12:25:13.890000,1.06922,1.0692,1120000,1120000
2020-05-13 12:25:13.996000,1.06921,1.06919,1500000,2450000
2020-05-13 12:25:14.908000,1.06921,1.06919,1500000,1870000
2020-05-13 12:25:19.752000,1.06921,1.06919,1500000,3450000
2020-05-13 12:25:19.853000,1.06922,1.06919,1500000,5020000
2020-05-13 12:25:20.570000,1.06923,1.0692,2060000,2810000
2020-05-13 12:25:20.723000,1.06923,1.0692,1500000,5770000
2020-05-13 12:25:20.824000,1.06924,1.06921,1000000,3650000
2020-05-13 12:25:20.925000,1.06925,1.06922,2810000,1120000
2020-05-13 12:25:23.360000,1.06926,1.06923,1870000,1000000
2020-05-13 12:25:25.745000,1.06925,1.06922,2320000,1570000
2020-05-13 12:25:27.262000,1.06924,1.06921,1000000,2320000
2020-05-13 12:25:27.363000,1.06925,1.06921,4010000,2320000
2020-05-13 12:25:27.819000,1.06925,1.06921,4510000,1950000
2020-05-13 12:25:28.064000,1.06925,1.06921,3000000,2900000
2020-05-13 12:25:28.580000,1.06925,1.06921,4750000,3460000
2020-05-13 12:25:28.683000,1.06924,1.06921,1690000,1760000
2020-05-13 12:25:34.688000,1.06924,1.06921,1310000,2710000
2020-05-13 12:25:35.426000,1.06923,1.06921,1000000,1100000
2020-05-13 12:25:35.528000,1.06923,1.0692,1000000,2620000
2020-05-13 12:25:36.166000,1.06923,1.0692,3320000,1500000
2020-05-13 12:25:36.268000,1.06923,1.0692,2320000,2060000
2020-05-13 12:25:36.370000,1.06923,1.06921,1120000,1870000
2020-05-13 12:25:36.522000,1.06924,1.06921,2620000,2820000
2020-05-13 12:25:37.013000,1.06924,1.06921,4010000,1500000
2020-05-13 12:25:37.114000,1.06923,1.0692,1500000,2620000
2020-05-13 12:25:37.583000,1.06922,1.0692,1200000,2250000
2020-05-13 12:25:41.665000,1.06924,1.06921,4140000,1870000
2020-05-13 12:25:41.767000,1.06924,1.06921,1250000,2590000
2020-05-13 12:25:43.393000,1.06924,1.06921,1000000,3770000
2020-05-13 12:25:44.282000,1.06924,1.06921,1000000,2960000
2020-05-13 12:25:44.729000,1.06924,1.06922,1000000,1250000
2020-05-13 12:25:45.232000,1.06924,1.06922,1000000,1310000
2020-05-13 12:25:46.234000,1.06924,1.06921,1000000,2140000
2020-05-13 12:25:48.210000,1.06924,1.06921,1000000,3010000
2020-05-13 12:25:49.698000,1.06924,1.06921,1570000,1950000
2020-05-13 12:25:50.014000,1.06923,1.06921,1950000,1870000
2020-05-13 12:25:51.114000,1.06924,1.06921,2320000,1870000
2020-05-13 12:25:55.273000,1.06923,1.0692,1000000,3760000
2020-05-13 12:25:56.479000,1.06923,1.0692,4350000,2140000
2020-05-13 12:25:56.580000,1.06922,1.0692,3220000,1690000
2020-05-13 12:25:56.782000,1.06921,1.06919,1760000,1000000
2020-05-13 12:25:56.883000,1.0692,1.06918,1100000,2810000
2020-05-13 12:25:56.984000,1.06919,1.06917,1200000,1690000
2020-05-13 12:26:07.384000,1.06919,1.06916,2070000,3450000
2020-05-13 12:26:07.837000,1.06919,1.06916,1570000,3450000
2020-05-13 12:26:08.181000,1.06918,1.06916,1950000,2810000
2020-05-13 12:26:08.283000,1.06917,1.06915,3450000,1690000
2020-05-13 12:26:08.485000,1.06917,1.06914,4010000,2810000
2020-05-13 12:26:08.586000,1.06917,1.06914,4070000,1870000
2020-05-13 12:26:09.104000,1.06917,1.06915,3070000,1250000
2020-05-13 12:26:09.205000,1.06918,1.06916,1870000,1250000
2020-05-13 12:26:10.331000,1.06919,1.06916,2620000,2140000
2020-05-13 12:26:10.482000,1.06919,1.06917,1870000,1000000
2020-05-13 12:26:21.252000,1.06919,1.06916,3470000,1120000
2020-05-13 12:26:22.188000,1.06919,1.06916,2510000,2140000
2020-05-13 12:26:23.245000,1.06919,1.06916,4220000,1870000
2020-05-13 12:26:23.754000,1.06919,1.06916,3970000,2370000
2020-05-13 12:26:23.855000,1.06919,1.06917,1570000,1200000
2020-05-13 12:26:25.478000,1.0692,1.06917,1760000,2060000
2020-05-13 12:26:28.556000,1.06919,1.06916,1950000,3070000
2020-05-13 12:26:31.488000,1.06919,1.06916,3970000,2620000
2020-05-13 12:26:35.209000,1.06919,1.06916,4160000,1310000
2020-05-13 12:26:40.236000,1.06917,1.06915,1000000,2120000
2020-05-13 12:26:40.338000,1.06915,1.06914,1000000,1390000
2020-05-13 12:26:40.439000,1.06914,1.06912,1000000,2950000
2020-05-13 12:26:40.893000,1.06914,1.06912,1570000,2060000
2020-05-13 12:26:41.339000,1.06915,1.06912,2820000,3620000
2020-05-13 12:26:41.441000,1.06915,1.06912,1950000,4570000
2020-05-13 12:26:41.854000,1.06916,1.06913,1690000,3310000
2020-05-13 12:26:42.056000,1.06917,1.06915,1950000,2060000
2020-05-13 12:26:42.157000,1.06918,1.06916,1200000,1250000
2020-05-13 12:26:44.970000,1.0692,1.06917,4910000,2810000
2020-05-13 12:26:47.372000,1.0692,1.06917,2890000,2440000
2020-05-13 12:26:47.992000,1.0692,1.06917,4540000,1690000
2020-05-13 12:26:48.886000,1.06918,1.06916,1570000,1250000
2020-05-13 12:26:49.402000,1.06918,1.06915,1760000,4010000
2020-05-13 12:26:49.893000,1.06918,1.06915,3410000,3640000
2020-05-13 12:26:51.728000,1.06917,1.06916,1200000,1250000
2020-05-13 12:26:52.993000,1.06917,1.06915,2320000,1690000
2020-05-13 12:26:53.094000,1.06917,1.06916,1000000,1250000
2020-05-13 12:26:59.548000,1.06918,1.06916,1100000,2060000
2020-05-13 12:27:01.488000,1.06918,1.06915,1760000,2060000
2020-05-13 12:27:02.279000,1.06918,1.06915,3410000,2060000
2020-05-13 12:27:03.234000,1.06915,1.06914,1000000,1100000
2020-05-13 12:27:03.285000,1.06914,1.06911,1500000,1890000
2020-05-13 12:27:03.386000,1.06914,1.06911,2820000,1250000
2020-05-13 12:27:03.538000,1.06912,1.0691,1000000,3320000
2020-05-13 12:27:04.244000,1.06912,1.0691,2320000,1250000
2020-05-13 12:27:04.397000,1.06913,1.06911,2070000,1000000
2020-05-13 12:27:04.590000,1.06913,1.06911,1570000,1000000
2020-05-13 12:27:04.703000,1.06912,1.06911,1200000,1000000
2020-05-13 12:27:04.805000,1.06911,1.0691,1000000,1000000
2020-05-13 12:27:04.907000,1.06911,1.06909,1200000,1310000
2020-05-13 12:27:05.034000,1.06911,1.06909,1000000,2140000
2020-05-13 12:27:05.576000,1.06911,1.0691,1000000,1000000
2020-05-13 12:27:06.214000,1.0691,1.06909,1000000,1000000
2020-05-13 12:27:06.853000,1.0691,1.06908,1200000,1690000
2020-05-13 12:27:08.663000,1.06909,1.06908,1950000,1250000
2020-05-13 12:27:08.713000,1.06908,1.06906,2140000,1620000
2020-05-13 12:27:08.815000,1.06907,1.06906,1000000,1000000
2020-05-13 12:27:08.916000,1.06906,1.06904,1000000,2700000
2020-05-13 12:27:09.117000,1.06907,1.06905,1200000,1310000
2020-05-13 12:27:09.626000,1.06908,1.06905,4760000,1310000
2020-05-13 12:27:09.907000,1.06908,1.06905,3260000,1890000
2020-05-13 12:27:11.661000,1.06909,1.06906,2320000,1750000
2020-05-13 12:27:14.964000,1.06909,1.06906,2470000,2260000
2020-05-13 12:27:15.066000,1.06908,1.06905,1570000,1810000
2020-05-13 12:27:19.258000,1.06907,1.06905,1200000,1700000
2020-05-13 12:27:19.359000,1.06907,1.06904,1120000,3290000
2020-05-13 12:27:19.488000,1.06907,1.06904,1720000,2510000
2020-05-13 12:27:21.544000,1.06905,1.06904,1000000,1100000
2020-05-13 12:27:21.696000,1.06905,1.06902,2320000,2200000
2020-05-13 12:27:21.797000,1.06905,1.06902,2510000,1390000
2020-05-13 12:27:21.898000,1.06905,1.06902,2660000,1310000
2020-05-13 12:27:21.999000,1.06903,1.06901,1570000,1120000
2020-05-13 12:27:22.101000,1.06903,1.06901,1720000,1000000
2020-05-13 12:27:22.202000,1.06903,1.069,2660000,1760000
2020-05-13 12:27:22.710000,1.06903,1.069,1950000,3320000
2020-05-13 12:27:31.067000,1.06904,1.06902,2570000,1000000
2020-05-13 12:27:31.168000,1.06904,1.06902,1570000,1000000
2020-05-13 12:27:32.444000,1.06905,1.06904,1200000,1000000
2020-05-13 12:27:33.694000,1.06906,1.06905,1950000,1000000
2020-05-13 12:27:33.745000,1.06908,1.06906,3260000,1120000
2020-05-13 12:27:35.778000,1.06909,1.06907,1760000,1500000
2020-05-13 12:27:41.369000,1.06909,1.06906,1760000,2890000
2020-05-13 12:27:44.010000,1.06909,1.06907,1760000,2250000
2020-05-13 12:27:52.829000,1.06909,1.06908,1310000,1000000
2020-05-13 12:27:54.094000,1.06909,1.06907,1760000,1000000
2020-05-13 12:27:56.244000,1.06909,1.06908,1310000,1000000
2020-05-13 12:27:56.346000,1.0691,1.06909,1570000,1000000
2020-05-13 12:27:56.448000,1.06911,1.06909,1510000,1500000
2020-05-13 12:27:56.778000,1.06911,1.06909,1200000,1000000
2020-05-13 12:27:58.754000,1.06912,1.0691,1570000,1000000
2020-05-13 12:28:00.571000,1.06913,1.06912,1100000,1000000
2020-05-13 12:28:00.673000,1.06914,1.06912,1760000,1120000
2020-05-13 12:28:05.493000,1.06914,1.06913,1000000,1000000
2020-05-13 12:28:07.388000,1.06913,1.0691,1850000,2260000
2020-05-13 12:28:07.489000,1.06913,1.0691,1910000,1310000
2020-05-13 12:28:07.590000,1.06912,1.06909,1850000,3310000
2020-05-13 12:28:08.233000,1.06911,1.06908,1950000,2370000
2020-05-13 12:28:08.335000,1.06911,1.06908,3220000,1120000
2020-05-13 12:28:08.437000,1.06909,1.06907,1000000,3390000
2020-05-13 12:28:08.539000,1.06909,1.06907,1000000,2810000
2020-05-13 12:28:12.820000,1.06909,1.06908,1000000,1250000
2020-05-13 12:28:13.044000,1.06909,1.06907,1000000,2810000
2020-05-13 12:28:15.496000,1.06909,1.06907,1000000,4060000
2020-05-13 12:28:18.066000,1.0691,1.06907,1100000,1810000
2020-05-13 12:28:29.547000,1.06909,1.06908,1000000,1310000
2020-05-13 12:28:29.648000,1.0691,1.06908,1570000,1310000
2020-05-13 12:28:29.897000,1.06907,1.06906,1000000,2060000
2020-05-13 12:28:29.998000,1.06907,1.06905,1760000,1500000
2020-05-13 12:28:30.099000,1.06907,1.06904,1970000,1000000
2020-05-13 12:28:30.201000,1.06906,1.06903,1390000,2810000
2020-05-13 12:28:30.710000,1.06905,1.06903,1450000,1870000
2020-05-13 12:28:31.987000,1.06903,1.06901,1000000,2620000
2020-05-13 12:28:32.038000,1.06903,1.069,1570000,2810000
2020-05-13 12:28:32.139000,1.06902,1.069,1570000,1000000
2020-05-13 12:28:32.291000,1.06901,1.069,1000000,1000000
2020-05-13 12:28:33.401000,1.06902,1.069,1570000,1000000
2020-05-13 12:28:35.131000,1.06902,1.06901,1000000,1000000
2020-05-13 12:28:35.927000,1.06902,1.069,1200000,1000000
2020-05-13 12:28:36.028000,1.06902,1.06899,1200000,2810000
2020-05-13 12:28:36.169000,1.06902,1.069,1200000,1000000
2020-05-13 12:28:36.572000,1.06903,1.069,3070000,2620000
2020-05-13 12:28:36.674000,1.06904,1.06902,3000000,1250000
2020-05-13 12:28:40.120000,1.06904,1.06902,1500000,2870000
2020-05-13 12:28:40.171000,1.06906,1.06904,1760000,1500000
2020-05-13 12:28:40.273000,1.06908,1.06906,1000000,1810000
2020-05-13 12:28:40.425000,1.06909,1.06907,2140000,1120000
2020-05-13 12:28:40.476000,1.06907,1.06904,1200000,5620000
2020-05-13 12:28:40.578000,1.06909,1.06907,2140000,1870000
2020-05-13 12:28:41.471000,1.06909,1.06908,1000000,1000000
2020-05-13 12:28:42.991000,1.0691,1.06908,1000000,1250000
2020-05-13 12:28:43.100000,1.0691,1.06908,1000000,1750000
2020-05-13 12:28:46.274000,1.06909,1.06908,1000000,1310000
2020-05-13 12:28:46.477000,1.06909,1.06907,1000000,3370000
2020-05-13 12:28:50.818000,1.06907,1.06906,1000000,1000000
2020-05-13 12:28:51.225000,1.06908,1.06905,2820000,2060000
2020-05-13 12:28:51.326000,1.06908,1.06905,2320000,2060000
2020-05-13 12:28:51.615000,1.06908,1.06905,2320000,2870000
2020-05-13 12:28:51.767000,1.06908,1.06905,2510000,2060000
2020-05-13 12:28:51.868000,1.06908,1.06906,2510000,1000000
2020-05-13 12:28:54.319000,1.06909,1.06907,1950000,1000000
2020-05-13 12:28:54.471000,1.06909,1.06906,1950000,1870000
2020-05-13 12:28:54.572000,1.06908,1.06906,1000000,1500000
2020-05-13 12:28:54.724000,1.06909,1.06906,1200000,1500000
2020-05-13 12:28:54.825000,1.06909,1.06907,1950000,1000000
2020-05-13 12:28:55.027000,1.06909,1.06906,1000000,2620000
2020-05-13 12:28:55.128000,1.06909,1.06907,1200000,1000000
2020-05-13 12:28:58.935000,1.0691,1.06908,1000000,2370000
2020-05-13 12:29:00.089000,1.06911,1.06909,1200000,1120000
2020-05-13 12:29:00.191000,1.06912,1.0691,3410000,1000000
2020-05-13 12:29:00.242000,1.06913,1.06911,1570000,1000000
2020-05-13 12:29:00.343000,1.06912,1.06911,1000000,1000000
2020-05-13 12:29:00.812000,1.06911,1.06909,1000000,1760000
2020-05-13 12:29:01.092000,1.06909,1.06907,1500000,3850000
2020-05-13 12:29:01.243000,1.06909,1.06907,1570000,1120000
2020-05-13 12:29:02.105000,1.06909,1.06906,1950000,2510000
2020-05-13 12:29:02.263000,1.06908,1.06906,1000000,2510000
2020-05-13 12:29:03.009000,1.06907,1.06905,1500000,2260000
2020-05-13 12:29:03.110000,1.06907,1.06905,1500000,2060000
2020-05-13 12:29:03.262000,1.06907,1.06905,1000000,3290000
2020-05-13 12:29:05.978000,1.06908,1.06906,1000000,2640000
2020-05-13 12:29:07.056000,1.06907,1.06906,1000000,1570000
2020-05-13 12:29:07.158000,1.06905,1.06903,1000000,3290000
2020-05-13 12:29:07.209000,1.06904,1.06902,1000000,2060000
2020-05-13 12:29:07.310000,1.06903,1.06902,1000000,1200000
2020-05-13 12:29:07.411000,1.06903,1.06901,1000000,2320000
2020-05-13 12:29:07.512000,1.06902,1.06901,1000000,2320000
2020-05-13 12:29:07.860000,1.06903,1.06901,1000000,1950000
2020-05-13 12:29:07.961000,1.06903,1.06902,1000000,1200000
2020-05-13 12:29:08.113000,1.06903,1.06901,1570000,1100000
2020-05-13 12:29:08.214000,1.06903,1.06902,1120000,1250000
2020-05-13 12:29:08.366000,1.06903,1.06901,1000000,2320000
2020-05-13 12:29:08.570000,1.06904,1.06902,1000000,1950000
2020-05-13 12:29:08.671000,1.06904,1.06902,1250000,3070000
2020-05-13 12:29:10.159000,1.06903,1.06901,1000000,1790000
2020-05-13 12:29:10.210000,1.06901,1.069,1000000,1250000
2020-05-13 12:29:11.063000,1.06902,1.06899,1120000,3770000
2020-05-13 12:29:12.816000,1.06902,1.06901,1000000,1000000
2020-05-13 12:29:13.644000,1.06902,1.06899,1500000,2660000
2020-05-13 12:29:13.846000,1.06902,1.06899,1000000,1310000
2020-05-13 12:29:14.613000,1.06902,1.06899,1000000,1810000
2020-05-13 12:29:17.038000,1.06903,1.069,1310000,2320000
2020-05-13 12:29:20.274000,1.06904,1.06901,2120000,1000000
2020-05-13 12:29:20.426000,1.06904,1.06901,1000000,3260000
2020-05-13 12:29:20.527000,1.06905,1.06902,1310000,1200000
2020-05-13 12:29:24.253000,1.06905,1.06902,1370000,1120000
2020-05-13 12:29:25.074000,1.06905,1.06901,1870000,3260000
2020-05-13 12:29:25.226000,1.06902,1.06899,1000000,2450000
2020-05-13 12:29:25.327000,1.06901,1.06897,1120000,3640000
2020-05-13 12:29:25.637000,1.06902,1.06897,4570000,2320000
2020-05-13 12:29:25.738000,1.06899,1.06897,1000000,1570000
2020-05-13 12:29:27.133000,1.06901,1.06896,2570000,1760000
2020-05-13 12:29:27.596000,1.069,1.06896,1750000,1100000
2020-05-13 12:29:28.595000,1.069,1.06895,1870000,1310000
2020-05-13 12:29:29.238000,1.06901,1.06895,4500000,2200000
2020-05-13 12:29:29.340000,1.06901,1.06896,1950000,3010000
2020-05-13 12:29:30.092000,1.06901,1.06897,1250000,3310000
2020-05-13 12:29:30.294000,1.06901,1.06899,1000000,2500000
2020-05-13 12:29:30.446000,1.06902,1.06901,1000000,1000000
2020-05-13 12:29:30.548000,1.06903,1.06901,1000000,1250000
2020-05-13 12:29:30.926000,1.06906,1.06901,1750000,2970000
2020-05-13 12:29:32.125000,1.06903,1.06901,1000000,4450000
2020-05-13 12:29:32.301000,1.06907,1.06901,1750000,3720000
2020-05-13 12:29:32.402000,1.06903,1.06901,1000000,2570000
2020-05-13 12:29:32.763000,1.06902,1.06901,1000000,1690000
2020-05-13 12:29:32.878000,1.06903,1.06901,1000000,1760000
2020-05-13 12:29:33.787000,1.06907,1.06901,1250000,1760000
2020-05-13 12:29:34.598000,1.06908,1.06903,2440000,1000000
2020-05-13 12:29:34.700000,1.06908,1.06904,1250000,3940000
2020-05-13 12:29:34.803000,1.0691,1.06905,1750000,2500000
2020-05-13 12:29:37.043000,1.0691,1.06907,1250000,1000000
2020-05-13 12:29:37.482000,1.0691,1.06906,1250000,1690000
2020-05-13 12:29:37.583000,1.0691,1.06907,1250000,1000000
2020-05-13 12:29:38.732000,1.06912,1.06907,1370000,1000000
2020-05-13 12:29:38.833000,1.06913,1.0691,2250000,1000000
2020-05-13 12:29:38.935000,1.06914,1.06909,1250000,1000000
2020-05-13 12:29:39.036000,1.06914,1.06908,1250000,3560000
2020-05-13 12:29:39.819000,1.06914,1.06909,1750000,1000000
2020-05-13 12:29:42.171000,1.06915,1.06911,1690000,1000000
2020-05-13 12:29:42.273000,1.06915,1.06913,1000000,1000000
2020-05-13 12:29:42.324000,1.06917,1.06914,1250000,1000000
2020-05-13 12:29:42.526000,1.06918,1.06913,3250000,1000000
2020-05-13 12:29:43.602000,1.06916,1.06911,1250000,1760000
2020-05-13 12:29:43.703000,1.06914,1.06909,2870000,1570000
2020-05-13 12:29:43.804000,1.06912,1.06908,1000000,1250000
2020-05-13 12:29:43.906000,1.06912,1.06908,1250000,1000000
2020-05-13 12:29:44.058000,1.06912,1.06906,1250000,2570000
2020-05-13 12:29:44.485000,1.06912,1.06908,1250000,1000000
2020-05-13 12:29:46.482000,1.06912,1.06907,1250000,1250000
2020-05-13 12:29:48.156000,1.06911,1.06904,2120000,1690000
2020-05-13 12:29:48.258000,1.0691,1.06906,1750000,1000000
2020-05-13 12:29:48.612000,1.06911,1.06904,1250000,1250000
2020-05-13 12:29:48.815000,1.0691,1.06905,1250000,1000000
2020-05-13 12:29:48.865000,1.0691,1.06908,1000000,1000000
2020-05-13 12:29:48.916000,1.06911,1.06905,1250000,1250000
2020-05-13 12:29:49.119000,1.06911,1.06904,1250000,3940000
2020-05-13 12:29:50.116000,1.0691,1.06905,1000000,1000000
2020-05-13 12:29:50.217000,1.0691,1.06904,1000000,1250000
2020-05-13 12:29:50.399000,1.0691,1.06907,1000000,1000000
2020-05-13 12:29:50.551000,1.06911,1.06907,1250000,1000000
2020-05-13 12:29:50.861000,1.06911,1.06909,1000000,1000000
2020-05-13 12:29:50.963000,1.06914,1.06909,1250000,1000000
2020-05-13 12:29:51.065000,1.06915,1.06909,1750000,1000000
2020-05-13 12:29:51.268000,1.06915,1.0691,1750000,1000000
2020-05-13 12:29:51.369000,1.06915,1.06909,1750000,1000000
2020-05-13 12:29:52.859000,1.06915,1.0691,1250000,1000000
2020-05-13 12:29:52.910000,1.06916,1.0691,2500000,1500000
2020-05-13 12:29:52.961000,1.06918,1.06911,1250000,1000000
2020-05-13 12:29:53.072000,1.06918,1.0691,2500000,1500000
2020-05-13 12:29:53.174000,1.06916,1.0691,1250000,1000000
2020-05-13 12:29:53.276000,1.06914,1.06909,1250000,1000000
2020-05-13 12:29:53.579000,1.06914,1.06909,1250000,1000000
2020-05-13 12:29:54.115000,1.06915,1.0691,1750000,1000000
2020-05-13 12:29:54.736000,1.06915,1.06909,1750000,1000000
2020-05-13 12:29:55.035000,1.06915,1.0691,1750000,1000000
2020-05-13 12:29:55.137000,1.06916,1.06912,1000000,1250000
2020-05-13 12:29:55.187000,1.06918,1.0691,1250000,3750000
2020-05-13 12:29:55.289000,1.06919,1.06911,1250000,1250000
2020-05-13 12:29:55.491000,1.06918,1.06911,1000000,1750000
2020-05-13 12:29:56.219000,1.06918,1.06912,1000000,1250000
2020-05-13 12:29:56.423000,1.06918,1.0691,1000000,1750000
2020-05-13 12:29:57.130000,1.06918,1.06912,1000000,1250000
2020-05-13 12:29:57.612000,1.06918,1.06912,1000000,1250000
2020-05-13 12:29:57.714000,1.06918,1.06912,1000000,1750000
2020-05-13 12:29:58.143000,1.06921,1.06914,1000000,1990000
2020-05-13 12:29:58.245000,1.06921,1.06912,1000000,1870000
2020-05-13 12:29:58.347000,1.0692,1.06912,1000000,1000000
2020-05-13 12:29:58.550000,1.0692,1.06911,1000000,1250000
2020-05-13 12:29:58.652000,1.06919,1.06911,1000000,1000000
2020-05-13 12:29:58.855000,1.0692,1.06911,1000000,1250000
2020-05-13 12:29:59.057000,1.06919,1.06911,1000000,1250000
2020-05-13 12:29:59.699000,1.06918,1.0691,1000000,1250000
2020-05-13 12:30:00.003000,1.06918,1.0691,1000000,1120000
2020-05-13 12:30:00.307000,1.06917,1.0691,1000000,1000000
2020-05-13 12:30:01.018000,1.06918,1.0691,1000000,1000000
2020-05-13 12:30:01.119000,1.06917,1.06911,1000000,1000000
2020-05-13 12:30:01.373000,1.06917,1.06911,1000000,1250000
2020-05-13 12:30:01.717000,1.06917,1.06912,1000000,1250000
2020-05-13 12:30:02.073000,1.06917,1.0691,1000000,1750000
2020-05-13 12:30:02.174000,1.06916,1.0691,1000000,1250000
2020-05-13 12:30:02.277000,1.06915,1.06908,1000000,1250000
2020-05-13 12:30:02.378000,1.06916,1.06908,1000000,1250000
2020-05-13 12:30:02.480000,1.06915,1.06908,1000000,1250000
2020-05-13 12:30:02.582000,1.06916,1.06908,1000000,1750000
2020-05-13 12:30:02.633000,1.06912,1.06904,1000000,2000000
2020-05-13 12:30:02.736000,1.0691,1.06904,1500000,1750000
2020-05-13 12:30:02.838000,1.06914,1.06906,3250000,1250000
2020-05-13 12:30:02.940000,1.06914,1.06907,2500000,1000000
2020-05-13 12:30:03.194000,1.06914,1.06906,2500000,1250000
2020-05-13 12:30:03.296000,1.06914,1.06911,1500000,1000000
2020-05-13 12:30:03.347000,1.06919,1.06912,2510000,1000000
2020-05-13 12:30:03.449000,1.06922,1.06912,1750000,1250000
2020-05-13 12:30:03.551000,1.06922,1.06912,4300000,2500000
2020-05-13 12:30:04.006000,1.0692,1.06913,1750000,1250000
2020-05-13 12:30:04.057000,1.06921,1.06914,1250000,1250000
2020-05-13 12:30:04.630000,1.06921,1.06916,1250000,1000000
2020-05-13 12:30:05.005000,1.06921,1.06915,1250000,1250000
2020-05-13 12:30:05.107000,1.06921,1.06914,3250000,1250000
2020-05-13 12:30:05.209000,1.06919,1.06912,1750000,1690000
2020-05-13 12:30:05.311000,1.06918,1.06911,1750000,1250000
2020-05-13 12:30:05.717000,1.06918,1.0691,1750000,1000000
2020-05-13 12:30:05.926000,1.06918,1.0691,1690000,1250000
2020-05-13 12:30:07.191000,1.06918,1.0691,2940000,1250000
2020-05-13 12:30:07.443000,1.06917,1.06909,2940000,1310000
2020-05-13 12:30:07.544000,1.06917,1.0691,2940000,1000000
2020-05-13 12:30:08.764000,1.06918,1.06909,1750000,1310000
2020-05-13 12:30:08.866000,1.06918,1.0691,1750000,1000000
2020-05-13 12:30:09.220000,1.06919,1.06911,2700000,1000000
2020-05-13 12:30:09.624000,1.0692,1.06913,4120000,1000000
2020-05-13 12:30:09.725000,1.0692,1.06913,1690000,1120000
2020-05-13 12:30:10.170000,1.06922,1.06914,2920000,1310000
2020-05-13 12:30:11.136000,1.06922,1.0692,1000000,1250000
2020-05-13 12:30:11.238000,1.06924,1.0692,1250000,1310000
2020-05-13 12:30:11.339000,1.06926,1.06923,1500000,1620000
2020-05-13 12:30:11.441000,1.06928,1.06923,1810000,1620000
2020-05-13 12:30:13.473000,1.06927,1.06923,1000000,1120000
2020-05-13 12:30:14.311000,1.06927,1.06924,1000000,1000000
2020-05-13 12:30:14.412000,1.06927,1.06923,1000000,1120000
2020-05-13 12:30:15.335000,1.06926,1.06922,1870000,1120000
2020-05-13 12:30:16.769000,1.06926,1.06921,2620000,1250000
2020-05-13 12:30:20.631000,1.06925,1.0692,1250000,2500000
2020-05-13 12:30:21.436000,1.06921,1.06919,3000000,3710000
2020-05-13 12:30:21.488000,1.06919,1.06916,2560000,1250000
2020-05-13 12:30:21.590000,1.06917,1.06914,1500000,1000000
2020-05-13 12:30:21.691000,1.06917,1.06912,2000000,1250000
2020-05-13 12:30:22.044000,1.06916,1.06911,1120000,2440000
2020-05-13 12:30:22.559000,1.06915,1.06911,2620000,1500000
2020-05-13 12:30:22.610000,1.06914,1.06911,1620000,1000000
2020-05-13 12:30:22.712000,1.06914,1.0691,3310000,1000000
2020-05-13 12:30:22.764000,1.06912,1.06908,1000000,1250000
2020-05-13 12:30:23.942000,1.06912,1.06908,1620000,1310000
2020-05-13 12:30:24.973000,1.06912,1.06908,1870000,1250000
2020-05-13 12:30:25.911000,1.06912,1.06907,2370000,2620000
2020-05-13 12:30:31.340000,1.0691,1.06907,2200000,1000000
2020-05-13 12:30:31.441000,1.06908,1.06906,1250000,1000000
2020-05-13 12:30:31.492000,1.06908,1.06904,2260000,1120000
2020-05-13 12:30:31.744000,1.06907,1.06903,2070000,1810000
2020-05-13 12:30:31.996000,1.06907,1.06904,1700000,2120000
2020-05-13 12:30:32.098000,1.06909,1.06907,1620000,1000000
2020-05-13 12:30:32.199000,1.06911,1.06907,4590000,1120000
2020-05-13 12:30:36.143000,1.06911,1.06907,3900000,1120000
2020-05-13 12:30:36.283000,1.06911,1.06908,3900000,1000000
2020-05-13 12:30:36.746000,1.06911,1.06907,3900000,1870000
2020-05-13 12:30:36.847000,1.06911,1.06907,3920000,1870000
2020-05-13 12:30:36.948000,1.06911,1.06907,3900000,1120000
2020-05-13 12:30:37.099000,1.06911,1.06907,4670000,1870000
2020-05-13 12:30:38.202000,1.06909,1.06907,1000000,1120000
2020-05-13 12:30:38.462000,1.06908,1.06906,1120000,1310000
2020-05-13 12:30:38.834000,1.06908,1.06905,1390000,1310000
2020-05-13 12:30:39.988000,1.06907,1.06904,1120000,1120000
2020-05-13 12:30:40.391000,1.06907,1.06903,3650000,3370000
2020-05-13 12:30:41.053000,1.06907,1.06904,3650000,1000000
2020-05-13 12:30:41.205000,1.06907,1.06903,3650000,2620000
2020-05-13 12:30:42.055000,1.06906,1.06904,2320000,1000000
2020-05-13 12:30:42.157000,1.06906,1.06903,2320000,1870000
2020-05-13 12:30:42.620000,1.06906,1.06904,2320000,1000000
2020-05-13 12:30:42.721000,1.06906,1.06903,2320000,1870000
2020-05-13 12:30:45.927000,1.06906,1.06905,1120000,1000000
2020-05-13 12:30:46.028000,1.06906,1.06904,1120000,1000000
2020-05-13 12:30:46.826000,1.06907,1.06903,3650000,1120000
2020-05-13 12:30:47.462000,1.06905,1.06903,1200000,1000000
2020-05-13 12:30:47.564000,1.06904,1.069,3300000,2250000
2020-05-13 12:30:47.665000,1.06903,1.06899,2320000,3260000
2020-05-13 12:30:47.766000,1.06903,1.06899,2510000,4370000
2020-05-13 12:30:49.255000,1.06902,1.06899,1120000,1010000
2020-05-13 12:30:49.357000,1.06901,1.06897,2900000,3000000
2020-05-13 12:30:49.458000,1.069,1.06897,1570000,1250000
2020-05-13 12:30:49.609000,1.069,1.06897,2620000,1000000
2020-05-13 12:30:49.711000,1.06899,1.06895,3010000,5700000
2020-05-13 12:30:51.105000,1.06897,1.06894,1120000,3390000
2020-05-13 12:30:51.206000,1.06898,1.06895,1950000,2870000
2020-05-13 12:30:51.308000,1.06899,1.06895,6900000,2810000
2020-05-13 12:30:51.595000,1.06899,1.06895,2870000,4060000
2020-05-13 12:30:51.697000,1.06899,1.06895,2510000,3870000
2020-05-13 12:30:51.899000,1.06898,1.06895,1000000,3870000
2020-05-13 12:30:53.759000,1.06899,1.06896,1000000,2250000
2020-05-13 12:30:55.194000,1.06899,1.06896,1690000,1690000
2020-05-13 12:30:55.296000,1.06897,1.06895,1950000,1120000
2020-05-13 12:30:55.397000,1.06895,1.06892,2510000,1310000
2020-05-13 12:30:55.498000,1.06894,1.06892,1100000,1250000
2020-05-13 12:30:55.600000,1.06893,1.06891,1120000,1250000
2020-05-13 12:30:55.752000,1.06892,1.0689,1000000,1690000
2020-05-13 12:30:55.853000,1.06891,1.06889,1500000,2070000
2020-05-13 12:30:55.954000,1.06891,1.06887,1500000,3250000
2020-05-13 12:30:56.055000,1.06891,1.06887,2140000,2890000
2020-05-13 12:30:56.641000,1.0689,1.06887,1000000,2440000
2020-05-13 12:30:56.844000,1.06891,1.06888,3490000,1000000
2020-05-13 12:30:57.046000,1.0689,1.06887,1200000,1870000
2020-05-13 12:30:59.072000,1.0689,1.06888,1200000,1000000
2020-05-13 12:30:59.173000,1.06891,1.06889,3070000,1000000
2020-05-13 12:30:59.275000,1.06891,1.0689,1870000,1000000
2020-05-13 12:30:59.477000,1.06892,1.0689,1100000,2140000
2020-05-13 12:30:59.578000,1.06893,1.0689,1000000,3820000
2020-05-13 12:31:00.544000,1.06893,1.06891,1000000,1250000
2020-05-13 12:31:01.065000,1.06893,1.0689,1100000,1120000
2020-05-13 12:31:04.970000,1.06892,1.06889,1120000,1870000
2020-05-13 12:31:05.071000,1.0689,1.06888,1000000,1000000
2020-05-13 12:31:05.173000,1.0689,1.06887,1120000,1000000
2020-05-13 12:31:05.274000,1.06889,1.06887,1870000,1000000
2020-05-13 12:31:06.486000,1.06889,1.06885,1570000,4570000
2020-05-13 12:31:06.588000,1.06888,1.06885,1000000,3820000
2020-05-13 12:31:07.092000,1.06888,1.06885,2140000,1760000
2020-05-13 12:31:07.751000,1.06888,1.06886,1950000,1250000
2020-05-13 12:31:08.055000,1.06887,1.06886,1000000,1250000
2020-05-13 12:31:08.633000,1.06888,1.06886,1870000,1250000
2020-05-13 12:31:08.735000,1.06888,1.06886,1120000,1750000
2020-05-13 12:31:09.800000,1.06889,1.06887,2320000,1870000
2020-05-13 12:31:14.681000,1.06888,1.06886,1000000,2500000
2020-05-13 12:31:14.934000,1.06889,1.06886,2620000,2870000
2020-05-13 12:31:17.594000,1.0689,1.06887,1950000,4010000
2020-05-13 12:31:17.696000,1.06891,1.06887,2450000,4570000
2020-05-13 12:31:25.455000,1.06889,1.06886,1000000,4870000
2020-05-13 12:31:25.709000,1.06888,1.06886,1500000,1250000
2020-05-13 12:31:26.366000,1.06888,1.06885,1690000,2440000
2020-05-13 12:31:26.956000,1.06887,1.06885,1000000,2060000
2020-05-13 12:31:29.612000,1.06887,1.06885,1120000,1750000
2020-05-13 12:31:29.713000,1.06888,1.06885,1950000,2870000
2020-05-13 12:31:33.226000,1.06887,1.06885,1000000,2500000
2020-05-13 12:31:36.180000,1.06888,1.06885,2320000,3250000
2020-05-13 12:31:36.332000,1.06887,1.06885,1000000,1310000
2020-05-13 12:31:36.434000,1.06887,1.06885,1000000,2500000
2020-05-13 12:31:37.479000,1.06888,1.06886,2020000,1250000
2020-05-13 12:31:51.737000,1.06889,1.06886,2620000,2060000
2020-05-13 12:31:52.583000,1.06889,1.06886,3320000,1870000
2020-05-13 12:31:54.508000,1.06892,1.06891,1000000,1000000
2020-05-13 12:31:54.610000,1.06894,1.06891,2290000,2560000
2020-05-13 12:31:54.711000,1.06894,1.06893,1250000,1120000
2020-05-13 12:31:55.646000,1.06895,1.06893,1120000,1250000
2020-05-13 12:31:57.464000,1.06896,1.06894,3570000,1000000
2020-05-13 12:31:57.787000,1.06896,1.06893,4320000,2060000
2020-05-13 12:32:01.589000,1.06895,1.06894,1120000,1000000
2020-05-13 12:32:01.690000,1.06895,1.06893,1120000,1000000
2020-05-13 12:32:03.563000,1.06896,1.06895,1000000,1250000
2020-05-13 12:32:03.614000,1.06898,1.06896,1100000,1500000
2020-05-13 12:32:03.665000,1.06899,1.06897,1000000,1500000
2020-05-13 12:32:03.817000,1.06899,1.06898,1000000,1250000
2020-05-13 12:32:03.918000,1.069,1.06898,1000000,1250000
2020-05-13 12:32:05.024000,1.06903,1.06899,3660000,2140000
2020-05-13 12:32:05.126000,1.06903,1.06901,1350000,1500000
2020-05-13 12:32:05.228000,1.06904,1.06901,1570000,1000000
2020-05-13 12:32:05.330000,1.06904,1.06901,1500000,1750000
2020-05-13 12:32:05.532000,1.06903,1.06901,1000000,2060000
2020-05-13 12:32:06.197000,1.06903,1.06901,1000000,2870000
2020-05-13 12:32:06.399000,1.06903,1.06901,1500000,2060000
2020-05-13 12:32:07.056000,1.06902,1.06901,1000000,1000000
2020-05-13 12:32:07.157000,1.06903,1.06901,1120000,1250000
2020-05-13 12:32:07.258000,1.06903,1.06902,1000000,1310000
2020-05-13 12:32:07.814000,1.06902,1.069,1000000,2370000
2020-05-13 12:32:07.915000,1.06902,1.069,1000000,1120000
2020-05-13 12:32:08.168000,1.06902,1.06899,1310000,1500000
2020-05-13 12:32:08.269000,1.06901,1.06898,1500000,2060000
2020-05-13 12:32:08.522000,1.069,1.06897,2060000,2890000
2020-05-13 12:32:08.623000,1.06899,1.06897,2060000,1000000
2020-05-13 12:32:08.724000,1.06899,1.06895,2510000,2570000
2020-05-13 12:32:08.825000,1.06899,1.06896,2560000,1250000
2020-05-13 12:32:09.970000,1.06897,1.06895,1000000,3750000
2020-05-13 12:32:10.413000,1.06897,1.06895,1120000,1120000
2020-05-13 12:32:10.615000,1.06896,1.06894,1120000,1310000
2020-05-13 12:32:10.716000,1.06896,1.06893,1120000,2810000
2020-05-13 12:32:10.818000,1.06895,1.06893,1000000,1120000
2020-05-13 12:32:11.552000,1.06896,1.06895,1000000,1000000
2020-05-13 12:32:11.653000,1.069,1.06897,3520000,1000000
2020-05-13 12:32:11.755000,1.06899,1.06897,1250000,1000000
2020-05-13 12:32:12.380000,1.069,1.06897,1500000,2250000
2020-05-13 12:32:14.092000,1.069,1.06898,1870000,1000000
2020-05-13 12:32:14.344000,1.069,1.06897,1870000,2620000
2020-05-13 12:32:15.225000,1.06899,1.06897,1000000,2620000
2020-05-13 12:32:15.380000,1.069,1.06898,1000000,1120000
2020-05-13 12:32:17.657000,1.06901,1.06899,1870000,1000000
2020-05-13 12:32:17.759000,1.06901,1.06898,1870000,3260000
2020-05-13 12:32:18.366000,1.06901,1.06899,1870000,1000000
2020-05-13 12:32:18.488000,1.06901,1.06898,1500000,2890000
2020-05-13 12:32:18.590000,1.06901,1.06899,1500000,1000000
2020-05-13 12:32:18.990000,1.06901,1.06898,1500000,1760000
2020-05-13 12:32:20.802000,1.06901,1.06899,1120000,1000000
2020-05-13 12:32:20.904000,1.06902,1.06899,2620000,3620000
2020-05-13 12:32:22.812000,1.06901,1.06899,1000000,2120000
2020-05-13 12:32:23.064000,1.06902,1.069,2620000,1250000
2020-05-13 12:32:23.416000,1.06901,1.069,1000000,1250000
2020-05-13 12:32:23.574000,1.06902,1.069,1870000,1690000
2020-05-13 12:32:28.567000,1.06901,1.069,1000000,1250000
2020-05-13 12:32:29.795000,1.06901,1.06899,1000000,1120000
2020-05-13 12:32:30.450000,1.06902,1.06899,2620000,1870000
2020-05-13 12:32:30.652000,1.06902,1.069,2620000,1250000
2020-05-13 12:32:30.938000,1.06901,1.069,1000000,1250000
2020-05-13 12:32:31.042000,1.06901,1.06899,1000000,2060000
2020-05-13 12:32:31.549000,1.06901,1.06898,1870000,2890000
2020-05-13 12:32:31.887000,1.06901,1.06899,1120000,1000000
2020-05-13 12:32:31.988000,1.06901,1.06899,1120000,1750000
2020-05-13 12:32:32.191000,1.06901,1.06899,1000000,1310000
2020-05-13 12:32:32.292000,1.06902,1.069,2620000,1250000
2020-05-13 12:32:32.848000,1.06901,1.06899,1000000,2060000
2020-05-13 12:32:37.117000,1.06902,1.06899,2620000,2120000
2020-05-13 12:32:37.219000,1.06904,1.06902,2350000,1000000
2020-05-13 12:32:37.270000,1.06905,1.06902,1250000,1870000
2020-05-13 12:32:39.625000,1.06905,1.06904,1000000,1000000
2020-05-13 12:32:39.726000,1.06907,1.06905,2450000,1250000
2020-05-13 12:32:40.550000,1.06907,1.06905,2320000,1000000
2020-05-13 12:32:40.651000,1.06907,1.06905,3010000,1000000
2020-05-13 12:32:41.270000,1.06906,1.06904,1100000,1000000
2020-05-13 12:32:50.686000,1.06906,1.06904,1700000,1000000
2020-05-13 12:32:56.263000,1.06906,1.06904,1570000,1000000
2020-05-13 12:32:56.471000,1.06903,1.06902,1000000,1120000
2020-05-13 12:32:56.673000,1.06903,1.06901,2150000,1000000
2020-05-13 12:32:57.034000,1.06903,1.06902,2320000,1000000
2020-05-13 12:32:57.186000,1.06905,1.06903,2700000,1500000
2020-05-13 12:32:57.747000,1.06905,1.06902,1870000,2810000
2020-05-13 12:32:57.797000,1.06905,1.06904,1500000,1000000
2020-05-13 12:32:59.850000,1.06906,1.06904,1120000,1000000
2020-05-13 12:33:03.562000,1.06905,1.06902,1000000,3370000
2020-05-13 12:33:03.713000,1.06904,1.06902,1000000,2620000
2020-05-13 12:33:03.944000,1.06904,1.06901,1120000,3120000
2020-05-13 12:33:04.046000,1.06904,1.06901,2450000,1500000
2020-05-13 12:33:04.379000,1.06904,1.06901,2320000,2250000
2020-05-13 12:33:05.612000,1.06903,1.06901,1000000,1120000
2020-05-13 12:33:05.865000,1.06902,1.06901,1000000,1000000
2020-05-13 12:33:05.916000,1.06902,1.06899,1120000,2810000
2020-05-13 12:33:06.168000,1.06901,1.06899,1120000,1690000
2020-05-13 12:33:06.371000,1.069,1.06899,1000000,1000000
2020-05-13 12:33:15.275000,1.06901,1.06899,1000000,2250000
2020-05-13 12:33:18.864000,1.06901,1.069,1120000,1000000
2020-05-13 12:33:19.402000,1.06901,1.06899,1120000,1500000
2020-05-13 12:33:20.955000,1.069,1.06898,1000000,2060000
2020-05-13 12:33:24.023000,1.06897,1.06895,2250000,2250000
2020-05-13 12:33:24.074000,1.06896,1.06894,1000000,2140000
2020-05-13 12:33:25.112000,1.06895,1.06892,1120000,4010000
2020-05-13 12:33:25.466000,1.06896,1.06894,2060000,1000000
2020-05-13 12:33:25.567000,1.06898,1.06896,4200000,1000000
2020-05-13 12:33:25.668000,1.06899,1.06898,1870000,1000000
2020-05-13 12:33:25.820000,1.06899,1.06897,1120000,1500000
2020-05-13 12:33:27.707000,1.069,1.06897,1120000,2810000
2020-05-13 12:33:28.459000,1.069,1.06898,1120000,1000000
2020-05-13 12:33:28.560000,1.06901,1.06899,2940000,1000000
2020-05-13 12:33:28.661000,1.06901,1.06899,1310000,1000000
2020-05-13 12:33:31.289000,1.06901,1.06898,1310000,1870000
2020-05-13 12:33:31.340000,1.06902,1.069,3150000,1000000
2020-05-13 12:33:32.456000,1.06902,1.06899,3150000,1000000
2020-05-13 12:33:33.683000,1.06901,1.06899,1250000,1000000
2020-05-13 12:33:41.699000,1.06902,1.06899,1460000,1000000
2020-05-13 12:33:42.719000,1.06902,1.069,1570000,1000000
2020-05-13 12:33:43.710000,1.06902,1.069,1620000,1000000
2020-05-13 12:33:44.357000,1.06902,1.06899,1620000,2060000
2020-05-13 12:33:44.459000,1.06898,1.06897,1000000,1870000
2020-05-13 12:33:44.510000,1.06898,1.06895,1310000,1570000
2020-05-13 12:33:44.923000,1.06897,1.06895,1000000,1000000
2020-05-13 12:33:45.075000,1.06896,1.06894,1000000,1690000
2020-05-13 12:33:45.517000,1.06897,1.06894,1870000,1250000
2020-05-13 12:33:45.934000,1.06897,1.06894,1000000,1310000
2020-05-13 12:33:50.507000,1.06897,1.06895,1620000,1000000
2020-05-13 12:33:50.608000,1.06899,1.06897,4610000,1000000
2020-05-13 12:33:50.710000,1.06901,1.06898,1570000,1500000
2020-05-13 12:33:50.811000,1.06902,1.069,2470000,1250000
2020-05-13 12:33:50.912000,1.06902,1.069,1000000,2810000
2020-05-13 12:33:51.013000,1.06903,1.069,1310000,2810000
2020-05-13 12:33:51.344000,1.06903,1.069,1820000,1870000
2020-05-13 12:33:55.859000,1.06903,1.06902,1120000,1500000
2020-05-13 12:33:55.961000,1.06905,1.06903,1310000,2250000
2020-05-13 12:33:59.473000,1.06906,1.06903,1840000,1500000
2020-05-13 12:33:59.574000,1.06906,1.06904,1690000,1000000
2020-05-13 12:34:00.941000,1.06907,1.06904,1390000,1120000
2020-05-13 12:34:01.197000,1.06907,1.06904,1770000,1000000
2020-05-13 12:34:05.005000,1.06907,1.06905,1500000,1000000
2020-05-13 12:34:05.156000,1.06907,1.06905,2370000,1000000
2020-05-13 12:34:05.308000,1.06907,1.06905,1500000,1000000
2020-05-13 12:34:05.409000,1.06907,1.06905,2370000,1000000
2020-05-13 12:34:06.213000,1.06907,1.06905,1500000,1000000
2020-05-13 12:34:08.165000,1.06907,1.06904,3270000,1500000
2020-05-13 12:34:10.192000,1.06906,1.06904,1960000,1500000
2020-05-13 12:34:11.222000,1.06906,1.06904,1390000,1500000
2020-05-13 12:34:18.814000,1.06906,1.06903,1310000,2620000
2020-05-13 12:34:22.115000,1.06904,1.06903,1120000,1000000
2020-05-13 12:34:22.166000,1.06904,1.06901,3470000,1200000
2020-05-13 12:34:22.267000,1.06902,1.069,1120000,1000000
2020-05-13 12:34:22.520000,1.06902,1.069,1810000,1000000
2020-05-13 12:34:22.883000,1.06901,1.06899,1120000,1000000
2020-05-13 12:34:22.985000,1.06901,1.06898,1390000,1870000
2020-05-13 12:34:24.526000,1.06901,1.06898,2560000,1870000
2020-05-13 12:34:25.531000,1.06901,1.06898,2140000,1870000
2020-05-13 12:34:26.455000,1.06902,1.06899,2140000,1250000
2020-05-13 12:34:28.261000,1.06903,1.06901,2820000,1000000
2020-05-13 12:34:28.363000,1.06904,1.06902,1250000,1500000
2020-05-13 12:34:28.566000,1.06905,1.06902,2640000,1870000
2020-05-13 12:34:28.866000,1.06905,1.06902,1500000,2890000
2020-05-13 12:34:30.116000,1.06906,1.06903,1310000,1690000
2020-05-13 12:34:30.269000,1.06908,1.06905,4910000,1000000
2020-05-13 12:34:30.371000,1.06908,1.06905,4510000,1120000
2020-05-13 12:34:31.353000,1.06907,1.06904,1200000,2250000
2020-05-13 12:34:31.706000,1.06907,1.06905,1950000,1250000
2020-05-13 12:34:32.391000,1.06908,1.06907,1500000,1000000
2020-05-13 12:34:32.492000,1.06911,1.06908,3310000,2370000
2020-05-13 12:34:32.593000,1.06911,1.06908,1310000,2370000
2020-05-13 12:34:32.694000,1.06912,1.06909,1570000,1120000
2020-05-13 12:34:33.947000,1.06912,1.06909,2370000,1120000
2020-05-13 12:34:34.941000,1.06912,1.06909,1870000,1000000
2020-05-13 12:34:36.247000,1.06912,1.0691,1120000,1250000
2020-05-13 12:34:37.288000,1.06913,1.0691,2890000,1250000
2020-05-13 12:34:38.280000,1.06913,1.0691,4210000,1310000
2020-05-13 12:34:38.381000,1.06911,1.06908,1950000,1310000
2020-05-13 12:34:38.583000,1.0691,1.06908,1760000,1000000
2020-05-13 12:34:48.296000,1.0691,1.06909,1120000,1000000
2020-05-13 12:34:48.498000,1.0691,1.06908,1120000,1500000
2020-05-13 12:34:49.602000,1.0691,1.06909,1000000,1000000
2020-05-13 12:34:50.463000,1.0691,1.06908,1000000,1500000
2020-05-13 12:34:50.564000,1.0691,1.06909,1000000,1000000
2020-05-13 12:34:52.322000,1.06911,1.06909,2770000,1000000
2020-05-13 12:34:52.424000,1.06912,1.0691,1700000,1000000
2020-05-13 12:34:52.526000,1.06913,1.06911,4210000,1000000
2020-05-13 12:34:53.903000,1.06913,1.06911,1310000,1500000
2020-05-13 12:34:59.245000,1.06914,1.06912,3520000,1000000
2020-05-13 12:35:00.089000,1.06912,1.06911,1000000,1000000
2020-05-13 12:35:00.373000,1.06908,1.06907,2440000,1000000
2020-05-13 12:35:00.424000,1.06907,1.06905,1120000,2960000
2020-05-13 12:35:00.475000,1.06905,1.06903,2500000,6450000
2020-05-13 12:35:00.576000,1.06904,1.06902,1500000,1250000
2020-05-13 12:35:00.677000,1.06903,1.06901,1120000,1750000
2020-05-13 12:35:00.779000,1.06903,1.06901,1120000,1250000
2020-05-13 12:35:01.955000,1.06901,1.069,1000000,1000000
2020-05-13 12:35:02.056000,1.06902,1.069,1870000,1250000
2020-05-13 12:35:07.889000,1.06901,1.069,1000000,1000000
2020-05-13 12:35:10.135000,1.069,1.06899,1000000,1000000
2020-05-13 12:35:10.237000,1.069,1.06897,1950000,1870000
2020-05-13 12:35:11.777000,1.069,1.06899,1870000,1000000
2020-05-13 12:35:16.270000,1.069,1.06899,1120000,1000000
2020-05-13 12:35:17.667000,1.069,1.06898,1120000,1870000
2020-05-13 12:35:18.731000,1.06901,1.06899,2370000,1000000
2020-05-13 12:35:18.832000,1.06902,1.069,1200000,1000000
2020-05-13 12:35:18.933000,1.06903,1.069,1200000,1760000
2020-05-13 12:35:18.984000,1.06903,1.06902,1000000,1000000
2020-05-13 12:35:19.086000,1.06904,1.069,1690000,2590000
2020-05-13 12:35:19.188000,1.06904,1.06901,3940000,1000000
2020-05-13 12:35:22.222000,1.06902,1.069,1000000,1000000
2020-05-13 12:35:22.323000,1.06901,1.06899,1000000,2810000
2020-05-13 12:35:23.339000,1.069,1.06899,1000000,1120000
2020-05-13 12:35:23.440000,1.06899,1.06897,2060000,1570000
2020-05-13 12:35:23.542000,1.06897,1.06895,1000000,1200000
2020-05-13 12:35:23.643000,1.06896,1.06893,2440000,1500000
2020-05-13 12:35:23.694000,1.06894,1.06892,1000000,1570000
2020-05-13 12:35:23.795000,1.06893,1.06891,1620000,1500000
2020-05-13 12:35:23.896000,1.06892,1.06889,1120000,4900000
2020-05-13 12:35:23.997000,1.06891,1.06888,1120000,6170000
2020-05-13 12:35:24.167000,1.06891,1.06888,1120000,4460000
2020-05-13 12:35:24.268000,1.06892,1.06889,1000000,2770000
2020-05-13 12:35:24.370000,1.06893,1.06891,1000000,3390000
2020-05-13 12:35:24.521000,1.06894,1.06892,1000000,1870000
2020-05-13 12:35:24.622000,1.06895,1.06893,1000000,1000000
2020-05-13 12:35:26.172000,1.06894,1.06892,1000000,1390000
2020-05-13 12:35:28.304000,1.06893,1.06891,1000000,3750000
2020-05-13 12:35:28.405000,1.06892,1.0689,1000000,2060000
2020-05-13 12:35:30.606000,1.06891,1.0689,1000000,1000000
2020-05-13 12:35:30.707000,1.06891,1.06888,1120000,2140000
2020-05-13 12:35:30.859000,1.0689,1.06887,1000000,4950000
2020-05-13 12:35:31.578000,1.06888,1.06886,1000000,3010000
2020-05-13 12:35:31.680000,1.06887,1.06885,1000000,2450000
2020-05-13 12:35:31.781000,1.06887,1.06885,1500000,1120000
2020-05-13 12:35:32.469000,1.06886,1.06885,1000000,1000000
2020-05-13 12:35:32.570000,1.06886,1.06883,1000000,3760000
2020-05-13 12:35:33.024000,1.06885,1.06883,1000000,2870000
2020-05-13 12:35:33.075000,1.06885,1.06882,2060000,2890000
2020-05-13 12:35:34.120000,1.06885,1.06883,1310000,1000000
2020-05-13 12:35:34.489000,1.06884,1.06882,1120000,1250000
2020-05-13 12:35:34.692000,1.06884,1.06882,2560000,1000000
2020-05-13 12:35:34.743000,1.06882,1.0688,2000000,1760000
2020-05-13 12:35:34.844000,1.06882,1.06881,1120000,1250000
2020-05-13 12:35:34.945000,1.06884,1.06882,2940000,1000000
2020-05-13 12:35:41.152000,1.06887,1.06885,4200000,1500000
2020-05-13 12:35:41.203000,1.06888,1.06886,1310000,1000000
2020-05-13 12:35:42.203000,1.06888,1.06887,1000000,1120000
2020-05-13 12:35:42.254000,1.06891,1.06889,3450000,1000000
2020-05-13 12:35:42.355000,1.06892,1.0689,1000000,1870000
2020-05-13 12:35:42.406000,1.06894,1.06892,1690000,1000000
2020-05-13 12:35:42.459000,1.06894,1.0689,1370000,3070000
2020-05-13 12:35:42.560000,1.06894,1.0689,1310000,4010000
2020-05-13 12:35:42.712000,1.06894,1.06891,2060000,1000000
2020-05-13 12:35:42.865000,1.06894,1.06892,2060000,1000000
2020-05-13 12:35:48.881000,1.06895,1.06893,1870000,1000000
2020-05-13 12:35:49.032000,1.06895,1.06892,2810000,1500000
2020-05-13 12:35:49.133000,1.06895,1.06893,2620000,1000000
2020-05-13 12:35:49.234000,1.06895,1.06892,2620000,2810000
2020-05-13 12:35:49.335000,1.06895,1.06893,2620000,1000000
2020-05-13 12:35:49.619000,1.06895,1.06892,2620000,2810000
2020-05-13 12:35:49.720000,1.06894,1.06892,1000000,2810000
2020-05-13 12:35:50.978000,1.06895,1.06892,1870000,3560000
2020-05-13 12:35:51.080000,1.06894,1.06892,1000000,3940000
2020-05-13 12:35:53.800000,1.06897,1.06894,6190000,1000000
2020-05-13 12:35:54.205000,1.06897,1.06895,1870000,1000000
2020-05-13 12:35:55.224000,1.06897,1.06895,1620000,1250000
2020-05-13 12:35:56.261000,1.06897,1.06895,1120000,1250000
2020-05-13 12:35:58.962000,1.06897,1.06894,1120000,3190000
2020-05-13 12:36:00.062000,1.06895,1.06893,1000000,2510000
2020-05-13 12:36:00.214000,1.06894,1.06892,2250000,3010000
2020-05-13 12:36:00.265000,1.06891,1.0689,1500000,1000000
2020-05-13 12:36:00.316000,1.06886,1.06885,1000000,1100000
2020-05-13 12:36:00.417000,1.06886,1.06884,1810000,1000000
2020-05-13 12:36:00.518000,1.06885,1.06883,1000000,2250000
2020-05-13 12:36:00.620000,1.06885,1.06883,1000000,1000000
2020-05-13 12:36:00.822000,1.06886,1.06884,1120000,1000000
2020-05-13 12:36:01.240000,1.06886,1.06883,1120000,1500000
2020-05-13 12:36:01.341000,1.06886,1.06884,1120000,1000000
2020-05-13 12:36:01.442000,1.06886,1.06883,1120000,1500000
2020-05-13 12:36:03.813000,1.06887,1.06885,1120000,1000000
2020-05-13 12:36:04.116000,1.06888,1.06885,2060000,1500000
2020-05-13 12:36:06.122000,1.06888,1.06885,2370000,1690000
2020-05-13 12:36:06.576000,1.06888,1.06886,2370000,1000000
2020-05-13 12:36:07.387000,1.06888,1.06886,1500000,1000000
2020-05-13 12:36:10.085000,1.06888,1.06886,1620000,1000000
2020-05-13 12:36:10.187000,1.06888,1.06886,1120000,1000000
2020-05-13 12:36:10.393000,1.06888,1.06887,1120000,1000000
2020-05-13 12:36:10.495000,1.06888,1.06886,1120000,1000000
2020-05-13 12:36:11.253000,1.06889,1.06886,1500000,1750000
2020-05-13 12:36:12.360000,1.06888,1.06886,1500000,1250000
2020-05-13 12:36:13.783000,1.06888,1.06885,1120000,4070000
2020-05-13 12:36:13.884000,1.06887,1.06885,1000000,2500000
2020-05-13 12:36:14.086000,1.06887,1.06885,1120000,1250000
2020-05-13 12:36:14.394000,1.06885,1.06883,1000000,3320000
2020-05-13 12:36:14.596000,1.06886,1.06884,1000000,4820000
2020-05-13 12:36:15.787000,1.06887,1.06885,1000000,1690000
2020-05-13 12:36:15.889000,1.06888,1.06885,1000000,3860000
2020-05-13 12:36:16.825000,1.06889,1.06886,1000000,1200000
2020-05-13 12:36:17.846000,1.06889,1.06886,1620000,2020000
2020-05-13 12:36:21.353000,1.06888,1.06885,1120000,1870000
2020-05-13 12:36:22.236000,1.06888,1.06885,1120000,2340000
2020-05-13 12:36:30.185000,1.06888,1.06886,1500000,1000000
2020-05-13 12:36:31.007000,1.06888,1.06885,1750000,1870000
2020-05-13 12:36:31.210000,1.06889,1.06886,3370000,1000000
2020-05-13 12:36:35.916000,1.06888,1.06886,1000000,1000000
2020-05-13 12:36:36.127000,1.06888,1.06885,1620000,1200000
2020-05-13 12:36:37.069000,1.06888,1.06885,2060000,1310000
2020-05-13 12:36:38.107000,1.06889,1.06886,3310000,1000000
2020-05-13 12:36:41.705000,1.06888,1.06885,1310000,1200000
2020-05-13 12:36:46.450000,1.06888,1.06886,1120000,1000000
2020-05-13 12:36:46.730000,1.06889,1.06886,1000000,1500000
2020-05-13 12:36:46.831000,1.06891,1.06888,5000000,3250000
2020-05-13 12:36:46.933000,1.06893,1.06892,1250000,1000000
2020-05-13 12:36:47.035000,1.06893,1.06891,1000000,1120000
2020-05-13 12:36:47.188000,1.06893,1.0689,1250000,3190000
2020-05-13 12:36:48.817000,1.06894,1.06891,2060000,1000000
2020-05-13 12:36:50.855000,1.06893,1.0689,1000000,3640000
2020-05-13 12:36:52.574000,1.06893,1.06891,1000000,1010000
2020-05-13 12:36:52.675000,1.06894,1.06891,2060000,1310000
2020-05-13 12:36:53.405000,1.06894,1.06892,1870000,1000000
2020-05-13 12:36:58.015000,1.06894,1.06893,1120000,1000000
2020-05-13 12:36:58.448000,1.06895,1.06892,2560000,1500000
2020-05-13 12:36:58.704000,1.06895,1.06893,2560000,1000000
2020-05-13 12:37:01.274000,1.06895,1.06892,2560000,1000000
2020-05-13 12:37:02.293000,1.06894,1.06893,1310000,1000000
2020-05-13 12:37:04.235000,1.06894,1.06892,1000000,1000000
2020-05-13 12:37:04.336000,1.06895,1.06892,2140000,1000000
2020-05-13 12:37:04.488000,1.06895,1.06892,2120000,1000000
2020-05-13 12:37:04.589000,1.06895,1.06892,1310000,1000000
2020-05-13 12:37:04.852000,1.06895,1.06894,1310000,1000000
2020-05-13 12:37:05.339000,1.06895,1.06893,1310000,1000000
2020-05-13 12:37:05.440000,1.06895,1.06894,1310000,1000000
2020-05-13 12:37:05.545000,1.06895,1.06893,1310000,1000000
2020-05-13 12:37:07.597000,1.06895,1.06893,1750000,1000000
2020-05-13 12:37:08.833000,1.06895,1.06892,2560000,1870000
2020-05-13 12:37:09.279000,1.06895,1.06893,2560000,1000000
2020-05-13 12:37:09.380000,1.06895,1.06892,2060000,3000000
2020-05-13 12:37:10.473000,1.06895,1.06893,2060000,1000000
2020-05-13 12:37:10.598000,1.06895,1.06892,2060000,2620000
2020-05-13 12:37:10.801000,1.06895,1.06893,2060000,1000000
2020-05-13 12:37:11.017000,1.06895,1.06892,2060000,2620000
2020-05-13 12:37:11.119000,1.06894,1.06891,2870000,3450000
2020-05-13 12:37:11.220000,1.06893,1.06891,1370000,1000000
2020-05-13 12:37:11.422000,1.06894,1.06891,6750000,1000000
2020-05-13 12:37:11.675000,1.06894,1.06892,3310000,1500000
2020-05-13 12:37:11.776000,1.06895,1.06893,1500000,1000000
2020-05-13 12:37:12.686000,1.06895,1.06893,1120000,1500000
2020-05-13 12:37:13.142000,1.06896,1.06894,1120000,1690000
2020-05-13 12:37:13.193000,1.06901,1.06898,4070000,3000000
2020-05-13 12:37:13.294000,1.06901,1.06899,1250000,2760000
2020-05-13 12:37:13.396000,1.06903,1.06901,1690000,1870000
2020-05-13 12:37:13.497000,1.06904,1.06901,1750000,3120000
2020-05-13 12:37:13.751000,1.06905,1.06903,1370000,1500000
2020-05-13 12:37:13.954000,1.06906,1.06903,4120000,1000000
2020-05-13 12:37:15.653000,1.06903,1.06902,1000000,1000000
2020-05-13 12:37:15.755000,1.06903,1.06901,1620000,1500000
2020-05-13 12:37:16.165000,1.06902,1.069,1120000,1950000
2020-05-13 12:37:16.545000,1.06903,1.06902,1870000,1000000
2020-05-13 12:37:16.646000,1.06904,1.06901,1870000,2320000
2020-05-13 12:37:16.747000,1.06904,1.06901,2370000,2320000
2020-05-13 12:37:19.159000,1.06901,1.06899,1000000,1760000
2020-05-13 12:37:19.311000,1.06897,1.06895,1000000,1570000
2020-05-13 12:37:19.362000,1.06898,1.06896,2620000,1000000
2020-05-13 12:37:19.413000,1.06896,1.06895,1120000,1100000
2020-05-13 12:37:19.514000,1.06897,1.06894,2250000,2950000
2020-05-13 12:37:19.616000,1.06897,1.06894,2370000,3770000
2020-05-13 12:37:20.070000,1.06897,1.06895,1870000,1090000
2020-05-13 12:37:20.335000,1.06897,1.06894,1870000,2210000
2020-05-13 12:37:20.437000,1.06894,1.06893,1000000,1120000
2020-05-13 12:37:20.689000,1.06894,1.06891,1500000,2590000
2020-05-13 12:37:22.592000,1.06893,1.06891,1000000,1310000
2020-05-13 12:37:24.322000,1.06894,1.06892,1870000,1000000
2020-05-13 12:37:24.843000,1.06894,1.06892,1000000,1200000
2020-05-13 12:37:26.828000,1.06893,1.06891,1000000,2140000
2020-05-13 12:37:27.501000,1.0689,1.06888,1000000,2070000
2020-05-13 12:37:27.603000,1.06888,1.06886,1120000,1840000
2020-05-13 12:37:27.704000,1.06887,1.06885,1120000,2650000
2020-05-13 12:37:28.392000,1.06887,1.06885,2120000,2510000
2020-05-13 12:37:28.443000,1.06886,1.06883,3620000,1200000
2020-05-13 12:37:28.545000,1.06884,1.06881,1120000,5820000
2020-05-13 12:37:29.133000,1.06884,1.06881,1950000,2890000
2020-05-13 12:37:29.386000,1.06884,1.06881,5200000,1120000
2020-05-13 12:37:29.538000,1.06883,1.0688,1810000,2140000
2020-05-13 12:37:29.639000,1.06881,1.06879,1500000,3100000
2020-05-13 12:37:29.690000,1.06879,1.06877,1500000,3490000
2020-05-13 12:37:29.792000,1.0688,1.06878,1500000,1720000
2020-05-13 12:37:29.893000,1.06879,1.06877,1000000,2210000
2020-05-13 12:37:30.300000,1.0688,1.06878,1000000,1000000
2020-05-13 12:37:30.402000,1.06881,1.06879,1010000,1000000
2020-05-13 12:37:30.504000,1.06881,1.06878,1870000,3260000
2020-05-13 12:37:30.605000,1.06881,1.06878,2320000,3320000
2020-05-13 12:37:30.758000,1.06881,1.06878,2320000,3070000
2020-05-13 12:37:31.120000,1.06881,1.06879,2320000,1000000
2020-05-13 12:37:31.473000,1.06881,1.06878,2320000,1950000
2020-05-13 12:37:31.726000,1.0688,1.06878,1000000,1200000
2020-05-13 12:37:33.041000,1.06879,1.06878,1000000,1870000
2020-05-13 12:37:33.272000,1.0688,1.06878,1000000,1870000
2020-05-13 12:37:33.783000,1.06879,1.06878,1000000,1120000
2020-05-13 12:37:34.021000,1.0688,1.06878,1950000,1120000
2020-05-13 12:37:34.394000,1.0688,1.06877,2320000,3000000
2020-05-13 12:37:38.073000,1.06879,1.06877,1000000,2810000
2020-05-13 12:37:38.675000,1.06879,1.06878,1000000,1000000
2020-05-13 12:37:39.880000,1.0688,1.06878,1570000,1000000
2020-05-13 12:37:40.235000,1.0688,1.06876,1950000,3000000
2020-05-13 12:37:40.337000,1.06879,1.06876,1390000,1000000
2020-05-13 12:37:40.438000,1.06878,1.06875,1100000,1810000
2020-05-13 12:37:43.066000,1.06879,1.06877,1870000,1500000
2020-05-13 12:37:43.167000,1.06878,1.06877,1000000,1000000
2020-05-13 12:37:43.268000,1.06878,1.06875,1690000,4810000
2020-05-13 12:37:43.369000,1.06877,1.06875,1000000,2560000
2020-05-13 12:37:44.219000,1.06877,1.06875,1000000,2060000
2020-05-13 12:37:44.616000,1.06874,1.06873,1000000,2140000
2020-05-13 12:37:44.668000,1.06873,1.06872,1120000,1250000
2020-05-13 12:37:44.719000,1.06872,1.0687,1870000,1100000
2020-05-13 12:37:44.821000,1.0687,1.06868,1000000,3560000
2020-05-13 12:37:44.922000,1.06867,1.06866,1000000,1500000
2020-05-13 12:37:45.024000,1.06867,1.06864,1500000,1820000
2020-05-13 12:37:45.075000,1.06868,1.06866,1000000,1450000
2020-05-13 12:37:45.176000,1.0687,1.06868,3820000,1000000
2020-05-13 12:37:45.378000,1.0687,1.06867,1310000,3260000
2020-05-13 12:37:45.479000,1.06868,1.06867,1000000,2060000
2020-05-13 12:37:45.580000,1.06869,1.06867,1500000,2270000
2020-05-13 12:37:46.528000,1.06869,1.06868,1000000,1120000
2020-05-13 12:37:46.578000,1.06871,1.06868,2810000,3120000
2020-05-13 12:37:46.680000,1.06871,1.06868,1000000,2620000
2020-05-13 12:37:46.781000,1.06871,1.06869,1000000,1000000
2020-05-13 12:37:47.084000,1.06871,1.06868,1000000,3560000
2020-05-13 12:37:48.082000,1.06871,1.06868,1000000,4910000
2020-05-13 12:37:48.183000,1.06872,1.0687,1870000,1000000
2020-05-13 12:37:48.754000,1.06871,1.06869,1000000,1120000
2020-05-13 12:37:56.121000,1.0687,1.06868,2120000,1570000
2020-05-13 12:37:56.273000,1.06869,1.06867,1250000,3280000
2020-05-13 12:37:56.374000,1.06867,1.06866,1500000,1500000
2020-05-13 12:37:56.425000,1.06867,1.06864,1690000,2940000
2020-05-13 12:37:56.526000,1.06866,1.06863,1500000,4140000
2020-05-13 12:37:56.627000,1.06865,1.06863,1000000,1120000
2020-05-13 12:37:56.729000,1.06864,1.06862,1500000,1250000
2020-05-13 12:37:56.830000,1.06864,1.06861,2810000,1000000
2020-05-13 12:37:56.931000,1.06863,1.06861,1000000,1500000
2020-05-13 12:37:57.033000,1.06863,1.0686,1500000,1950000
2020-05-13 12:37:58.444000,1.06862,1.0686,1000000,1120000
2020-05-13 12:37:59.503000,1.06863,1.0686,1000000,2320000
2020-05-13 12:37:59.604000,1.06863,1.0686,1000000,2350000
2020-05-13 12:38:00.321000,1.0686,1.06858,1250000,3950000
2020-05-13 12:38:00.372000,1.06857,1.06856,1000000,1000000
2020-05-13 12:38:00.423000,1.06856,1.06854,1120000,1520000
2020-05-13 12:38:00.524000,1.06858,1.06855,4510000,1250000
2020-05-13 12:38:00.777000,1.06858,1.06856,1810000,1000000
2020-05-13 12:38:00.981000,1.06859,1.06856,4440000,1000000
2020-05-13 12:38:01.033000,1.06859,1.06858,1690000,1500000
2020-05-13 12:38:01.084000,1.06861,1.06858,1310000,1500000
2020-05-13 12:38:01.185000,1.06861,1.06858,1750000,1950000
2020-05-13 12:38:01.493000,1.06861,1.06858,1310000,1570000
2020-05-13 12:38:02.155000,1.06861,1.06858,1750000,1120000
2020-05-13 12:38:03.176000,1.0686,1.06857,1310000,1120000
2020-05-13 12:38:03.937000,1.06859,1.06856,1000000,5340000
2020-05-13 12:38:04.352000,1.06858,1.06856,1000000,6110000
2020-05-13 12:38:04.655000,1.06859,1.06858,1000000,1500000
2020-05-13 12:38:06.968000,1.06859,1.06858,1000000,2060000
2020-05-13 12:38:07.143000,1.0686,1.06859,1000000,1000000
2020-05-13 12:38:07.977000,1.06861,1.06859,1120000,1690000
2020-05-13 12:38:08.079000,1.06863,1.06861,1100000,1000000
2020-05-13 12:38:08.130000,1.06864,1.06862,1500000,1200000
2020-05-13 12:38:08.231000,1.06865,1.06863,1870000,1000000
2020-05-13 12:38:08.332000,1.06865,1.06864,1500000,1000000
2020-05-13 12:38:09.188000,1.06865,1.06863,1500000,1500000
2020-05-13 12:38:09.558000,1.06865,1.06864,1500000,1000000
2020-05-13 12:38:10.271000,1.06864,1.06862,1000000,1750000
2020-05-13 12:38:10.524000,1.06865,1.06863,1200000,1120000
2020-05-13 12:38:10.792000,1.06865,1.06862,2290000,1120000
2020-05-13 12:38:11.760000,1.06863,1.06861,1000000,3370000
2020-05-13 12:38:11.861000,1.06862,1.06861,1000000,1310000
2020-05-13 12:38:12.271000,1.06861,1.0686,1000000,1000000
2020-05-13 12:38:13.580000,1.06861,1.06859,2060000,1000000
2020-05-13 12:38:13.682000,1.06859,1.06856,1120000,3470000
2020-05-13 12:38:13.783000,1.06859,1.06858,1120000,1000000
2020-05-13 12:38:14.086000,1.06858,1.06855,1000000,6520000
2020-05-13 12:38:14.685000,1.06859,1.06856,1200000,1310000
2020-05-13 12:38:14.837000,1.06859,1.06857,1200000,1000000
2020-05-13 12:38:16.772000,1.06858,1.06855,1500000,4570000
2020-05-13 12:38:16.873000,1.06856,1.06854,1000000,2870000
2020-05-13 12:38:16.924000,1.06856,1.06853,1700000,1690000
2020-05-13 12:38:17.025000,1.06855,1.06852,2260000,2440000
2020-05-13 12:38:17.937000,1.06853,1.06852,1000000,1250000
2020-05-13 12:38:18.728000,1.06852,1.0685,1000000,3390000
2020-05-13 12:38:21.750000,1.06853,1.06851,2250000,1130000
2020-05-13 12:38:21.852000,1.06854,1.06852,2120000,1870000
2020-05-13 12:38:21.953000,1.06854,1.06852,1870000,1950000
2020-05-13 12:38:22.004000,1.06855,1.06854,1250000,1120000
2020-05-13 12:38:22.156000,1.06856,1.06855,1250000,1000000
2020-05-13 12:38:23.175000,1.06856,1.06853,1310000,1700000
2020-05-13 12:38:23.737000,1.06856,1.06853,2870000,1500000
2020-05-13 12:38:24.538000,1.06856,1.06853,2570000,1120000
2020-05-13 12:38:25.123000,1.06857,1.06854,4510000,1000000
2020-05-13 12:38:25.225000,1.06855,1.06853,1000000,2000000
2020-05-13 12:38:26.705000,1.06856,1.06855,1000000,1000000
2020-05-13 12:38:27.359000,1.06856,1.06854,1500000,1120000
2020-05-13 12:38:30.756000,1.06857,1.06854,2060000,1120000
2020-05-13 12:38:30.858000,1.06854,1.06852,1000000,1200000
2020-05-13 12:38:33.525000,1.06853,1.06852,1000000,1000000
2020-05-13 12:38:33.626000,1.06853,1.06851,1000000,1870000
2020-05-13 12:38:35.548000,1.06853,1.06851,1000000,2370000
2020-05-13 12:38:36.506000,1.06853,1.06851,1000000,1870000
2020-05-13 12:38:36.904000,1.06853,1.06852,1000000,1000000
2020-05-13 12:38:37.005000,1.06853,1.06851,1000000,2620000
2020-05-13 12:38:38.404000,1.06852,1.06851,1000000,1870000
2020-05-13 12:38:42.205000,1.06853,1.06851,1000000,2620000
2020-05-13 12:38:43.472000,1.06854,1.06851,1120000,4310000
2020-05-13 12:38:43.573000,1.06855,1.06852,2060000,1870000
2020-05-13 12:38:44.473000,1.06855,1.06852,1500000,2560000
2020-05-13 12:38:47.289000,1.06854,1.06852,1000000,1620000
2020-05-13 12:38:51.538000,1.06854,1.06852,1250000,1000000
2020-05-13 12:38:54.010000,1.06854,1.06851,1250000,2700000
2020-05-13 12:38:55.517000,1.06854,1.06851,1310000,2820000
2020-05-13 12:38:58.541000,1.06854,1.06851,1250000,1570000
2020-05-13 12:38:59.825000,1.06853,1.06851,1000000,1100000
2020-05-13 12:38:59.926000,1.06853,1.0685,2870000,2320000
2020-05-13 12:39:00.027000,1.06853,1.0685,2810000,1390000
2020-05-13 12:39:02.008000,1.06852,1.06849,1500000,4270000
2020-05-13 12:39:04.352000,1.06853,1.0685,2810000,1310000
2020-05-13 12:39:06.709000,1.06852,1.06849,1000000,4270000
2020-05-13 12:39:07.094000,1.06853,1.0685,3560000,1310000
2020-05-13 12:39:14.138000,1.06852,1.06849,1250000,3390000
2020-05-13 12:39:16.723000,1.06853,1.0685,2810000,1310000
2020-05-13 12:39:17.076000,1.06853,1.06851,2060000,1000000
2020-05-13 12:39:18.909000,1.06854,1.06852,1870000,1120000
2020-05-13 12:39:19.010000,1.06855,1.06852,2060000,1120000
2020-05-13 12:39:21.486000,1.06855,1.06852,2060000,4220000
2020-05-13 12:39:23.746000,1.06855,1.06852,2060000,3000000
2020-05-13 12:39:23.847000,1.06855,1.06852,2060000,4220000
2020-05-13 12:39:26.602000,1.06857,1.06855,3760000,1120000
2020-05-13 12:39:26.704000,1.06857,1.06855,1250000,1000000
2020-05-13 12:39:28.370000,1.06858,1.06856,2120000,1000000
2020-05-13 12:39:28.471000,1.06858,1.06856,1310000,1000000
2020-05-13 12:39:28.573000,1.06858,1.06855,2060000,1950000
2020-05-13 12:39:29.781000,1.06856,1.06854,1000000,1500000
2020-05-13 12:39:31.773000,1.06856,1.06854,2560000,1000000
2020-05-13 12:39:32.810000,1.06856,1.06854,2060000,1000000
2020-05-13 12:39:33.137000,1.06856,1.06854,2870000,1000000
2020-05-13 12:39:33.289000,1.06855,1.06853,1250000,1120000
2020-05-13 12:39:33.390000,1.06854,1.06853,1000000,1120000
2020-05-13 12:39:33.492000,1.06854,1.06851,1000000,3010000
2020-05-13 12:39:33.593000,1.06854,1.06851,1120000,2140000
2020-05-13 12:39:34.534000,1.06854,1.06852,1120000,1000000
2020-05-13 12:39:34.635000,1.06854,1.06851,1120000,3340000
2020-05-13 12:39:36.692000,1.06853,1.06851,1000000,2060000
2020-05-13 12:39:38.972000,1.06852,1.06849,1000000,4990000
2020-05-13 12:39:39.074000,1.0685,1.06849,2440000,1000000
2020-05-13 12:39:39.124000,1.06849,1.06846,2060000,1600000
2020-05-13 12:39:39.226000,1.06847,1.06844,1310000,1700000
2020-05-13 12:39:39.327000,1.06845,1.06843,1600000,1250000
2020-05-13 12:39:39.479000,1.06845,1.06844,1000000,1690000
2020-05-13 12:39:39.530000,1.06846,1.06844,1120000,1690000
2020-05-13 12:39:40.163000,1.06847,1.06844,1120000,2060000
2020-05-13 12:39:41.177000,1.06847,1.06845,1120000,1000000
2020-05-13 12:39:41.279000,1.06847,1.06844,1120000,2060000
2020-05-13 12:39:42.689000,1.06847,1.06846,1120000,1000000
2020-05-13 12:39:43.580000,1.06848,1.06846,2440000,1000000
2020-05-13 12:39:44.186000,1.06849,1.06847,1310000,1120000
2020-05-13 12:39:44.237000,1.06852,1.0685,2400000,1500000
2020-05-13 12:39:44.339000,1.06854,1.06851,1200000,3250000
2020-05-13 12:39:44.441000,1.06854,1.06853,1000000,1250000
2020-05-13 12:39:49.491000,1.06854,1.06851,1120000,3250000
2020-05-13 12:39:50.071000,1.06854,1.06851,1310000,2060000
2020-05-13 12:39:50.452000,1.06854,1.06851,1120000,2870000
2020-05-13 12:39:53.339000,1.06854,1.06851,4020000,1750000
2020-05-13 12:39:54.178000,1.0685,1.06847,1000000,5810000
2020-05-13 12:39:54.279000,1.06849,1.06846,2810000,3560000
2020-05-13 12:39:54.380000,1.06848,1.06845,1620000,2120000
2020-05-13 12:39:54.482000,1.06847,1.06844,1870000,3370000
2020-05-13 12:39:54.583000,1.06847,1.06845,1870000,1370000
2020-05-13 12:39:54.785000,1.06846,1.06844,1000000,3000000
2020-05-13 12:39:55.393000,1.06846,1.06844,1000000,2060000
2020-05-13 12:39:56.045000,1.06845,1.06843,1000000,1810000
2020-05-13 12:39:56.146000,1.06845,1.06843,1000000,1310000
2020-05-13 12:39:57.973000,1.06845,1.06843,1000000,2120000
2020-05-13 12:39:59.055000,1.06846,1.06843,1870000,2870000
2020-05-13 12:39:59.208000,1.06846,1.06844,1000000,1370000
2020-05-13 12:40:00.338000,1.06843,1.06842,1500000,1000000
2020-05-13 12:40:00.439000,1.06841,1.06839,1000000,4120000
2020-05-13 12:40:00.540000,1.06843,1.06841,1870000,1000000
2020-05-13 12:40:01.464000,1.06843,1.06842,1120000,1250000
2020-05-13 12:40:04.493000,1.06844,1.06842,1760000,1000000
2020-05-13 12:40:04.594000,1.06843,1.06841,2320000,1000000
2020-05-13 12:40:04.695000,1.06842,1.0684,1000000,2060000
2020-05-13 12:40:04.847000,1.06843,1.0684,2060000,1870000
2020-05-13 12:40:05.907000,1.06841,1.0684,1000000,1870000
2020-05-13 12:40:06.009000,1.06841,1.06839,1000000,1120000
2020-05-13 12:40:06.160000,1.06841,1.06839,1000000,1120000
2020-05-13 12:40:06.262000,1.06842,1.06839,1310000,2620000
2020-05-13 12:40:08.940000,1.0684,1.06838,1000000,2620000
2020-05-13 12:40:09.863000,1.06841,1.06838,1000000,1250000
2020-05-13 12:40:09.964000,1.06841,1.06837,1000000,3450000
2020-05-13 12:40:11.971000,1.06841,1.06838,2320000,1810000
2020-05-13 12:40:12.072000,1.06841,1.06838,2320000,1310000
2020-05-13 12:40:12.241000,1.06839,1.06836,1500000,4570000
2020-05-13 12:40:12.343000,1.0684,1.06837,3870000,1750000
2020-05-13 12:40:13.140000,1.0684,1.06837,3760000,1690000
2020-05-13 12:40:15.838000,1.0684,1.06837,2070000,2500000
2020-05-13 12:40:16.163000,1.0684,1.06837,1120000,3250000
2020-05-13 12:40:17.032000,1.0684,1.06837,2060000,2510000
2020-05-13 12:40:17.133000,1.06839,1.06837,1120000,1250000
2020-05-13 12:40:17.234000,1.06839,1.06837,1600000,1250000
2020-05-13 12:40:17.336000,1.06839,1.06837,1000000,2500000
2020-05-13 12:40:17.437000,1.0684,1.06838,2560000,1000000
2020-05-13 12:40:18.372000,1.0684,1.06838,1120000,1690000
2020-05-13 12:40:20.445000,1.06842,1.0684,2070000,1250000
2020-05-13 12:40:20.546000,1.06842,1.06839,1120000,3260000
2020-05-13 12:40:20.849000,1.06842,1.0684,1120000,1250000
2020-05-13 12:40:23.048000,1.06842,1.0684,1120000,1250000
2020-05-13 12:40:23.149000,1.06843,1.06842,1120000,1250000
2020-05-13 12:40:23.250000,1.06843,1.06841,1000000,4010000
2020-05-13 12:40:24.137000,1.06843,1.0684,1310000,2440000
2020-05-13 12:40:24.238000,1.06842,1.0684,1000000,2440000
2020-05-13 12:40:25.814000,1.06843,1.06841,3500000,1250000
2020-05-13 12:40:25.915000,1.06843,1.06841,2620000,1250000
2020-05-13 12:40:26.268000,1.06843,1.0684,3000000,2440000
2020-05-13 12:40:26.369000,1.06842,1.0684,1120000,1250000
2020-05-13 12:40:29.007000,1.06841,1.0684,1000000,1250000
2020-05-13 12:40:32.448000,1.06843,1.0684,3500000,2810000
2020-05-13 12:40:32.651000,1.06843,1.0684,2750000,2870000
2020-05-13 12:40:32.802000,1.06843,1.06841,1870000,1690000
2020-05-13 12:40:37.400000,1.06841,1.0684,1000000,1100000
2020-05-13 12:40:37.502000,1.06841,1.06839,1000000,1570000
2020-05-13 12:40:40.815000,1.0684,1.06838,1000000,1100000
2020-05-13 12:40:40.916000,1.06838,1.06836,1000000,2440000
2020-05-13 12:40:44.276000,1.06838,1.06835,1120000,1690000
2020-05-13 12:40:45.014000,1.06837,1.06835,1120000,1500000
2020-05-13 12:40:45.115000,1.06833,1.06832,1000000,1000000
2020-05-13 12:40:45.167000,1.06833,1.06831,1000000,2060000
2020-05-13 12:40:45.571000,1.06833,1.06831,1810000,1000000
2020-05-13 12:40:45.672000,1.06833,1.0683,3000000,1500000
2020-05-13 12:40:45.774000,1.06831,1.06829,1810000,1000000
2020-05-13 12:40:45.824000,1.06829,1.06827,1000000,2140000
2020-05-13 12:40:45.926000,1.0683,1.06828,2320000,1250000
2020-05-13 12:40:46.027000,1.06831,1.06829,2190000,1000000
2020-05-13 12:40:46.128000,1.06831,1.06828,2190000,1690000
2020-05-13 12:40:47.471000,1.06829,1.06827,1120000,1690000
2020-05-13 12:40:47.572000,1.06828,1.06826,1000000,1500000
2020-05-13 12:40:48.432000,1.06828,1.06826,1000000,2250000
2020-05-13 12:40:48.685000,1.06829,1.06826,2030000,2250000
2020-05-13 12:40:49.300000,1.06828,1.06826,1620000,2250000
2020-05-13 12:40:50.252000,1.06828,1.06826,1120000,1500000
2020-05-13 12:40:50.353000,1.06829,1.06826,1310000,2700000
2020-05-13 12:40:50.455000,1.0683,1.06827,1310000,2890000
2020-05-13 12:40:50.505000,1.06832,1.06829,2060000,2620000
2020-05-13 12:40:51.132000,1.06833,1.0683,1310000,1310000
2020-05-13 12:40:51.284000,1.06832,1.06829,1000000,3840000
2020-05-13 12:40:52.135000,1.06832,1.06829,1120000,2140000
2020-05-13 12:40:53.656000,1.06831,1.06829,1000000,1690000
2020-05-13 12:40:56.948000,1.06832,1.0683,1000000,1250000
2020-05-13 12:40:57.049000,1.06832,1.06829,1120000,2070000
2020-05-13 12:40:58.231000,1.06832,1.06829,1120000,2140000
2020-05-13 12:40:58.332000,1.06831,1.06829,1120000,1250000
2020-05-13 12:40:58.433000,1.06831,1.06829,2120000,1000000
2020-05-13 12:40:58.771000,1.06831,1.06828,2120000,2620000
2020-05-13 12:40:58.922000,1.06831,1.06829,1120000,1000000
2020-05-13 12:40:59.074000,1.06832,1.06829,1000000,2250000
2020-05-13 12:41:00.313000,1.06832,1.0683,1000000,1000000
2020-05-13 12:41:01.392000,1.06834,1.06832,5570000,1000000
2020-05-13 12:41:01.494000,1.06834,1.06832,1310000,1000000
2020-05-13 12:41:02.804000,1.06835,1.06832,1310000,1310000
2020-05-13 12:41:02.905000,1.06836,1.06834,4200000,1000000
2020-05-13 12:41:03.006000,1.06837,1.06835,2250000,1000000
2020-05-13 12:41:03.108000,1.06838,1.06836,1120000,1000000
2020-05-13 12:41:03.209000,1.06838,1.06837,1120000,1000000
2020-05-13 12:41:04.810000,1.06837,1.06836,1120000,1000000
2020-05-13 12:41:04.911000,1.06838,1.06836,1620000,1000000
2020-05-13 12:41:05.113000,1.06837,1.06835,1120000,2250000
2020-05-13 12:41:05.467000,1.06836,1.06834,1120000,1120000
2020-05-13 12:41:06.143000,1.06835,1.06834,1000000,1120000
2020-05-13 12:41:06.427000,1.06836,1.06834,1120000,1120000
2020-05-13 12:41:06.528000,1.06837,1.06835,2370000,1500000
2020-05-13 12:41:07.482000,1.06837,1.06835,1120000,1500000
2020-05-13 12:41:07.820000,1.06836,1.06835,1000000,1000000
2020-05-13 12:41:07.972000,1.06838,1.06835,3650000,1870000
2020-05-13 12:41:08.174000,1.06838,1.06836,2370000,1000000
2020-05-13 12:41:09.008000,1.06838,1.06836,1120000,1000000
2020-05-13 12:41:09.983000,1.06837,1.06836,1000000,1000000
2020-05-13 12:41:10.084000,1.06837,1.06835,1000000,1120000
2020-05-13 12:41:12.415000,1.06839,1.06836,3460000,1000000
2020-05-13 12:41:12.465000,1.06839,1.06837,1570000,1500000
2020-05-13 12:41:12.617000,1.06839,1.06837,1000000,2700000
2020-05-13 12:41:12.718000,1.06839,1.06838,1500000,1000000
2020-05-13 12:41:12.819000,1.06839,1.06836,2370000,1000000
2020-05-13 12:41:12.920000,1.06838,1.06835,1120000,2060000
2020-05-13 12:41:17.244000,1.06837,1.06835,1000000,1000000
2020-05-13 12:41:18.974000,1.06837,1.06836,1000000,1000000
2020-05-13 12:41:19.174000,1.06837,1.06835,1000000,1000000
2020-05-13 12:41:20.176000,1.06836,1.06834,1000000,1100000
2020-05-13 12:41:20.227000,1.06838,1.06836,4390000,1000000
2020-05-13 12:41:23.217000,1.06837,1.06834,6000000,1000000
2020-05-13 12:41:24.404000,1.06837,1.06836,1000000,1000000
2020-05-13 12:41:25.367000,1.06838,1.06836,2060000,1000000
2020-05-13 12:41:26.945000,1.06838,1.06835,2060000,2440000
2020-05-13 12:41:27.375000,1.06838,1.06837,1500000,1500000
2020-05-13 12:41:27.426000,1.06841,1.06839,1000000,1000000
2020-05-13 12:41:27.476000,1.06842,1.0684,1120000,2250000
2020-05-13 12:41:27.578000,1.06843,1.0684,1120000,2810000
2020-05-13 12:41:27.679000,1.06842,1.0684,1000000,2810000
2020-05-13 12:41:31.767000,1.06841,1.06839,1000000,3710000
2020-05-13 12:41:32.615000,1.06841,1.0684,1000000,1000000
2020-05-13 12:41:32.920000,1.06841,1.06839,1000000,3710000
2020-05-13 12:41:33.021000,1.06843,1.0684,2640000,1500000
2020-05-13 12:41:33.123000,1.06842,1.06841,1120000,1000000
2020-05-13 12:41:33.225000,1.06842,1.0684,1120000,1000000
2020-05-13 12:41:34.131000,1.06843,1.06841,2560000,1500000
2020-05-13 12:41:34.545000,1.06843,1.06841,1120000,1500000
2020-05-13 12:41:35.918000,1.06842,1.06841,1000000,1000000
2020-05-13 12:41:36.020000,1.06844,1.06842,2140000,1000000
2020-05-13 12:41:36.122000,1.06845,1.06844,1120000,1000000
2020-05-13 12:41:36.173000,1.06847,1.06846,1690000,1000000
2020-05-13 12:41:36.275000,1.06848,1.06846,1000000,1620000
2020-05-13 12:41:36.376000,1.06849,1.06848,1000000,1120000
2020-05-13 12:41:37.937000,1.06849,1.06847,1310000,1500000
2020-05-13 12:41:38.495000,1.06848,1.06846,1000000,2250000
2020-05-13 12:41:43.452000,1.06848,1.06847,1000000,1000000
2020-05-13 12:41:44.977000,1.06849,1.06846,1310000,2700000
2020-05-13 12:41:47.788000,1.0685,1.06847,3760000,1000000
2020-05-13 12:41:47.889000,1.0685,1.06846,3760000,2510000
2020-05-13 12:41:48.206000,1.0685,1.06847,3760000,1000000
2020-05-13 12:41:48.980000,1.0685,1.06848,3010000,1000000
2020-05-13 12:41:49.081000,1.06851,1.06849,5140000,1000000
2020-05-13 12:41:49.132000,1.06855,1.06853,3710000,1000000
2020-05-13 12:41:49.234000,1.06856,1.06854,3290000,1000000
2020-05-13 12:41:49.335000,1.06857,1.06854,2200000,2250000
2020-05-13 12:41:49.537000,1.06857,1.06855,2200000,1000000
2020-05-13 12:41:50.020000,1.06857,1.06856,1120000,1500000
2020-05-13 12:41:50.121000,1.06857,1.06855,1120000,1120000
2020-05-13 12:41:51.449000,1.06857,1.06854,1310000,1870000
2020-05-13 12:41:51.853000,1.06856,1.06853,1310000,1120000
2020-05-13 12:41:52.493000,1.06855,1.06852,1000000,3390000
2020-05-13 12:41:52.696000,1.06853,1.06851,1000000,1700000
2020-05-13 12:41:52.797000,1.06853,1.06851,1000000,1120000
2020-05-13 12:41:53.312000,1.06854,1.06851,2250000,1310000
2020-05-13 12:41:53.615000,1.06853,1.06851,1000000,1120000
2020-05-13 12:41:56.423000,1.06851,1.06849,1690000,2320000
2020-05-13 12:41:56.524000,1.06849,1.06848,2060000,1120000
2020-05-13 12:41:56.575000,1.06848,1.06846,1000000,1120000
2020-05-13 12:41:56.677000,1.06848,1.06846,2370000,1000000
2020-05-13 12:41:56.778000,1.06847,1.06845,1120000,1310000
2020-05-13 12:41:58.590000,1.06848,1.06845,3260000,1500000
2020-05-13 12:41:59.432000,1.06848,1.06845,1000000,4700000
2020-05-13 12:42:01.735000,1.06849,1.06846,1120000,3070000
2020-05-13 12:42:02.002000,1.06851,1.06849,3000000,4500000
2020-05-13 12:42:02.053000,1.06853,1.06851,1250000,1000000
2020-05-13 12:42:02.256000,1.06854,1.06851,2060000,1810000
2020-05-13 12:42:03.277000,1.06854,1.06851,1310000,1310000
2020-05-13 12:42:03.785000,1.06853,1.0685,1250000,4470000
2020-05-13 12:42:07.597000,1.06854,1.06851,1200000,1870000
2020-05-13 12:42:08.926000,1.06854,1.06851,2200000,1870000
2020-05-13 12:42:09.079000,1.06854,1.06851,1390000,2060000
2020-05-13 12:42:10.844000,1.06854,1.06852,1000000,1120000
2020-05-13 12:42:15.811000,1.06854,1.06853,1000000,1000000
2020-05-13 12:42:18.337000,1.06854,1.06852,1000000,1870000
2020-05-13 12:42:19.832000,1.06854,1.06853,1120000,1500000
2020-05-13 12:42:20.420000,1.06854,1.06852,1250000,2620000
2020-05-13 12:42:20.471000,1.06852,1.06851,1000000,1500000
2020-05-13 12:42:20.522000,1.06852,1.0685,1200000,1200000
2020-05-13 12:42:20.623000,1.06852,1.06849,1390000,3000000
2020-05-13 12:42:20.725000,1.06851,1.06849,1010000,1500000
2020-05-13 12:42:20.776000,1.06849,1.06847,1000000,1600000
2020-05-13 12:42:20.877000,1.06849,1.06847,1120000,1000000
2020-05-13 12:42:20.978000,1.06849,1.06848,1120000,1000000
2020-05-13 12:42:21.659000,1.06849,1.06847,1120000,1500000
2020-05-13 12:42:26.027000,1.06849,1.06848,1120000,1000000
2020-05-13 12:42:27.320000,1.06849,1.06847,1120000,1690000
2020-05-13 12:42:27.445000,1.06849,1.06846,1510000,1000000
2020-05-13 12:42:27.495000,1.06846,1.06843,3010000,4200000
2020-05-13 12:42:27.597000,1.06844,1.06842,1000000,1950000
2020-05-13 12:42:28.973000,1.06844,1.06841,1120000,2510000
2020-05-13 12:42:33.207000,1.06844,1.06841,2100000,1500000
2020-05-13 12:42:33.738000,1.06842,1.06839,1450000,3000000
2020-05-13 12:42:33.841000,1.0684,1.06837,2260000,2440000
2020-05-13 12:42:33.943000,1.06839,1.06837,1250000,1000000
2020-05-13 12:42:34.517000,1.06838,1.06836,1120000,2440000
2020-05-13 12:42:34.618000,1.06838,1.06836,2070000,1000000
2020-05-13 12:42:35.533000,1.06838,1.06836,1760000,1000000
2020-05-13 12:42:36.205000,1.06838,1.06837,2060000,1000000
2020-05-13 12:42:36.307000,1.0684,1.06838,1250000,2440000
2020-05-13 12:42:36.408000,1.06842,1.0684,1350000,2250000
2020-05-13 12:42:36.459000,1.06843,1.0684,1310000,3000000
2020-05-13 12:42:37.754000,1.06842,1.0684,1750000,1120000
2020-05-13 12:42:37.855000,1.06843,1.06839,1890000,4460000
2020-05-13 12:42:38.057000,1.06843,1.0684,3450000,1000000
2020-05-13 12:42:38.806000,1.06843,1.0684,1690000,1200000
2020-05-13 12:42:39.609000,1.06843,1.0684,2500000,1650000
2020-05-13 12:42:41.213000,1.06843,1.06841,1750000,1000000
2020-05-13 12:42:42.253000,1.06843,1.06841,1010000,1000000
2020-05-13 12:42:45.448000,1.06842,1.0684,1250000,2700000
2020-05-13 12:42:51.608000,1.06843,1.06841,1310000,1000000
2020-05-13 12:42:52.943000,1.06841,1.06838,1500000,4610000
2020-05-13 12:42:52.994000,1.0684,1.06838,1120000,1570000
2020-05-13 12:42:53.095000,1.06842,1.0684,2370000,1200000
2020-05-13 12:42:53.146000,1.06843,1.06841,1570000,1200000
2020-05-13 12:42:53.248000,1.06844,1.06841,1120000,3970000
2020-05-13 12:42:54.464000,1.06845,1.06843,1870000,1000000
2020-05-13 12:42:55.609000,1.06845,1.06842,1870000,2320000
2020-05-13 12:42:55.711000,1.06845,1.06842,2370000,1950000
2020-05-13 12:42:55.812000,1.06843,1.06841,1370000,1200000
2020-05-13 12:42:55.914000,1.06843,1.0684,2620000,1200000
2020-05-13 12:42:56.218000,1.06842,1.06839,3370000,2700000
2020-05-13 12:42:57.214000,1.06842,1.06839,2060000,2700000
2020-05-13 12:42:58.428000,1.06843,1.0684,1000000,1570000
2020-05-13 12:42:58.530000,1.06844,1.06841,3620000,1200000
2020-05-13 12:42:58.682000,1.06843,1.0684,1250000,1570000
2020-05-13 12:43:01.511000,1.06843,1.0684,1810000,1950000
2020-05-13 12:43:03.420000,1.06842,1.06839,2120000,2700000
2020-05-13 12:43:03.622000,1.06841,1.06839,1370000,1200000
2020-05-13 12:43:03.774000,1.06842,1.06839,3370000,1200000
2020-05-13 12:43:05.730000,1.06842,1.06839,2060000,2320000
2020-05-13 12:43:07.950000,1.06841,1.06839,1000000,1570000
2020-05-13 12:43:08.937000,1.06842,1.06839,2060000,2320000
2020-05-13 12:43:13.188000,1.06842,1.06839,2870000,2320000
2020-05-13 12:43:13.550000,1.06843,1.06841,2560000,1000000
2020-05-13 12:43:14.560000,1.06843,1.06841,1120000,1690000
2020-05-13 12:43:14.762000,1.06842,1.0684,1310000,1950000
2020-05-13 12:43:14.914000,1.06842,1.06839,2810000,1200000
2020-05-13 12:43:15.017000,1.0684,1.06838,1810000,1000000
2020-05-13 12:43:15.068000,1.06838,1.06836,1370000,2400000
2020-05-13 12:43:16.954000,1.06838,1.06836,1310000,1500000
2020-05-13 12:43:17.106000,1.06839,1.06837,4120000,1000000
2020-05-13 12:43:17.258000,1.06839,1.06836,3370000,2250000
2020-05-13 12:43:17.872000,1.06839,1.06837,3820000,1000000
2020-05-13 12:43:20.117000,1.06839,1.06836,3370000,1500000
2020-05-13 12:43:20.830000,1.06839,1.06837,3370000,1000000
2020-05-13 12:43:20.981000,1.06839,1.06838,1250000,1000000
2020-05-13 12:43:21.083000,1.0684,1.06839,2250000,1000000
2020-05-13 12:43:21.133000,1.06842,1.0684,2560000,1000000
2020-05-13 12:43:21.235000,1.06842,1.0684,2060000,1000000
2020-05-13 12:43:24.389000,1.06842,1.06839,2060000,2620000
2020-05-13 12:43:25.054000,1.06842,1.0684,2060000,1000000
2020-05-13 12:43:25.559000,1.06842,1.06839,2060000,2250000
2020-05-13 12:43:26.249000,1.06842,1.0684,2060000,1000000
2020-05-13 12:43:26.502000,1.06842,1.06841,2060000,1000000
2020-05-13 12:43:27.203000,1.06842,1.0684,2560000,1500000
2020-05-13 12:43:29.160000,1.06842,1.0684,1000000,1500000
2020-05-13 12:43:29.261000,1.06843,1.0684,1310000,1200000
2020-05-13 12:43:31.928000,1.06844,1.06841,2870000,1000000
2020-05-13 12:43:32.282000,1.06844,1.06842,2870000,1000000
2020-05-13 12:43:33.757000,1.06844,1.06843,1000000,1000000
2020-05-13 12:43:33.859000,1.06844,1.06842,1000000,1570000
2020-05-13 12:43:34.697000,1.06845,1.06842,2060000,3070000
2020-05-13 12:43:35.083000,1.06848,1.06846,4650000,1000000
2020-05-13 12:43:35.185000,1.0685,1.06847,1510000,2810000
2020-05-13 12:43:35.286000,1.06851,1.06848,2060000,1870000
2020-05-13 12:43:35.337000,1.06852,1.0685,4450000,1000000
2020-05-13 12:43:35.438000,1.06851,1.06848,1250000,3570000
2020-05-13 12:43:35.539000,1.06852,1.0685,2140000,1000000
2020-05-13 12:43:36.093000,1.06852,1.0685,2640000,1000000
2020-05-13 12:43:36.364000,1.06852,1.0685,1390000,1000000
2020-05-13 12:43:36.466000,1.06852,1.0685,1890000,1000000
2020-05-13 12:43:37.107000,1.06852,1.06849,1890000,1500000
2020-05-13 12:43:37.389000,1.06852,1.0685,1100000,1500000
2020-05-13 12:43:37.440000,1.06854,1.06851,3600000,1120000
2020-05-13 12:43:37.491000,1.06855,1.06854,1000000,1000000
2020-05-13 12:43:37.542000,1.06857,1.06854,1690000,2620000
2020-05-13 12:43:37.693000,1.06858,1.06855,2250000,1870000
2020-05-13 12:43:37.744000,1.06858,1.06856,2620000,2120000
2020-05-13 12:43:37.896000,1.06858,1.06855,1010000,3500000
2020-05-13 12:43:37.997000,1.06858,1.06855,1310000,2250000
2020-05-13 12:43:38.098000,1.06857,1.06855,1000000,1120000
2020-05-13 12:43:38.302000,1.06859,1.06856,3000000,1000000
2020-05-13 12:43:38.938000,1.06858,1.06856,1250000,1000000
2020-05-13 12:43:39.931000,1.06858,1.06855,1810000,1500000
2020-05-13 12:43:42.061000,1.06857,1.06854,1250000,1500000
2020-05-13 12:43:42.163000,1.06855,1.06852,1500000,1600000
2020-05-13 12:43:42.314000,1.06856,1.06855,1120000,1000000
2020-05-13 12:43:42.416000,1.06859,1.06856,1890000,2620000
2020-05-13 12:43:42.517000,1.06859,1.06856,1000000,4950000
2020-05-13 12:43:43.160000,1.06859,1.06856,2000000,1120000
2020-05-13 12:43:43.261000,1.06859,1.06855,3390000,1870000
2020-05-13 12:43:43.556000,1.06859,1.06857,1620000,1500000
2020-05-13 12:43:43.658000,1.06862,1.0686,1310000,1500000
2020-05-13 12:43:43.760000,1.06863,1.06862,1000000,1000000
2020-05-13 12:43:43.861000,1.06864,1.06861,1250000,2620000
2020-05-13 12:43:43.962000,1.06864,1.06861,1000000,3760000
2020-05-13 12:43:45.774000,1.06865,1.06863,1120000,1000000
2020-05-13 12:43:45.926000,1.06867,1.06864,3750000,1000000
2020-05-13 12:43:46.933000,1.06867,1.06864,1120000,2060000
2020-05-13 12:43:47.085000,1.06867,1.06865,1000000,1310000
2020-05-13 12:43:47.187000,1.06868,1.06865,2060000,2810000
2020-05-13 12:43:48.048000,1.06867,1.06865,1000000,1000000
2020-05-13 12:43:48.149000,1.06866,1.06863,2120000,3220000
2020-05-13 12:43:48.250000,1.06866,1.06863,3000000,1500000
2020-05-13 12:43:49.133000,1.06866,1.06863,1120000,3560000
2020-05-13 12:43:50.695000,1.06865,1.06863,1310000,1000000
2020-05-13 12:43:52.233000,1.06866,1.06863,1870000,2810000
2020-05-13 12:43:52.334000,1.06867,1.06864,2870000,1870000
2020-05-13 12:43:52.435000,1.06867,1.06864,1120000,1870000
2020-05-13 12:43:53.384000,1.06868,1.06865,2190000,1000000
2020-05-13 12:43:57.052000,1.06867,1.06864,1120000,2620000
2020-05-13 12:43:57.622000,1.06867,1.06866,1000000,1120000
2020-05-13 12:43:57.724000,1.06872,1.0687,2120000,1000000
2020-05-13 12:43:57.825000,1.06873,1.0687,2510000,1500000
2020-05-13 12:43:58.771000,1.06873,1.0687,2000000,3560000
2020-05-13 12:43:59.788000,1.06873,1.0687,1500000,2440000
2020-05-13 12:44:01.175000,1.06872,1.0687,1000000,1500000
2020-05-13 12:44:01.276000,1.06871,1.06868,1120000,2500000
2020-05-13 12:44:04.167000,1.06872,1.0687,1000000,1500000
2020-05-13 12:44:04.268000,1.06873,1.0687,2190000,1500000
2020-05-13 12:44:10.281000,1.06874,1.06871,2820000,1250000
2020-05-13 12:44:12.452000,1.06874,1.06873,1120000,1000000
2020-05-13 12:44:12.554000,1.06876,1.06874,1870000,1250000
2020-05-13 12:44:12.655000,1.06877,1.06874,1120000,4000000
2020-05-13 12:44:12.907000,1.06877,1.06875,1000000,1750000
2020-05-13 12:44:13.008000,1.06878,1.06876,1120000,1250000
2020-05-13 12:44:14.928000,1.06877,1.06875,1000000,1250000
2020-05-13 12:44:14.979000,1.06875,1.06874,1000000,1200000
2020-05-13 12:44:15.081000,1.06876,1.06873,1310000,3000000
2020-05-13 12:44:15.603000,1.06875,1.06873,1000000,2060000
2020-05-13 12:44:16.340000,1.06875,1.06874,1000000,1000000
2020-05-13 12:44:17.383000,1.06877,1.06875,1870000,1000000
2020-05-13 12:44:17.484000,1.06878,1.06876,1120000,1000000
2020-05-13 12:44:18.856000,1.06878,1.06875,1120000,3000000
2020-05-13 12:44:21.114000,1.06878,1.06875,2560000,1000000
2020-05-13 12:44:21.216000,1.06877,1.06874,1760000,1500000
2020-05-13 12:44:21.368000,1.06877,1.06874,2070000,3560000
2020-05-13 12:44:23.816000,1.06876,1.06875,1000000,1250000
2020-05-13 12:44:23.918000,1.06881,1.0688,6820000,1000000
2020-05-13 12:44:24.069000,1.06882,1.0688,19500000,1000000
2020-05-13 12:44:24.727000,1.06883,1.0688,1000000,2440000
2020-05-13 12:44:24.828000,1.06883,1.0688,1000000,3720000
2020-05-13 12:44:27.301000,1.06883,1.06881,1000000,2120000
2020-05-13 12:44:27.636000,1.06883,1.06881,1000000,1000000
2020-05-13 12:44:29.245000,1.06884,1.06881,1200000,1500000
2020-05-13 12:44:31.679000,1.06884,1.06881,2320000,2120000
2020-05-13 12:44:31.780000,1.06884,1.06881,2900000,1250000
2020-05-13 12:44:34.610000,1.0688,1.06879,1500000,1100000
2020-05-13 12:44:34.662000,1.0688,1.06877,2060000,2440000
2020-05-13 12:44:34.713000,1.06879,1.06877,1700000,1250000
2020-05-13 12:44:35.120000,1.06882,1.0688,1000000,1690000
2020-05-13 12:44:35.222000,1.06882,1.06881,1000000,1870000
2020-05-13 12:44:35.272000,1.06884,1.06883,1120000,1120000
2020-05-13 12:44:35.323000,1.06886,1.06884,2250000,1870000
2020-05-13 12:44:35.424000,1.06886,1.06884,1000000,3390000
2020-05-13 12:44:35.740000,1.06887,1.06884,1120000,4200000
2020-05-13 12:44:36.202000,1.06887,1.06886,1000000,2060000
2020-05-13 12:44:36.303000,1.06888,1.06886,1000000,4510000
2020-05-13 12:44:36.556000,1.06889,1.06887,1120000,1370000
2020-05-13 12:44:36.657000,1.06889,1.06887,1120000,1310000
2020-05-13 12:44:38.859000,1.06889,1.06886,1620000,2250000
2020-05-13 12:44:39.011000,1.06888,1.06885,1620000,1000000
2020-05-13 12:44:39.415000,1.06888,1.06886,1810000,1000000
2020-05-13 12:44:39.516000,1.06888,1.06886,1120000,1690000
2020-05-13 12:44:41.485000,1.06888,1.06885,1120000,2250000
2020-05-13 12:44:41.586000,1.06887,1.06885,1000000,1120000
2020-05-13 12:44:41.687000,1.06886,1.06884,1000000,1870000
2020-05-13 12:44:43.243000,1.06885,1.06883,1000000,1000000
2020-05-13 12:44:44.512000,1.06885,1.06882,1000000,2620000
2020-05-13 12:44:44.945000,1.06885,1.06882,2850000,1870000
2020-05-13 12:44:45.583000,1.06884,1.06881,1390000,2620000
2020-05-13 12:44:47.063000,1.06883,1.06881,1100000,1500000
2020-05-13 12:44:50.683000,1.06884,1.06883,1000000,1690000
2020-05-13 12:44:50.734000,1.06886,1.06884,4570000,1310000
2020-05-13 12:44:50.785000,1.06888,1.06886,1690000,1570000
2020-05-13 12:44:50.886000,1.06889,1.06887,1250000,1120000
2020-05-13 12:44:53.834000,1.0689,1.06887,2320000,1310000
2020-05-13 12:44:53.935000,1.0689,1.06887,2820000,1310000
2020-05-13 12:44:57.003000,1.06889,1.06886,2400000,2060000
2020-05-13 12:45:00.100000,1.06886,1.06884,1000000,4140000
