time,ask,bid,ask_volume,bid_volume
2020-07-09 13:55:03.029000,1.07122,1.07121,1000000,1000000
2020-07-09 13:55:06.230000,1.07122,1.0712,1570000,1250000
2020-07-09 13:55:06.382000,1.07121,1.07119,4010000,3000000
2020-07-09 13:55:06.483000,1.07121,1.07118,4870000,1250000
2020-07-09 13:55:06.736000,1.0712,1.07118,1000000,1250000
2020-07-09 13:55:09.908000,1.0712,1.07117,6450000,1250000
2020-07-09 13:55:10.110000,1.0712,1.07118,3750000,1250000
2020-07-09 13:55:11.557000,1.07122,1.07119,3370000,2500000
2020-07-09 13:55:11.658000,1.07122,1.0712,1000000,2500000
2020-07-09 13:55:11.759000,1.07123,1.0712,3750000,3250000
2020-07-09 13:55:12.730000,1.07122,1.0712,1000000,2440000
2020-07-09 13:55:13.832000,1.07122,1.07119,1000000,4690000
2020-07-09 13:55:16.113000,1.07122,1.07121,1000000,1250000
2020-07-09 13:55:19.691000,1.07122,1.07119,1500000,5440000
2020-07-09 13:55:20.573000,1.07122,1.07121,1000000,1250000
2020-07-09 13:55:20.624000,1.07124,1.07121,1000000,5440000
2020-07-09 13:55:20.726000,1.07124,1.07122,1950000,1000000
2020-07-09 13:55:20.827000,1.07123,1.07121,1000000,4500000
2020-07-09 13:55:21.978000,1.07122,1.07121,1000000,1000000
2020-07-09 13:55:22.180000,1.07122,1.0712,1500000,1690000
2020-07-09 13:55:23.019000,1.07122,1.07121,1500000,1000000
2020-07-09 13:55:25.726000,1.07123,1.07121,5700000,1000000
2020-07-09 13:55:25.878000,1.07122,1.07121,1000000,1000000
2020-07-09 13:55:25.928000,1.0712,1.07118,5250000,1690000
2020-07-09 13:55:26.081000,1.07121,1.07118,1120000,1690000
2020-07-09 13:55:26.182000,1.07121,1.07119,4120000,1000000
2020-07-09 13:55:27.482000,1.07121,1.0712,3000000,1000000
2020-07-09 13:55:27.584000,1.07122,1.0712,1120000,1000000
2020-07-09 13:55:29.080000,1.07122,1.07121,3000000,1690000
2020-07-09 13:55:29.181000,1.07123,1.07121,5700000,1000000
2020-07-09 13:55:29.333000,1.07122,1.07121,1000000,1000000
2020-07-09 13:55:29.948000,1.07122,1.07119,3750000,1690000
2020-07-09 13:55:29.999000,1.07123,1.07121,4200000,1000000
2020-07-09 13:55:33.199000,1.07125,1.07122,3710000,1000000
2020-07-09 13:55:33.249000,1.07126,1.07124,2470000,1000000
2020-07-09 13:55:33.351000,1.07127,1.07125,1390000,1000000
2020-07-09 13:55:33.920000,1.07127,1.07126,1000000,1000000
2020-07-09 13:55:34.022000,1.07127,1.07125,1000000,2440000
2020-07-09 13:55:39.012000,1.07125,1.07124,1000000,3000000
2020-07-09 13:55:39.265000,1.07125,1.07123,1000000,1500000
2020-07-09 13:55:39.366000,1.07125,1.07124,1000000,3000000
2020-07-09 13:55:39.467000,1.07125,1.07123,1000000,1000000
2020-07-09 13:55:40.408000,1.07124,1.07122,1950000,1000000
2020-07-09 13:55:40.610000,1.07123,1.07121,1000000,3940000
2020-07-09 13:55:42.372000,1.07121,1.0712,1000000,1690000
2020-07-09 13:55:42.473000,1.0712,1.07119,1000000,1250000
2020-07-09 13:55:42.574000,1.07119,1.07117,1000000,1000000
2020-07-09 13:55:44.276000,1.07119,1.07116,1950000,5440000
2020-07-09 13:55:44.327000,1.07116,1.07114,2440000,1000000
2020-07-09 13:55:44.429000,1.07116,1.07113,3640000,1000000
2020-07-09 13:55:44.530000,1.07116,1.07114,1250000,1500000
2020-07-09 13:55:44.682000,1.07115,1.07113,4120000,1500000
2020-07-09 13:55:49.273000,1.07116,1.07113,4310000,1500000
2020-07-09 13:55:49.375000,1.07116,1.07114,1000000,1000000
2020-07-09 13:55:52.964000,1.07115,1.07114,1100000,1000000
2020-07-09 13:55:53.065000,1.07115,1.07113,3000000,1000000
2020-07-09 13:55:53.167000,1.07116,1.07113,2890000,1000000
2020-07-09 13:55:54.580000,1.07115,1.07113,3000000,1250000
2020-07-09 13:55:54.681000,1.07116,1.07113,1100000,3940000
2020-07-09 13:55:56.177000,1.07115,1.07113,1000000,3940000
2020-07-09 13:55:58.363000,1.07117,1.07116,3000000,1000000
2020-07-09 13:55:58.464000,1.07118,1.07116,1310000,3440000
2020-07-09 13:55:58.616000,1.07118,1.07116,1250000,2140000
2020-07-09 13:55:58.717000,1.07117,1.07116,18000000,1690000
2020-07-09 13:55:59.235000,1.0712,1.07118,2890000,1000000
2020-07-09 13:55:59.499000,1.0712,1.07116,2890000,3190000
2020-07-09 13:55:59.701000,1.07119,1.07116,1100000,3940000
2020-07-09 13:55:59.933000,1.07118,1.07115,1220000,3940000
2020-07-09 13:56:00.034000,1.07118,1.07117,1000000,1000000
2020-07-09 13:56:00.136000,1.07118,1.07116,1000000,5440000
2020-07-09 13:56:01.017000,1.07119,1.07116,1100000,6190000
2020-07-09 13:56:04.730000,1.07119,1.07118,1000000,1000000
2020-07-09 13:56:07.137000,1.0712,1.07118,4760000,1000000
2020-07-09 13:56:07.320000,1.07122,1.07119,8720000,1000000
2020-07-09 13:56:07.422000,1.07124,1.07122,4690000,1000000
2020-07-09 13:56:10.392000,1.07123,1.07121,1500000,4500000
2020-07-09 13:56:10.494000,1.07123,1.07122,1000000,3000000
2020-07-09 13:56:11.051000,1.07124,1.07122,1310000,3000000
2020-07-09 13:56:11.558000,1.07124,1.07121,1250000,1500000
2020-07-09 13:56:13.185000,1.07123,1.07121,1000000,2440000
2020-07-09 13:56:14.420000,1.07122,1.0712,1000000,1250000
2020-07-09 13:56:14.521000,1.07122,1.07119,1500000,6190000
2020-07-09 13:56:15.674000,1.07121,1.07119,1000000,6370000
2020-07-09 13:56:16.231000,1.07123,1.0712,3000000,1250000
2020-07-09 13:56:16.333000,1.07122,1.07121,1000000,1000000
2020-07-09 13:56:16.586000,1.07122,1.0712,1000000,1690000
2020-07-09 13:56:18.281000,1.07121,1.0712,1000000,1250000
2020-07-09 13:56:22.093000,1.07122,1.0712,1000000,1250000
2020-07-09 13:56:22.802000,1.07124,1.07121,1500000,1500000
2020-07-09 13:56:22.904000,1.07124,1.07122,1500000,1000000
2020-07-09 13:56:26.187000,1.07125,1.07122,1000000,5500000
2020-07-09 13:56:26.649000,1.07124,1.07121,1000000,3750000
2020-07-09 13:56:26.750000,1.07122,1.0712,1000000,5060000
2020-07-09 13:56:26.852000,1.07122,1.07121,1000000,1000000
2020-07-09 13:56:28.597000,1.07122,1.0712,1000000,1690000
2020-07-09 13:56:32.101000,1.07122,1.07119,1500000,5440000
2020-07-09 13:56:34.769000,1.0712,1.07119,1000000,1250000
2020-07-09 13:56:34.872000,1.07119,1.07117,1500000,1310000
2020-07-09 13:56:34.923000,1.07118,1.07116,1000000,5060000
2020-07-09 13:56:35.745000,1.07115,1.07114,1000000,1690000
2020-07-09 13:56:35.846000,1.07114,1.07113,1000000,1250000
2020-07-09 13:56:35.948000,1.07113,1.07112,1000000,1690000
2020-07-09 13:56:36.049000,1.07113,1.07112,1000000,1690000
2020-07-09 13:56:36.100000,1.07111,1.07109,1000000,6370000
2020-07-09 13:56:36.201000,1.0711,1.07108,1000000,4870000
2020-07-09 13:56:36.515000,1.07109,1.07108,1000000,4690000
2020-07-09 13:56:36.566000,1.07111,1.07108,1500000,5440000
2020-07-09 13:56:37.080000,1.07111,1.07109,1500000,1000000
2020-07-09 13:56:37.181000,1.07111,1.07108,1500000,5440000
2020-07-09 13:56:38.181000,1.07108,1.07106,1000000,5440000
2020-07-09 13:56:39.310000,1.07109,1.07106,1500000,5440000
2020-07-09 13:56:39.411000,1.07108,1.07106,1000000,5440000
2020-07-09 13:56:39.869000,1.07106,1.07105,1000000,3750000
2020-07-09 13:56:39.920000,1.07105,1.07103,1000000,3190000
2020-07-09 13:56:40.022000,1.07105,1.07103,1000000,5200000
2020-07-09 13:56:40.123000,1.07105,1.07104,1000000,3190000
2020-07-09 13:56:40.225000,1.07106,1.07104,1500000,4750000
2020-07-09 13:56:40.276000,1.07107,1.07105,1570000,2500000
2020-07-09 13:56:40.377000,1.07108,1.07106,1000000,3640000
2020-07-09 13:56:41.455000,1.07108,1.07107,1000000,2440000
2020-07-09 13:56:44.869000,1.07107,1.07106,1000000,1250000
2020-07-09 13:56:46.752000,1.07105,1.07104,1000000,5620000
2020-07-09 13:56:47.448000,1.07106,1.07104,1870000,5500000
2020-07-09 13:56:47.779000,1.07105,1.07103,1870000,4000000
2020-07-09 13:56:47.880000,1.07103,1.07102,1000000,4690000
2020-07-09 13:56:47.981000,1.07102,1.07101,1000000,2440000
2020-07-09 13:56:50.778000,1.07102,1.07101,1000000,3750000
2020-07-09 13:56:50.829000,1.071,1.07099,1000000,2620000
2020-07-09 13:56:50.930000,1.07102,1.07101,1500000,9190000
2020-07-09 13:56:51.031000,1.07105,1.07102,5450000,2060000
2020-07-09 13:56:51.133000,1.07104,1.07102,1120000,1750000
2020-07-09 13:56:51.234000,1.07106,1.07105,1000000,1250000
2020-07-09 13:56:51.387000,1.07107,1.07105,1000000,5500000
2020-07-09 13:56:51.488000,1.07107,1.07105,1000000,4820000
2020-07-09 13:56:52.224000,1.07106,1.07104,1000000,3940000
2020-07-09 13:56:52.325000,1.07105,1.07103,1000000,6890000
2020-07-09 13:56:52.849000,1.07105,1.07103,1000000,4690000
2020-07-09 13:56:53.535000,1.07105,1.07104,1000000,4690000
2020-07-09 13:56:54.342000,1.07105,1.07103,1000000,5440000
2020-07-09 13:56:54.545000,1.07104,1.07103,1000000,4690000
2020-07-09 13:56:55.203000,1.07105,1.07104,1000000,1250000
2020-07-09 13:56:55.304000,1.07105,1.07104,1000000,1690000
2020-07-09 13:56:55.355000,1.07107,1.07104,4500000,1690000
2020-07-09 13:56:55.456000,1.07107,1.07105,1500000,1250000
2020-07-09 13:56:56.278000,1.07107,1.07106,1000000,1690000
2020-07-09 13:56:56.380000,1.07108,1.07106,1000000,1690000
2020-07-09 13:56:56.582000,1.07107,1.07106,1000000,1000000
2020-07-09 13:56:57.538000,1.07107,1.07105,1500000,1250000
2020-07-09 13:56:59.954000,1.07107,1.07104,4390000,3750000
2020-07-09 13:57:00.005000,1.07105,1.07103,1000000,2440000
2020-07-09 13:57:03.925000,1.07107,1.07105,1500000,2140000
2020-07-09 13:57:04.280000,1.07107,1.07106,1500000,1250000
2020-07-09 13:57:05.092000,1.07107,1.07105,1500000,4760000
2020-07-09 13:57:06.592000,1.07108,1.07106,1000000,1760000
2020-07-09 13:57:06.694000,1.07107,1.07106,1000000,1690000
2020-07-09 13:57:06.795000,1.07108,1.07106,2700000,1000000
2020-07-09 13:57:06.896000,1.07107,1.07105,1000000,1690000
2020-07-09 13:57:07.098000,1.07107,1.07106,1000000,1690000
2020-07-09 13:57:07.502000,1.07109,1.07106,2700000,1690000
2020-07-09 13:57:07.603000,1.07109,1.07107,1500000,1000000
2020-07-09 13:57:07.755000,1.07109,1.07106,4500000,1690000
2020-07-09 13:57:07.907000,1.07109,1.07106,1500000,5290000
2020-07-09 13:57:10.367000,1.0711,1.07107,5700000,1250000
2020-07-09 13:57:12.899000,1.07109,1.07107,1000000,1250000
2020-07-09 13:57:15.555000,1.07107,1.07106,1000000,1000000
2020-07-09 13:57:15.606000,1.07106,1.07104,1000000,1910000
2020-07-09 13:57:15.960000,1.07106,1.07103,1100000,5590000
2020-07-09 13:57:16.061000,1.07106,1.07103,1100000,5640000
2020-07-09 13:57:16.890000,1.07106,1.07103,1410000,3900000
2020-07-09 13:57:18.999000,1.07105,1.07102,1000000,2640000
2020-07-09 13:57:24.211000,1.07105,1.07102,1000000,3090000
2020-07-09 13:57:24.312000,1.07105,1.07102,1000000,2640000
2020-07-09 13:57:24.706000,1.07105,1.07102,1100000,2640000
2020-07-09 13:57:24.858000,1.07105,1.07102,1000000,2640000
2020-07-09 13:57:26.081000,1.07105,1.07102,1100000,1890000
2020-07-09 13:57:26.191000,1.07102,1.07101,1100000,1870000
2020-07-09 13:57:26.243000,1.071,1.07099,1000000,3370000
2020-07-09 13:57:26.346000,1.071,1.07098,2700000,2250000
2020-07-09 13:57:26.448000,1.071,1.07097,2700000,4690000
2020-07-09 13:57:26.550000,1.071,1.07098,2700000,3370000
2020-07-09 13:57:26.651000,1.071,1.07097,1760000,3750000
2020-07-09 13:57:26.753000,1.07102,1.07098,4060000,5440000
2020-07-09 13:57:26.904000,1.07102,1.07099,7060000,1000000
2020-07-09 13:57:27.159000,1.07102,1.07099,1500000,4690000
2020-07-09 13:57:27.292000,1.07102,1.071,1000000,3000000
2020-07-09 13:57:27.469000,1.07104,1.07101,5960000,1000000
2020-07-09 13:57:29.474000,1.07102,1.071,1000000,3750000
2020-07-09 13:57:29.576000,1.07102,1.07099,1000000,1690000
2020-07-09 13:57:29.679000,1.07102,1.071,1000000,3000000
2020-07-09 13:57:30.191000,1.07103,1.071,1950000,3940000
2020-07-09 13:57:34.274000,1.07102,1.07099,2700000,4500000
2020-07-09 13:57:35.679000,1.07103,1.071,2950000,1000000
2020-07-09 13:57:35.781000,1.07103,1.071,3750000,1000000
2020-07-09 13:57:36.185000,1.07103,1.07101,3750000,1250000
2020-07-09 13:57:37.997000,1.07104,1.07101,3820000,1690000
2020-07-09 13:57:39.873000,1.07104,1.071,4390000,4690000
2020-07-09 13:57:42.187000,1.07104,1.07101,4200000,1250000
2020-07-09 13:57:44.608000,1.07106,1.07104,1570000,1500000
2020-07-09 13:57:44.710000,1.07108,1.07105,4200000,1690000
2020-07-09 13:57:44.811000,1.07108,1.07105,4350000,1690000
2020-07-09 13:57:45.064000,1.07108,1.07105,3450000,1690000
2020-07-09 13:57:48.915000,1.0711,1.07106,4760000,3640000
2020-07-09 13:57:49.016000,1.07109,1.07107,3750000,1000000
2020-07-09 13:57:49.168000,1.07111,1.07107,4690000,3190000
2020-07-09 13:57:49.269000,1.07111,1.07108,3940000,1000000
2020-07-09 13:57:49.621000,1.07111,1.07109,3940000,1000000
2020-07-09 13:57:49.723000,1.07112,1.07109,3000000,1690000
2020-07-09 13:57:49.774000,1.07115,1.07113,1000000,1500000
2020-07-09 13:57:49.875000,1.07117,1.07114,1890000,1500000
2020-07-09 13:57:50.127000,1.07114,1.07113,3000000,1000000
2020-07-09 13:57:50.229000,1.07115,1.07112,4010000,1000000
2020-07-09 13:57:50.330000,1.07114,1.07112,3000000,1000000
2020-07-09 13:57:50.431000,1.07114,1.07111,4870000,1000000
2020-07-09 13:57:50.537000,1.07113,1.0711,2500000,4500000
2020-07-09 13:57:51.627000,1.07113,1.0711,1000000,5640000
2020-07-09 13:57:51.729000,1.07115,1.07112,5140000,1500000
2020-07-09 13:57:54.328000,1.07115,1.07111,3750000,6750000
2020-07-09 13:57:54.644000,1.07116,1.07112,2620000,1000000
2020-07-09 13:57:54.873000,1.07115,1.07112,1000000,1500000
2020-07-09 13:57:56.668000,1.07116,1.07114,1200000,1500000
2020-07-09 13:58:00.105000,1.07117,1.07114,3900000,1690000
2020-07-09 13:58:00.207000,1.07117,1.07114,3950000,1690000
2020-07-09 13:58:00.377000,1.07117,1.07114,3900000,1690000
2020-07-09 13:58:00.484000,1.07117,1.07114,3950000,1690000
2020-07-09 13:58:01.576000,1.07115,1.07113,1000000,1000000
2020-07-09 13:58:01.678000,1.07115,1.07112,1000000,1690000
2020-07-09 13:58:01.830000,1.07116,1.07113,7090000,1000000
2020-07-09 13:58:02.767000,1.07116,1.07114,4500000,1000000
2020-07-09 13:58:04.327000,1.07117,1.07114,2700000,2060000
2020-07-09 13:58:04.429000,1.07116,1.07114,1000000,1500000
2020-07-09 13:58:16.636000,1.07116,1.07115,1100000,1000000
2020-07-09 13:58:16.687000,1.07118,1.07115,3820000,1250000
2020-07-09 13:58:16.788000,1.07118,1.07115,1220000,5500000
2020-07-09 13:58:17.103000,1.07118,1.07115,1600000,1690000
2020-07-09 13:58:17.204000,1.07118,1.07115,1000000,8440000
2020-07-09 13:58:17.552000,1.07118,1.07115,1000000,6250000
2020-07-09 13:58:17.754000,1.07118,1.07116,1600000,1250000
2020-07-09 13:58:17.855000,1.07118,1.07116,1200000,1250000
2020-07-09 13:58:19.181000,1.0712,1.07117,4950000,1690000
2020-07-09 13:58:19.283000,1.0712,1.07118,1000000,1000000
2020-07-09 13:58:19.384000,1.07122,1.0712,1100000,1000000
2020-07-09 13:58:19.485000,1.07124,1.07121,2890000,4500000
2020-07-09 13:58:19.637000,1.07124,1.07121,5200000,3750000
2020-07-09 13:58:19.951000,1.07123,1.0712,3260000,1000000
2020-07-09 13:58:20.059000,1.07122,1.0712,1310000,1000000
2020-07-09 13:58:20.823000,1.07122,1.07119,1690000,1500000
2020-07-09 13:58:20.925000,1.07121,1.07119,3640000,1000000
2020-07-09 13:58:21.451000,1.07122,1.07119,3750000,3190000
2020-07-09 13:58:21.553000,1.07122,1.0712,3750000,1250000
2020-07-09 13:58:21.990000,1.07123,1.0712,1500000,2440000
2020-07-09 13:58:22.092000,1.07123,1.07121,4950000,1000000
2020-07-09 13:58:22.552000,1.07124,1.07121,3640000,1000000
2020-07-09 13:58:26.092000,1.07125,1.07123,2060000,1000000
2020-07-09 13:58:26.143000,1.07126,1.07124,1690000,1000000
2020-07-09 13:58:26.244000,1.07125,1.07123,1000000,1000000
2020-07-09 13:58:26.346000,1.07126,1.07123,1010000,1500000
2020-07-09 13:58:27.193000,1.07126,1.07124,3750000,1250000
2020-07-09 13:58:27.294000,1.07128,1.07125,1500000,3940000
2020-07-09 13:58:27.345000,1.07126,1.07125,1500000,1690000
2020-07-09 13:58:27.446000,1.07125,1.07123,1000000,1100000
2020-07-09 13:58:27.751000,1.07126,1.07122,4010000,7390000
2020-07-09 13:58:27.853000,1.07124,1.07122,1100000,1000000
2020-07-09 13:58:28.488000,1.07126,1.07123,3310000,1500000
2020-07-09 13:58:28.590000,1.07126,1.07124,3000000,1000000
2020-07-09 13:58:28.693000,1.07127,1.07125,1100000,1000000
2020-07-09 13:58:28.997000,1.07128,1.07125,1950000,2440000
2020-07-09 13:58:29.909000,1.07128,1.07126,4570000,1250000
2020-07-09 13:58:30.205000,1.07127,1.07125,3000000,1690000
2020-07-09 13:58:30.758000,1.07128,1.07125,1570000,1690000
2020-07-09 13:58:31.257000,1.07127,1.07125,3000000,1690000
2020-07-09 13:58:31.729000,1.07129,1.07127,1570000,1000000
2020-07-09 13:58:32.680000,1.07128,1.07126,1570000,1000000
2020-07-09 13:58:32.781000,1.07127,1.07125,57000000,1120000
2020-07-09 13:58:33.213000,1.07127,1.07125,57000000,3320000
2020-07-09 13:58:34.087000,1.07128,1.07125,1570000,2500000
2020-07-09 13:58:34.739000,1.07129,1.07125,2320000,5570000
2020-07-09 13:58:34.840000,1.07129,1.07126,1970000,1250000
2020-07-09 13:58:35.177000,1.07129,1.07126,1570000,3940000
2020-07-09 13:58:35.389000,1.07129,1.07126,1970000,4690000
2020-07-09 13:58:35.491000,1.07129,1.07126,1500000,4690000
2020-07-09 13:58:35.737000,1.07128,1.07126,1100000,3940000
2020-07-09 13:58:35.944000,1.07129,1.07126,1500000,3940000
2020-07-09 13:58:36.225000,1.07128,1.07126,1000000,3940000
2020-07-09 13:58:36.996000,1.07129,1.07125,1500000,3700000
2020-07-09 13:58:37.353000,1.07128,1.07125,3000000,3700000
2020-07-09 13:58:37.483000,1.07129,1.07125,1500000,3700000
2020-07-09 13:58:38.723000,1.07129,1.07126,1970000,4690000
2020-07-09 13:58:38.825000,1.07129,1.07126,1570000,1690000
2020-07-09 13:58:38.926000,1.07129,1.07126,1970000,1250000
2020-07-09 13:58:39.027000,1.07129,1.07127,1500000,3000000
2020-07-09 13:58:39.129000,1.07129,1.07126,1970000,3940000
2020-07-09 13:58:39.230000,1.07129,1.07126,1570000,3940000
2020-07-09 13:58:39.893000,1.07129,1.07126,2100000,5440000
2020-07-09 13:58:39.994000,1.07129,1.07126,1950000,5440000
2020-07-09 13:58:43.019000,1.07129,1.07126,1600000,1250000
2020-07-09 13:58:43.120000,1.07129,1.07126,1100000,5440000
2020-07-09 13:58:43.272000,1.07129,1.07126,1220000,5440000
2020-07-09 13:58:43.374000,1.07129,1.07126,1000000,5440000
2020-07-09 13:58:45.740000,1.07129,1.07126,1220000,4690000
2020-07-09 13:58:45.841000,1.07129,1.07126,1000000,5440000
2020-07-09 13:58:46.375000,1.07129,1.07126,3750000,2500000
2020-07-09 13:58:46.577000,1.0713,1.07126,2700000,6250000
2020-07-09 13:58:47.527000,1.07129,1.07126,1000000,6250000
2020-07-09 13:58:48.066000,1.07129,1.07127,1000000,1250000
2020-07-09 13:58:48.487000,1.0713,1.07127,2700000,1250000
2020-07-09 13:58:48.691000,1.0713,1.07127,4700000,1250000
2020-07-09 13:58:48.866000,1.07128,1.07126,5320000,1250000
2020-07-09 13:58:49.019000,1.07128,1.07126,1120000,3190000
2020-07-09 13:58:49.497000,1.07125,1.07123,1500000,3550000
2020-07-09 13:58:49.548000,1.07124,1.07122,1000000,6260000
2020-07-09 13:58:49.651000,1.07125,1.07122,1500000,5440000
2020-07-09 13:58:49.702000,1.07126,1.07124,1000000,1000000
2020-07-09 13:58:49.956000,1.07127,1.07124,5320000,1500000
2020-07-09 13:58:50.668000,1.07126,1.07124,1950000,1000000
2020-07-09 13:58:50.769000,1.07125,1.07123,1000000,1000000
2020-07-09 13:58:51.023000,1.07124,1.07123,1000000,1000000
2020-07-09 13:58:51.868000,1.07124,1.07122,1000000,1250000
2020-07-09 13:58:52.282000,1.07125,1.07122,1200000,1760000
2020-07-09 13:58:53.894000,1.07124,1.07122,1000000,3750000
2020-07-09 13:58:55.256000,1.07124,1.07121,4200000,1690000
2020-07-09 13:59:02.012000,1.07126,1.07123,6450000,2440000
2020-07-09 13:59:02.113000,1.07124,1.07122,1200000,3750000
2020-07-09 13:59:02.215000,1.07124,1.07122,1600000,1000000
2020-07-09 13:59:02.417000,1.07125,1.07122,3290000,1000000
2020-07-09 13:59:03.166000,1.07125,1.07122,3070000,4690000
2020-07-09 13:59:03.875000,1.07125,1.07124,1000000,1000000
2020-07-09 13:59:03.926000,1.07127,1.07124,2700000,1690000
2020-07-09 13:59:04.179000,1.07127,1.07124,1950000,6250000
2020-07-09 13:59:14.596000,1.07128,1.07125,1500000,5890000
2020-07-09 13:59:14.744000,1.07128,1.07125,1500000,6700000
2020-07-09 13:59:19.410000,1.07128,1.07125,4500000,2700000
2020-07-09 13:59:29.727000,1.07129,1.07127,1000000,1690000
2020-07-09 13:59:29.830000,1.07128,1.07126,3750000,1690000
2020-07-09 13:59:31.268000,1.07129,1.07126,1000000,1690000
2020-07-09 13:59:32.166000,1.07129,1.07127,1000000,1000000
2020-07-09 13:59:32.658000,1.07129,1.07126,1000000,2440000
2020-07-09 13:59:32.863000,1.07129,1.07127,1000000,1000000
2020-07-09 13:59:32.964000,1.07129,1.07126,1000000,6190000
2020-07-09 13:59:34.218000,1.0713,1.07126,2440000,5440000
2020-07-09 13:59:34.377000,1.0713,1.07127,2440000,1000000
2020-07-09 13:59:34.680000,1.07132,1.0713,1000000,1690000
2020-07-09 13:59:34.781000,1.07132,1.07129,1500000,5440000
2020-07-09 13:59:34.983000,1.07132,1.07129,4500000,3250000
2020-07-09 13:59:35.777000,1.07133,1.07129,8250000,5500000
2020-07-09 13:59:36.305000,1.07133,1.07129,3940000,1690000
2020-07-09 13:59:36.406000,1.07132,1.07129,1000000,1250000
2020-07-09 13:59:37.191000,1.07132,1.07129,1000000,1750000
2020-07-09 13:59:40.057000,1.07133,1.0713,1500000,1250000
2020-07-09 13:59:40.159000,1.07134,1.07131,5250000,1250000
2020-07-09 13:59:45.267000,1.07131,1.07129,1250000,3750000
2020-07-09 13:59:45.369000,1.0713,1.07127,2250000,1310000
2020-07-09 13:59:45.520000,1.0713,1.07128,1000000,1000000
2020-07-09 13:59:45.622000,1.07129,1.07126,1000000,6750000
2020-07-09 13:59:45.774000,1.07129,1.07128,1000000,1000000
2020-07-09 13:59:46.077000,1.07129,1.07126,1500000,5250000
2020-07-09 13:59:50.134000,1.07129,1.07125,4120000,1000000
2020-07-09 13:59:50.236000,1.07128,1.07125,1000000,3750000
2020-07-09 13:59:55.138000,1.07128,1.07124,1000000,1500000
2020-07-09 13:59:55.430000,1.07129,1.07125,4500000,1000000
2020-07-09 13:59:56.510000,1.07128,1.07125,3750000,1500000
2020-07-09 13:59:56.561000,1.07125,1.07124,1000000,1000000
2020-07-09 13:59:56.662000,1.07126,1.07124,1000000,1000000
2020-07-09 13:59:56.763000,1.07125,1.07123,1000000,1000000
2020-07-09 13:59:56.865000,1.07126,1.07123,1000000,1000000
2020-07-09 13:59:57.067000,1.07126,1.07122,4500000,5440000
2020-07-09 13:59:57.269000,1.07126,1.07123,3750000,1000000
2020-07-09 13:59:58.067000,1.07126,1.07122,3750000,4500000
2020-07-09 13:59:58.219000,1.07126,1.07122,5870000,3750000
2020-07-09 13:59:58.471000,1.07125,1.07123,1250000,1000000
2020-07-09 13:59:58.522000,1.07127,1.07124,1000000,1000000
2020-07-09 13:59:59.619000,1.07128,1.07125,2250000,1000000
2020-07-09 13:59:59.720000,1.07128,1.07124,2250000,1500000
2020-07-09 13:59:59.922000,1.07131,1.07128,3940000,1000000
2020-07-09 14:00:00.124000,1.07132,1.07131,3750000,1000000
2020-07-09 14:00:00.175000,1.07135,1.07132,1500000,1500000
2020-07-09 14:00:00.377000,1.07135,1.07133,1000000,1000000
2020-07-09 14:00:00.782000,1.07136,1.07133,5250000,1000000
2020-07-09 14:00:00.883000,1.07136,1.07134,1200000,1000000
2020-07-09 14:00:00.984000,1.07135,1.07132,1500000,3750000
2020-07-09 14:00:02.045000,1.07136,1.07131,5960000,4500000
2020-07-09 14:00:02.146000,1.07136,1.07132,4650000,1000000
2020-07-09 14:00:02.248000,1.07135,1.07132,1000000,4500000
2020-07-09 14:00:02.838000,1.07136,1.07134,3150000,1000000
2020-07-09 14:00:02.939000,1.07135,1.07133,1000000,1000000
2020-07-09 14:00:03.518000,1.07136,1.07133,4090000,1500000
2020-07-09 14:00:03.670000,1.07137,1.07134,1700000,1000000
2020-07-09 14:00:03.880000,1.07139,1.07137,4500000,1000000
2020-07-09 14:00:03.981000,1.0714,1.07137,1500000,1500000
2020-07-09 14:00:06.135000,1.07141,1.07138,1690000,3750000
2020-07-09 14:00:06.724000,1.07142,1.0714,3750000,1250000
2020-07-09 14:00:06.849000,1.07143,1.0714,1000000,2440000
2020-07-09 14:00:06.950000,1.07144,1.07141,1500000,1690000
2020-07-09 14:00:07.203000,1.07145,1.07141,2440000,2440000
2020-07-09 14:00:07.305000,1.07145,1.07142,1500000,1690000
2020-07-09 14:00:07.406000,1.07147,1.07145,1000000,1000000
2020-07-09 14:00:07.507000,1.07147,1.07144,1500000,5440000
2020-07-09 14:00:08.879000,1.07146,1.07144,1000000,5440000
2020-07-09 14:00:08.981000,1.07147,1.07144,2250000,5440000
2020-07-09 14:00:09.139000,1.07146,1.07144,1000000,5440000
2020-07-09 14:00:09.240000,1.07147,1.07144,2250000,5440000
2020-07-09 14:00:09.444000,1.07146,1.07144,1000000,5440000
2020-07-09 14:00:09.646000,1.07147,1.07144,2250000,5440000
2020-07-09 14:00:10.113000,1.07146,1.07144,1500000,4690000
2020-07-09 14:00:12.543000,1.07145,1.07144,1000000,1690000
2020-07-09 14:00:12.645000,1.07146,1.07144,1500000,1690000
2020-07-09 14:00:13.294000,1.07148,1.07145,6870000,1000000
2020-07-09 14:00:15.809000,1.07154,1.07151,3000000,2440000
2020-07-09 14:00:15.910000,1.07153,1.07151,1690000,4500000
2020-07-09 14:00:16.012000,1.07154,1.07151,3370000,4500000
2020-07-09 14:00:16.215000,1.07151,1.07149,1000000,2440000
2020-07-09 14:00:16.788000,1.07153,1.0715,6000000,1250000
2020-07-09 14:00:17.091000,1.07152,1.0715,2250000,3000000
2020-07-09 14:00:17.193000,1.07151,1.07149,1000000,1500000
2020-07-09 14:00:17.665000,1.0715,1.07149,1000000,1000000
2020-07-09 14:00:17.767000,1.0715,1.07148,1690000,1000000
2020-07-09 14:00:17.868000,1.0715,1.07147,4690000,1000000
2020-07-09 14:00:17.919000,1.07147,1.07145,4310000,3000000
2020-07-09 14:00:18.020000,1.07146,1.07144,2060000,1000000
2020-07-09 14:00:19.528000,1.07146,1.07143,1250000,1000000
2020-07-09 14:00:20.410000,1.07151,1.07149,5060000,1000000
2020-07-09 14:00:20.462000,1.07152,1.0715,1000000,1690000
2020-07-09 14:00:20.563000,1.07153,1.07151,1000000,1000000
2020-07-09 14:00:20.614000,1.07151,1.07149,1000000,1000000
2020-07-09 14:00:20.716000,1.07151,1.07147,6370000,5250000
2020-07-09 14:00:21.659000,1.07151,1.07148,4500000,1000000
2020-07-09 14:00:21.861000,1.07151,1.07149,1000000,1000000
2020-07-09 14:00:21.963000,1.07152,1.07151,3000000,1000000
2020-07-09 14:00:22.065000,1.07153,1.07151,1500000,1000000
2020-07-09 14:00:22.217000,1.07152,1.0715,1000000,1000000
2020-07-09 14:00:23.112000,1.07152,1.07149,2250000,1000000
2020-07-09 14:00:23.264000,1.07151,1.07149,1000000,1000000
2020-07-09 14:00:23.365000,1.07149,1.07148,1000000,1000000
2020-07-09 14:00:24.829000,1.07149,1.07148,1000000,1250000
2020-07-09 14:00:25.410000,1.0715,1.07149,1000000,2250000
2020-07-09 14:00:25.461000,1.07152,1.0715,1000000,1250000
2020-07-09 14:00:27.438000,1.07152,1.07151,1000000,1500000
2020-07-09 14:00:27.793000,1.07153,1.07152,1000000,1000000
2020-07-09 14:00:28.147000,1.07153,1.07151,1000000,3000000
2020-07-09 14:00:28.299000,1.07152,1.07151,1000000,3750000
2020-07-09 14:00:28.401000,1.07152,1.0715,1000000,1000000
2020-07-09 14:00:28.502000,1.07152,1.07149,1500000,3750000
2020-07-09 14:00:28.604000,1.07151,1.07148,2250000,2440000
2020-07-09 14:00:28.706000,1.07151,1.07149,1000000,1000000
2020-07-09 14:00:29.988000,1.0715,1.07149,1000000,1000000
2020-07-09 14:00:30.269000,1.0715,1.07147,2440000,1000000
2020-07-09 14:00:31.008000,1.07149,1.07146,1500000,4500000
2020-07-09 14:00:31.109000,1.07148,1.07146,1950000,3750000
2020-07-09 14:00:31.210000,1.07147,1.07146,1000000,3750000
2020-07-09 14:00:31.312000,1.07148,1.07147,1500000,1000000
2020-07-09 14:00:31.413000,1.07148,1.07145,1500000,2440000
2020-07-09 14:00:31.615000,1.07148,1.07146,1500000,3000000
2020-07-09 14:00:32.208000,1.07148,1.07145,1500000,2440000
2020-07-09 14:00:32.309000,1.07148,1.07146,1500000,3000000
2020-07-09 14:00:33.241000,1.07145,1.07144,1000000,3070000
2020-07-09 14:00:34.339000,1.07145,1.07143,1000000,1000000
2020-07-09 14:00:34.444000,1.07145,1.07144,1000000,3000000
2020-07-09 14:00:35.228000,1.07145,1.07143,1000000,1000000
2020-07-09 14:00:35.329000,1.07145,1.07144,1000000,3000000
2020-07-09 14:00:35.481000,1.07145,1.07142,3450000,1690000
2020-07-09 14:00:35.582000,1.07144,1.07142,1000000,1690000
2020-07-09 14:00:36.037000,1.07145,1.07142,3750000,2440000
2020-07-09 14:00:36.294000,1.07147,1.07146,1000000,1000000
2020-07-09 14:00:36.345000,1.07148,1.07146,1000000,1000000
2020-07-09 14:00:36.446000,1.07149,1.07146,1000000,5700000
2020-07-09 14:00:36.547000,1.07149,1.07147,1000000,1000000
2020-07-09 14:00:37.482000,1.0715,1.07147,4500000,2700000
2020-07-09 14:00:37.584000,1.07151,1.07148,2440000,2700000
2020-07-09 14:00:39.555000,1.07152,1.07149,1690000,1000000
2020-07-09 14:00:40.559000,1.07152,1.0715,3190000,1200000
2020-07-09 14:00:40.661000,1.07154,1.07151,4010000,1000000
2020-07-09 14:00:40.813000,1.07155,1.07152,1010000,1000000
2020-07-09 14:00:41.368000,1.07157,1.07153,2440000,1500000
2020-07-09 14:00:41.470000,1.07158,1.07155,3820000,1000000
2020-07-09 14:00:41.571000,1.07159,1.07157,1000000,1000000
2020-07-09 14:00:42.026000,1.07159,1.07158,1000000,1000000
2020-07-09 14:00:42.582000,1.07159,1.07156,1970000,2250000
2020-07-09 14:00:44.160000,1.07159,1.07156,1000000,5250000
2020-07-09 14:00:44.747000,1.07158,1.07156,1000000,1500000
2020-07-09 14:00:44.849000,1.07158,1.07156,5290000,1000000
2020-07-09 14:00:45.051000,1.07158,1.07155,6040000,1500000
2020-07-09 14:00:45.153000,1.07156,1.07155,2140000,1000000
2020-07-09 14:00:45.203000,1.07153,1.0715,1500000,3000000
2020-07-09 14:00:45.305000,1.07153,1.0715,3790000,1000000
2020-07-09 14:00:45.406000,1.07152,1.07149,1570000,1000000
2020-07-09 14:00:45.507000,1.07153,1.07149,1950000,2440000
2020-07-09 14:00:45.810000,1.07153,1.07149,2850000,2440000
2020-07-09 14:00:46.361000,1.07153,1.07149,3190000,1500000
2020-07-09 14:00:46.676000,1.07153,1.07149,3790000,1500000
2020-07-09 14:00:46.878000,1.07153,1.07149,2890000,1500000
2020-07-09 14:00:46.980000,1.07154,1.07151,3260000,1500000
2020-07-09 14:00:47.485000,1.07154,1.07151,3410000,1000000
2020-07-09 14:00:47.939000,1.07154,1.07151,3410000,1000000
2020-07-09 14:00:48.180000,1.07154,1.07151,1200000,1500000
2020-07-09 14:00:51.392000,1.07154,1.07151,2100000,4500000
2020-07-09 14:00:51.746000,1.07154,1.07151,1200000,3750000
2020-07-09 14:00:53.575000,1.07153,1.07151,1000000,3750000
2020-07-09 14:00:54.456000,1.07153,1.0715,2250000,1250000
2020-07-09 14:00:54.659000,1.07153,1.07151,1500000,1000000
2020-07-09 14:00:56.475000,1.07154,1.07151,1690000,4500000
2020-07-09 14:00:56.950000,1.07154,1.07151,2290000,3750000
2020-07-09 14:01:01.184000,1.07154,1.07151,2510000,3750000
2020-07-09 14:01:01.558000,1.07154,1.07151,2290000,3750000
2020-07-09 14:01:02.221000,1.07154,1.07152,1250000,1000000
2020-07-09 14:01:02.322000,1.07155,1.07153,1200000,1000000
2020-07-09 14:01:02.424000,1.07155,1.07153,1910000,1000000
2020-07-09 14:01:02.475000,1.07155,1.07151,2660000,6190000
2020-07-09 14:01:02.576000,1.07155,1.07152,2660000,3000000
2020-07-09 14:01:02.677000,1.07155,1.07152,2810000,3000000
2020-07-09 14:01:02.829000,1.07154,1.07152,1000000,3000000
2020-07-09 14:01:02.930000,1.07154,1.07151,1200000,5250000
2020-07-09 14:01:04.285000,1.07156,1.07153,1120000,1500000
2020-07-09 14:01:05.369000,1.07156,1.07154,1000000,1000000
2020-07-09 14:01:05.470000,1.07157,1.07154,5140000,1000000
2020-07-09 14:01:10.594000,1.07157,1.07155,1000000,1000000
2020-07-09 14:01:12.649000,1.07157,1.07155,2720000,1000000
2020-07-09 14:01:12.750000,1.07156,1.07153,5290000,1500000
2020-07-09 14:01:12.852000,1.07154,1.07152,2140000,1000000
2020-07-09 14:01:17.693000,1.07154,1.07151,4160000,3000000
2020-07-09 14:01:17.794000,1.07153,1.0715,1200000,4500000
2020-07-09 14:01:21.519000,1.07154,1.07151,6640000,1000000
2020-07-09 14:01:25.094000,1.07149,1.07147,1000000,1500000
2020-07-09 14:01:25.195000,1.0715,1.07147,5810000,1200000
2020-07-09 14:01:25.802000,1.07151,1.07147,3640000,2700000
2020-07-09 14:01:26.101000,1.0715,1.07147,3000000,2700000
2020-07-09 14:01:26.789000,1.07152,1.07149,2250000,3640000
2020-07-09 14:01:27.397000,1.07154,1.07151,1500000,1500000
2020-07-09 14:01:28.404000,1.07155,1.07152,1500000,3750000
2020-07-09 14:01:29.153000,1.07156,1.07154,3750000,1390000
2020-07-09 14:01:29.256000,1.07156,1.07155,3000000,2250000
2020-07-09 14:01:29.637000,1.07159,1.07155,1390000,3640000
2020-07-09 14:01:29.738000,1.07159,1.07156,1390000,3000000
2020-07-09 14:01:30.041000,1.07158,1.07156,1000000,3000000
2020-07-09 14:01:30.193000,1.07158,1.07155,3750000,2890000
2020-07-09 14:01:30.854000,1.07158,1.07155,4350000,2440000
2020-07-09 14:01:31.323000,1.07157,1.07154,1200000,5440000
2020-07-09 14:01:32.518000,1.07157,1.07154,4410000,2250000
2020-07-09 14:01:32.569000,1.07154,1.07152,1950000,1500000
2020-07-09 14:01:32.671000,1.07154,1.07152,5440000,1000000
2020-07-09 14:01:33.627000,1.07155,1.07152,2510000,3750000
2020-07-09 14:01:33.829000,1.07154,1.07152,1760000,1000000
2020-07-09 14:01:34.082000,1.07155,1.07152,2510000,1500000
2020-07-09 14:01:36.088000,1.07154,1.07152,1100000,1000000
2020-07-09 14:01:37.148000,1.07154,1.07151,1760000,4500000
2020-07-09 14:01:39.497000,1.07152,1.07151,1100000,1000000
2020-07-09 14:01:39.598000,1.07152,1.0715,1100000,4500000
2020-07-09 14:01:40.489000,1.07151,1.07149,1000000,3750000
2020-07-09 14:01:41.420000,1.07153,1.0715,4010000,3000000
2020-07-09 14:01:42.564000,1.07154,1.07151,2320000,3000000
2020-07-09 14:01:42.667000,1.07154,1.07151,1970000,3750000
2020-07-09 14:01:43.022000,1.07154,1.07152,1000000,1200000
2020-07-09 14:01:44.718000,1.07155,1.07152,1570000,4500000
2020-07-09 14:01:44.971000,1.07156,1.07153,8510000,1000000
2020-07-09 14:01:45.022000,1.07157,1.07155,3750000,1000000
2020-07-09 14:01:50.440000,1.07157,1.07154,5140000,1000000
2020-07-09 14:01:53.357000,1.07156,1.07154,1000000,3750000
2020-07-09 14:01:53.741000,1.07157,1.07154,2890000,4500000
2020-07-09 14:01:55.067000,1.07156,1.07154,1000000,3750000
2020-07-09 14:02:00.129000,1.07156,1.07153,4160000,4570000
2020-07-09 14:02:00.231000,1.07155,1.07152,4910000,3750000
2020-07-09 14:02:00.332000,1.07154,1.07151,2700000,3750000
2020-07-09 14:02:00.787000,1.07153,1.07151,1100000,3000000
2020-07-09 14:02:00.888000,1.07153,1.0715,1100000,3000000
2020-07-09 14:02:01.141000,1.07153,1.0715,2910000,3000000
2020-07-09 14:02:01.979000,1.07153,1.07149,5910000,4570000
2020-07-09 14:02:02.422000,1.07153,1.0715,3750000,1200000
2020-07-09 14:02:02.523000,1.07153,1.07151,1000000,3000000
2020-07-09 14:02:03.103000,1.07153,1.0715,1000000,4200000
2020-07-09 14:02:03.406000,1.07153,1.0715,3790000,3000000
2020-07-09 14:02:03.507000,1.07152,1.07148,4950000,7010000
2020-07-09 14:02:05.179000,1.07152,1.07149,1200000,3000000
2020-07-09 14:02:05.352000,1.07151,1.07148,6190000,2250000
2020-07-09 14:02:05.790000,1.0715,1.07148,1000000,1000000
2020-07-09 14:02:06.438000,1.07151,1.0715,3000000,1000000
2020-07-09 14:02:06.539000,1.07152,1.0715,4200000,1000000
2020-07-09 14:02:07.370000,1.07151,1.07149,1000000,1000000
2020-07-09 14:02:07.925000,1.07152,1.0715,1500000,3000000
2020-07-09 14:02:08.797000,1.07154,1.07151,4270000,1000000
2020-07-09 14:02:08.899000,1.07155,1.07153,1390000,1000000
2020-07-09 14:02:09,1.07156,1.07153,1390000,1000000
2020-07-09 14:02:09.101000,1.07157,1.07154,5890000,1500000
2020-07-09 14:02:09.202000,1.07157,1.07155,3000000,1000000
2020-07-09 14:02:09.304000,1.07158,1.07155,3450000,1000000
2020-07-09 14:02:09.406000,1.07157,1.07154,2320000,4500000
2020-07-09 14:02:09.610000,1.07156,1.07153,1950000,4120000
2020-07-09 14:02:09.814000,1.07156,1.07153,4350000,1000000
2020-07-09 14:02:09.915000,1.07156,1.07153,3750000,1000000
2020-07-09 14:02:10.017000,1.07156,1.07153,1600000,3750000
2020-07-09 14:02:10.887000,1.07154,1.0715,5850000,6190000
2020-07-09 14:02:11.489000,1.07152,1.07149,1500000,1650000
2020-07-09 14:02:11.591000,1.07151,1.07149,1000000,1200000
2020-07-09 14:02:13.728000,1.07151,1.07148,1000000,1650000
2020-07-09 14:02:13.830000,1.07151,1.07148,1000000,1700000
2020-07-09 14:02:14.592000,1.0715,1.07148,1000000,1700000
2020-07-09 14:02:15.281000,1.0715,1.07148,1000000,1500000
2020-07-09 14:02:17.411000,1.0715,1.07147,4500000,1000000
2020-07-09 14:02:18.598000,1.07148,1.07147,1500000,1000000
2020-07-09 14:02:18.650000,1.07148,1.07145,1500000,5890000
2020-07-09 14:02:19.325000,1.07147,1.07145,1500000,3940000
2020-07-09 14:02:19.627000,1.07146,1.07144,5250000,1250000
2020-07-09 14:02:19.779000,1.07144,1.07141,1500000,4570000
2020-07-09 14:02:19.830000,1.07142,1.07141,1000000,3070000
2020-07-09 14:02:19.881000,1.07142,1.07139,3190000,1500000
2020-07-09 14:02:24.432000,1.0714,1.07137,1000000,3190000
2020-07-09 14:02:24.937000,1.07139,1.07137,1000000,1000000
2020-07-09 14:02:26.923000,1.07138,1.07137,1000000,1000000
2020-07-09 14:02:27.024000,1.07138,1.07136,1000000,1000000
2020-07-09 14:02:27.227000,1.07139,1.07136,2440000,1000000
2020-07-09 14:02:27.328000,1.07138,1.07135,1000000,4690000
2020-07-09 14:02:28.101000,1.07136,1.07134,1000000,3940000
2020-07-09 14:02:28.556000,1.07135,1.07134,1000000,3000000
2020-07-09 14:02:28.607000,1.07135,1.07132,1570000,1870000
2020-07-09 14:02:29.040000,1.07133,1.0713,4950000,1690000
2020-07-09 14:02:34.137000,1.07132,1.07129,1500000,5440000
2020-07-09 14:02:34.239000,1.07132,1.07129,4000000,3750000
2020-07-09 14:02:34.341000,1.07132,1.07129,1500000,3750000
2020-07-09 14:02:35.651000,1.07133,1.0713,2440000,1870000
2020-07-09 14:02:36.562000,1.07134,1.07131,2690000,1000000
2020-07-09 14:02:36.664000,1.07134,1.07133,1250000,1500000
2020-07-09 14:02:36.715000,1.07136,1.07134,2500000,1000000
2020-07-09 14:02:36.816000,1.07136,1.07134,1690000,1000000
2020-07-09 14:02:43.646000,1.07138,1.07134,2890000,2190000
2020-07-09 14:02:43.849000,1.07136,1.07134,1000000,3750000
2020-07-09 14:02:43.950000,1.07135,1.07133,1200000,3750000
2020-07-09 14:02:45.485000,1.07136,1.07133,1200000,1500000
2020-07-09 14:02:45.586000,1.07135,1.07133,1200000,1000000
2020-07-09 14:02:47.909000,1.07134,1.07132,4200000,1000000
2020-07-09 14:02:48.543000,1.07134,1.07131,3750000,2510000
2020-07-09 14:02:49.740000,1.07135,1.07132,1690000,6070000
2020-07-09 14:02:49.842000,1.07135,1.07133,1500000,1200000
2020-07-09 14:02:50.196000,1.07135,1.07132,1500000,1390000
2020-07-09 14:02:52.338000,1.07135,1.07134,1000000,1250000
2020-07-09 14:02:52.389000,1.07138,1.07135,2620000,1000000
2020-07-09 14:02:53.363000,1.07138,1.07134,2700000,2510000
2020-07-09 14:02:53.414000,1.07136,1.07133,1000000,5420000
2020-07-09 14:02:53.666000,1.07136,1.07133,3940000,3000000
2020-07-09 14:02:56.129000,1.07135,1.07132,3000000,3190000
2020-07-09 14:03:01.160000,1.07135,1.07131,1690000,6640000
2020-07-09 14:03:02.592000,1.07135,1.07133,1250000,1500000
2020-07-09 14:03:03.639000,1.07135,1.07131,2440000,3450000
2020-07-09 14:03:05.121000,1.07134,1.07131,1000000,2250000
2020-07-09 14:03:06.931000,1.07134,1.0713,2620000,2890000
2020-07-09 14:03:06.982000,1.07131,1.07129,1000000,3750000
2020-07-09 14:03:07.107000,1.07131,1.07128,1000000,4390000
2020-07-09 14:03:07.615000,1.07131,1.07129,1690000,3750000
2020-07-09 14:03:07.717000,1.07131,1.07128,1690000,5700000
2020-07-09 14:03:10.282000,1.0713,1.07128,2440000,3000000
2020-07-09 14:03:10.385000,1.0713,1.07127,2440000,2320000
2020-07-09 14:03:10.796000,1.0713,1.07128,1690000,1000000
2020-07-09 14:03:13.319000,1.0713,1.07127,1690000,4950000
2020-07-09 14:03:13.420000,1.07129,1.07127,1250000,4950000
2020-07-09 14:03:15.004000,1.07128,1.07126,2440000,3450000
2020-07-09 14:03:15.435000,1.07127,1.07126,1000000,3000000
2020-07-09 14:03:15.637000,1.07127,1.07125,1000000,2250000
2020-07-09 14:03:15.860000,1.07125,1.07124,1000000,3000000
2020-07-09 14:03:15.910000,1.07123,1.07121,1000000,7150000
2020-07-09 14:03:16.012000,1.07124,1.07122,1690000,3450000
2020-07-09 14:03:16.113000,1.07124,1.07121,1690000,5700000
2020-07-09 14:03:16.215000,1.07124,1.07121,1690000,5850000
2020-07-09 14:03:16.317000,1.07124,1.07121,1690000,5700000
2020-07-09 14:03:17.510000,1.07124,1.07122,1690000,1000000
2020-07-09 14:03:18.094000,1.07124,1.07121,1690000,6450000
2020-07-09 14:03:18.195000,1.07124,1.07122,1690000,1000000
2020-07-09 14:03:18.801000,1.07123,1.07121,1000000,3750000
2020-07-09 14:03:24.660000,1.07122,1.0712,1250000,2250000
2020-07-09 14:03:33.431000,1.07122,1.07119,5120000,1200000
2020-07-09 14:03:33.533000,1.0712,1.07119,1250000,1650000
2020-07-09 14:03:33.938000,1.07118,1.07116,1000000,1200000
2020-07-09 14:03:34.326000,1.07119,1.07116,1500000,1250000
2020-07-09 14:03:36.478000,1.07118,1.07115,1000000,5440000
2020-07-09 14:03:36.580000,1.07117,1.07115,1000000,3000000
2020-07-09 14:03:36.682000,1.07117,1.07114,1000000,2440000
2020-07-09 14:03:36.784000,1.07117,1.07115,1000000,3000000
2020-07-09 14:03:36.835000,1.07116,1.07113,1000000,4690000
2020-07-09 14:03:39.751000,1.07117,1.07115,1000000,1200000
2020-07-09 14:03:39.852000,1.07118,1.07116,1000000,1000000
2020-07-09 14:03:40.917000,1.07119,1.07116,2250000,1500000
2020-07-09 14:03:41.644000,1.07119,1.07117,1500000,1000000
2020-07-09 14:03:41.746000,1.0712,1.07117,1690000,1000000
2020-07-09 14:03:41.848000,1.07122,1.07121,1000000,1000000
2020-07-09 14:03:41.949000,1.07123,1.07121,4760000,1000000
2020-07-09 14:03:42.686000,1.07124,1.07121,2440000,5250000
2020-07-09 14:03:43.771000,1.07124,1.07122,1000000,1500000
2020-07-09 14:03:43.822000,1.07126,1.07122,2140000,2440000
2020-07-09 14:03:44.125000,1.07126,1.07123,1250000,1000000
2020-07-09 14:03:46.964000,1.07126,1.07122,4760000,5510000
2020-07-09 14:03:47.067000,1.07126,1.07122,3320000,1950000
2020-07-09 14:03:47.370000,1.07126,1.07122,5510000,5140000
2020-07-09 14:03:48.379000,1.07125,1.07122,1000000,1690000
2020-07-09 14:03:48.429000,1.07123,1.07122,3750000,1000000
2020-07-09 14:03:48.480000,1.07123,1.0712,3750000,1690000
2020-07-09 14:03:49.794000,1.07123,1.0712,5500000,1000000
2020-07-09 14:03:50.305000,1.07121,1.07118,2060000,3000000
2020-07-09 14:03:50.407000,1.07121,1.07117,1690000,2440000
2020-07-09 14:03:50.458000,1.0712,1.07116,2100000,6000000
2020-07-09 14:03:50.761000,1.07118,1.07116,1200000,3000000
2020-07-09 14:03:50.862000,1.07118,1.07114,1200000,2500000
2020-07-09 14:03:50.963000,1.07118,1.07114,4390000,1690000
2020-07-09 14:03:51.065000,1.07118,1.07114,5200000,1500000
2020-07-09 14:03:51.326000,1.07118,1.07114,4390000,1690000
2020-07-09 14:03:51.792000,1.07117,1.07114,1000000,3700000
2020-07-09 14:03:51.894000,1.07118,1.07115,1000000,1690000
2020-07-09 14:03:51.995000,1.0712,1.07117,2250000,1690000
2020-07-09 14:03:52.338000,1.0712,1.07117,5250000,2500000
2020-07-09 14:03:52.439000,1.07121,1.07118,1000000,1250000
2020-07-09 14:03:52.591000,1.07122,1.07118,1950000,2500000
2020-07-09 14:03:52.693000,1.07121,1.07119,3000000,1000000
2020-07-09 14:03:52.744000,1.07121,1.07117,4500000,7390000
2020-07-09 14:03:52.846000,1.07121,1.07118,3750000,1000000
2020-07-09 14:03:53.264000,1.07122,1.07118,4200000,2440000
2020-07-09 14:03:53.365000,1.07121,1.07118,3000000,3190000
2020-07-09 14:03:53.819000,1.07121,1.07117,5890000,6000000
2020-07-09 14:03:54.021000,1.0712,1.07117,1000000,6000000
2020-07-09 14:03:54.969000,1.0712,1.07118,1000000,1000000
2020-07-09 14:03:55.070000,1.07121,1.07118,1500000,3000000
2020-07-09 14:03:55.172000,1.07121,1.07119,1000000,3750000
2020-07-09 14:03:56.152000,1.0712,1.07118,1000000,5440000
2020-07-09 14:03:56.203000,1.07119,1.07116,1500000,6260000
2020-07-09 14:03:58.179000,1.07119,1.07117,1000000,1250000
2020-07-09 14:04:00.490000,1.07119,1.07116,1690000,5620000
2020-07-09 14:04:02.660000,1.07121,1.07119,1690000,1870000
2020-07-09 14:04:02.711000,1.07122,1.0712,1000000,2440000
2020-07-09 14:04:02.762000,1.07124,1.07121,1690000,3750000
2020-07-09 14:04:02.914000,1.07123,1.0712,1200000,3750000
2020-07-09 14:04:03.711000,1.07122,1.0712,1000000,1000000
2020-07-09 14:04:03.813000,1.07122,1.07119,4500000,3070000
2020-07-09 14:04:05.065000,1.07121,1.07119,1250000,1000000
2020-07-09 14:04:05.167000,1.07121,1.07118,1250000,1570000
2020-07-09 14:04:08.238000,1.07121,1.07119,1000000,1000000
2020-07-09 14:04:08.340000,1.07122,1.07119,4690000,2250000
2020-07-09 14:04:09.763000,1.07122,1.0712,1250000,1000000
2020-07-09 14:04:10.777000,1.07123,1.0712,1500000,2440000
2020-07-09 14:04:11.131000,1.07122,1.0712,1000000,1690000
2020-07-09 14:04:11.957000,1.07123,1.0712,2250000,1690000
2020-07-09 14:04:12.818000,1.07123,1.07121,1000000,2440000
2020-07-09 14:04:12.970000,1.07123,1.07122,1000000,1250000
2020-07-09 14:04:13.701000,1.07126,1.07125,1000000,1000000
2020-07-09 14:04:13.752000,1.07129,1.07126,4610000,3750000
2020-07-09 14:04:13.853000,1.07129,1.07126,4390000,3750000
2020-07-09 14:04:15.630000,1.07128,1.07126,3000000,1000000
2020-07-09 14:04:16.554000,1.07127,1.07124,1500000,4690000
2020-07-09 14:04:17.369000,1.07128,1.07125,5250000,1000000
2020-07-09 14:04:18.388000,1.07129,1.07125,1500000,1690000
2020-07-09 14:04:22.247000,1.07129,1.07126,1000000,1250000
2020-07-09 14:04:23.917000,1.07128,1.07126,1000000,1250000
2020-07-09 14:04:24.741000,1.07128,1.07125,1500000,4690000
2020-07-09 14:04:25.358000,1.07126,1.07123,2250000,1690000
2020-07-09 14:04:25.864000,1.07127,1.07123,2440000,4690000
2020-07-09 14:04:26.125000,1.07126,1.07123,3000000,1690000
2020-07-09 14:04:26.176000,1.07128,1.07124,5810000,4690000
2020-07-09 14:04:26.227000,1.07128,1.07126,3370000,1690000
2020-07-09 14:04:26.784000,1.07129,1.07126,6560000,1000000
2020-07-09 14:04:27.237000,1.07128,1.07126,1000000,1000000
2020-07-09 14:04:29.727000,1.07128,1.07124,3190000,4010000
2020-07-09 14:04:29.778000,1.07127,1.07124,4070000,3000000
2020-07-09 14:04:29.879000,1.07126,1.07123,4690000,1000000
2020-07-09 14:04:32.417000,1.07125,1.07122,1500000,3940000
2020-07-09 14:04:32.518000,1.07124,1.07121,1500000,3940000
2020-07-09 14:04:32.619000,1.07123,1.0712,4570000,2440000
2020-07-09 14:04:33.745000,1.07122,1.07119,1500000,3940000
2020-07-09 14:04:33.847000,1.07121,1.07119,3750000,1000000
2020-07-09 14:04:34.049000,1.07121,1.07118,4500000,1250000
2020-07-09 14:04:35.388000,1.07121,1.07118,5290000,1000000
2020-07-09 14:04:35.991000,1.07121,1.07118,5890000,1000000
2020-07-09 14:04:36.243000,1.0712,1.07117,1950000,3940000
2020-07-09 14:04:38.521000,1.0712,1.07117,2950000,1000000
2020-07-09 14:04:38.622000,1.0712,1.07117,2140000,1000000
2020-07-09 14:04:39.050000,1.07118,1.07116,1950000,1000000
2020-07-09 14:04:39.152000,1.07118,1.07115,2700000,1690000
2020-07-09 14:04:39.254000,1.07118,1.07115,4910000,1000000
2020-07-09 14:04:40.256000,1.07116,1.07114,1000000,3940000
2020-07-09 14:04:48.970000,1.07118,1.07117,1690000,1000000
2020-07-09 14:04:49.072000,1.0712,1.07117,1690000,6000000
2020-07-09 14:04:49.426000,1.07121,1.07117,1690000,6560000
2020-07-09 14:04:49.881000,1.0712,1.07117,1690000,1000000
2020-07-09 14:04:50.287000,1.07119,1.07117,1250000,1500000
2020-07-09 14:04:55.768000,1.07119,1.07116,3640000,3750000
2020-07-09 14:04:55.978000,1.07118,1.07116,1250000,1000000
2020-07-09 14:04:56.946000,1.07118,1.07116,1250000,1000000
2020-07-09 14:04:57.048000,1.0712,1.07117,1690000,1500000
2020-07-09 14:04:58.288000,1.0712,1.07118,1250000,1000000
2020-07-09 14:04:58.698000,1.07121,1.07118,3940000,1000000
2020-07-09 14:04:59.769000,1.07122,1.07119,1250000,2850000
2020-07-09 14:04:59.820000,1.07124,1.07121,2500000,3450000
2020-07-09 14:05:00.617000,1.07124,1.07122,3250000,1000000
2020-07-09 14:05:00.956000,1.07124,1.07122,1500000,1000000
2020-07-09 14:05:01.159000,1.07126,1.07123,1750000,1500000
2020-07-09 14:05:01.260000,1.07126,1.07123,1690000,1500000
2020-07-09 14:05:01.361000,1.07125,1.07123,1250000,1500000
2020-07-09 14:05:01.636000,1.07126,1.07123,1690000,1500000
2020-07-09 14:05:05.213000,1.07124,1.07122,1250000,1000000
2020-07-09 14:05:05.314000,1.07124,1.07121,2500000,3750000
2020-07-09 14:05:08.225000,1.07125,1.07123,1750000,1000000
2020-07-09 14:05:08.276000,1.07127,1.07124,4950000,1250000
2020-07-09 14:05:08.378000,1.07128,1.07125,1950000,1250000
2020-07-09 14:05:13.518000,1.07129,1.07125,4010000,5250000
2020-07-09 14:05:13.619000,1.07128,1.07125,3000000,2250000
2020-07-09 14:05:17.093000,1.07126,1.07125,1000000,1000000
2020-07-09 14:05:17.144000,1.07126,1.07123,1100000,1000000
2020-07-09 14:05:17.751000,1.07126,1.07124,1000000,1500000
2020-07-09 14:05:17.802000,1.07128,1.07125,1120000,1500000
2020-07-09 14:05:18.116000,1.07128,1.07126,1500000,3000000
2020-07-09 14:05:18.219000,1.07128,1.07125,3750000,1690000
2020-07-09 14:05:18.320000,1.07131,1.07129,1620000,1000000
2020-07-09 14:05:18.422000,1.07131,1.07128,1000000,5440000
2020-07-09 14:05:18.523000,1.07132,1.07129,3750000,1500000
2020-07-09 14:05:19.955000,1.07133,1.07129,4570000,4500000
2020-07-09 14:05:20.157000,1.07135,1.07131,5560000,2510000
2020-07-09 14:05:20.259000,1.07135,1.07133,1000000,1000000
2020-07-09 14:05:21.140000,1.07136,1.07133,1310000,4500000
2020-07-09 14:05:22.325000,1.07137,1.07135,1500000,1500000
2020-07-09 14:05:22.376000,1.07139,1.07136,4390000,2250000
2020-07-09 14:05:22.427000,1.0714,1.07138,1250000,1000000
2020-07-09 14:05:22.631000,1.07141,1.07138,2810000,1000000
2020-07-09 14:05:24.316000,1.07141,1.07139,1200000,1000000
2020-07-09 14:05:24.786000,1.07141,1.07138,1200000,3190000
2020-07-09 14:05:25.557000,1.07141,1.07137,1390000,5440000
2020-07-09 14:05:26.197000,1.07141,1.07138,1390000,3000000
2020-07-09 14:05:26.788000,1.07142,1.07139,7750000,1000000
2020-07-09 14:05:26.889000,1.07144,1.07142,5260000,1000000
2020-07-09 14:05:26.991000,1.07144,1.07141,2250000,4500000
2020-07-09 14:05:28.278000,1.07143,1.0714,2890000,4500000
2020-07-09 14:05:28.380000,1.07142,1.07139,1000000,1000000
2020-07-09 14:05:28.834000,1.07141,1.07139,1000000,3000000
2020-07-09 14:05:31.067000,1.07141,1.07138,1200000,2250000
2020-07-09 14:05:32.076000,1.07141,1.07139,1000000,1000000
2020-07-09 14:05:32.177000,1.07142,1.0714,3000000,1500000
2020-07-09 14:05:32.549000,1.07143,1.0714,1000000,2440000
2020-07-09 14:05:35.795000,1.07141,1.07139,1000000,1500000
2020-07-09 14:05:36.923000,1.07141,1.07138,2250000,1500000
2020-07-09 14:05:38.919000,1.0714,1.07137,3640000,5250000
2020-07-09 14:05:39.021000,1.07137,1.07134,3940000,3750000
2020-07-09 14:05:39.223000,1.07136,1.07133,1500000,3940000
2020-07-09 14:05:39.526000,1.07134,1.07131,2250000,2500000
2020-07-09 14:05:39.696000,1.07134,1.07131,1000000,2700000
2020-07-09 14:05:40.074000,1.07134,1.07131,1000000,3700000
2020-07-09 14:05:40.377000,1.07134,1.07131,1000000,2440000
2020-07-09 14:05:41.439000,1.07133,1.07131,1000000,2440000
2020-07-09 14:05:41.591000,1.07131,1.07128,3000000,4620000
2020-07-09 14:05:42.198000,1.07132,1.0713,1250000,1000000
2020-07-09 14:05:42.300000,1.07134,1.07131,1570000,1500000
2020-07-09 14:05:46.318000,1.07134,1.07132,1500000,1000000
2020-07-09 14:05:46.638000,1.07135,1.07132,1500000,2250000
2020-07-09 14:05:47.464000,1.07135,1.07132,1500000,3790000
2020-07-09 14:05:47.515000,1.07136,1.07135,1500000,1690000
2020-07-09 14:05:47.565000,1.0714,1.07138,1500000,4500000
2020-07-09 14:05:47.717000,1.07141,1.07138,1250000,1500000
2020-07-09 14:05:51.507000,1.07139,1.07136,2850000,3750000
2020-07-09 14:05:51.609000,1.07139,1.07136,4500000,1000000
2020-07-09 14:05:52.654000,1.07139,1.07135,6190000,5250000
2020-07-09 14:05:55.244000,1.07136,1.07133,1500000,5810000
2020-07-09 14:05:55.346000,1.07136,1.07133,1500000,2910000
2020-07-09 14:05:55.669000,1.07136,1.07133,1500000,2510000
2020-07-09 14:05:56.171000,1.07136,1.07134,1500000,1250000
2020-07-09 14:05:56.710000,1.07136,1.07133,1500000,1500000
2020-07-09 14:05:58.835000,1.07136,1.07134,1000000,1000000
2020-07-09 14:06:01.090000,1.07135,1.07133,1000000,4500000
2020-07-09 14:06:01.978000,1.07137,1.07134,1500000,1950000
2020-07-09 14:06:02.131000,1.07139,1.07136,2440000,1000000
2020-07-09 14:06:04.102000,1.0714,1.07136,1500000,2890000
2020-07-09 14:06:04.204000,1.0714,1.07137,4500000,2140000
2020-07-09 14:06:07.120000,1.07139,1.07137,1000000,1000000
2020-07-09 14:06:14.061000,1.0714,1.07137,3750000,2250000
2020-07-09 14:06:16.041000,1.07142,1.0714,1120000,1000000
2020-07-09 14:06:16.142000,1.07143,1.0714,2140000,1000000
2020-07-09 14:06:16.294000,1.07143,1.0714,1500000,4750000
2020-07-09 14:06:16.396000,1.07143,1.0714,1500000,3940000
2020-07-09 14:06:16.547000,1.07143,1.07141,1500000,1250000
2020-07-09 14:06:16.648000,1.07143,1.0714,2250000,4690000
2020-07-09 14:06:17.113000,1.07143,1.07139,2700000,3260000
2020-07-09 14:06:17.215000,1.07143,1.0714,2700000,3000000
2020-07-09 14:06:21.029000,1.07139,1.07137,1000000,1970000
2020-07-09 14:06:21.130000,1.07139,1.07137,1000000,1000000
2020-07-09 14:06:21.232000,1.0714,1.07137,2440000,1000000
2020-07-09 14:06:21.484000,1.07139,1.07136,3750000,2250000
2020-07-09 14:06:22.311000,1.07139,1.07136,1500000,7160000
2020-07-09 14:06:22.413000,1.07139,1.07136,1500000,3640000
2020-07-09 14:06:29.600000,1.07139,1.07137,1000000,1600000
2020-07-09 14:06:29.701000,1.07144,1.07141,4310000,1000000
2020-07-09 14:06:29.803000,1.07145,1.07142,1000000,1250000
2020-07-09 14:06:33.301000,1.07145,1.07142,1500000,3020000
2020-07-09 14:06:34.031000,1.07147,1.07144,1000000,4540000
2020-07-09 14:06:34.132000,1.07148,1.07145,1690000,1200000
2020-07-09 14:06:38.378000,1.07148,1.07144,2440000,4390000
2020-07-09 14:06:38.480000,1.07146,1.07143,3750000,2140000
2020-07-09 14:06:38.581000,1.07146,1.07143,1000000,2160000
2020-07-09 14:06:38.840000,1.07146,1.07143,1000000,2140000
2020-07-09 14:06:41.379000,1.07146,1.07143,1000000,1410000
2020-07-09 14:06:41.697000,1.07146,1.07143,1000000,1390000
2020-07-09 14:06:42.885000,1.07146,1.07145,1000000,1000000
2020-07-09 14:06:50.595000,1.07146,1.07144,3940000,1000000
2020-07-09 14:06:55.195000,1.07147,1.07145,1000000,1000000
2020-07-09 14:06:56.072000,1.07149,1.07147,1000000,1000000
2020-07-09 14:06:56.633000,1.07149,1.07146,1570000,1500000
2020-07-09 14:06:57.409000,1.07147,1.07146,1000000,3000000
2020-07-09 14:06:57.510000,1.07147,1.07145,1000000,1000000
2020-07-09 14:06:59.636000,1.07148,1.07145,1500000,1500000
2020-07-09 14:07:05.784000,1.07148,1.07146,1000000,1000000
2020-07-09 14:07:06.319000,1.07149,1.07146,1500000,1950000
2020-07-09 14:07:06.472000,1.07149,1.07147,1000000,1950000
2020-07-09 14:07:06.522000,1.07151,1.07147,3190000,2140000
2020-07-09 14:07:07.433000,1.07152,1.0715,1750000,1500000
2020-07-09 14:07:07.484000,1.07153,1.0715,1000000,6640000
2020-07-09 14:07:07.585000,1.07153,1.07151,1000000,3000000
2020-07-09 14:07:07.738000,1.07153,1.0715,1000000,6940000
2020-07-09 14:07:07.840000,1.07152,1.0715,3000000,1000000
2020-07-09 14:07:08.168000,1.07153,1.0715,1500000,4500000
2020-07-09 14:07:08.270000,1.07152,1.0715,3000000,1000000
2020-07-09 14:07:09.299000,1.07153,1.0715,1000000,2250000
2020-07-09 14:07:09.404000,1.07152,1.0715,3000000,1000000
2020-07-09 14:07:09.657000,1.07154,1.0715,1570000,3190000
2020-07-09 14:07:09.708000,1.07155,1.07153,4500000,1000000
2020-07-09 14:07:09.809000,1.07157,1.07153,5890000,1690000
2020-07-09 14:07:09.911000,1.07156,1.07153,3000000,1690000
2020-07-09 14:07:12.146000,1.07156,1.07153,4000000,1500000
2020-07-09 14:07:12.348000,1.07156,1.07153,3190000,1500000
2020-07-09 14:07:12.653000,1.07156,1.07153,4000000,1000000
2020-07-09 14:07:13.660000,1.07156,1.07153,3000000,1000000
2020-07-09 14:07:14.211000,1.07157,1.07153,3000000,4950000
2020-07-09 14:07:14.644000,1.07157,1.07155,1000000,1500000
2020-07-09 14:07:14.746000,1.07157,1.07154,3750000,3940000
2020-07-09 14:07:21.928000,1.07157,1.07153,1500000,7310000
2020-07-09 14:07:22.029000,1.07157,1.07154,1500000,1000000
2020-07-09 14:07:23.457000,1.07157,1.07153,2250000,7390000
2020-07-09 14:07:23.610000,1.07157,1.07154,1500000,1000000
2020-07-09 14:07:25.240000,1.07156,1.07154,3000000,1250000
2020-07-09 14:07:25.750000,1.07157,1.07154,1000000,1690000
2020-07-09 14:07:26.098000,1.07156,1.07154,3000000,1250000
2020-07-09 14:07:26.382000,1.07157,1.07154,1000000,1690000
2020-07-09 14:07:26.536000,1.07156,1.07154,1000000,1690000
2020-07-09 14:07:26.688000,1.07156,1.07153,2250000,4690000
2020-07-09 14:07:26.789000,1.07155,1.07152,1000000,5950000
2020-07-09 14:07:26.890000,1.07155,1.07152,1000000,4950000
2020-07-09 14:07:27.042000,1.07155,1.07152,1000000,5950000
2020-07-09 14:07:28.430000,1.07155,1.07152,1000000,5060000
2020-07-09 14:07:31.725000,1.07152,1.0715,1500000,6310000
2020-07-09 14:07:31.826000,1.0715,1.07148,1000000,1000000
2020-07-09 14:07:31.927000,1.0715,1.07147,1500000,4950000
2020-07-09 14:07:32.358000,1.07147,1.07145,1000000,1500000
2020-07-09 14:07:32.459000,1.07145,1.07143,1000000,2140000
2020-07-09 14:07:34.135000,1.07145,1.07142,5250000,1000000
2020-07-09 14:07:34.648000,1.07145,1.07141,7500000,4200000
2020-07-09 14:07:35.278000,1.07142,1.0714,1000000,3390000
2020-07-09 14:07:35.380000,1.07142,1.0714,1000000,5510000
2020-07-09 14:07:39.069000,1.07141,1.07138,1690000,2640000
2020-07-09 14:07:39.170000,1.07139,1.07138,3000000,1250000
2020-07-09 14:07:39.272000,1.07138,1.07135,1000000,1950000
2020-07-09 14:07:40.032000,1.07137,1.07134,1000000,5960000
2020-07-09 14:07:40.387000,1.07137,1.07133,1500000,2360000
2020-07-09 14:07:40.488000,1.07137,1.07133,1500000,2410000
2020-07-09 14:07:41.699000,1.07136,1.07133,1000000,5710000
2020-07-09 14:07:41.990000,1.07135,1.07133,1000000,1890000
2020-07-09 14:07:42.141000,1.07135,1.07132,2250000,5510000
2020-07-09 14:07:42.243000,1.07134,1.07131,1000000,1200000
2020-07-09 14:07:43.311000,1.07135,1.07131,1000000,2960000
2020-07-09 14:07:43.513000,1.07134,1.07131,1000000,3190000
2020-07-09 14:07:46.360000,1.07134,1.07132,3750000,1250000
2020-07-09 14:07:50.008000,1.07134,1.07131,4500000,3260000
2020-07-09 14:07:50.160000,1.07135,1.07134,1000000,1000000
2020-07-09 14:07:50.210000,1.07137,1.07134,4500000,1000000
2020-07-09 14:07:50.514000,1.07136,1.07132,1950000,2910000
2020-07-09 14:07:50.615000,1.07136,1.07132,1950000,1690000
2020-07-09 14:07:51.271000,1.07136,1.07133,1500000,1200000
2020-07-09 14:07:51.372000,1.07137,1.07134,1500000,5700000
2020-07-09 14:07:52.260000,1.07137,1.07134,1000000,5850000
2020-07-09 14:07:52.361000,1.07137,1.07134,1000000,2770000
2020-07-09 14:07:52.665000,1.07138,1.07135,2250000,1000000
2020-07-09 14:07:53.510000,1.07137,1.07134,1000000,4950000
2020-07-09 14:07:53.763000,1.07138,1.07134,4500000,4200000
2020-07-09 14:07:54.973000,1.07137,1.07134,1000000,4950000
2020-07-09 14:07:55.860000,1.07138,1.07135,5250000,1500000
2020-07-09 14:07:57.670000,1.07138,1.07134,1500000,2960000
2020-07-09 14:07:57.771000,1.07137,1.07134,1000000,1500000
2020-07-09 14:07:58.299000,1.07136,1.07133,1500000,2810000
2020-07-09 14:08:00.592000,1.07136,1.07132,4690000,4950000
2020-07-09 14:08:00.694000,1.07135,1.07131,5500000,1950000
2020-07-09 14:08:00.795000,1.07133,1.07131,1250000,1000000
2020-07-09 14:08:00.897000,1.07133,1.07129,3940000,7010000
2020-07-09 14:08:02.913000,1.07133,1.0713,5140000,1000000
2020-07-09 14:08:02.964000,1.07129,1.07127,1000000,1720000
2020-07-09 14:08:03.015000,1.07128,1.07125,10650000,1390000
2020-07-09 14:08:03.419000,1.07127,1.07124,1000000,5200000
2020-07-09 14:08:03.520000,1.07126,1.07123,1000000,2570000
2020-07-09 14:08:05.671000,1.07126,1.07123,1750000,3750000
2020-07-09 14:08:06.157000,1.07124,1.07121,1250000,5400000
2020-07-09 14:08:06.309000,1.07125,1.07123,2500000,1000000
2020-07-09 14:08:06.411000,1.07125,1.07123,1250000,1000000
2020-07-09 14:08:06.731000,1.07125,1.07122,1750000,1000000
2020-07-09 14:08:08.106000,1.07126,1.07122,6250000,3820000
2020-07-09 14:08:08.207000,1.07126,1.07123,2500000,1000000
2020-07-09 14:08:09.722000,1.07127,1.07123,6250000,2320000
2020-07-09 14:08:10.549000,1.07126,1.07123,1750000,2320000
2020-07-09 14:08:10.751000,1.07126,1.07123,1000000,2320000
2020-07-09 14:08:10.852000,1.07126,1.07123,1750000,2320000
2020-07-09 14:08:10.953000,1.07125,1.07123,1750000,1000000
2020-07-09 14:08:11.366000,1.07124,1.07122,1250000,1000000
2020-07-09 14:08:14.405000,1.07123,1.07122,1250000,1000000
2020-07-09 14:08:14.507000,1.07123,1.07121,4690000,1000000
2020-07-09 14:08:15.067000,1.07126,1.07123,3940000,1000000
2020-07-09 14:08:15.673000,1.07123,1.07121,1000000,4120000
2020-07-09 14:08:15.826000,1.07124,1.07122,1000000,1570000
2020-07-09 14:08:15.927000,1.07125,1.07123,1000000,1000000
2020-07-09 14:08:19.003000,1.07124,1.07123,1000000,1000000
2020-07-09 14:08:20.445000,1.07126,1.07123,5440000,1000000
2020-07-09 14:08:23.277000,1.07127,1.07123,4500000,5890000
2020-07-09 14:08:24.227000,1.07126,1.07123,3000000,2890000
2020-07-09 14:08:25.795000,1.07126,1.07124,1000000,1000000
2020-07-09 14:08:27.819000,1.07127,1.07124,4500000,1000000
2020-07-09 14:08:29.208000,1.07126,1.07124,4350000,1000000
2020-07-09 14:08:29.309000,1.07125,1.07123,1200000,1000000
2020-07-09 14:08:29.663000,1.07125,1.07122,1950000,4500000
2020-07-09 14:08:30.669000,1.07124,1.07122,1200000,1000000
2020-07-09 14:08:33.513000,1.07124,1.07123,3000000,1500000
2020-07-09 14:08:33.564000,1.07126,1.07125,1000000,1000000
2020-07-09 14:08:33.665000,1.07127,1.07125,5440000,1000000
2020-07-09 14:08:33.817000,1.07125,1.07124,1000000,1000000
2020-07-09 14:08:33.919000,1.07124,1.07122,1000000,4500000
2020-07-09 14:08:34.493000,1.07123,1.07122,1000000,1000000
2020-07-09 14:08:35.180000,1.07123,1.0712,3750000,3940000
2020-07-09 14:08:35.854000,1.07122,1.0712,3000000,1500000
2020-07-09 14:08:36.006000,1.07122,1.07119,3940000,1720000
2020-07-09 14:08:41.710000,1.07121,1.07119,3000000,1500000
2020-07-09 14:08:41.811000,1.07122,1.07119,1000000,1840000
2020-07-09 14:08:44.523000,1.07121,1.07118,1000000,3520000
2020-07-09 14:08:46.795000,1.07121,1.07118,4500000,2440000
2020-07-09 14:08:51.326000,1.07121,1.07119,3750000,1000000
2020-07-09 14:08:54.051000,1.07123,1.07119,1000000,9850000
2020-07-09 14:08:54.323000,1.07123,1.07119,3750000,8220000
2020-07-09 14:08:55.531000,1.07125,1.07122,1950000,1500000
2020-07-09 14:08:55.733000,1.07125,1.07123,1000000,1000000
2020-07-09 14:09:05.654000,1.07125,1.07122,1500000,5250000
2020-07-09 14:09:06.058000,1.07126,1.07124,3070000,1000000
2020-07-09 14:09:06.159000,1.07127,1.07124,1000000,1500000
2020-07-09 14:09:07.310000,1.07126,1.07124,1000000,1000000
2020-07-09 14:09:08.550000,1.07126,1.07123,3820000,1250000
2020-07-09 14:09:08.651000,1.07128,1.07126,1000000,1000000
2020-07-09 14:09:10.373000,1.07128,1.07124,1200000,4690000
2020-07-09 14:09:10.474000,1.07126,1.07124,1000000,1000000
2020-07-09 14:09:10.576000,1.07126,1.07123,1000000,5510000
2020-07-09 14:09:14.317000,1.07126,1.07123,1000000,1750000
2020-07-09 14:09:15.687000,1.07126,1.07123,2140000,1500000
2020-07-09 14:09:16.627000,1.07125,1.07122,1500000,1250000
2020-07-09 14:09:16.780000,1.07124,1.07121,1000000,5250000
2020-07-09 14:09:16.882000,1.07123,1.07121,1000000,3750000
2020-07-09 14:09:17.541000,1.07122,1.0712,1000000,1690000
2020-07-09 14:09:29.297000,1.07122,1.07121,1000000,1250000
2020-07-09 14:09:30.820000,1.07122,1.0712,1000000,1690000
2020-07-09 14:09:32.829000,1.07122,1.07121,1000000,1250000
2020-07-09 14:09:33.031000,1.07122,1.0712,1000000,1250000
2020-07-09 14:09:33.882000,1.07122,1.07121,1000000,1250000
2020-07-09 14:09:34.930000,1.07126,1.07124,3120000,2440000
2020-07-09 14:09:34.981000,1.07127,1.07125,1200000,1250000
2020-07-09 14:09:35.234000,1.07127,1.07125,1200000,1250000
2020-07-09 14:09:35.638000,1.07127,1.07125,1000000,1250000
2020-07-09 14:09:35.739000,1.07127,1.07124,1200000,2440000
2020-07-09 14:09:35.992000,1.07127,1.07125,1200000,1250000
2020-07-09 14:09:36.144000,1.07127,1.07124,1950000,2440000
2020-07-09 14:09:36.397000,1.07127,1.07125,2250000,1250000
2020-07-09 14:09:40.167000,1.07127,1.07126,1000000,1250000
2020-07-09 14:09:40.319000,1.07129,1.07127,1000000,1950000
2020-07-09 14:09:40.420000,1.07131,1.07128,1650000,1750000
2020-07-09 14:09:40.521000,1.07131,1.07129,1000000,1250000
2020-07-09 14:09:40.572000,1.07133,1.0713,3900000,1250000
2020-07-09 14:09:40.674000,1.07132,1.0713,1000000,1250000
2020-07-09 14:09:41.354000,1.07131,1.07129,1500000,1250000
2020-07-09 14:09:41.455000,1.07131,1.07128,2250000,5500000
2020-07-09 14:09:43.077000,1.0713,1.07128,1000000,4750000
2020-07-09 14:09:44.278000,1.07131,1.07128,3000000,4750000
2020-07-09 14:09:48.770000,1.07132,1.0713,1950000,1000000
2020-07-09 14:09:48.923000,1.07133,1.07131,3750000,1250000
2020-07-09 14:09:54.587000,1.07132,1.07131,1000000,1250000
2020-07-09 14:09:59.676000,1.07132,1.0713,1100000,1000000
2020-07-09 14:10:00.120000,1.07132,1.07131,1100000,1250000
2020-07-09 14:10:00.222000,1.07132,1.0713,1570000,1250000
2020-07-09 14:10:00.439000,1.07132,1.0713,4570000,1250000
2020-07-09 14:10:01.172000,1.07132,1.0713,4570000,1250000
2020-07-09 14:10:01.724000,1.07132,1.07129,4570000,2140000
2020-07-09 14:10:03.212000,1.07132,1.0713,1000000,1000000
2020-07-09 14:10:03.314000,1.07132,1.0713,1000000,1850000
2020-07-09 14:10:03.466000,1.07133,1.0713,1000000,5290000
2020-07-09 14:10:03.769000,1.07133,1.0713,1000000,5140000
2020-07-09 14:10:05.135000,1.07133,1.0713,1500000,5290000
2020-07-09 14:10:05.237000,1.07133,1.0713,5250000,1690000
2020-07-09 14:10:05.842000,1.0713,1.07129,1000000,3940000
2020-07-09 14:10:05.943000,1.0713,1.07128,1000000,5890000
2020-07-09 14:10:06.506000,1.0713,1.07127,1500000,1200000
2020-07-09 14:10:06.608000,1.07128,1.07126,1000000,2890000
2020-07-09 14:10:07.090000,1.07127,1.07126,2250000,1250000
2020-07-09 14:10:07.142000,1.07125,1.07123,1000000,3750000
2020-07-09 14:10:07.244000,1.07124,1.07121,1000000,6040000
2020-07-09 14:10:07.396000,1.07124,1.07121,1000000,2890000
2020-07-09 14:10:07.497000,1.07123,1.07121,1000000,4950000
2020-07-09 14:10:07.598000,1.07123,1.0712,1500000,6640000
2020-07-09 14:10:07.751000,1.07122,1.0712,1000000,2890000
2020-07-09 14:10:07.853000,1.07122,1.0712,1000000,3040000
2020-07-09 14:10:07.954000,1.07122,1.0712,1000000,2890000
2020-07-09 14:10:08.056000,1.07122,1.0712,1000000,3040000
2020-07-09 14:10:08.264000,1.07122,1.0712,1000000,2890000
2020-07-09 14:10:09.803000,1.07121,1.0712,3750000,1250000
2020-07-09 14:10:09.905000,1.07119,1.07118,1000000,1200000
2020-07-09 14:10:10.259000,1.07119,1.07117,2250000,1000000
2020-07-09 14:10:10.361000,1.07116,1.07113,1000000,9790000
2020-07-09 14:10:10.867000,1.07118,1.07115,1000000,4160000
2020-07-09 14:10:11.172000,1.07118,1.07115,1000000,4040000
2020-07-09 14:10:11.374000,1.07117,1.07115,1500000,1000000
2020-07-09 14:10:11.476000,1.07117,1.07114,4500000,2510000
2020-07-09 14:10:11.577000,1.07116,1.07114,1000000,1690000
2020-07-09 14:10:12.402000,1.07115,1.07113,1000000,2440000
2020-07-09 14:10:12.904000,1.07115,1.07112,1500000,3940000
2020-07-09 14:10:13.688000,1.07114,1.07112,1000000,1250000
2020-07-09 14:10:15.698000,1.07113,1.07111,1870000,3000000
2020-07-09 14:10:15.800000,1.07112,1.0711,1000000,1250000
2020-07-09 14:10:15.901000,1.07111,1.07108,4500000,1390000
2020-07-09 14:10:17.052000,1.0711,1.07107,1000000,4500000
2020-07-09 14:10:18.965000,1.07108,1.07107,1000000,1500000
2020-07-09 14:10:21.430000,1.07105,1.07104,1000000,2400000
2020-07-09 14:10:22.138000,1.07103,1.07101,1000000,1200000
2020-07-09 14:10:22.189000,1.071,1.07098,1000000,8810000
2020-07-09 14:10:22.290000,1.07101,1.07099,1000000,1000000
2020-07-09 14:10:22.493000,1.07104,1.07102,2440000,1250000
2020-07-09 14:10:22.594000,1.07104,1.07103,1000000,1250000
2020-07-09 14:10:22.695000,1.07105,1.07103,3750000,1250000
2020-07-09 14:10:26.718000,1.07105,1.07102,1200000,1250000
2020-07-09 14:10:26.819000,1.07104,1.07102,3750000,1250000
2020-07-09 14:10:27.669000,1.07104,1.07101,1000000,4390000
2020-07-09 14:10:29.289000,1.07103,1.071,1000000,2870000
2020-07-09 14:10:29.339000,1.07101,1.07098,1500000,5440000
2020-07-09 14:10:29.643000,1.071,1.07098,1500000,1000000
2020-07-09 14:10:30.048000,1.07101,1.07098,1500000,1950000
2020-07-09 14:10:30.150000,1.07102,1.07099,1000000,6940000
2020-07-09 14:10:30.302000,1.07102,1.07099,1000000,8200000
2020-07-09 14:10:30.605000,1.07102,1.071,1000000,1750000
2020-07-09 14:10:32.059000,1.07103,1.071,1500000,3700000
2020-07-09 14:10:33.089000,1.07104,1.07101,1500000,1250000
2020-07-09 14:10:33.368000,1.07105,1.07101,1950000,2950000
2020-07-09 14:10:34.147000,1.07105,1.07103,1500000,1000000
2020-07-09 14:10:34.299000,1.07104,1.07103,1000000,1000000
2020-07-09 14:10:34.606000,1.07106,1.07104,1950000,1500000
2020-07-09 14:10:34.912000,1.07107,1.07104,1090000,1000000
2020-07-09 14:10:35.536000,1.07108,1.07105,4200000,2700000
2020-07-09 14:10:35.638000,1.07108,1.07106,1100000,1000000
2020-07-09 14:10:36.841000,1.07109,1.07106,4570000,1000000
2020-07-09 14:10:36.993000,1.07109,1.07107,3000000,1000000
2020-07-09 14:10:37.094000,1.0711,1.07107,3750000,1000000
2020-07-09 14:10:38.297000,1.0711,1.07109,3750000,1000000
2020-07-09 14:10:38.399000,1.07111,1.07109,3940000,1000000
2020-07-09 14:10:38.857000,1.07112,1.07109,1250000,3750000
2020-07-09 14:10:39.701000,1.07111,1.07109,3750000,1000000
2020-07-09 14:10:42.159000,1.07114,1.07112,1100000,1500000
2020-07-09 14:10:42.262000,1.07112,1.0711,1000000,1000000
2020-07-09 14:10:42.770000,1.07112,1.07109,1000000,4500000
2020-07-09 14:10:43.635000,1.07113,1.0711,5720000,1000000
2020-07-09 14:10:43.736000,1.07113,1.07109,7970000,3000000
2020-07-09 14:10:43.837000,1.07111,1.07108,3750000,1760000
2020-07-09 14:10:45.111000,1.07113,1.07111,1100000,1000000
2020-07-09 14:10:45.212000,1.07115,1.07112,6700000,1000000
2020-07-09 14:10:50.211000,1.07113,1.0711,1000000,5510000
2020-07-09 14:10:52.058000,1.07112,1.07109,3070000,3750000
2020-07-09 14:10:52.160000,1.07111,1.07107,3070000,6640000
2020-07-09 14:10:52.520000,1.07107,1.07106,1000000,5060000
2020-07-09 14:10:52.571000,1.07106,1.07104,1000000,1690000
2020-07-09 14:10:52.672000,1.07106,1.07103,1000000,6070000
2020-07-09 14:10:52.976000,1.07105,1.07102,1000000,3260000
2020-07-09 14:10:53.690000,1.07105,1.07103,1000000,3000000
2020-07-09 14:10:53.807000,1.07105,1.07102,3750000,3260000
2020-07-09 14:10:54.731000,1.07106,1.07103,3190000,3070000
2020-07-09 14:10:58.645000,1.07107,1.07104,1950000,3450000
2020-07-09 14:11:01.271000,1.07106,1.07103,3750000,1690000
2020-07-09 14:11:03.973000,1.07105,1.07102,1000000,5250000
2020-07-09 14:11:04.939000,1.07105,1.07101,1000000,2890000
2020-07-09 14:11:05.040000,1.07105,1.07102,3750000,1390000
2020-07-09 14:11:05.141000,1.07104,1.07101,1000000,6640000
2020-07-09 14:11:06.039000,1.07102,1.071,1500000,3560000
2020-07-09 14:11:06.140000,1.07103,1.071,3750000,1010000
2020-07-09 14:11:06.292000,1.07104,1.07102,1500000,1000000
2020-07-09 14:11:06.393000,1.07104,1.07101,4500000,2140000
2020-07-09 14:11:06.596000,1.07104,1.07101,3000000,2290000
2020-07-09 14:11:06.707000,1.07105,1.07101,5250000,6850000
2020-07-09 14:11:07.806000,1.07105,1.07101,5440000,4760000
2020-07-09 14:11:09.552000,1.07105,1.07101,5700000,5500000
2020-07-09 14:11:12.678000,1.07105,1.07101,5890000,4690000
2020-07-09 14:11:13.044000,1.07106,1.07103,1100000,3190000
2020-07-09 14:11:13.145000,1.07106,1.07104,1000000,4310000
2020-07-09 14:11:13.246000,1.07108,1.07105,2250000,1000000
2020-07-09 14:11:13.348000,1.07107,1.07105,1000000,1000000
2020-07-09 14:11:13.450000,1.07108,1.07105,1500000,1000000
2020-07-09 14:11:13.551000,1.07107,1.07105,1000000,1000000
2020-07-09 14:11:14.239000,1.07108,1.07105,4500000,2440000
2020-07-09 14:11:14.543000,1.07108,1.07106,1000000,1000000
2020-07-09 14:11:15.370000,1.07109,1.07106,1950000,1000000
2020-07-09 14:11:15.948000,1.07108,1.07106,3000000,1000000
2020-07-09 14:11:16.276000,1.07109,1.07106,1200000,1000000
2020-07-09 14:11:16.377000,1.07108,1.07106,3000000,1000000
2020-07-09 14:11:16.880000,1.07109,1.07106,3450000,1000000
2020-07-09 14:11:17.465000,1.07109,1.07107,3000000,1000000
2020-07-09 14:11:17.516000,1.07112,1.07111,1690000,1000000
2020-07-09 14:11:17.567000,1.07113,1.07111,2020000,1000000
2020-07-09 14:11:19.310000,1.07115,1.07111,7770000,1690000
2020-07-09 14:11:19.411000,1.07116,1.07115,1100000,1500000
2020-07-09 14:11:19.462000,1.07118,1.07115,3450000,1500000
2020-07-09 14:11:19.563000,1.07119,1.07115,2140000,5250000
2020-07-09 14:11:19.715000,1.07119,1.07115,5290000,5250000
2020-07-09 14:11:20.575000,1.07118,1.07116,1000000,3000000
2020-07-09 14:11:20.677000,1.07119,1.07116,1690000,4200000
2020-07-09 14:11:20.729000,1.07121,1.07119,3000000,1000000
2020-07-09 14:11:20.831000,1.07123,1.0712,4570000,1500000
2020-07-09 14:11:22.701000,1.07123,1.0712,1000000,2100000
2020-07-09 14:11:22.753000,1.07125,1.07123,3070000,1500000
2020-07-09 14:11:22.854000,1.07126,1.07123,3260000,1500000
2020-07-09 14:11:23.006000,1.07127,1.07124,2510000,1000000
2020-07-09 14:11:23.259000,1.07127,1.07125,1000000,1500000
2020-07-09 14:11:23.462000,1.07128,1.07125,4500000,1500000
2020-07-09 14:11:24.252000,1.07129,1.07125,1500000,3640000
2020-07-09 14:11:24.454000,1.07129,1.07126,1500000,3000000
2020-07-09 14:11:24.859000,1.07129,1.07128,1000000,1200000
2020-07-09 14:11:24.912000,1.07131,1.0713,1250000,1000000
2020-07-09 14:11:25.014000,1.07132,1.0713,1000000,1000000
2020-07-09 14:11:25.266000,1.07131,1.0713,1000000,1000000
2020-07-09 14:11:25.367000,1.07131,1.07129,1000000,1000000
2020-07-09 14:11:25.994000,1.0713,1.07128,1690000,1000000
2020-07-09 14:11:26.095000,1.0713,1.07127,2890000,4500000
2020-07-09 14:11:26.196000,1.07129,1.07127,1000000,3750000
2020-07-09 14:11:26.550000,1.07129,1.07126,1200000,3750000
2020-07-09 14:11:26.651000,1.07129,1.07126,2200000,3750000
2020-07-09 14:11:26.803000,1.07126,1.07122,3940000,3640000
2020-07-09 14:11:26.854000,1.07125,1.07121,4910000,3940000
2020-07-09 14:11:26.956000,1.07127,1.07125,1690000,1500000
2020-07-09 14:11:27.057000,1.07128,1.07125,6190000,1500000
2020-07-09 14:11:27.158000,1.07128,1.07126,4200000,1000000
2020-07-09 14:11:27.783000,1.07132,1.0713,1270000,1000000
2020-07-09 14:11:27.884000,1.07133,1.07129,2510000,1250000
2020-07-09 14:11:27.986000,1.07133,1.07131,4390000,1000000
2020-07-09 14:11:28.138000,1.07134,1.07132,5500000,1500000
2020-07-09 14:11:28.290000,1.07135,1.07132,3260000,4500000
2020-07-09 14:11:28.441000,1.07138,1.07136,2370000,1000000
2020-07-09 14:11:28.543000,1.07139,1.07138,1690000,1500000
2020-07-09 14:11:28.645000,1.07139,1.07138,1000000,1500000
2020-07-09 14:11:28.695000,1.07141,1.07138,3640000,1500000
2020-07-09 14:11:29.201000,1.07142,1.07139,5890000,1000000
2020-07-09 14:11:29.252000,1.07142,1.07141,3000000,1000000
2020-07-09 14:11:29.302000,1.07145,1.07142,4690000,1950000
2020-07-09 14:11:29.505000,1.07143,1.07141,1950000,5060000
2020-07-09 14:11:29.606000,1.07141,1.07138,1000000,1690000
2020-07-09 14:11:29.909000,1.07142,1.07138,5890000,4690000
2020-07-09 14:11:30.010000,1.07142,1.0714,1250000,1000000
2020-07-09 14:11:30.112000,1.07145,1.07142,2140000,1500000
2020-07-09 14:11:30.264000,1.07145,1.07143,3000000,1500000
2020-07-09 14:11:30.373000,1.07146,1.07143,1690000,1500000
2020-07-09 14:11:30.700000,1.07145,1.07143,1000000,1000000
2020-07-09 14:11:30.803000,1.07144,1.07142,1200000,1000000
2020-07-09 14:11:31.005000,1.07144,1.07141,1000000,1500000
2020-07-09 14:11:31.107000,1.07144,1.07142,3190000,1000000
2020-07-09 14:11:31.208000,1.07144,1.07141,3750000,1500000
2020-07-09 14:11:31.411000,1.07145,1.07141,4690000,4500000
2020-07-09 14:11:31.714000,1.07146,1.07142,1570000,1200000
2020-07-09 14:11:32.422000,1.07146,1.07143,2440000,1000000
2020-07-09 14:11:32.777000,1.07143,1.07141,3820000,3000000
2020-07-09 14:11:32.878000,1.07143,1.0714,1000000,1500000
2020-07-09 14:11:32.980000,1.07143,1.07141,1000000,1000000
2020-07-09 14:11:33.588000,1.07143,1.0714,1500000,4500000
2020-07-09 14:11:34.099000,1.07143,1.0714,2910000,3000000
2020-07-09 14:11:34.259000,1.07143,1.0714,2890000,3000000
2020-07-09 14:11:34.361000,1.07143,1.07139,2890000,1000000
2020-07-09 14:11:34.917000,1.07141,1.07138,1000000,6190000
2020-07-09 14:11:35.018000,1.07139,1.07136,1250000,1500000
2020-07-09 14:11:35.271000,1.07139,1.07136,4750000,1500000
2020-07-09 14:11:35.474000,1.07139,1.07135,4690000,5140000
2020-07-09 14:11:37.764000,1.07138,1.07135,1690000,4500000
2020-07-09 14:11:40.326000,1.07139,1.07136,1500000,2440000
2020-07-09 14:11:40.731000,1.07137,1.07135,1000000,4690000
2020-07-09 14:11:41.391000,1.07135,1.07133,2250000,1250000
2020-07-09 14:11:41.493000,1.07133,1.0713,2700000,1250000
2020-07-09 14:11:41.543000,1.07133,1.07129,1390000,3190000
2020-07-09 14:11:41.645000,1.07133,1.0713,1000000,1250000
2020-07-09 14:11:44.112000,1.07132,1.07129,3750000,1250000
2020-07-09 14:11:44.265000,1.07132,1.07128,3940000,5890000
2020-07-09 14:11:45.673000,1.07131,1.07128,2200000,3750000
2020-07-09 14:11:45.775000,1.0713,1.07127,1250000,3000000
2020-07-09 14:11:47.064000,1.07129,1.07127,1000000,3000000
2020-07-09 14:11:47.217000,1.07129,1.07126,1000000,5140000
2020-07-09 14:11:47.318000,1.07132,1.07129,3820000,1500000
2020-07-09 14:11:47.420000,1.07133,1.0713,4500000,1000000
2020-07-09 14:11:48.269000,1.07133,1.07129,2250000,2700000
2020-07-09 14:11:48.697000,1.07133,1.07129,4500000,6700000
2020-07-09 14:11:50.293000,1.07133,1.07131,4500000,1250000
2020-07-09 14:11:50.546000,1.07134,1.07131,2250000,1250000
2020-07-09 14:11:50.939000,1.07134,1.07132,2250000,1250000
2020-07-09 14:11:51.429000,1.07137,1.07134,3720000,4500000
2020-07-09 14:11:51.531000,1.07137,1.07135,1000000,1690000
2020-07-09 14:11:51.582000,1.07139,1.07136,5250000,1250000
2020-07-09 14:11:51.784000,1.07138,1.07135,1000000,5440000
2020-07-09 14:11:52.801000,1.07138,1.07135,4000000,1000000
2020-07-09 14:11:52.902000,1.07138,1.07135,2250000,1000000
2020-07-09 14:11:54.630000,1.07137,1.07135,1000000,1000000
2020-07-09 14:11:55.124000,1.07138,1.07135,5250000,1000000
2020-07-09 14:11:59.281000,1.07139,1.07137,1000000,1200000
2020-07-09 14:12:00.043000,1.07138,1.07135,1000000,6190000
2020-07-09 14:12:02.019000,1.07137,1.07135,1000000,1000000
2020-07-09 14:12:04.134000,1.07137,1.07134,1000000,3190000
2020-07-09 14:12:06.152000,1.07136,1.07134,1000000,4500000
2020-07-09 14:12:07.942000,1.07136,1.07133,1500000,1000000
2020-07-09 14:12:09.351000,1.07135,1.07133,1000000,1000000
2020-07-09 14:12:09.453000,1.07133,1.07132,1000000,1000000
2020-07-09 14:12:09.554000,1.07133,1.07131,4500000,1250000
2020-07-09 14:12:09.655000,1.07133,1.0713,4500000,2440000
2020-07-09 14:12:09.756000,1.07133,1.07131,4500000,1250000
2020-07-09 14:12:10.021000,1.07133,1.0713,4500000,2440000
2020-07-09 14:12:10.628000,1.07131,1.07129,1500000,4690000
2020-07-09 14:12:10.730000,1.07129,1.07128,1500000,1250000
2020-07-09 14:12:10.881000,1.07129,1.07127,1500000,1250000
2020-07-09 14:12:11.743000,1.07128,1.07125,1000000,1690000
2020-07-09 14:12:11.845000,1.07124,1.07123,1000000,1000000
2020-07-09 14:12:11.946000,1.07125,1.07124,1000000,1250000
2020-07-09 14:12:11.997000,1.07127,1.07124,5700000,1250000
2020-07-09 14:12:12.402000,1.07127,1.07125,4500000,1250000
2020-07-09 14:12:14.164000,1.07127,1.07126,1000000,1250000
2020-07-09 14:12:14.266000,1.07127,1.07124,3750000,1250000
2020-07-09 14:12:14.368000,1.07127,1.07125,3750000,1250000
2020-07-09 14:12:14.621000,1.07127,1.07125,4500000,1250000
2020-07-09 14:12:15.429000,1.07126,1.07125,1200000,1250000
2020-07-09 14:12:15.530000,1.07123,1.07122,1500000,3940000
2020-07-09 14:12:15.631000,1.07123,1.07121,1500000,1690000
2020-07-09 14:12:15.987000,1.07122,1.07121,1000000,1250000
2020-07-09 14:12:16.139000,1.07122,1.0712,1500000,1690000
2020-07-09 14:12:16.240000,1.0712,1.07119,1000000,1250000
2020-07-09 14:12:16.342000,1.07119,1.07118,1500000,1250000
2020-07-09 14:12:16.392000,1.07119,1.07117,1500000,1690000
2020-07-09 14:12:16.691000,1.07118,1.07117,1000000,1250000
2020-07-09 14:12:16.949000,1.07118,1.07116,1000000,5440000
2020-07-09 14:12:17.335000,1.07118,1.07117,1000000,1250000
2020-07-09 14:12:17.537000,1.07118,1.07116,1000000,5440000
2020-07-09 14:12:17.991000,1.07119,1.07116,1000000,5440000
2020-07-09 14:12:19.315000,1.07119,1.07117,1000000,1250000
2020-07-09 14:12:19.367000,1.07122,1.0712,1570000,1000000
2020-07-09 14:12:19.468000,1.07123,1.07121,1000000,5140000
2020-07-09 14:12:19.569000,1.07123,1.07122,1000000,1250000
2020-07-09 14:12:20.114000,1.07124,1.07122,1000000,1250000
2020-07-09 14:12:20.316000,1.07127,1.07124,1200000,1690000
2020-07-09 14:12:20.418000,1.07128,1.07125,1000000,1500000
2020-07-09 14:12:20.519000,1.07128,1.07126,1000000,1250000
2020-07-09 14:12:20.647000,1.07128,1.07125,1000000,2440000
2020-07-09 14:12:20.799000,1.07126,1.07123,1000000,5440000
2020-07-09 14:12:20.900000,1.07124,1.07122,1000000,1690000
2020-07-09 14:12:21.103000,1.07125,1.07122,1500000,2140000
2020-07-09 14:12:21.406000,1.07125,1.07121,2890000,6190000
2020-07-09 14:12:22.070000,1.07125,1.07122,1690000,1000000
2020-07-09 14:12:22.273000,1.07124,1.07121,1000000,6190000
2020-07-09 14:12:23.323000,1.07125,1.07121,2510000,3560000
2020-07-09 14:12:23.424000,1.07125,1.07122,2320000,1250000
2020-07-09 14:12:24.139000,1.07126,1.07123,2510000,1500000
2020-07-09 14:12:24.341000,1.07126,1.07124,5320000,1250000
2020-07-09 14:12:24.442000,1.07126,1.07123,4970000,1690000
2020-07-09 14:12:24.953000,1.07126,1.07123,5320000,1500000
2020-07-09 14:12:27.270000,1.07127,1.07124,1870000,1000000
2020-07-09 14:12:27.372000,1.07129,1.07127,1570000,1000000
2020-07-09 14:12:29.341000,1.0713,1.07127,1000000,3640000
2020-07-09 14:12:32.080000,1.0713,1.07128,1000000,3940000
2020-07-09 14:12:33.923000,1.07131,1.07128,1500000,4690000
2020-07-09 14:12:35.355000,1.0713,1.07128,1000000,3750000
2020-07-09 14:12:35.456000,1.07129,1.07127,1950000,3750000
2020-07-09 14:12:37.108000,1.0713,1.07127,5250000,1690000
2020-07-09 14:12:37.513000,1.07127,1.07125,2250000,1250000
2020-07-09 14:12:37.615000,1.07125,1.07123,1500000,1500000
2020-07-09 14:12:37.716000,1.07125,1.07122,1500000,1390000
2020-07-09 14:12:38.020000,1.07124,1.07121,1950000,2440000
2020-07-09 14:12:39.317000,1.07123,1.07121,1000000,1250000
2020-07-09 14:12:39.833000,1.07123,1.0712,4200000,2440000
2020-07-09 14:12:41.315000,1.07123,1.07121,3000000,1250000
2020-07-09 14:12:41.417000,1.07124,1.07121,5250000,1250000
2020-07-09 14:12:41.518000,1.07125,1.07122,2250000,1390000
2020-07-09 14:12:41.619000,1.07124,1.07122,1000000,1250000
2020-07-09 14:12:42.213000,1.07124,1.07121,1000000,3190000
2020-07-09 14:12:42.518000,1.07124,1.07121,1990000,1000000
2020-07-09 14:12:42.620000,1.07124,1.0712,4240000,2440000
2020-07-09 14:12:43.262000,1.07122,1.0712,3000000,1690000
2020-07-09 14:12:43.790000,1.07123,1.0712,1200000,2440000
2020-07-09 14:12:44.144000,1.07122,1.0712,1250000,1500000
2020-07-09 14:12:44.245000,1.07114,1.07113,1000000,2250000
2020-07-09 14:12:44.347000,1.07115,1.07112,7320000,1690000
2020-07-09 14:12:44.448000,1.07115,1.07113,4200000,1250000
2020-07-09 14:12:44.954000,1.07117,1.07114,3850000,1000000
2020-07-09 14:12:45.055000,1.07117,1.07114,1570000,1500000
2020-07-09 14:12:45.157000,1.07117,1.07115,1000000,3190000
2020-07-09 14:12:47.609000,1.07119,1.07116,4010000,1950000
2020-07-09 14:12:47.710000,1.0712,1.07117,1000000,2140000
2020-07-09 14:12:47.811000,1.07121,1.07117,3940000,5140000
2020-07-09 14:12:47.912000,1.07121,1.07118,3190000,1000000
2020-07-09 14:12:48.381000,1.0712,1.07117,1200000,4690000
2020-07-09 14:12:48.482000,1.07122,1.07119,4100000,1000000
2020-07-09 14:12:48.583000,1.07122,1.07119,1200000,1500000
2020-07-09 14:12:48.684000,1.07123,1.0712,6150000,1250000
2020-07-09 14:12:48.786000,1.07121,1.07118,1570000,2440000
2020-07-09 14:12:49.317000,1.07123,1.0712,1500000,1690000
2020-07-09 14:12:49.419000,1.07124,1.07122,1000000,1000000
2020-07-09 14:12:49.822000,1.07123,1.07121,1000000,5440000
2020-07-09 14:12:52.380000,1.07125,1.07124,1310000,1000000
2020-07-09 14:12:52.431000,1.07128,1.07126,3370000,1500000
2020-07-09 14:12:52.482000,1.07127,1.07125,1250000,2250000
2020-07-09 14:12:52.533000,1.07129,1.07126,1200000,7690000
2020-07-09 14:12:52.634000,1.07128,1.07126,3000000,1250000
2020-07-09 14:12:53.076000,1.07129,1.07126,3000000,1250000
2020-07-09 14:12:53.441000,1.07129,1.07127,2250000,1250000
2020-07-09 14:12:54.530000,1.07126,1.07123,4500000,2810000
2020-07-09 14:12:56.332000,1.07127,1.07123,5140000,3190000
2020-07-09 14:12:56.434000,1.07127,1.07125,3000000,1250000
2020-07-09 14:12:56.535000,1.07128,1.07125,6000000,1250000
2020-07-09 14:12:56.636000,1.07128,1.07124,6260000,5440000
2020-07-09 14:12:56.749000,1.07128,1.07125,5250000,1250000
2020-07-09 14:12:57.477000,1.07127,1.07125,3000000,1250000
2020-07-09 14:12:57.649000,1.07127,1.07124,3000000,2440000
2020-07-09 14:12:57.750000,1.07125,1.07123,1000000,3940000
2020-07-09 14:12:57.801000,1.07125,1.07121,1250000,1690000
2020-07-09 14:12:58.053000,1.07124,1.07121,1000000,3940000
2020-07-09 14:13:00.268000,1.07124,1.07121,2100000,1250000
2020-07-09 14:13:00.724000,1.07122,1.07119,4950000,1000000
2020-07-09 14:13:00.826000,1.07122,1.07118,4450000,1500000
2020-07-09 14:13:00.978000,1.07122,1.07119,3450000,1000000
2020-07-09 14:13:02.344000,1.07123,1.07121,3750000,1000000
2020-07-09 14:13:02.445000,1.07124,1.07121,1690000,4500000
2020-07-09 14:13:02.957000,1.07125,1.07122,2890000,1000000
2020-07-09 14:13:05.747000,1.07125,1.07124,1000000,1250000
2020-07-09 14:13:05.849000,1.07126,1.07124,1100000,1250000
2020-07-09 14:13:06.609000,1.07127,1.07124,5700000,1250000
2020-07-09 14:13:07.927000,1.07127,1.07125,3750000,1000000
2020-07-09 14:13:07.978000,1.07129,1.07126,1950000,2440000
2020-07-09 14:13:08.028000,1.07131,1.07128,2050000,2440000
2020-07-09 14:13:08.130000,1.07131,1.07128,4950000,1000000
2020-07-09 14:13:08.231000,1.07131,1.07128,2290000,1500000
2020-07-09 14:13:08.742000,1.07131,1.07128,1000000,5440000
2020-07-09 14:13:08.844000,1.07132,1.07129,1570000,3940000
2020-07-09 14:13:09.047000,1.07133,1.07129,4010000,4690000
2020-07-09 14:13:09.148000,1.07132,1.07129,3000000,2440000
2020-07-09 14:13:09.350000,1.07133,1.07129,2890000,2440000
2020-07-09 14:13:10.459000,1.07132,1.07129,3000000,2440000
2020-07-09 14:13:11.303000,1.07132,1.0713,3000000,1000000
2020-07-09 14:13:11.608000,1.07133,1.0713,2140000,1000000
2020-07-09 14:13:12.653000,1.07131,1.0713,1200000,1000000
2020-07-09 14:13:12.705000,1.07131,1.07128,3640000,4500000
2020-07-09 14:13:13.321000,1.07131,1.07129,1100000,1690000
2020-07-09 14:13:13.757000,1.07132,1.07129,4570000,1690000
2020-07-09 14:13:15.405000,1.07132,1.0713,3820000,1000000
2020-07-09 14:13:15.559000,1.07133,1.0713,1250000,1500000
2020-07-09 14:13:15.662000,1.07135,1.07132,2350000,2440000
2020-07-09 14:13:16.033000,1.07135,1.07132,1570000,5440000
2020-07-09 14:13:16.770000,1.07136,1.07133,5540000,1000000
2020-07-09 14:13:16.871000,1.07137,1.07134,3100000,1000000
2020-07-09 14:13:16.973000,1.07138,1.07135,1100000,2440000
2020-07-09 14:13:17.074000,1.07138,1.07136,3820000,1000000
2020-07-09 14:13:19.387000,1.07137,1.07135,2510000,1000000
2020-07-09 14:13:19.488000,1.07137,1.07135,3720000,1000000
2020-07-09 14:13:21.287000,1.07138,1.07135,5200000,1500000
2020-07-09 14:13:21.389000,1.0714,1.07136,3360000,1690000
2020-07-09 14:13:21.490000,1.0714,1.07137,1600000,2440000
2020-07-09 14:13:21.945000,1.0714,1.07138,3450000,1000000
2020-07-09 14:13:22.578000,1.07141,1.07138,2140000,1000000
2020-07-09 14:13:24.412000,1.0714,1.07138,1250000,4500000
2020-07-09 14:13:28.703000,1.07136,1.07134,1500000,4950000
2020-07-09 14:13:28.804000,1.07134,1.07132,1950000,4500000
2020-07-09 14:13:28.855000,1.07131,1.07129,1950000,4750000
2020-07-09 14:13:28.957000,1.07131,1.07129,4450000,1000000
2020-07-09 14:13:29.058000,1.07131,1.0713,1250000,1500000
2020-07-09 14:13:29.109000,1.07133,1.0713,1820000,1500000
2020-07-09 14:13:29.665000,1.07133,1.07131,1250000,1000000
2020-07-09 14:13:29.766000,1.07134,1.07131,5570000,1500000
2020-07-09 14:13:30.777000,1.07132,1.0713,1250000,1000000
2020-07-09 14:13:31.243000,1.07133,1.07131,4000000,1000000
2020-07-09 14:13:31.344000,1.07134,1.07131,2950000,1500000
2020-07-09 14:13:32.238000,1.07134,1.07133,1250000,1000000
2020-07-09 14:13:32.289000,1.07136,1.07134,1390000,6750000
2020-07-09 14:13:32.390000,1.07137,1.07134,1390000,1500000
2020-07-09 14:13:32.542000,1.07137,1.07135,1390000,1000000
2020-07-09 14:13:34.096000,1.07138,1.07136,1250000,1500000
2020-07-09 14:13:34.401000,1.07138,1.07135,1390000,5250000
2020-07-09 14:13:37.812000,1.07138,1.07136,1250000,1000000
2020-07-09 14:13:37.914000,1.07139,1.07137,4390000,1000000
2020-07-09 14:13:38.065000,1.07139,1.07137,4540000,1000000
2020-07-09 14:13:38.167000,1.07137,1.07134,1250000,4950000
2020-07-09 14:13:40.340000,1.07138,1.07134,5890000,5890000
2020-07-09 14:13:40.391000,1.0714,1.07138,1250000,5700000
2020-07-09 14:13:40.492000,1.07143,1.07141,1390000,1000000
2020-07-09 14:13:40.594000,1.07141,1.07138,1000000,5890000
2020-07-09 14:13:40.695000,1.0714,1.07138,1250000,4500000
2020-07-09 14:13:41.100000,1.07141,1.07138,1390000,4500000
2020-07-09 14:13:42.819000,1.07139,1.07137,2950000,4500000
2020-07-09 14:13:42.921000,1.07138,1.07136,1250000,3000000
2020-07-09 14:13:43.022000,1.07138,1.07135,3100000,3750000
2020-07-09 14:13:44.496000,1.07136,1.07133,3100000,3750000
2020-07-09 14:13:44.597000,1.07135,1.07133,1450000,3750000
2020-07-09 14:13:45.123000,1.07133,1.07131,1450000,1500000
2020-07-09 14:13:45.225000,1.07131,1.07129,1000000,3750000
2020-07-09 14:13:45.326000,1.07131,1.0713,1250000,1000000
2020-07-09 14:13:45.428000,1.07133,1.07131,1250000,1000000
2020-07-09 14:13:45.529000,1.07134,1.07131,3620000,1000000
2020-07-09 14:13:45.730000,1.07133,1.07131,1250000,1000000
2020-07-09 14:13:45.932000,1.07134,1.07131,3620000,1000000
2020-07-09 14:13:46.261000,1.07133,1.07131,1250000,1000000
2020-07-09 14:13:46.477000,1.07134,1.07131,3250000,1000000
2020-07-09 14:13:50.516000,1.07136,1.07133,5570000,1200000
2020-07-09 14:13:50.617000,1.07137,1.07134,1250000,4950000
2020-07-09 14:13:50.718000,1.07138,1.07135,1010000,1000000
2020-07-09 14:13:51.008000,1.07139,1.07136,5200000,1000000
2020-07-09 14:13:51.766000,1.07139,1.07136,1010000,1000000
2020-07-09 14:13:51.982000,1.07139,1.07136,2570000,1000000
2020-07-09 14:13:52.546000,1.07139,1.07135,3320000,4950000
2020-07-09 14:13:52.698000,1.07139,1.07136,3320000,1000000
2020-07-09 14:13:52.799000,1.07138,1.07135,1250000,4950000
2020-07-09 14:13:52.951000,1.07139,1.07137,1750000,1200000
2020-07-09 14:13:53.053000,1.07141,1.07139,2570000,1000000
2020-07-09 14:13:53.387000,1.07141,1.07139,1690000,1000000
2020-07-09 14:13:53.489000,1.07142,1.0714,1750000,1000000
2020-07-09 14:13:53.590000,1.07142,1.0714,1250000,1500000
2020-07-09 14:13:55.178000,1.07142,1.07139,4600000,1000000
2020-07-09 14:13:55.329000,1.07141,1.07139,2950000,1000000
2020-07-09 14:13:57.592000,1.07142,1.0714,4750000,1000000
2020-07-09 14:13:57.693000,1.07143,1.0714,3700000,1000000
2020-07-09 14:13:57.845000,1.07143,1.07139,3700000,4950000
2020-07-09 14:14:01.605000,1.07142,1.07139,2950000,1000000
2020-07-09 14:14:01.706000,1.0714,1.07138,5200000,1000000
2020-07-09 14:14:01.757000,1.07141,1.07137,3190000,2700000
2020-07-09 14:14:02.628000,1.07142,1.07138,3700000,2250000
2020-07-09 14:14:02.729000,1.07143,1.0714,5500000,1000000
2020-07-09 14:14:02.830000,1.07144,1.07141,3470000,1500000
2020-07-09 14:14:03.168000,1.07143,1.07141,5200000,1000000
2020-07-09 14:14:06.577000,1.07141,1.07139,1390000,1000000
2020-07-09 14:14:06.628000,1.07139,1.07137,1250000,1500000
2020-07-09 14:14:06.729000,1.0714,1.07137,4690000,1950000
2020-07-09 14:14:07.500000,1.07139,1.07137,1250000,1000000
2020-07-09 14:14:07.811000,1.0714,1.07138,1750000,1000000
2020-07-09 14:14:07.913000,1.07141,1.07138,1250000,6450000
2020-07-09 14:14:09.465000,1.07138,1.07137,1000000,1000000
2020-07-09 14:14:09.567000,1.07138,1.07136,1000000,4200000
2020-07-09 14:14:09.769000,1.07136,1.07135,1000000,1000000
2020-07-09 14:14:09.921000,1.07136,1.07134,1120000,3000000
2020-07-09 14:14:10.022000,1.07133,1.07132,1000000,1000000
2020-07-09 14:14:10.225000,1.07131,1.0713,1000000,1000000
2020-07-09 14:14:10.326000,1.07131,1.07129,1000000,1390000
2020-07-09 14:14:10.427000,1.0713,1.07128,1000000,2440000
2020-07-09 14:14:10.528000,1.07129,1.07127,1000000,5320000
2020-07-09 14:14:10.630000,1.07127,1.07126,1000000,3000000
2020-07-09 14:14:11.367000,1.07129,1.07126,1120000,7390000
2020-07-09 14:14:11.418000,1.07131,1.07129,1000000,1750000
2020-07-09 14:14:11.520000,1.07131,1.07129,1000000,1000000
2020-07-09 14:14:13.643000,1.07132,1.07131,1000000,1000000
2020-07-09 14:14:13.694000,1.07136,1.07135,1500000,1000000
2020-07-09 14:14:13.795000,1.07137,1.07135,1500000,1000000
2020-07-09 14:14:13.896000,1.07137,1.07135,1000000,1690000
2020-07-09 14:14:13.947000,1.07141,1.0714,1000000,2140000
2020-07-09 14:14:14.201000,1.07141,1.07138,1500000,1620000
2020-07-09 14:14:14.303000,1.07141,1.07138,1500000,3000000
2020-07-09 14:14:14.657000,1.07142,1.07141,1500000,1000000
2020-07-09 14:14:14.758000,1.07141,1.07139,1500000,3450000
2020-07-09 14:14:14.860000,1.0714,1.07137,1000000,6790000
2020-07-09 14:14:15.951000,1.07139,1.07137,1000000,5890000
2020-07-09 14:14:16.254000,1.07139,1.07135,8250000,4760000
2020-07-09 14:14:16.355000,1.07138,1.07135,1000000,4010000
2020-07-09 14:14:16.457000,1.07138,1.07136,1000000,1000000
2020-07-09 14:14:17.179000,1.07137,1.07135,1000000,3750000
2020-07-09 14:14:18.827000,1.07137,1.07136,1000000,1000000
2020-07-09 14:14:18.928000,1.07142,1.07141,3000000,1000000
2020-07-09 14:14:19.030000,1.07142,1.0714,1500000,4120000
2020-07-09 14:14:19.131000,1.0714,1.07139,1000000,3000000
2020-07-09 14:14:19.233000,1.07139,1.07138,1000000,3000000
2020-07-09 14:14:19.334000,1.07138,1.07137,1000000,1100000
2020-07-09 14:14:20.147000,1.07142,1.07141,1500000,1000000
2020-07-09 14:14:20.249000,1.07141,1.0714,1000000,1250000
2020-07-09 14:14:20.604000,1.0714,1.07138,1000000,5290000
2020-07-09 14:14:20.757000,1.07141,1.07139,1000000,1410000
2020-07-09 14:14:20.809000,1.07143,1.0714,2060000,1100000
2020-07-09 14:14:20.860000,1.07141,1.0714,1000000,1100000
2020-07-09 14:14:20.961000,1.07141,1.07139,1000000,3820000
2020-07-09 14:14:21.113000,1.07142,1.07139,1000000,1760000
2020-07-09 14:14:21.214000,1.07142,1.07139,1000000,2160000
2020-07-09 14:14:21.899000,1.0714,1.07139,1000000,3000000
2020-07-09 14:14:22,1.0714,1.07138,1000000,3640000
2020-07-09 14:14:22.367000,1.07139,1.07138,1000000,3000000
2020-07-09 14:14:23.219000,1.07138,1.07136,1000000,1100000
2020-07-09 14:14:23.320000,1.07138,1.07136,1000000,4350000
2020-07-09 14:14:23.522000,1.07138,1.07136,1000000,4200000
2020-07-09 14:14:23.856000,1.07137,1.07136,1000000,1000000
2020-07-09 14:14:24.260000,1.07136,1.07135,1000000,3000000
2020-07-09 14:14:24.361000,1.07136,1.07133,1000000,1010000
2020-07-09 14:14:27.376000,1.07134,1.07133,1000000,3750000
2020-07-09 14:14:28.860000,1.07134,1.07132,1000000,3190000
2020-07-09 14:14:29.405000,1.07133,1.07132,1000000,3000000
2020-07-09 14:14:30.257000,1.07136,1.07133,3000000,2510000
2020-07-09 14:14:30.359000,1.07137,1.07133,3000000,5510000
2020-07-09 14:14:30.560000,1.07137,1.07133,2250000,5910000
2020-07-09 14:14:30.715000,1.07135,1.07133,1000000,3070000
2020-07-09 14:14:30.816000,1.07135,1.07132,1000000,5140000
2020-07-09 14:14:31.652000,1.07134,1.07132,1000000,4390000
2020-07-09 14:14:32.430000,1.07131,1.0713,1000000,1760000
2020-07-09 14:14:32.531000,1.07131,1.07129,1000000,4690000
2020-07-09 14:14:32.784000,1.07132,1.0713,1000000,1500000
2020-07-09 14:14:32.886000,1.07133,1.07132,1000000,1010000
2020-07-09 14:14:32.987000,1.07137,1.07135,1000000,1010000
2020-07-09 14:14:33.139000,1.07138,1.07135,26250000,1250000
2020-07-09 14:14:33.241000,1.07137,1.07135,1000000,5910000
2020-07-09 14:14:33.292000,1.0714,1.07136,33570000,7100000
2020-07-09 14:14:35.918000,1.0714,1.07138,1000000,3820000
2020-07-09 14:14:36.019000,1.07141,1.07138,2250000,4750000
2020-07-09 14:14:36.070000,1.07139,1.07138,1000000,3940000
2020-07-09 14:14:36.575000,1.07139,1.07137,1000000,1250000
2020-07-09 14:14:36.676000,1.07137,1.07136,1000000,1390000
2020-07-09 14:14:36.878000,1.07138,1.07137,1000000,1000000
2020-07-09 14:14:39.469000,1.07137,1.07136,1000000,4500000
2020-07-09 14:14:40.272000,1.07137,1.07135,1000000,6560000
2020-07-09 14:14:50.759000,1.07138,1.07136,1250000,1000000
2020-07-09 14:14:52.828000,1.07139,1.07137,1250000,6070000
2020-07-09 14:14:52.929000,1.0714,1.07138,1250000,1200000
2020-07-09 14:14:53.030000,1.07142,1.0714,1250000,3000000
2020-07-09 14:14:55.138000,1.07142,1.07139,1690000,3750000
2020-07-09 14:14:55.290000,1.07142,1.07138,2140000,4690000
2020-07-09 14:14:55.391000,1.07142,1.07138,2950000,3750000
2020-07-09 14:14:57,1.07142,1.0714,1250000,1000000
2020-07-09 14:14:58.889000,1.07142,1.07139,1000000,6000000
2020-07-09 14:14:59.438000,1.07142,1.0714,1000000,1000000
2020-07-09 14:15:00.416000,1.07144,1.07141,3940000,1000000
