time,ask,bid,ask_volume,bid_volume
2020-12-02 15:25:03.456000,1.04471,1.04469,1500000,1250000
2020-12-02 15:25:04.970000,1.04471,1.04469,1500000,4000000
2020-12-02 15:25:05.325000,1.04471,1.04469,1500000,2440000
2020-12-02 15:25:05.983000,1.04473,1.04469,2440000,3560000
2020-12-02 15:25:06.034000,1.04474,1.04472,1120000,1000000
2020-12-02 15:25:06.136000,1.04474,1.0447,4060000,1760000
2020-12-02 15:25:06.237000,1.04474,1.04471,1250000,1500000
2020-12-02 15:25:06.339000,1.04472,1.04471,1000000,1310000
2020-12-02 15:25:06.389000,1.04472,1.04469,2060000,1000000
2020-12-02 15:25:07.127000,1.04471,1.04469,1000000,1000000
2020-12-02 15:25:07.229000,1.04471,1.04468,1500000,1310000
2020-12-02 15:25:07.330000,1.0447,1.04467,1000000,1310000
2020-12-02 15:25:07.432000,1.04469,1.04467,1000000,1310000
2020-12-02 15:25:07.685000,1.04469,1.04467,1000000,2120000
2020-12-02 15:25:07.736000,1.04471,1.04469,1000000,1250000
2020-12-02 15:25:07.839000,1.04471,1.04468,1500000,3750000
2020-12-02 15:25:07.992000,1.04473,1.0447,4870000,1000000
2020-12-02 15:25:10.109000,1.04473,1.04471,1000000,1870000
2020-12-02 15:25:11.158000,1.04473,1.0447,1000000,3190000
2020-12-02 15:25:12.073000,1.04476,1.04474,3950000,1000000
2020-12-02 15:25:12.175000,1.04476,1.04474,1500000,1870000
2020-12-02 15:25:12.483000,1.04474,1.04473,1000000,1120000
2020-12-02 15:25:12.584000,1.04474,1.04471,1570000,1000000
2020-12-02 15:25:12.686000,1.04474,1.0447,2320000,2890000
2020-12-02 15:25:12.787000,1.04474,1.04471,2320000,3000000
2020-12-02 15:25:13.577000,1.04474,1.0447,2320000,2810000
2020-12-02 15:25:13.679000,1.04475,1.04472,1950000,4120000
2020-12-02 15:25:13.780000,1.04475,1.04473,1000000,1000000
2020-12-02 15:25:14.928000,1.04475,1.04472,1000000,5510000
2020-12-02 15:25:15.029000,1.04475,1.04472,3320000,1000000
2020-12-02 15:25:15.535000,1.04476,1.04471,1500000,1570000
2020-12-02 15:25:15.788000,1.04476,1.04473,1120000,1950000
2020-12-02 15:25:17.234000,1.04475,1.04473,1000000,1120000
2020-12-02 15:25:17.336000,1.04475,1.04472,1870000,1390000
2020-12-02 15:25:17.437000,1.04476,1.04473,1500000,1950000
2020-12-02 15:25:17.794000,1.04475,1.04472,2500000,1570000
2020-12-02 15:25:17.946000,1.04475,1.04472,1500000,2700000
2020-12-02 15:25:18.047000,1.04475,1.04472,1500000,7350000
2020-12-02 15:25:18.149000,1.04475,1.04472,1500000,1570000
2020-12-02 15:25:18.263000,1.04475,1.04472,2870000,1200000
2020-12-02 15:25:18.365000,1.04476,1.04473,1870000,1200000
2020-12-02 15:25:18.757000,1.04478,1.04476,1100000,1950000
2020-12-02 15:25:18.859000,1.04479,1.04476,1500000,1200000
2020-12-02 15:25:18.960000,1.0448,1.04476,1500000,3070000
2020-12-02 15:25:19.112000,1.0448,1.04477,1000000,1570000
2020-12-02 15:25:19.216000,1.0448,1.04478,1000000,1100000
2020-12-02 15:25:19.367000,1.04481,1.04478,2440000,2140000
2020-12-02 15:25:20.149000,1.04482,1.04479,2500000,1200000
2020-12-02 15:25:20.251000,1.04483,1.04482,1250000,1000000
2020-12-02 15:25:20.352000,1.04485,1.04482,1750000,1950000
2020-12-02 15:25:20.504000,1.04485,1.04482,1000000,3260000
2020-12-02 15:25:21.430000,1.04484,1.04482,1250000,1950000
2020-12-02 15:25:21.870000,1.04485,1.04482,1500000,1950000
2020-12-02 15:25:21.971000,1.04485,1.04482,2500000,1950000
2020-12-02 15:25:22.073000,1.04485,1.04482,1500000,1950000
2020-12-02 15:25:22.174000,1.0448,1.04478,1500000,1200000
2020-12-02 15:25:22.277000,1.0448,1.04477,2500000,3600000
2020-12-02 15:25:23.577000,1.04481,1.04477,4500000,2620000
2020-12-02 15:25:23.628000,1.04481,1.04478,1500000,2100000
2020-12-02 15:25:23.988000,1.04481,1.04478,1500000,1200000
2020-12-02 15:25:26.474000,1.04481,1.04478,1500000,2850000
2020-12-02 15:25:26.777000,1.0448,1.04476,1000000,3970000
2020-12-02 15:25:26.828000,1.04478,1.04476,1500000,1570000
2020-12-02 15:25:26.930000,1.0448,1.04477,2060000,4350000
2020-12-02 15:25:27.183000,1.0448,1.04478,1000000,2850000
2020-12-02 15:25:27.336000,1.04483,1.0448,1390000,3600000
2020-12-02 15:25:27.437000,1.04482,1.04479,1500000,4050000
2020-12-02 15:25:27.639000,1.04482,1.04479,2440000,1000000
2020-12-02 15:25:27.857000,1.04482,1.04478,2440000,4570000
2020-12-02 15:25:28.522000,1.04483,1.04477,2810000,4350000
2020-12-02 15:25:30.228000,1.04481,1.04478,1000000,2700000
2020-12-02 15:25:30.330000,1.04479,1.04477,1500000,1570000
2020-12-02 15:25:30.975000,1.0448,1.04477,1120000,2850000
2020-12-02 15:25:31.456000,1.04479,1.04477,1250000,1200000
2020-12-02 15:25:32.014000,1.0448,1.04478,1000000,1200000
2020-12-02 15:25:32.116000,1.0448,1.04478,1000000,3600000
2020-12-02 15:25:33.047000,1.04481,1.04479,1000000,2850000
2020-12-02 15:25:33.150000,1.04481,1.04478,1000000,4540000
2020-12-02 15:25:33.971000,1.04482,1.04479,1000000,1250000
2020-12-02 15:25:34.074000,1.04481,1.04479,1000000,2700000
2020-12-02 15:25:34.328000,1.04481,1.04479,1000000,3600000
2020-12-02 15:25:34.746000,1.04483,1.04481,1310000,1200000
2020-12-02 15:25:35.150000,1.04483,1.04481,1250000,2100000
2020-12-02 15:25:35.758000,1.04484,1.04482,1000000,4970000
2020-12-02 15:25:35.863000,1.04486,1.04481,1000000,4540000
2020-12-02 15:25:36.183000,1.04484,1.04482,1500000,1100000
2020-12-02 15:25:37.930000,1.04484,1.04482,1000000,2850000
2020-12-02 15:25:40.103000,1.04484,1.04482,1000000,1100000
2020-12-02 15:25:40.648000,1.04484,1.04482,1000000,2470000
2020-12-02 15:25:41.845000,1.04484,1.04482,1000000,1100000
2020-12-02 15:25:42.301000,1.04483,1.04481,1000000,1010000
2020-12-02 15:25:42.351000,1.04481,1.04479,1500000,1270000
2020-12-02 15:25:42.453000,1.0448,1.04478,1000000,1760000
2020-12-02 15:25:42.706000,1.04478,1.04476,1000000,4600000
2020-12-02 15:25:44.807000,1.04478,1.04476,1000000,2140000
2020-12-02 15:25:45.930000,1.04477,1.04475,1000000,1950000
2020-12-02 15:25:45.980000,1.0448,1.04477,1570000,3040000
2020-12-02 15:25:46.338000,1.04479,1.04477,1000000,1760000
2020-12-02 15:25:46.439000,1.0448,1.04477,1000000,7160000
2020-12-02 15:25:48.089000,1.04481,1.04479,1000000,2850000
2020-12-02 15:25:48.190000,1.04483,1.04481,1250000,3600000
2020-12-02 15:25:48.292000,1.04483,1.04481,1250000,1120000
2020-12-02 15:25:48.494000,1.04484,1.04482,1250000,1000000
2020-12-02 15:25:48.595000,1.04482,1.0448,1000000,1010000
2020-12-02 15:25:48.849000,1.04482,1.04479,2060000,1200000
2020-12-02 15:25:48.900000,1.0448,1.04478,1000000,3220000
2020-12-02 15:25:49.001000,1.04481,1.04478,5060000,1200000
2020-12-02 15:25:49.355000,1.04481,1.04478,1870000,2850000
2020-12-02 15:25:50.276000,1.04482,1.0448,1000000,1390000
2020-12-02 15:25:50.478000,1.04482,1.04481,1000000,1010000
2020-12-02 15:25:50.630000,1.04482,1.04479,1500000,3410000
2020-12-02 15:25:50.732000,1.04482,1.0448,1000000,1450000
2020-12-02 15:25:52.123000,1.0448,1.04478,1000000,1120000
2020-12-02 15:25:52.224000,1.04479,1.04477,1000000,1760000
2020-12-02 15:25:54.062000,1.0448,1.04477,1500000,6260000
2020-12-02 15:25:54.163000,1.04481,1.04478,1500000,1000000
2020-12-02 15:25:54.218000,1.04483,1.0448,2700000,1690000
2020-12-02 15:25:54.319000,1.04484,1.04481,1690000,1500000
2020-12-02 15:25:55.078000,1.04485,1.04481,1500000,4010000
2020-12-02 15:25:55.640000,1.04485,1.04481,1500000,4140000
2020-12-02 15:25:56.683000,1.04485,1.04481,1500000,3260000
2020-12-02 15:25:59.115000,1.04484,1.04481,1250000,2440000
2020-12-02 15:26:01.310000,1.04482,1.0448,1690000,1000000
2020-12-02 15:26:01.462000,1.04482,1.04479,4690000,1000000
2020-12-02 15:26:01.564000,1.04482,1.04479,7810000,1000000
2020-12-02 15:26:01.924000,1.0448,1.04478,1000000,1000000
2020-12-02 15:26:02.277000,1.04481,1.04478,1870000,1000000
2020-12-02 15:26:07.205000,1.0448,1.04478,1310000,1200000
2020-12-02 15:26:07.307000,1.04481,1.04478,1870000,1200000
2020-12-02 15:26:07.414000,1.0448,1.04478,1120000,1200000
2020-12-02 15:26:07.718000,1.04481,1.04478,1870000,1950000
2020-12-02 15:26:08.859000,1.04478,1.04476,1000000,2510000
2020-12-02 15:26:10.291000,1.04477,1.04475,1870000,1250000
2020-12-02 15:26:10.594000,1.04478,1.04477,1100000,1690000
2020-12-02 15:26:10.645000,1.0448,1.04478,2250000,1950000
2020-12-02 15:26:15.043000,1.04479,1.04476,1500000,2700000
2020-12-02 15:26:15.145000,1.04478,1.04475,2620000,2850000
2020-12-02 15:26:15.246000,1.04478,1.04475,2620000,2700000
2020-12-02 15:26:15.348000,1.04477,1.04474,1870000,1600000
2020-12-02 15:26:15.399000,1.04475,1.04472,1690000,3790000
2020-12-02 15:26:15.756000,1.04477,1.04476,1120000,1200000
2020-12-02 15:26:15.858000,1.04476,1.04474,1000000,1100000
2020-12-02 15:26:15.960000,1.04476,1.04474,1000000,1010000
2020-12-02 15:26:16.061000,1.04476,1.04474,1000000,1350000
2020-12-02 15:26:16.113000,1.04478,1.04475,1000000,2100000
2020-12-02 15:26:16.316000,1.04479,1.04475,1690000,8350000
2020-12-02 15:26:16.367000,1.0448,1.04477,1370000,2100000
2020-12-02 15:26:16.519000,1.04481,1.04477,2440000,3220000
2020-12-02 15:26:20.160000,1.04483,1.04481,2120000,2700000
2020-12-02 15:26:20.262000,1.04483,1.04482,1250000,1500000
2020-12-02 15:26:23.700000,1.04485,1.04483,1500000,1000000
2020-12-02 15:26:23.751000,1.04486,1.04485,1000000,1000000
2020-12-02 15:26:23.802000,1.04488,1.04485,3000000,1200000
2020-12-02 15:26:25.186000,1.04489,1.04486,1500000,3600000
2020-12-02 15:26:25.288000,1.04491,1.04488,1500000,2320000
2020-12-02 15:26:26.658000,1.04493,1.0449,7250000,1500000
2020-12-02 15:26:26.759000,1.04493,1.0449,2750000,1950000
2020-12-02 15:26:27.375000,1.04492,1.04489,1940000,2320000
2020-12-02 15:26:27.891000,1.0449,1.04489,1000000,1000000
2020-12-02 15:26:27.993000,1.0449,1.04488,1250000,1100000
2020-12-02 15:26:28.146000,1.0449,1.04487,1000000,1950000
2020-12-02 15:26:29.193000,1.04492,1.04486,1500000,4160000
2020-12-02 15:26:30.456000,1.04492,1.04487,1000000,2470000
2020-12-02 15:26:30.558000,1.04493,1.0449,1250000,2890000
2020-12-02 15:26:30.659000,1.04492,1.0449,1000000,1570000
2020-12-02 15:26:30.862000,1.04491,1.04488,1000000,4160000
2020-12-02 15:26:31.638000,1.04493,1.0449,4570000,2890000
2020-12-02 15:26:31.739000,1.04495,1.04491,2060000,4540000
2020-12-02 15:26:31.841000,1.04496,1.04493,2560000,1200000
2020-12-02 15:26:31.942000,1.04497,1.04493,1690000,1120000
2020-12-02 15:26:33.033000,1.04495,1.04494,1000000,1000000
2020-12-02 15:26:33.185000,1.04496,1.04493,1690000,3040000
2020-12-02 15:26:33.287000,1.04496,1.04494,1250000,1600000
2020-12-02 15:26:33.338000,1.04499,1.04494,1500000,3100000
2020-12-02 15:26:33.439000,1.04501,1.04499,1000000,2440000
2020-12-02 15:26:33.541000,1.04502,1.04499,1690000,1390000
2020-12-02 15:26:33.592000,1.04501,1.04498,2500000,1950000
2020-12-02 15:26:33.694000,1.04501,1.04498,2060000,1390000
2020-12-02 15:26:33.898000,1.04502,1.045,1000000,1390000
2020-12-02 15:26:34,1.04504,1.04499,1500000,2140000
2020-12-02 15:26:34.103000,1.04502,1.04499,1500000,3070000
2020-12-02 15:26:34.924000,1.045,1.04498,1000000,1200000
2020-12-02 15:26:35.718000,1.04499,1.04497,1250000,1500000
2020-12-02 15:26:37.660000,1.04497,1.04494,1500000,2060000
2020-12-02 15:26:37.762000,1.04495,1.04493,1000000,2890000
2020-12-02 15:26:38.115000,1.04494,1.04493,1500000,1250000
2020-12-02 15:26:38.217000,1.04493,1.04491,1000000,2120000
2020-12-02 15:26:40.122000,1.04489,1.04487,1000000,1120000
2020-12-02 15:26:40.223000,1.0449,1.04489,1000000,1250000
2020-12-02 15:26:42.228000,1.0449,1.04488,1000000,1690000
2020-12-02 15:26:43.036000,1.04489,1.04488,1000000,1250000
2020-12-02 15:26:43.339000,1.0449,1.04488,1000000,1690000
2020-12-02 15:26:44.111000,1.04489,1.04487,1500000,1000000
2020-12-02 15:26:44.407000,1.04487,1.04486,1500000,1000000
2020-12-02 15:26:44.508000,1.04485,1.04484,1500000,1500000
2020-12-02 15:26:44.559000,1.04485,1.04483,1500000,1690000
2020-12-02 15:26:47.706000,1.04486,1.04484,1500000,1250000
2020-12-02 15:26:48.085000,1.04487,1.04484,1000000,8950000
2020-12-02 15:26:48.190000,1.04487,1.04486,1000000,1250000
2020-12-02 15:26:48.976000,1.04487,1.04484,1500000,2120000
2020-12-02 15:26:49.078000,1.04485,1.04484,1000000,1000000
2020-12-02 15:26:49.231000,1.04485,1.04483,1000000,1310000
2020-12-02 15:26:56.157000,1.04484,1.04483,1000000,1000000
2020-12-02 15:26:56.259000,1.04483,1.04482,1000000,1000000
2020-12-02 15:26:59.469000,1.04484,1.04483,1000000,1250000
2020-12-02 15:26:59.621000,1.04488,1.04486,1000000,2060000
2020-12-02 15:26:59.722000,1.04488,1.04487,1000000,1000000
2020-12-02 15:26:59.874000,1.04489,1.04487,1500000,1000000
2020-12-02 15:26:59.975000,1.0449,1.04486,1500000,1000000
2020-12-02 15:27:00.982000,1.04489,1.04486,1500000,2060000
2020-12-02 15:27:01.142000,1.04487,1.04485,1500000,1120000
2020-12-02 15:27:01.294000,1.04487,1.04484,4870000,1500000
2020-12-02 15:27:03.188000,1.04485,1.04483,1000000,1000000
2020-12-02 15:27:03.239000,1.04484,1.04481,1500000,3370000
2020-12-02 15:27:03.543000,1.04485,1.04483,1000000,1690000
2020-12-02 15:27:04.099000,1.04488,1.04485,2560000,1500000
2020-12-02 15:27:04.201000,1.04489,1.04487,2440000,1120000
2020-12-02 15:27:07.159000,1.04488,1.04483,1500000,7060000
2020-12-02 15:27:07.260000,1.04486,1.04484,3750000,1250000
2020-12-02 15:27:07.467000,1.04487,1.04485,1120000,1250000
2020-12-02 15:27:08.526000,1.04487,1.04484,1500000,1690000
2020-12-02 15:27:08.679000,1.04487,1.04483,3190000,2620000
2020-12-02 15:27:09.639000,1.04486,1.04483,1000000,2620000
2020-12-02 15:27:09.740000,1.04487,1.04484,3560000,1000000
2020-12-02 15:27:09.841000,1.04485,1.04483,1000000,1120000
2020-12-02 15:27:11.365000,1.04486,1.04484,1000000,1000000
2020-12-02 15:27:11.416000,1.04488,1.04487,1500000,1500000
2020-12-02 15:27:11.468000,1.0449,1.04488,1310000,1000000
2020-12-02 15:27:11.519000,1.04491,1.0449,1000000,1500000
2020-12-02 15:27:11.571000,1.04493,1.04492,1250000,1000000
2020-12-02 15:27:11.723000,1.04494,1.04493,1250000,1000000
2020-12-02 15:27:14.452000,1.04493,1.04492,1250000,1500000
2020-12-02 15:27:15.588000,1.04494,1.04493,1250000,1500000
2020-12-02 15:27:25.802000,1.04492,1.0449,1250000,3070000
2020-12-02 15:27:25.903000,1.04493,1.04491,1370000,1000000
2020-12-02 15:27:26.056000,1.04494,1.04493,1000000,1500000
2020-12-02 15:27:26.258000,1.04496,1.04493,1940000,2250000
2020-12-02 15:27:27.117000,1.04495,1.04492,1690000,2620000
2020-12-02 15:27:27.594000,1.04494,1.04492,2060000,1000000
2020-12-02 15:27:27.907000,1.04495,1.04492,1500000,2620000
2020-12-02 15:27:28.008000,1.04495,1.04493,1000000,1000000
2020-12-02 15:27:30.423000,1.04495,1.04492,1500000,5620000
2020-12-02 15:27:31.668000,1.04494,1.04492,1000000,1870000
2020-12-02 15:27:32.407000,1.04494,1.04492,1000000,1870000
2020-12-02 15:27:33.914000,1.04492,1.04491,1000000,1000000
2020-12-02 15:27:34.016000,1.0449,1.04489,1000000,1000000
2020-12-02 15:27:34.117000,1.0449,1.04488,1000000,1120000
2020-12-02 15:27:34.220000,1.04489,1.04488,1000000,1120000
2020-12-02 15:27:34.322000,1.04488,1.04487,1000000,1000000
2020-12-02 15:27:35.626000,1.04489,1.04487,1870000,1000000
2020-12-02 15:27:35.959000,1.04487,1.04484,1120000,2500000
2020-12-02 15:27:36.163000,1.04487,1.04483,1000000,1250000
2020-12-02 15:27:36.315000,1.04486,1.04484,1120000,1000000
2020-12-02 15:27:37.123000,1.04484,1.04483,1000000,1690000
2020-12-02 15:27:37.225000,1.04487,1.04484,1870000,3190000
2020-12-02 15:27:37.276000,1.04488,1.04487,1000000,1000000
2020-12-02 15:27:37.377000,1.04489,1.04487,1000000,1000000
2020-12-02 15:27:37.478000,1.04488,1.04486,1000000,2250000
2020-12-02 15:27:38.012000,1.04488,1.04487,1000000,1000000
2020-12-02 15:27:39.830000,1.04488,1.04486,1000000,2250000
2020-12-02 15:27:39.931000,1.04488,1.04487,1000000,1000000
2020-12-02 15:27:40.032000,1.04488,1.04486,1000000,2250000
2020-12-02 15:27:40.134000,1.04488,1.04487,1000000,1000000
2020-12-02 15:27:44.544000,1.04488,1.04487,1000000,1000000
2020-12-02 15:27:44.645000,1.04487,1.04485,1000000,3190000
2020-12-02 15:27:44.747000,1.04486,1.04484,1000000,1870000
2020-12-02 15:27:44.899000,1.04486,1.04483,1690000,3750000
2020-12-02 15:27:44.949000,1.04485,1.04482,1000000,1000000
2020-12-02 15:27:46.175000,1.04486,1.04484,1000000,1570000
2020-12-02 15:27:46.276000,1.04486,1.04484,1000000,2900000
2020-12-02 15:27:46.479000,1.04487,1.04483,1000000,5890000
2020-12-02 15:27:46.834000,1.04487,1.04485,1000000,1770000
2020-12-02 15:27:46.935000,1.04488,1.04487,1000000,1200000
2020-12-02 15:27:47.037000,1.04488,1.04486,1000000,2320000
2020-12-02 15:27:48.711000,1.04487,1.04486,1000000,1870000
2020-12-02 15:27:48.812000,1.04486,1.04484,1000000,1570000
2020-12-02 15:27:48.863000,1.04485,1.04483,1000000,1250000
2020-12-02 15:27:48.914000,1.04484,1.04482,1000000,2440000
2020-12-02 15:27:49.015000,1.04485,1.04481,1000000,2120000
2020-12-02 15:27:49.117000,1.04485,1.04483,1000000,1250000
2020-12-02 15:27:49.319000,1.04484,1.04483,1000000,1000000
2020-12-02 15:27:49.421000,1.04483,1.04482,1000000,1250000
2020-12-02 15:27:49.523000,1.04482,1.04481,1000000,1250000
2020-12-02 15:27:50.198000,1.04482,1.04479,2330000,4750000
2020-12-02 15:27:50.350000,1.04479,1.04477,1500000,2940000
2020-12-02 15:27:50.812000,1.0448,1.04478,1500000,1370000
2020-12-02 15:27:50.863000,1.04482,1.04479,2700000,3190000
2020-12-02 15:27:50.965000,1.04481,1.04479,1250000,1000000
2020-12-02 15:27:51.066000,1.04481,1.04478,1250000,6370000
2020-12-02 15:27:52.318000,1.04481,1.04477,1000000,1870000
2020-12-02 15:27:52.420000,1.0448,1.04477,1690000,1120000
2020-12-02 15:27:52.471000,1.04477,1.04475,1000000,4250000
2020-12-02 15:27:52.522000,1.04477,1.04474,1500000,3260000
2020-12-02 15:27:52.624000,1.04477,1.04472,1500000,6310000
2020-12-02 15:27:52.675000,1.04478,1.04475,2320000,1250000
2020-12-02 15:27:52.776000,1.04478,1.04474,2440000,3640000
2020-12-02 15:27:52.877000,1.04477,1.04474,1000000,4450000
2020-12-02 15:27:52.979000,1.04477,1.04474,1000000,2890000
2020-12-02 15:27:53.946000,1.04476,1.04474,1000000,1310000
2020-12-02 15:27:54.048000,1.04475,1.04474,1000000,1120000
2020-12-02 15:27:54.150000,1.04475,1.04473,1000000,1310000
2020-12-02 15:27:54.480000,1.04476,1.04474,1000000,1310000
2020-12-02 15:27:54.582000,1.04476,1.04474,1000000,3370000
2020-12-02 15:27:54.683000,1.04475,1.04473,1000000,2060000
2020-12-02 15:27:54.784000,1.04477,1.04474,1500000,1690000
2020-12-02 15:27:54.886000,1.04477,1.04475,1000000,1250000
2020-12-02 15:27:57.077000,1.04476,1.04474,1000000,1000000
2020-12-02 15:27:57.128000,1.04474,1.04471,1250000,1870000
2020-12-02 15:27:57.179000,1.04475,1.04473,1310000,1000000
2020-12-02 15:27:57.532000,1.04477,1.04473,1250000,1000000
2020-12-02 15:27:57.836000,1.04477,1.04476,1500000,1000000
2020-12-02 15:27:57.937000,1.04478,1.04473,2500000,1500000
2020-12-02 15:27:58.039000,1.04477,1.04472,1000000,4060000
2020-12-02 15:27:58.241000,1.04476,1.04473,1000000,3190000
2020-12-02 15:27:58.342000,1.04477,1.04474,2500000,1000000
2020-12-02 15:27:58.490000,1.04476,1.04473,1250000,1870000
2020-12-02 15:28:01.385000,1.04476,1.04474,1000000,1000000
2020-12-02 15:28:02.049000,1.04477,1.04474,1000000,4840000
2020-12-02 15:28:03.073000,1.04477,1.04474,1000000,6090000
2020-12-02 15:28:03.999000,1.0448,1.04478,1120000,1000000
2020-12-02 15:28:04.868000,1.0448,1.04477,1000000,4120000
2020-12-02 15:28:04.969000,1.04479,1.04477,1000000,1000000
2020-12-02 15:28:05.179000,1.0448,1.04477,1000000,1120000
2020-12-02 15:28:05.885000,1.0448,1.04478,1000000,1000000
2020-12-02 15:28:05.987000,1.04481,1.04478,1690000,2620000
2020-12-02 15:28:09.684000,1.04481,1.04478,2500000,2620000
2020-12-02 15:28:12.704000,1.0448,1.04476,1690000,4510000
2020-12-02 15:28:12.805000,1.04478,1.04476,1000000,1000000
2020-12-02 15:28:13.159000,1.0448,1.04478,1690000,1000000
2020-12-02 15:28:13.261000,1.04481,1.04478,1250000,7950000
2020-12-02 15:28:13.362000,1.04481,1.04479,1000000,1100000
2020-12-02 15:28:14.525000,1.04484,1.04483,1310000,1000000
2020-12-02 15:28:14.677000,1.04485,1.04482,2500000,1120000
2020-12-02 15:28:15.998000,1.04484,1.04481,1250000,2620000
2020-12-02 15:28:19.532000,1.04483,1.04481,1000000,2620000
2020-12-02 15:28:19.687000,1.04485,1.04482,3620000,1500000
2020-12-02 15:28:19.839000,1.04487,1.04482,3310000,1120000
2020-12-02 15:28:19.941000,1.04486,1.04483,1500000,6190000
2020-12-02 15:28:21.663000,1.04485,1.04483,1000000,4120000
2020-12-02 15:28:21.765000,1.04484,1.04481,1690000,2620000
2020-12-02 15:28:22.665000,1.04485,1.04483,1120000,1000000
2020-12-02 15:28:22.716000,1.04488,1.04486,2560000,1000000
2020-12-02 15:28:22.818000,1.0449,1.04487,2120000,2620000
2020-12-02 15:28:22.919000,1.0449,1.04487,1750000,3120000
2020-12-02 15:28:23.437000,1.04486,1.04485,1000000,1000000
2020-12-02 15:28:23.489000,1.04486,1.04483,1500000,4310000
2020-12-02 15:28:24.465000,1.04487,1.04485,1250000,1000000
2020-12-02 15:28:24.567000,1.04488,1.04485,1250000,1870000
2020-12-02 15:28:24.820000,1.04486,1.04484,2500000,1120000
2020-12-02 15:28:24.921000,1.04487,1.04482,3250000,1000000
2020-12-02 15:28:27.387000,1.04487,1.04482,1690000,1500000
2020-12-02 15:28:27.944000,1.04486,1.04483,2500000,1500000
2020-12-02 15:28:32.054000,1.04484,1.04483,1250000,1000000
2020-12-02 15:28:32.105000,1.04482,1.0448,1000000,1390000
2020-12-02 15:28:32.156000,1.04484,1.04482,1310000,1000000
2020-12-02 15:28:32.257000,1.04485,1.04482,1690000,3370000
2020-12-02 15:28:33.211000,1.04485,1.04482,1690000,3870000
2020-12-02 15:28:33.313000,1.04486,1.04485,1250000,1000000
2020-12-02 15:28:33.364000,1.04487,1.04485,1250000,2620000
2020-12-02 15:28:33.466000,1.04487,1.04485,1250000,5000000
2020-12-02 15:28:33.567000,1.04489,1.04487,1250000,1500000
2020-12-02 15:28:33.719000,1.04489,1.04486,2500000,2250000
2020-12-02 15:28:35.852000,1.04486,1.04484,1000000,5450000
2020-12-02 15:28:35.981000,1.04486,1.04483,2060000,2250000
2020-12-02 15:28:36.132000,1.04485,1.04483,1000000,1000000
2020-12-02 15:28:36.234000,1.04484,1.04481,1870000,1690000
2020-12-02 15:28:36.335000,1.04485,1.04482,1760000,3000000
2020-12-02 15:28:36.639000,1.04484,1.04482,1500000,1000000
2020-12-02 15:28:37.195000,1.04485,1.0448,2440000,2250000
2020-12-02 15:28:37.297000,1.04484,1.0448,1500000,1000000
2020-12-02 15:28:37.884000,1.04482,1.04479,2440000,1000000
2020-12-02 15:28:38.036000,1.04481,1.04479,1000000,1000000
2020-12-02 15:28:38.798000,1.04481,1.04477,1000000,1870000
2020-12-02 15:28:38.951000,1.04479,1.04477,1000000,1500000
2020-12-02 15:28:39.053000,1.04478,1.04476,1000000,1250000
2020-12-02 15:28:42.181000,1.0448,1.04478,2250000,1870000
2020-12-02 15:28:42.282000,1.04481,1.04479,1500000,1000000
2020-12-02 15:28:42.334000,1.04483,1.04482,1250000,1000000
2020-12-02 15:28:42.435000,1.04484,1.04483,1250000,1500000
2020-12-02 15:28:42.637000,1.04486,1.04484,1250000,2620000
2020-12-02 15:28:42.688000,1.04487,1.04484,2440000,3120000
2020-12-02 15:28:42.790000,1.04487,1.04484,2440000,2620000
2020-12-02 15:28:43.718000,1.04486,1.04484,1250000,1500000
2020-12-02 15:28:45.185000,1.04487,1.04484,2440000,1000000
2020-12-02 15:28:45.934000,1.04484,1.04483,1690000,1000000
2020-12-02 15:28:45.985000,1.04483,1.04481,1000000,3450000
2020-12-02 15:28:46.087000,1.04484,1.04481,2440000,1500000
2020-12-02 15:28:46.188000,1.04483,1.04481,1500000,1000000
2020-12-02 15:28:46.289000,1.04485,1.04481,3190000,2330000
2020-12-02 15:28:46.391000,1.04484,1.04481,1250000,2330000
2020-12-02 15:28:46.492000,1.04485,1.04482,2440000,1000000
2020-12-02 15:28:46.924000,1.04484,1.04481,1250000,2250000
2020-12-02 15:28:47.044000,1.04485,1.04481,1690000,2330000
2020-12-02 15:28:47.145000,1.04484,1.04481,1690000,2250000
2020-12-02 15:28:47.247000,1.04485,1.04481,1690000,2330000
2020-12-02 15:28:47.476000,1.04484,1.04481,2440000,2330000
2020-12-02 15:28:49.761000,1.04482,1.0448,1000000,1000000
2020-12-02 15:28:49.863000,1.04479,1.04477,1250000,1870000
2020-12-02 15:28:49.964000,1.04481,1.04478,2440000,1000000
2020-12-02 15:28:50.066000,1.04481,1.04479,1000000,1000000
2020-12-02 15:28:50.168000,1.04483,1.04482,1250000,1500000
2020-12-02 15:28:50.269000,1.04482,1.04481,1000000,1000000
2020-12-02 15:28:51.156000,1.04482,1.0448,1500000,1000000
2020-12-02 15:28:51.257000,1.04484,1.04483,1250000,1000000
2020-12-02 15:28:51.887000,1.04485,1.04483,1690000,1000000
2020-12-02 15:28:51.988000,1.04484,1.04482,1250000,2250000
2020-12-02 15:28:53.933000,1.04484,1.04481,2440000,2250000
2020-12-02 15:28:55.843000,1.04484,1.04482,1690000,1000000
2020-12-02 15:28:55.945000,1.04484,1.04481,2440000,2700000
2020-12-02 15:28:56.046000,1.04483,1.04481,1000000,1950000
2020-12-02 15:28:56.784000,1.04485,1.04482,3750000,1950000
2020-12-02 15:28:57.893000,1.04484,1.04482,1690000,1000000
2020-12-02 15:28:57.995000,1.04483,1.04481,1000000,1950000
2020-12-02 15:28:59.275000,1.04484,1.04481,1250000,2700000
2020-12-02 15:28:59.377000,1.04483,1.04481,1250000,1000000
2020-12-02 15:28:59.478000,1.04483,1.0448,2060000,2700000
2020-12-02 15:29:00.079000,1.04482,1.0448,1250000,1500000
2020-12-02 15:29:00.130000,1.0448,1.04478,2440000,3870000
2020-12-02 15:29:00.231000,1.0448,1.04477,1000000,3220000
2020-12-02 15:29:00.333000,1.0448,1.04477,1000000,3070000
2020-12-02 15:29:00.672000,1.0448,1.04477,2870000,2700000
2020-12-02 15:29:00.774000,1.0448,1.04477,1250000,3070000
2020-12-02 15:29:02.220000,1.04478,1.04476,1000000,2250000
2020-12-02 15:29:04.314000,1.04477,1.04475,1000000,1690000
2020-12-02 15:29:06.764000,1.04478,1.04475,1870000,2060000
2020-12-02 15:29:07.084000,1.0448,1.04476,1310000,1000000
2020-12-02 15:29:07.236000,1.04479,1.04476,1250000,3070000
2020-12-02 15:29:07.793000,1.04477,1.04475,1000000,2060000
2020-12-02 15:29:08.832000,1.04478,1.04475,1000000,1000000
2020-12-02 15:29:10.003000,1.04478,1.04476,1000000,1200000
2020-12-02 15:29:10.105000,1.04478,1.04475,1500000,3640000
2020-12-02 15:29:10.206000,1.04477,1.04475,1000000,1690000
2020-12-02 15:29:10.358000,1.04476,1.04475,1000000,1500000
2020-12-02 15:29:13.888000,1.04477,1.04475,1500000,2510000
2020-12-02 15:29:14.475000,1.04478,1.04476,1000000,1200000
2020-12-02 15:29:14.577000,1.04479,1.04476,2440000,2320000
2020-12-02 15:29:14.679000,1.04479,1.04477,1250000,1000000
2020-12-02 15:29:15.876000,1.04479,1.04476,1690000,1870000
2020-12-02 15:29:16.079000,1.04479,1.04476,1690000,2820000
2020-12-02 15:29:16.181000,1.0448,1.04475,1690000,2320000
2020-12-02 15:29:18.186000,1.04479,1.04477,1250000,1000000
2020-12-02 15:29:18.288000,1.04481,1.04479,1250000,1000000
2020-12-02 15:29:18.678000,1.04481,1.04479,1750000,1000000
2020-12-02 15:29:18.781000,1.0448,1.04477,3310000,1500000
2020-12-02 15:29:19.176000,1.04478,1.04476,1120000,1500000
2020-12-02 15:29:20.258000,1.04479,1.04474,1870000,3190000
2020-12-02 15:29:23.760000,1.04479,1.04476,3190000,1120000
2020-12-02 15:29:24.774000,1.04479,1.04476,3310000,1120000
2020-12-02 15:29:25.777000,1.0448,1.04475,3190000,1120000
2020-12-02 15:29:26.333000,1.04479,1.04476,3310000,1120000
2020-12-02 15:29:26.434000,1.04479,1.04476,2810000,1000000
2020-12-02 15:29:26.643000,1.04481,1.04478,6010000,1500000
2020-12-02 15:29:26.745000,1.04482,1.04478,1120000,1000000
2020-12-02 15:29:26.847000,1.04482,1.04479,1870000,2810000
2020-12-02 15:29:27.857000,1.04481,1.04479,1000000,1500000
2020-12-02 15:29:27.959000,1.0448,1.04478,1250000,2250000
2020-12-02 15:29:28.111000,1.04481,1.04479,1250000,1500000
2020-12-02 15:29:28.212000,1.04484,1.04482,1250000,1000000
2020-12-02 15:29:28.314000,1.04484,1.04483,1250000,1870000
2020-12-02 15:29:30.334000,1.04483,1.04481,1250000,2250000
2020-12-02 15:29:30.436000,1.04482,1.04479,2810000,2250000
2020-12-02 15:29:30.537000,1.04481,1.04479,1000000,2250000
2020-12-02 15:29:31.041000,1.04483,1.0448,2140000,3000000
2020-12-02 15:29:31.143000,1.04483,1.04481,1500000,1000000
2020-12-02 15:29:31.295000,1.04483,1.0448,2440000,2250000
2020-12-02 15:29:31.649000,1.04483,1.04479,1250000,1000000
2020-12-02 15:29:33.362000,1.04483,1.0448,2060000,1500000
2020-12-02 15:29:33.464000,1.04484,1.04481,2500000,1870000
2020-12-02 15:29:33.565000,1.04484,1.04481,1250000,2620000
2020-12-02 15:29:33.667000,1.04483,1.04481,1250000,1500000
2020-12-02 15:29:34.250000,1.04484,1.04483,1250000,1000000
2020-12-02 15:29:34.351000,1.04485,1.04483,1000000,1120000
2020-12-02 15:29:34.909000,1.04483,1.04481,2440000,1000000
2020-12-02 15:29:35.011000,1.04483,1.0448,4000000,2250000
2020-12-02 15:29:36.028000,1.04481,1.0448,1250000,1000000
2020-12-02 15:29:36.079000,1.0448,1.04478,1500000,1500000
2020-12-02 15:29:36.181000,1.04479,1.04476,1500000,5810000
2020-12-02 15:29:36.929000,1.04478,1.04476,1500000,1690000
2020-12-02 15:29:42.315000,1.04477,1.04475,1000000,1250000
2020-12-02 15:29:42.366000,1.04475,1.04472,1870000,3450000
2020-12-02 15:29:42.417000,1.04475,1.04471,1310000,1570000
2020-12-02 15:29:42.520000,1.04476,1.04473,3560000,1000000
2020-12-02 15:29:42.622000,1.04475,1.04473,1000000,1000000
2020-12-02 15:29:43.522000,1.04474,1.04472,1250000,1870000
2020-12-02 15:29:43.624000,1.04474,1.04471,2870000,2250000
2020-12-02 15:29:47.377000,1.04475,1.04473,1500000,1000000
2020-12-02 15:29:47.428000,1.04476,1.04474,1390000,1000000
2020-12-02 15:29:47.529000,1.04477,1.04474,2810000,1000000
2020-12-02 15:29:48.135000,1.04478,1.04477,2440000,1000000
2020-12-02 15:29:48.186000,1.04479,1.04478,1310000,1500000
2020-12-02 15:29:50.550000,1.04478,1.04476,1690000,1500000
2020-12-02 15:29:50.651000,1.0448,1.04476,1250000,1500000
2020-12-02 15:29:51.141000,1.0448,1.04479,1250000,3000000
2020-12-02 15:29:51.243000,1.04483,1.04481,1250000,1500000
2020-12-02 15:29:51.344000,1.04484,1.04481,3250000,1870000
2020-12-02 15:29:51.496000,1.04484,1.04482,1250000,1120000
2020-12-02 15:29:52.056000,1.04485,1.04482,1690000,3000000
2020-12-02 15:29:52.158000,1.04485,1.04483,1250000,1000000
2020-12-02 15:29:52.259000,1.04483,1.04481,1000000,4750000
2020-12-02 15:29:52.310000,1.04483,1.0448,1500000,2810000
2020-12-02 15:29:52.411000,1.04483,1.04481,1500000,1690000
2020-12-02 15:29:52.513000,1.04483,1.0448,1620000,3190000
2020-12-02 15:29:52.868000,1.04483,1.0448,1870000,2250000
2020-12-02 15:29:53.173000,1.04484,1.04482,4140000,1000000
2020-12-02 15:29:53.274000,1.04484,1.04482,1000000,1500000
2020-12-02 15:29:53.427000,1.04484,1.04483,1000000,1000000
2020-12-02 15:29:53.528000,1.04484,1.04482,1000000,1500000
2020-12-02 15:29:53.680000,1.04486,1.04481,4500000,1500000
2020-12-02 15:29:53.831000,1.04486,1.04482,1500000,1000000
2020-12-02 15:29:54.340000,1.04485,1.04482,2250000,1500000
2020-12-02 15:29:54.846000,1.04485,1.04483,1000000,1000000
2020-12-02 15:29:55.042000,1.04486,1.04481,1500000,1500000
2020-12-02 15:29:55.969000,1.04487,1.04485,1620000,1500000
2020-12-02 15:29:56.019000,1.04488,1.04485,4010000,1500000
2020-12-02 15:29:56.856000,1.04486,1.04484,1000000,1500000
2020-12-02 15:29:56.958000,1.04488,1.04483,8140000,1500000
2020-12-02 15:29:57.637000,1.04486,1.04484,1000000,1000000
2020-12-02 15:29:58.827000,1.04487,1.04484,2620000,1500000
2020-12-02 15:29:59.080000,1.04488,1.04485,2620000,1500000
2020-12-02 15:29:59.596000,1.04488,1.04486,2060000,1000000
2020-12-02 15:29:59.697000,1.0449,1.04488,1410000,1500000
2020-12-02 15:29:59.748000,1.04489,1.04486,1000000,6560000
2020-12-02 15:30:00.102000,1.04488,1.04486,1000000,1000000
2020-12-02 15:30:00.203000,1.04487,1.04484,1000000,3190000
2020-12-02 15:30:00.305000,1.04487,1.04483,1000000,1000000
2020-12-02 15:30:00.355000,1.04484,1.04482,1500000,1250000
2020-12-02 15:30:02.687000,1.04485,1.04483,4500000,2440000
2020-12-02 15:30:02.738000,1.04487,1.04484,6260000,1000000
2020-12-02 15:30:03.723000,1.04486,1.04483,1000000,3190000
2020-12-02 15:30:03.854000,1.04485,1.04482,1000000,2440000
2020-12-02 15:30:05.732000,1.04486,1.04483,3120000,1500000
2020-12-02 15:30:05.833000,1.04486,1.04483,2250000,1500000
2020-12-02 15:30:06.242000,1.04485,1.04482,1500000,3560000
2020-12-02 15:30:06.344000,1.04485,1.04482,1560000,2250000
2020-12-02 15:30:06.547000,1.04485,1.04482,1500000,2250000
2020-12-02 15:30:06.649000,1.04484,1.04482,1000000,1500000
2020-12-02 15:30:07.544000,1.04485,1.04482,4500000,3190000
2020-12-02 15:30:09.511000,1.04487,1.04485,2260000,1250000
2020-12-02 15:30:09.562000,1.04488,1.04486,1200000,1690000
2020-12-02 15:30:10.323000,1.04485,1.04484,1000000,1500000
2020-12-02 15:30:10.425000,1.04485,1.04483,1000000,1000000
2020-12-02 15:30:10.527000,1.04484,1.04482,1500000,1250000
2020-12-02 15:30:10.628000,1.04484,1.04481,1500000,3190000
2020-12-02 15:30:12.168000,1.04483,1.04481,1000000,1690000
2020-12-02 15:30:12.633000,1.04483,1.0448,1500000,2440000
2020-12-02 15:30:12.969000,1.04484,1.0448,1500000,1250000
2020-12-02 15:30:14.170000,1.04482,1.0448,1000000,2440000
2020-12-02 15:30:14.272000,1.0448,1.04477,2620000,1690000
2020-12-02 15:30:14.726000,1.04479,1.04477,1000000,1250000
2020-12-02 15:30:15,1.04478,1.04474,1000000,2870000
2020-12-02 15:30:15.051000,1.04476,1.04473,2620000,3260000
2020-12-02 15:30:15.152000,1.04476,1.04474,2620000,1250000
2020-12-02 15:30:17.394000,1.04475,1.04474,1000000,1250000
2020-12-02 15:30:18.444000,1.04475,1.04473,1500000,1250000
2020-12-02 15:30:18.545000,1.04476,1.04474,4120000,1250000
2020-12-02 15:30:18.647000,1.04475,1.04473,1870000,1250000
2020-12-02 15:30:19.053000,1.04476,1.04474,3750000,1250000
2020-12-02 15:30:19.104000,1.04475,1.04473,1000000,1250000
2020-12-02 15:30:19.205000,1.04475,1.04473,1000000,2870000
2020-12-02 15:30:20.421000,1.04475,1.04473,1000000,1690000
2020-12-02 15:30:20.524000,1.04474,1.04472,1000000,1690000
2020-12-02 15:30:20.626000,1.04475,1.04473,1500000,1250000
2020-12-02 15:30:20.728000,1.04476,1.04474,1500000,1250000
2020-12-02 15:30:22.902000,1.04476,1.04473,1500000,2810000
2020-12-02 15:30:29.720000,1.04476,1.04474,1500000,1250000
2020-12-02 15:30:30.179000,1.04476,1.04473,1000000,1250000
2020-12-02 15:30:30.230000,1.04474,1.04472,1000000,2810000
2020-12-02 15:30:33.617000,1.04472,1.0447,1500000,2560000
2020-12-02 15:30:33.719000,1.04471,1.0447,1000000,1250000
2020-12-02 15:30:34.883000,1.0447,1.04469,1500000,1500000
2020-12-02 15:30:34.984000,1.04469,1.04467,1120000,1690000
2020-12-02 15:30:36.541000,1.04469,1.04468,1500000,1250000
2020-12-02 15:30:36.976000,1.04468,1.04467,1000000,1250000
2020-12-02 15:30:37.079000,1.04469,1.04468,1000000,1250000
2020-12-02 15:30:37.181000,1.04468,1.04467,1000000,1250000
2020-12-02 15:30:37.839000,1.04469,1.04468,1500000,1250000
2020-12-02 15:30:37.940000,1.04468,1.04467,1000000,1310000
2020-12-02 15:30:38.045000,1.04469,1.04468,1500000,1250000
2020-12-02 15:30:40.454000,1.04469,1.04467,1000000,1690000
2020-12-02 15:30:41.478000,1.04469,1.04468,1000000,1000000
2020-12-02 15:30:41.579000,1.0447,1.04468,1500000,1000000
2020-12-02 15:30:41.681000,1.0447,1.04466,1000000,1690000
2020-12-02 15:30:42.036000,1.04467,1.04466,1500000,2440000
2020-12-02 15:30:42.087000,1.04468,1.04464,2440000,3560000
2020-12-02 15:30:42.239000,1.04465,1.04464,1500000,1250000
2020-12-02 15:30:42.340000,1.04464,1.04463,1000000,1250000
2020-12-02 15:30:42.792000,1.04464,1.04462,1000000,2440000
2020-12-02 15:30:42.894000,1.04463,1.04462,1500000,1690000
2020-12-02 15:30:42.995000,1.04462,1.0446,1500000,1250000
2020-12-02 15:30:43.046000,1.0446,1.04459,1500000,1000000
2020-12-02 15:30:43.148000,1.04459,1.04457,1000000,2870000
2020-12-02 15:30:45.009000,1.04462,1.0446,1200000,3440000
2020-12-02 15:30:45.111000,1.04464,1.04461,1500000,3190000
2020-12-02 15:30:45.213000,1.04465,1.04463,1100000,1120000
2020-12-02 15:30:46.966000,1.04466,1.04463,1690000,1000000
2020-12-02 15:30:47.068000,1.04468,1.04465,3320000,1000000
2020-12-02 15:30:48.007000,1.04468,1.04465,2440000,1000000
2020-12-02 15:30:48.108000,1.04469,1.04464,2500000,1500000
2020-12-02 15:30:48.896000,1.04469,1.04466,3620000,1000000
2020-12-02 15:30:48.998000,1.04471,1.04469,1200000,1500000
2020-12-02 15:30:49.151000,1.0447,1.04468,1250000,1870000
2020-12-02 15:30:49.257000,1.04468,1.04466,1000000,1120000
2020-12-02 15:30:49.561000,1.04468,1.04465,1500000,1690000
2020-12-02 15:30:49.662000,1.04468,1.04466,1500000,1250000
2020-12-02 15:30:49.763000,1.04468,1.04465,1500000,1690000
2020-12-02 15:30:51.106000,1.04467,1.04465,1000000,1250000
2020-12-02 15:30:51.258000,1.04466,1.04462,1500000,1250000
2020-12-02 15:30:52.318000,1.04468,1.04465,6950000,1250000
2020-12-02 15:30:52.421000,1.04467,1.04465,1500000,1250000
2020-12-02 15:30:52.473000,1.04466,1.04464,1000000,2440000
2020-12-02 15:30:52.575000,1.04465,1.04464,1000000,1000000
2020-12-02 15:30:54.182000,1.04465,1.04463,1000000,1000000
2020-12-02 15:30:54.334000,1.04465,1.04462,1250000,1500000
2020-12-02 15:30:54.436000,1.04464,1.04461,1690000,1500000
2020-12-02 15:30:55.309000,1.04464,1.0446,1000000,1000000
2020-12-02 15:30:55.410000,1.04463,1.04459,1000000,1690000
2020-12-02 15:30:55.512000,1.04462,1.04459,1500000,3190000
2020-12-02 15:30:55.815000,1.04462,1.0446,1500000,1250000
2020-12-02 15:30:55.967000,1.0446,1.04459,1000000,1250000
2020-12-02 15:30:56.689000,1.04466,1.04463,2750000,1250000
2020-12-02 15:30:56.791000,1.04465,1.04464,1500000,1000000
2020-12-02 15:30:56.902000,1.04464,1.04462,1000000,1870000
2020-12-02 15:30:57.306000,1.04463,1.0446,3190000,2810000
2020-12-02 15:30:57.407000,1.04462,1.0446,1000000,1690000
2020-12-02 15:30:58.300000,1.04463,1.04461,2250000,1690000
2020-12-02 15:30:59.122000,1.04464,1.04462,1500000,1000000
2020-12-02 15:30:59.223000,1.04465,1.04462,1500000,2440000
2020-12-02 15:30:59.504000,1.04465,1.04463,1500000,1250000
2020-12-02 15:31:02.314000,1.04465,1.04462,1500000,2810000
2020-12-02 15:31:02.416000,1.04465,1.04461,1000000,1250000
2020-12-02 15:31:02.826000,1.04462,1.0446,1870000,2560000
2020-12-02 15:31:02.928000,1.04464,1.04459,1870000,1000000
2020-12-02 15:31:03.029000,1.04462,1.0446,1000000,1000000
2020-12-02 15:31:03.181000,1.04461,1.04459,1500000,3750000
2020-12-02 15:31:03.282000,1.04461,1.04458,1500000,2440000
2020-12-02 15:31:05.195000,1.04461,1.04459,1000000,1690000
2020-12-02 15:31:05.296000,1.04462,1.0446,1000000,1000000
2020-12-02 15:31:06.236000,1.04462,1.04459,1500000,1690000
2020-12-02 15:31:06.435000,1.04461,1.04459,1000000,1000000
2020-12-02 15:31:06.536000,1.0446,1.04457,1500000,1760000
2020-12-02 15:31:07.547000,1.04458,1.04456,1000000,6690000
2020-12-02 15:31:07.649000,1.04456,1.04454,1500000,2700000
2020-12-02 15:31:07.700000,1.04455,1.04453,1000000,3000000
2020-12-02 15:31:08.003000,1.04454,1.04453,1000000,2440000
2020-12-02 15:31:08.307000,1.04454,1.04452,1000000,1690000
2020-12-02 15:31:09.098000,1.04453,1.04451,1500000,1250000
2020-12-02 15:31:09.249000,1.04452,1.0445,1000000,1750000
2020-12-02 15:31:10.028000,1.04453,1.0445,1120000,1750000
2020-12-02 15:31:10.129000,1.04452,1.0445,1000000,1750000
2020-12-02 15:31:10.356000,1.04452,1.0445,1000000,2060000
2020-12-02 15:31:10.407000,1.04454,1.04451,1000000,1310000
2020-12-02 15:31:10.618000,1.04454,1.04451,1000000,2560000
2020-12-02 15:31:10.719000,1.04454,1.04452,1000000,1760000
2020-12-02 15:31:11.586000,1.04455,1.04453,1000000,1690000
2020-12-02 15:31:11.687000,1.04454,1.04452,1000000,1750000
2020-12-02 15:31:11.789000,1.04453,1.04452,1000000,1000000
2020-12-02 15:31:11.890000,1.04453,1.0445,1500000,5060000
2020-12-02 15:31:11.992000,1.04452,1.0445,1500000,1690000
2020-12-02 15:31:12.626000,1.04452,1.0445,1000000,2140000
2020-12-02 15:31:12.728000,1.04453,1.04452,1000000,1250000
2020-12-02 15:31:14.194000,1.04454,1.04453,1000000,1250000
2020-12-02 15:31:15.717000,1.04453,1.04452,1000000,1250000
2020-12-02 15:31:15.768000,1.04452,1.04449,1000000,2700000
2020-12-02 15:31:15.869000,1.0445,1.04447,1000000,1000000
2020-12-02 15:31:15.972000,1.04448,1.04447,1000000,1250000
2020-12-02 15:31:16.226000,1.04447,1.04446,1000000,1690000
2020-12-02 15:31:17.464000,1.04448,1.04446,1000000,2890000
2020-12-02 15:31:17.515000,1.04452,1.04449,3000000,1250000
2020-12-02 15:31:17.617000,1.0445,1.04449,1000000,1690000
2020-12-02 15:31:18.323000,1.04449,1.04447,1500000,2560000
2020-12-02 15:31:18.576000,1.0445,1.04448,1000000,1250000
2020-12-02 15:31:18.677000,1.04451,1.04449,1500000,1250000
2020-12-02 15:31:18.934000,1.04452,1.0445,1500000,1750000
2020-12-02 15:31:19.086000,1.04452,1.0445,1000000,1690000
2020-12-02 15:31:19.272000,1.04453,1.04452,1500000,1250000
2020-12-02 15:31:19.373000,1.04454,1.04453,1000000,1250000
2020-12-02 15:31:19.891000,1.04455,1.04453,1500000,1250000
2020-12-02 15:31:21.208000,1.04454,1.04453,1000000,1690000
2020-12-02 15:31:22.574000,1.04458,1.04454,1500000,1000000
2020-12-02 15:31:22.675000,1.04455,1.04453,1500000,1810000
2020-12-02 15:31:22.777000,1.04455,1.04453,1500000,1250000
2020-12-02 15:31:22.878000,1.04454,1.04452,1000000,2440000
2020-12-02 15:31:22.980000,1.04453,1.04451,1500000,2440000
2020-12-02 15:31:23.081000,1.04452,1.0445,1500000,1750000
2020-12-02 15:31:23.385000,1.04453,1.04451,1000000,1250000
2020-12-02 15:31:23.537000,1.04454,1.04451,1500000,2200000
2020-12-02 15:31:23.638000,1.04454,1.04452,1500000,1250000
2020-12-02 15:31:27.504000,1.04455,1.04454,1000000,1250000
2020-12-02 15:31:27.858000,1.04456,1.04454,1000000,1250000
2020-12-02 15:31:28.693000,1.04456,1.04453,1500000,1250000
2020-12-02 15:31:28.743000,1.04454,1.04452,1500000,2870000
2020-12-02 15:31:28.845000,1.04453,1.04451,1000000,2810000
2020-12-02 15:31:28.946000,1.04452,1.0445,1500000,2140000
2020-12-02 15:31:29.452000,1.04451,1.0445,1000000,1250000
2020-12-02 15:31:31.140000,1.04452,1.04451,1000000,1250000
2020-12-02 15:31:31.191000,1.04454,1.04451,1500000,6190000
2020-12-02 15:31:31.292000,1.04455,1.04452,1500000,1690000
2020-12-02 15:31:31.893000,1.04453,1.04451,1000000,3560000
2020-12-02 15:31:32.228000,1.04453,1.04451,1000000,4060000
2020-12-02 15:31:34.094000,1.04454,1.04451,1500000,8560000
2020-12-02 15:31:34.907000,1.04455,1.04452,1500000,2810000
2020-12-02 15:31:35.362000,1.04453,1.04451,1000000,2560000
2020-12-02 15:31:35.464000,1.04453,1.04451,1000000,1310000
2020-12-02 15:31:35.939000,1.04452,1.04449,1500000,2200000
2020-12-02 15:31:36.040000,1.04453,1.0445,2620000,1250000
2020-12-02 15:31:39.086000,1.04453,1.0445,6120000,1250000
2020-12-02 15:31:40.104000,1.04453,1.0445,6000000,1250000
2020-12-02 15:31:40.235000,1.04454,1.04449,6000000,1750000
2020-12-02 15:31:40.810000,1.04451,1.04448,3000000,2870000
2020-12-02 15:31:40.912000,1.04451,1.04448,2250000,2810000
2020-12-02 15:31:41.781000,1.0445,1.04448,1000000,2060000
2020-12-02 15:31:41.985000,1.04451,1.04448,2440000,1690000
2020-12-02 15:31:46.335000,1.04448,1.04446,1000000,3310000
2020-12-02 15:31:46.436000,1.04448,1.04445,1500000,3250000
2020-12-02 15:31:46.538000,1.04447,1.04445,1000000,1000000
2020-12-02 15:31:46.741000,1.04446,1.04444,1500000,1310000
2020-12-02 15:31:46.791000,1.04444,1.04443,1500000,1310000
2020-12-02 15:31:46.994000,1.04442,1.04438,1000000,5620000
2020-12-02 15:31:47.096000,1.04442,1.04438,1000000,1250000
2020-12-02 15:31:47.197000,1.04441,1.04439,1000000,1750000
2020-12-02 15:31:48.282000,1.0444,1.04438,1000000,2250000
2020-12-02 15:31:48.839000,1.04441,1.04439,1000000,1310000
2020-12-02 15:31:49.836000,1.04442,1.0444,1000000,1250000
2020-12-02 15:31:49.886000,1.04443,1.0444,1000000,1370000
2020-12-02 15:31:50.139000,1.04443,1.04441,1000000,1000000
2020-12-02 15:31:50.240000,1.04443,1.0444,1000000,3260000
2020-12-02 15:31:50.352000,1.04445,1.04443,1250000,1500000
2020-12-02 15:31:50.504000,1.04446,1.04444,1250000,1500000
2020-12-02 15:31:50.606000,1.04444,1.04442,1500000,4950000
2020-12-02 15:31:50.707000,1.04445,1.0444,1500000,2890000
2020-12-02 15:31:51.077000,1.04443,1.0444,1500000,3370000
2020-12-02 15:31:51.179000,1.04443,1.0444,1500000,1250000
2020-12-02 15:31:51.280000,1.04443,1.04441,1000000,1000000
2020-12-02 15:31:51.583000,1.04441,1.04439,1000000,2870000
2020-12-02 15:31:52.038000,1.0444,1.04439,1000000,2060000
2020-12-02 15:31:53.660000,1.04441,1.04438,1500000,2500000
2020-12-02 15:31:54.420000,1.04442,1.04441,1000000,1000000
2020-12-02 15:31:54.522000,1.04443,1.04441,2250000,1000000
2020-12-02 15:31:54.623000,1.04444,1.04439,2250000,1250000
2020-12-02 15:31:55.948000,1.04443,1.0444,2250000,1750000
2020-12-02 15:31:56.050000,1.04443,1.0444,2250000,1000000
2020-12-02 15:31:56.769000,1.04443,1.0444,2250000,2500000
2020-12-02 15:31:56.820000,1.04447,1.04443,1820000,1000000
2020-12-02 15:31:56.921000,1.04446,1.04444,1000000,1500000
2020-12-02 15:31:57.022000,1.04447,1.04444,1500000,1500000
2020-12-02 15:31:57.903000,1.04447,1.04445,1000000,1000000
2020-12-02 15:31:58.460000,1.04444,1.04443,1250000,1500000
2020-12-02 15:31:58.511000,1.04444,1.04442,1250000,1100000
2020-12-02 15:31:58.663000,1.04446,1.04443,4060000,1500000
2020-12-02 15:31:58.765000,1.04446,1.04443,1500000,1760000
2020-12-02 15:31:58.866000,1.04446,1.04444,1000000,1000000
2020-12-02 15:31:59.128000,1.04446,1.04445,1000000,1000000
2020-12-02 15:31:59.229000,1.04447,1.04445,2810000,1000000
2020-12-02 15:31:59.583000,1.04447,1.04444,2810000,1500000
2020-12-02 15:31:59.887000,1.04447,1.04445,1690000,1000000
2020-12-02 15:32:00.977000,1.04447,1.04446,1000000,1000000
2020-12-02 15:32:01.079000,1.04449,1.04445,1500000,1000000
2020-12-02 15:32:01.180000,1.04448,1.04445,2440000,1500000
2020-12-02 15:32:01.536000,1.04448,1.04445,2250000,2500000
2020-12-02 15:32:01.690000,1.04449,1.04446,1000000,1000000
2020-12-02 15:32:01.792000,1.0445,1.04446,1690000,1000000
2020-12-02 15:32:01.895000,1.04451,1.04447,1250000,1500000
2020-12-02 15:32:02.350000,1.0445,1.04447,2500000,1870000
2020-12-02 15:32:02.452000,1.04448,1.04447,1310000,1000000
2020-12-02 15:32:02.503000,1.04447,1.04444,2250000,2120000
2020-12-02 15:32:02.605000,1.04447,1.04444,3190000,1250000
2020-12-02 15:32:02.708000,1.04448,1.04444,2250000,1250000
2020-12-02 15:32:02.811000,1.04447,1.04446,1120000,1000000
2020-12-02 15:32:03.014000,1.04448,1.04444,1120000,1690000
2020-12-02 15:32:03.116000,1.04448,1.04445,2060000,1250000
2020-12-02 15:32:03.218000,1.04449,1.04444,2870000,1000000
2020-12-02 15:32:03.704000,1.04447,1.04446,1690000,1000000
2020-12-02 15:32:03.855000,1.04447,1.04445,1500000,1500000
2020-12-02 15:32:04.716000,1.04447,1.04444,1500000,1870000
2020-12-02 15:32:06.300000,1.04444,1.04443,1500000,1000000
2020-12-02 15:32:06.402000,1.04445,1.04443,1000000,1000000
2020-12-02 15:32:06.503000,1.04446,1.04443,2250000,1000000
2020-12-02 15:32:07.223000,1.04447,1.04445,1000000,1000000
2020-12-02 15:32:07.375000,1.04447,1.04444,1500000,2250000
2020-12-02 15:32:09.236000,1.04447,1.04445,1120000,1000000
2020-12-02 15:32:09.642000,1.04448,1.04445,2620000,1500000
2020-12-02 15:32:10.446000,1.04448,1.04446,1000000,3820000
2020-12-02 15:32:10.548000,1.04449,1.04446,1500000,3000000
2020-12-02 15:32:11.236000,1.04449,1.04444,1690000,1870000
2020-12-02 15:32:14.035000,1.04448,1.04446,1120000,1250000
2020-12-02 15:32:14.137000,1.04449,1.04446,1500000,2870000
2020-12-02 15:32:14.238000,1.0445,1.04448,1870000,1000000
2020-12-02 15:32:15.861000,1.04449,1.04448,1000000,1000000
2020-12-02 15:32:16.013000,1.0445,1.04448,1500000,1000000
2020-12-02 15:32:20.140000,1.04449,1.04447,1250000,1120000
2020-12-02 15:32:20.565000,1.04449,1.04446,2060000,2810000
2020-12-02 15:32:22.131000,1.04449,1.04445,1000000,2060000
2020-12-02 15:32:25.103000,1.04449,1.04448,1000000,1120000
2020-12-02 15:32:25.155000,1.04451,1.04449,1500000,1000000
2020-12-02 15:32:28.054000,1.04451,1.0445,1000000,1000000
2020-12-02 15:32:28.155000,1.04453,1.04451,1500000,1000000
2020-12-02 15:32:28.509000,1.04453,1.04451,1000000,2370000
2020-12-02 15:32:28.610000,1.04454,1.04451,2060000,3120000
2020-12-02 15:32:28.813000,1.04453,1.04451,1000000,2370000
2020-12-02 15:32:29.522000,1.04453,1.04451,1000000,2250000
2020-12-02 15:32:29.825000,1.04454,1.04451,1000000,1000000
2020-12-02 15:32:30.332000,1.04454,1.04452,1250000,1120000
2020-12-02 15:32:30.585000,1.04453,1.04452,1000000,1120000
2020-12-02 15:32:30.938000,1.04454,1.04452,1250000,1870000
2020-12-02 15:32:31.041000,1.04455,1.04453,2870000,1000000
2020-12-02 15:32:31.143000,1.04456,1.04453,2500000,2700000
2020-12-02 15:32:31.244000,1.04456,1.04454,1750000,1870000
2020-12-02 15:32:31.814000,1.04456,1.04455,1250000,1000000
2020-12-02 15:32:31.865000,1.04457,1.04455,1000000,1000000
2020-12-02 15:32:32.180000,1.04457,1.04454,1500000,2060000
2020-12-02 15:32:32.281000,1.04455,1.04453,1250000,1870000
2020-12-02 15:32:32.383000,1.04454,1.04453,1250000,1500000
2020-12-02 15:32:32.687000,1.04453,1.04451,1000000,4690000
2020-12-02 15:32:32.789000,1.04452,1.04451,1000000,1250000
2020-12-02 15:32:32.891000,1.04454,1.04451,1120000,1000000
2020-12-02 15:32:33.209000,1.04452,1.0445,1000000,2870000
2020-12-02 15:32:33.313000,1.04452,1.0445,1000000,1870000
2020-12-02 15:32:33.363000,1.04453,1.04451,1000000,1000000
2020-12-02 15:32:33.725000,1.04452,1.0445,1000000,1870000
2020-12-02 15:32:33.827000,1.04452,1.04451,1000000,1000000
2020-12-02 15:32:33.928000,1.04453,1.04452,1000000,1000000
2020-12-02 15:32:34.030000,1.04454,1.04452,1000000,2060000
2020-12-02 15:32:34.449000,1.04455,1.04453,1000000,1000000
2020-12-02 15:32:34.651000,1.04455,1.04452,1000000,1120000
2020-12-02 15:32:34.803000,1.04454,1.04452,1000000,1870000
2020-12-02 15:32:35.459000,1.04455,1.04452,1870000,1690000
2020-12-02 15:32:35.865000,1.04454,1.04452,1000000,2060000
2020-12-02 15:32:36.029000,1.04455,1.04452,1000000,1000000
2020-12-02 15:32:36.875000,1.04454,1.04452,1000000,2060000
2020-12-02 15:32:37.078000,1.04455,1.04452,1500000,2060000
2020-12-02 15:32:37.583000,1.04455,1.04453,1000000,1000000
2020-12-02 15:32:37.992000,1.04454,1.04453,1000000,1000000
2020-12-02 15:32:38.147000,1.04455,1.04453,1000000,1000000
2020-12-02 15:32:38.481000,1.04454,1.04453,1000000,1000000
2020-12-02 15:32:40.284000,1.04454,1.04452,1500000,1310000
2020-12-02 15:32:42.799000,1.04453,1.04452,1000000,1310000
2020-12-02 15:32:43.384000,1.04454,1.04452,1500000,1310000
2020-12-02 15:32:45.993000,1.04454,1.04452,1000000,5120000
2020-12-02 15:32:47.103000,1.04455,1.04452,1500000,7370000
2020-12-02 15:32:47.204000,1.04456,1.04451,1500000,2810000
2020-12-02 15:32:47.407000,1.04454,1.04452,1000000,2060000
2020-12-02 15:32:47.508000,1.04455,1.04452,1500000,3560000
2020-12-02 15:32:47.765000,1.04456,1.04454,1000000,2140000
2020-12-02 15:32:47.866000,1.04457,1.04455,1000000,1310000
2020-12-02 15:32:48.927000,1.04457,1.04454,1000000,1000000
2020-12-02 15:32:50.754000,1.04455,1.04454,1000000,1000000
2020-12-02 15:32:50.856000,1.04456,1.04454,1000000,1000000
2020-12-02 15:32:51.059000,1.04456,1.04453,1000000,1000000
2020-12-02 15:32:51.161000,1.04455,1.04453,1000000,1000000
2020-12-02 15:32:51.262000,1.04455,1.04452,1000000,3940000
2020-12-02 15:32:51.414000,1.04455,1.04452,1000000,4370000
2020-12-02 15:32:51.616000,1.04454,1.04452,1000000,2810000
2020-12-02 15:32:51.768000,1.04454,1.04452,1000000,3250000
2020-12-02 15:32:52.160000,1.04454,1.04452,1000000,5810000
2020-12-02 15:32:53.210000,1.04453,1.04452,1000000,1120000
2020-12-02 15:32:53.312000,1.04452,1.04448,1000000,4340000
2020-12-02 15:32:53.362000,1.04453,1.04451,3560000,1000000
2020-12-02 15:32:53.464000,1.04451,1.04449,1000000,2060000
2020-12-02 15:32:53.565000,1.0445,1.04448,1000000,2800000
2020-12-02 15:32:53.882000,1.0445,1.04448,1000000,1310000
2020-12-02 15:32:53.984000,1.04449,1.04447,1500000,5620000
2020-12-02 15:32:54.085000,1.04449,1.04447,2120000,1250000
2020-12-02 15:32:54.187000,1.04448,1.04445,1000000,1750000
2020-12-02 15:32:54.441000,1.04445,1.04443,1000000,4710000
2020-12-02 15:32:54.543000,1.04446,1.04445,1690000,1000000
2020-12-02 15:32:54.594000,1.04445,1.04443,1500000,1610000
2020-12-02 15:32:55.006000,1.04444,1.04442,1500000,1370000
2020-12-02 15:32:55.208000,1.04443,1.0444,1500000,8200000
2020-12-02 15:32:55.521000,1.04444,1.04442,1500000,5500000
2020-12-02 15:32:57.796000,1.04443,1.04442,1000000,1120000
2020-12-02 15:32:57.898000,1.04443,1.04441,1500000,3110000
2020-12-02 15:32:58.252000,1.04442,1.0444,1500000,1690000
2020-12-02 15:32:58.457000,1.04443,1.04441,2250000,1750000
2020-12-02 15:32:58.559000,1.04443,1.04441,1500000,1250000
2020-12-02 15:32:58.762000,1.04442,1.0444,1000000,2870000
2020-12-02 15:32:58.864000,1.04442,1.0444,1500000,1370000
2020-12-02 15:32:58.966000,1.04442,1.0444,1000000,2120000
2020-12-02 15:32:59.077000,1.04442,1.04439,1000000,2120000
2020-12-02 15:32:59.180000,1.0444,1.04438,1500000,1950000
2020-12-02 15:32:59.231000,1.04438,1.04436,1000000,2740000
2020-12-02 15:32:59.384000,1.04438,1.04436,1500000,1870000
2020-12-02 15:32:59.485000,1.04439,1.04437,1500000,1250000
2020-12-02 15:32:59.586000,1.04437,1.04435,1000000,1310000
2020-12-02 15:32:59.688000,1.04436,1.04434,1000000,2500000
2020-12-02 15:32:59.811000,1.04435,1.04433,1000000,1750000
2020-12-02 15:32:59.912000,1.04434,1.04433,1000000,1000000
2020-12-02 15:33:00.064000,1.04436,1.04434,1000000,1250000
2020-12-02 15:33:00.418000,1.04434,1.04432,1500000,2060000
2020-12-02 15:33:00.772000,1.04433,1.04432,1000000,1000000
2020-12-02 15:33:01.282000,1.04436,1.04435,1000000,1000000
2020-12-02 15:33:01.384000,1.04437,1.04435,1000000,1750000
2020-12-02 15:33:01.435000,1.04438,1.04435,1870000,1750000
2020-12-02 15:33:03.201000,1.04438,1.04435,1000000,1690000
2020-12-02 15:33:03.303000,1.04436,1.04435,1000000,1000000
2020-12-02 15:33:03.506000,1.04437,1.04435,1500000,1250000
2020-12-02 15:33:04.214000,1.04435,1.04433,1000000,2450000
2020-12-02 15:33:04.315000,1.04435,1.04433,1500000,1000000
2020-12-02 15:33:04.820000,1.04435,1.04432,1500000,2440000
2020-12-02 15:33:05.802000,1.04435,1.04433,1000000,1000000
2020-12-02 15:33:07.520000,1.04434,1.04432,2440000,1870000
2020-12-02 15:33:07.571000,1.04433,1.04431,1000000,1000000
2020-12-02 15:33:07.672000,1.0443,1.04428,1000000,1500000
2020-12-02 15:33:07.774000,1.04431,1.04429,1000000,3750000
2020-12-02 15:33:07.825000,1.0443,1.04427,1000000,1000000
2020-12-02 15:33:07.926000,1.04427,1.04425,1000000,1250000
2020-12-02 15:33:08.028000,1.04428,1.04426,1000000,1000000
2020-12-02 15:33:08.129000,1.04429,1.04426,1500000,2250000
2020-12-02 15:33:08.231000,1.04428,1.04426,1000000,1690000
2020-12-02 15:33:08.332000,1.04427,1.04426,1000000,1000000
2020-12-02 15:33:08.433000,1.04426,1.04425,1000000,1500000
2020-12-02 15:33:09.043000,1.04426,1.04424,1000000,1500000
2020-12-02 15:33:09.195000,1.04425,1.04422,1500000,2810000
2020-12-02 15:33:09.297000,1.04425,1.04423,1000000,1000000
2020-12-02 15:33:10.892000,1.04428,1.04427,1120000,1000000
2020-12-02 15:33:10.994000,1.04429,1.04427,1000000,1000000
2020-12-02 15:33:11.197000,1.0443,1.04428,1000000,1120000
2020-12-02 15:33:11.965000,1.04432,1.04429,1870000,1690000
2020-12-02 15:33:12.017000,1.04435,1.04432,4220000,1000000
2020-12-02 15:33:12.119000,1.04435,1.04432,2500000,2620000
2020-12-02 15:33:15.389000,1.04432,1.04431,1000000,1000000
2020-12-02 15:33:15.490000,1.04432,1.0443,1500000,1000000
2020-12-02 15:33:15.592000,1.04431,1.0443,1000000,1000000
2020-12-02 15:33:15.845000,1.04432,1.0443,1000000,2500000
2020-12-02 15:33:15.947000,1.04432,1.0443,1500000,1000000
2020-12-02 15:33:16.048000,1.04433,1.04428,1500000,1000000
2020-12-02 15:33:16.200000,1.04431,1.04429,1000000,1000000
2020-12-02 15:33:16.586000,1.0443,1.04428,1500000,1500000
2020-12-02 15:33:17.920000,1.04427,1.04425,1000000,4450000
2020-12-02 15:33:18.021000,1.04426,1.04424,1000000,2500000
2020-12-02 15:33:18.123000,1.04427,1.04424,1000000,1750000
2020-12-02 15:33:18.326000,1.04425,1.04424,1000000,1250000
2020-12-02 15:33:19.330000,1.04424,1.04423,1000000,1690000
2020-12-02 15:33:19.432000,1.04426,1.04424,2250000,1250000
2020-12-02 15:33:19.534000,1.04426,1.04425,1000000,1250000
2020-12-02 15:33:19.585000,1.04428,1.04426,1200000,1000000
2020-12-02 15:33:19.687000,1.04429,1.04426,1500000,1690000
2020-12-02 15:33:19.839000,1.04429,1.04426,1500000,7500000
2020-12-02 15:33:19.940000,1.0443,1.04428,1500000,1000000
2020-12-02 15:33:20.145000,1.04431,1.04429,2250000,1000000
2020-12-02 15:33:20.601000,1.04432,1.0443,1250000,1000000
2020-12-02 15:33:20.984000,1.04433,1.0443,1690000,1500000
2020-12-02 15:33:21.423000,1.04434,1.04431,3250000,1500000
2020-12-02 15:33:21.626000,1.04433,1.04431,2500000,1000000
2020-12-02 15:33:21.727000,1.04433,1.0443,2500000,1000000
2020-12-02 15:33:21.778000,1.0443,1.04428,1000000,1000000
2020-12-02 15:33:21.879000,1.04432,1.0443,1250000,1000000
2020-12-02 15:33:23.769000,1.04434,1.04431,1500000,3440000
2020-12-02 15:33:23.871000,1.04436,1.04433,4170000,1500000
2020-12-02 15:33:24.238000,1.04437,1.04433,2500000,1000000
2020-12-02 15:33:24.339000,1.04436,1.04435,1000000,1000000
2020-12-02 15:33:24.441000,1.04437,1.04435,2440000,1000000
2020-12-02 15:33:24.542000,1.04438,1.04433,2810000,1000000
2020-12-02 15:33:24.694000,1.04438,1.04436,2140000,1000000
2020-12-02 15:33:25.870000,1.04437,1.04434,1500000,4500000
2020-12-02 15:33:26.123000,1.04436,1.04433,1000000,5190000
2020-12-02 15:33:26.174000,1.04438,1.04436,1870000,1500000
2020-12-02 15:33:26.276000,1.04439,1.04436,2810000,1690000
2020-12-02 15:33:26.379000,1.04437,1.04435,1000000,1000000
2020-12-02 15:33:26.480000,1.04437,1.04434,1500000,1120000
2020-12-02 15:33:26.734000,1.04437,1.04433,1000000,1120000
2020-12-02 15:33:27.158000,1.04433,1.04432,1000000,1120000
2020-12-02 15:33:27.260000,1.04433,1.04431,1000000,1690000
2020-12-02 15:33:27.768000,1.04435,1.0443,1690000,2060000
2020-12-02 15:33:27.870000,1.04435,1.04433,1000000,1000000
2020-12-02 15:33:27.973000,1.04436,1.04434,1000000,1000000
2020-12-02 15:33:28.076000,1.04437,1.04434,2250000,1000000
2020-12-02 15:33:28.913000,1.04434,1.04432,1000000,2440000
2020-12-02 15:33:28.964000,1.04436,1.04433,2700000,1250000
2020-12-02 15:33:29.066000,1.04436,1.04434,1000000,1000000
2020-12-02 15:33:29.621000,1.04438,1.04434,1500000,1750000
2020-12-02 15:33:29.723000,1.04437,1.04435,1000000,1690000
2020-12-02 15:33:29.955000,1.04438,1.04435,1500000,1000000
2020-12-02 15:33:30.056000,1.04438,1.04436,1500000,1000000
2020-12-02 15:33:30.220000,1.04437,1.04434,1120000,5250000
2020-12-02 15:33:30.321000,1.04436,1.04433,1000000,3190000
2020-12-02 15:33:30.423000,1.04438,1.04436,5700000,1690000
2020-12-02 15:33:31.319000,1.04438,1.04435,2620000,2440000
2020-12-02 15:33:31.420000,1.04438,1.04435,2250000,2500000
2020-12-02 15:33:36.109000,1.04438,1.04435,2060000,1500000
2020-12-02 15:33:36.808000,1.04439,1.04434,1870000,2500000
2020-12-02 15:33:36.910000,1.04439,1.04437,1000000,1500000
2020-12-02 15:33:36.960000,1.04442,1.04441,1950000,1000000
2020-12-02 15:33:37.011000,1.04445,1.04442,2560000,1000000
2020-12-02 15:33:37.113000,1.04445,1.04441,1000000,1120000
2020-12-02 15:33:37.735000,1.04442,1.0444,1000000,2890000
2020-12-02 15:33:44.756000,1.04439,1.04438,1000000,1000000
2020-12-02 15:33:44.858000,1.04439,1.04437,1120000,1690000
2020-12-02 15:33:45.164000,1.04439,1.04436,1000000,1250000
2020-12-02 15:33:45.266000,1.04437,1.04436,1000000,1000000
2020-12-02 15:33:47.141000,1.04438,1.04436,1870000,1000000
2020-12-02 15:33:47.293000,1.04439,1.04434,2440000,1500000
2020-12-02 15:33:47.710000,1.04438,1.04435,2620000,2500000
2020-12-02 15:33:48.350000,1.04438,1.04435,2620000,1500000
2020-12-02 15:33:49.385000,1.04437,1.04435,1000000,1000000
2020-12-02 15:33:52.462000,1.04436,1.04435,1000000,1000000
2020-12-02 15:33:52.564000,1.04436,1.04433,1000000,2440000
2020-12-02 15:33:53.921000,1.04436,1.04434,1120000,1000000
2020-12-02 15:33:54.022000,1.04438,1.04435,3120000,1690000
2020-12-02 15:33:54.124000,1.04439,1.04434,2810000,1000000
2020-12-02 15:33:54.225000,1.04437,1.04434,1000000,1870000
2020-12-02 15:33:55.270000,1.04436,1.04434,1000000,1000000
2020-12-02 15:33:55.372000,1.04436,1.04433,1000000,1500000
2020-12-02 15:33:55.727000,1.04437,1.04434,1870000,1500000
2020-12-02 15:33:56.454000,1.04436,1.04433,1120000,2440000
2020-12-02 15:33:56.555000,1.04437,1.04434,7510000,1000000
2020-12-02 15:33:57.155000,1.04437,1.04435,1870000,1000000
2020-12-02 15:33:57.509000,1.04435,1.04434,1000000,1000000
2020-12-02 15:33:57.662000,1.04437,1.04433,1120000,1000000
2020-12-02 15:33:58.031000,1.04436,1.04433,1120000,1500000
2020-12-02 15:33:59.672000,1.04434,1.04432,1000000,5810000
2020-12-02 15:33:59.774000,1.04436,1.04431,2060000,1500000
2020-12-02 15:34:02.756000,1.04435,1.04432,2560000,1500000
2020-12-02 15:34:02.858000,1.04433,1.04431,1000000,1500000
2020-12-02 15:34:02.959000,1.04433,1.0443,1120000,2250000
2020-12-02 15:34:03.183000,1.04433,1.04429,3000000,1000000
2020-12-02 15:34:04.382000,1.04432,1.04429,1000000,1000000
2020-12-02 15:34:04.433000,1.0443,1.04428,1000000,1500000
2020-12-02 15:34:04.535000,1.04432,1.04427,1120000,2440000
2020-12-02 15:34:04.687000,1.04433,1.04429,1870000,1690000
2020-12-02 15:34:04.788000,1.04433,1.04431,1870000,1690000
2020-12-02 15:34:05.478000,1.04433,1.0443,3560000,1000000
2020-12-02 15:34:05.613000,1.04432,1.04428,1500000,1000000
2020-12-02 15:34:05.714000,1.04429,1.04426,1500000,3620000
2020-12-02 15:34:05.866000,1.0443,1.04427,2250000,2500000
2020-12-02 15:34:06.500000,1.04432,1.0443,1120000,1500000
2020-12-02 15:34:06.601000,1.04433,1.0443,1870000,1690000
2020-12-02 15:34:07.295000,1.04433,1.0443,1870000,2500000
2020-12-02 15:34:07.397000,1.04436,1.04434,3560000,1000000
2020-12-02 15:34:13.425000,1.04438,1.04434,1000000,1500000
2020-12-02 15:34:13.526000,1.04438,1.04437,1250000,1000000
2020-12-02 15:34:13.678000,1.04438,1.04435,1690000,2000000
2020-12-02 15:34:13.779000,1.04439,1.04434,3260000,1000000
2020-12-02 15:34:13.881000,1.04439,1.04435,1870000,1250000
2020-12-02 15:34:14.772000,1.04438,1.04435,1870000,1500000
2020-12-02 15:34:15.228000,1.04438,1.04436,2620000,1250000
2020-12-02 15:34:16.076000,1.04441,1.04439,1500000,1690000
2020-12-02 15:34:16.127000,1.04442,1.0444,1000000,1000000
2020-12-02 15:34:16.329000,1.04443,1.0444,3190000,1000000
2020-12-02 15:34:16.485000,1.04442,1.04439,2440000,1000000
2020-12-02 15:34:16.536000,1.0444,1.04438,1000000,1250000
2020-12-02 15:34:16.738000,1.0444,1.04437,1500000,2440000
2020-12-02 15:34:16.890000,1.0444,1.04437,3310000,1500000
2020-12-02 15:34:16.991000,1.0444,1.04438,1620000,1500000
2020-12-02 15:34:17.093000,1.04441,1.04437,1000000,2440000
2020-12-02 15:34:18.051000,1.04441,1.04438,1500000,2810000
2020-12-02 15:34:20.161000,1.04441,1.04439,1000000,1000000
2020-12-02 15:34:20.263000,1.04441,1.0444,1000000,1000000
2020-12-02 15:34:20.364000,1.04442,1.0444,2060000,1000000
2020-12-02 15:34:20.566000,1.04443,1.04438,2810000,1500000
2020-12-02 15:34:22.715000,1.04444,1.0444,4310000,1000000
2020-12-02 15:34:22.817000,1.04444,1.04443,1250000,1000000
2020-12-02 15:34:22.918000,1.04444,1.04442,1810000,1570000
2020-12-02 15:34:23.019000,1.04443,1.04441,4570000,2250000
2020-12-02 15:34:23.399000,1.04443,1.04441,3040000,1000000
2020-12-02 15:34:23.450000,1.04441,1.04438,1950000,4790000
2020-12-02 15:34:23.814000,1.04442,1.0444,1620000,1000000
2020-12-02 15:34:23.916000,1.04442,1.0444,1000000,1000000
2020-12-02 15:34:25.876000,1.04444,1.04443,1000000,2250000
2020-12-02 15:34:25.926000,1.04446,1.04444,1120000,1000000
2020-12-02 15:34:28.507000,1.04445,1.04444,1000000,1000000
2020-12-02 15:34:28.659000,1.04445,1.04443,1000000,1500000
2020-12-02 15:34:28.814000,1.04445,1.04441,1000000,2250000
2020-12-02 15:34:29.537000,1.04445,1.04443,1000000,2440000
2020-12-02 15:34:29.588000,1.04447,1.04444,3070000,2440000
2020-12-02 15:34:29.689000,1.04446,1.04444,1000000,2440000
2020-12-02 15:34:29.842000,1.04447,1.04445,1000000,1000000
2020-12-02 15:34:29.944000,1.04447,1.04444,1950000,3560000
2020-12-02 15:34:30.487000,1.04447,1.04445,1950000,1000000
2020-12-02 15:34:30.707000,1.04448,1.04445,1500000,3190000
2020-12-02 15:34:30.758000,1.04449,1.04446,1000000,1000000
2020-12-02 15:34:30.869000,1.04449,1.04447,1000000,1000000
2020-12-02 15:34:31.021000,1.0445,1.04449,1310000,1000000
2020-12-02 15:34:31.173000,1.0445,1.04448,1690000,1500000
2020-12-02 15:34:31.618000,1.04449,1.04447,1500000,1000000
2020-12-02 15:34:34.819000,1.0445,1.04447,1690000,1870000
2020-12-02 15:34:35.735000,1.04449,1.04447,1000000,1000000
2020-12-02 15:34:35.839000,1.04449,1.04446,1570000,2810000
2020-12-02 15:34:37.762000,1.0445,1.04447,2510000,1500000
2020-12-02 15:34:37.863000,1.04451,1.04449,1250000,2250000
2020-12-02 15:34:38.066000,1.04452,1.0445,1750000,1000000
2020-12-02 15:34:38.167000,1.04453,1.04451,1690000,2620000
2020-12-02 15:34:39.508000,1.04454,1.0445,1250000,2250000
2020-12-02 15:34:40.261000,1.04452,1.0445,1250000,1500000
2020-12-02 15:34:40.368000,1.04451,1.0445,1000000,1000000
2020-12-02 15:34:40.419000,1.0445,1.04448,2510000,1200000
2020-12-02 15:34:40.470000,1.04448,1.04447,1000000,1500000
2020-12-02 15:34:40.731000,1.04447,1.04446,1000000,1690000
2020-12-02 15:34:40.782000,1.04445,1.04443,1000000,2120000
2020-12-02 15:34:41.187000,1.04446,1.04442,1500000,1000000
2020-12-02 15:34:41.288000,1.04445,1.04442,1500000,2440000
2020-12-02 15:34:45.193000,1.04445,1.04443,1000000,1000000
2020-12-02 15:34:47.792000,1.04445,1.04442,1500000,2140000
2020-12-02 15:34:50.078000,1.04445,1.04444,1000000,1000000
2020-12-02 15:34:50.129000,1.04447,1.04445,1120000,1250000
2020-12-02 15:34:50.230000,1.04447,1.04446,1000000,1000000
2020-12-02 15:34:50.837000,1.04448,1.04446,1000000,1000000
2020-12-02 15:34:55.259000,1.04447,1.04445,1500000,2370000
2020-12-02 15:34:55.361000,1.04447,1.04445,1000000,1500000
2020-12-02 15:34:56.006000,1.04449,1.04445,1000000,1120000
2020-12-02 15:34:56.108000,1.04449,1.04447,1500000,1250000
2020-12-02 15:34:56.361000,1.04449,1.04446,1870000,2060000
2020-12-02 15:34:58.646000,1.04451,1.04446,1870000,1690000
2020-12-02 15:34:58.747000,1.0445,1.04448,1000000,1500000
2020-12-02 15:35:00.014000,1.0445,1.04447,1690000,1000000
2020-12-02 15:35:00.065000,1.04449,1.04446,2060000,2440000
2020-12-02 15:35:00.267000,1.04449,1.04446,4440000,1250000
2020-12-02 15:35:00.469000,1.04448,1.04444,1000000,3190000
2020-12-02 15:35:00.621000,1.04447,1.04445,1000000,3620000
2020-12-02 15:35:01.194000,1.04447,1.04445,1500000,2440000
2020-12-02 15:35:01.601000,1.04446,1.04445,1000000,1690000
2020-12-02 15:35:01.905000,1.04448,1.04447,1000000,1000000
2020-12-02 15:35:02.007000,1.04448,1.04446,1000000,1690000
2020-12-02 15:35:02.976000,1.04448,1.04447,1000000,1250000
2020-12-02 15:35:03.179000,1.04449,1.04447,1500000,1120000
2020-12-02 15:35:03.281000,1.04448,1.04447,1000000,1500000
2020-12-02 15:35:06.859000,1.04448,1.04446,1000000,2060000
2020-12-02 15:35:06.910000,1.04445,1.04444,1000000,1100000
2020-12-02 15:35:07.013000,1.04447,1.04445,1120000,1250000
2020-12-02 15:35:09.594000,1.04447,1.04444,1500000,2810000
2020-12-02 15:35:10.605000,1.04446,1.04443,1500000,2250000
2020-12-02 15:35:10.807000,1.04445,1.04443,1000000,1500000
2020-12-02 15:35:10.909000,1.04444,1.04442,1000000,1690000
2020-12-02 15:35:12.181000,1.04445,1.04443,1000000,1870000
2020-12-02 15:35:12.283000,1.04446,1.04444,1000000,1120000
2020-12-02 15:35:12.384000,1.04447,1.04444,2250000,1870000
2020-12-02 15:35:14.814000,1.04446,1.04443,4010000,3750000
2020-12-02 15:35:15.066000,1.04445,1.04442,1870000,1690000
2020-12-02 15:35:15.117000,1.04443,1.04442,1000000,1000000
2020-12-02 15:35:15.218000,1.04443,1.04441,1120000,1000000
2020-12-02 15:35:15.320000,1.04443,1.04441,1620000,1000000
2020-12-02 15:35:16.503000,1.04442,1.04439,1500000,2810000
2020-12-02 15:35:16.605000,1.04443,1.04439,1000000,1000000
2020-12-02 15:35:21.390000,1.04441,1.04438,2250000,2890000
2020-12-02 15:35:21.543000,1.0444,1.04438,1000000,1690000
2020-12-02 15:35:25.213000,1.04439,1.04438,1000000,1690000
2020-12-02 15:35:29.171000,1.0444,1.04438,1500000,1250000
2020-12-02 15:35:37.907000,1.04439,1.04438,1000000,1250000
2020-12-02 15:35:38.369000,1.04439,1.04437,1950000,1750000
2020-12-02 15:35:38.824000,1.04439,1.04437,1620000,1250000
2020-12-02 15:35:38.925000,1.04439,1.04437,1000000,2060000
2020-12-02 15:35:40.073000,1.0444,1.04437,1500000,2810000
2020-12-02 15:35:40.696000,1.0444,1.04438,1000000,2810000
2020-12-02 15:35:40.962000,1.04441,1.04439,1500000,1000000
2020-12-02 15:35:54.343000,1.04443,1.04442,1250000,1000000
2020-12-02 15:35:54.444000,1.04444,1.04443,1250000,1120000
2020-12-02 15:35:55.149000,1.04444,1.04442,2500000,1870000
2020-12-02 15:35:55.452000,1.04444,1.04441,4000000,1870000
2020-12-02 15:35:56.254000,1.04442,1.0444,1000000,1870000
2020-12-02 15:35:56.487000,1.04442,1.04438,1000000,1870000
2020-12-02 15:35:58.165000,1.04444,1.04442,4000000,1000000
2020-12-02 15:35:58.267000,1.04445,1.04443,1500000,1000000
2020-12-02 15:35:59.671000,1.04444,1.04442,1500000,4870000
2020-12-02 15:35:59.929000,1.04444,1.04441,2810000,2250000
2020-12-02 15:35:59.979000,1.04442,1.0444,1500000,1000000
2020-12-02 15:36:00.458000,1.04441,1.0444,1000000,1000000
2020-12-02 15:36:00.611000,1.04445,1.04441,4120000,1500000
2020-12-02 15:36:00.662000,1.04445,1.04442,1500000,4810000
2020-12-02 15:36:01.220000,1.04446,1.04444,1000000,1870000
2020-12-02 15:36:01.524000,1.04446,1.04444,2500000,1000000
2020-12-02 15:36:01.625000,1.04444,1.04442,1250000,2250000
2020-12-02 15:36:01.727000,1.04445,1.04442,1870000,2440000
2020-12-02 15:36:02.312000,1.04444,1.04442,1000000,2250000
2020-12-02 15:36:05.880000,1.04443,1.04441,1000000,2620000
2020-12-02 15:36:12.103000,1.04445,1.04443,1250000,1000000
2020-12-02 15:36:12.154000,1.04446,1.04445,1100000,1500000
2020-12-02 15:36:12.413000,1.04448,1.04447,1250000,1000000
2020-12-02 15:36:12.515000,1.04449,1.04448,1250000,1000000
2020-12-02 15:36:12.616000,1.04449,1.04446,2500000,3200000
2020-12-02 15:36:12.717000,1.04449,1.04446,2500000,2620000
2020-12-02 15:36:13.021000,1.04449,1.04447,1750000,1000000
2020-12-02 15:36:13.484000,1.0445,1.04449,1250000,1000000
2020-12-02 15:36:14.532000,1.04452,1.0445,1500000,1000000
2020-12-02 15:36:14.634000,1.04452,1.04451,1250000,1000000
2020-12-02 15:36:14.735000,1.04453,1.04451,1750000,1000000
2020-12-02 15:36:14.837000,1.04453,1.04449,1250000,2250000
2020-12-02 15:36:14.938000,1.04452,1.04451,1250000,1000000
2020-12-02 15:36:15.949000,1.04454,1.04452,1940000,1000000
2020-12-02 15:36:16.050000,1.04454,1.04451,1940000,2620000
2020-12-02 15:36:16.625000,1.04452,1.0445,1250000,3000000
2020-12-02 15:36:16.928000,1.04454,1.04451,2440000,2620000
2020-12-02 15:36:16.979000,1.04449,1.04448,1690000,1100000
2020-12-02 15:36:17.030000,1.04447,1.04446,1000000,1870000
2020-12-02 15:36:17.132000,1.04449,1.04447,2060000,1500000
2020-12-02 15:36:17.334000,1.04449,1.04448,1120000,1000000
2020-12-02 15:36:17.436000,1.04449,1.04447,1000000,4870000
2020-12-02 15:36:17.587000,1.04448,1.04446,1000000,1870000
2020-12-02 15:36:17.890000,1.04449,1.04446,1690000,2250000
2020-12-02 15:36:17.941000,1.0445,1.04448,1690000,1000000
2020-12-02 15:36:18.042000,1.04451,1.04449,1000000,1000000
2020-12-02 15:36:19.018000,1.04452,1.04451,1000000,1000000
2020-12-02 15:36:20.234000,1.04453,1.04452,1690000,1000000
2020-12-02 15:36:20.386000,1.04453,1.04451,1000000,1000000
2020-12-02 15:36:20.487000,1.04453,1.04449,1000000,1000000
2020-12-02 15:36:20.639000,1.04451,1.04449,1000000,1500000
2020-12-02 15:36:20.740000,1.04452,1.04449,4280000,1500000
2020-12-02 15:36:21.076000,1.04451,1.04449,1000000,1000000
2020-12-02 15:36:21.608000,1.04449,1.04447,1000000,1000000
2020-12-02 15:36:21.710000,1.04448,1.04446,1000000,2440000
2020-12-02 15:36:21.811000,1.04449,1.04447,1120000,1000000
2020-12-02 15:36:22.099000,1.0445,1.04448,1120000,1000000
2020-12-02 15:36:22.200000,1.0445,1.04449,1000000,1000000
2020-12-02 15:36:22.644000,1.04451,1.04449,1250000,1000000
2020-12-02 15:36:24.207000,1.04451,1.04448,1690000,1500000
2020-12-02 15:36:24.308000,1.0445,1.04448,1000000,1500000
2020-12-02 15:36:24.410000,1.04452,1.04448,1760000,1000000
2020-12-02 15:36:24.763000,1.04451,1.04448,1690000,1500000
2020-12-02 15:36:25.138000,1.0445,1.04447,1500000,7310000
2020-12-02 15:36:25.240000,1.04449,1.04447,1000000,2250000
2020-12-02 15:36:25.341000,1.04448,1.04446,1500000,1690000
2020-12-02 15:36:25.443000,1.04446,1.04443,1250000,3000000
2020-12-02 15:36:25.544000,1.04447,1.04445,2060000,1000000
2020-12-02 15:36:25.646000,1.04446,1.04443,1000000,6190000
2020-12-02 15:36:25.747000,1.04445,1.04442,1500000,3560000
2020-12-02 15:36:25.848000,1.04445,1.04443,1000000,1000000
2020-12-02 15:36:26.050000,1.04444,1.04442,1000000,1500000
2020-12-02 15:36:26.152000,1.04442,1.04441,1000000,1690000
2020-12-02 15:36:26.253000,1.04443,1.04441,1500000,1000000
2020-12-02 15:36:26.354000,1.04443,1.04442,1000000,1000000
2020-12-02 15:36:26.564000,1.04443,1.0444,2440000,1000000
2020-12-02 15:36:26.665000,1.04442,1.0444,1000000,1000000
2020-12-02 15:36:29.422000,1.04444,1.04443,1100000,1000000
2020-12-02 15:36:29.573000,1.04446,1.04442,2350000,1000000
2020-12-02 15:36:29.626000,1.04446,1.04443,2440000,1500000
2020-12-02 15:36:29.879000,1.04445,1.04443,1000000,1000000
2020-12-02 15:36:30.047000,1.04444,1.04443,1250000,1000000
2020-12-02 15:36:30.155000,1.04444,1.04442,1500000,2250000
2020-12-02 15:36:30.307000,1.04443,1.04441,1000000,1500000
2020-12-02 15:36:30.408000,1.04444,1.04441,6060000,1500000
2020-12-02 15:36:30.741000,1.04443,1.04441,4270000,1000000
2020-12-02 15:36:30.842000,1.04443,1.04441,2680000,1000000
2020-12-02 15:36:31.247000,1.04442,1.0444,1000000,1500000
2020-12-02 15:36:31.450000,1.04443,1.04441,1000000,1500000
2020-12-02 15:36:31.602000,1.04444,1.04441,2440000,1500000
2020-12-02 15:36:32.007000,1.04443,1.04441,1250000,2250000
2020-12-02 15:36:32.108000,1.04444,1.04441,1690000,1500000
2020-12-02 15:36:32.209000,1.04444,1.04442,1690000,1000000
2020-12-02 15:36:32.412000,1.04443,1.04442,1000000,1000000
2020-12-02 15:36:32.513000,1.04443,1.04441,1500000,1000000
2020-12-02 15:36:32.928000,1.04443,1.0444,2440000,1500000
2020-12-02 15:36:33.031000,1.04442,1.0444,1690000,1000000
2020-12-02 15:36:33.679000,1.04443,1.0444,1500000,2190000
2020-12-02 15:36:33.780000,1.04444,1.04441,2440000,2250000
2020-12-02 15:36:33.882000,1.04443,1.04441,1000000,1500000
2020-12-02 15:36:35.228000,1.04442,1.04441,1000000,1000000
2020-12-02 15:36:35.380000,1.04442,1.0444,1000000,1000000
2020-12-02 15:36:35.531000,1.04443,1.04438,1870000,2250000
2020-12-02 15:36:35.683000,1.04442,1.0444,1120000,1000000
2020-12-02 15:36:38.552000,1.04443,1.0444,1200000,1690000
2020-12-02 15:36:38.755000,1.04444,1.04441,1690000,2250000
2020-12-02 15:36:38.856000,1.04444,1.04442,1000000,1000000
2020-12-02 15:36:39.295000,1.04445,1.04443,1250000,1500000
2020-12-02 15:36:39.397000,1.04446,1.04444,2440000,1500000
2020-12-02 15:36:39.498000,1.04447,1.04445,1250000,1500000
2020-12-02 15:36:39.600000,1.04447,1.04445,1250000,1500000
2020-12-02 15:36:39.751000,1.04447,1.04446,1250000,1000000
2020-12-02 15:36:39.853000,1.04446,1.04445,1250000,1870000
2020-12-02 15:36:40.101000,1.04448,1.04447,1250000,1500000
2020-12-02 15:36:40.152000,1.04452,1.0445,1370000,2250000
2020-12-02 15:36:40.253000,1.04452,1.0445,1000000,1500000
2020-12-02 15:36:41.225000,1.04454,1.04452,1010000,1000000
2020-12-02 15:36:41.275000,1.04456,1.04454,1000000,1500000
2020-12-02 15:36:41.377000,1.04454,1.04453,1250000,1120000
2020-12-02 15:36:41.478000,1.04454,1.04452,4690000,1500000
2020-12-02 15:36:41.580000,1.04453,1.04451,2810000,1000000
2020-12-02 15:36:41.681000,1.04453,1.0445,3560000,1500000
2020-12-02 15:36:41.783000,1.04453,1.04451,1120000,1500000
2020-12-02 15:36:42.523000,1.04454,1.04451,1000000,1000000
2020-12-02 15:36:42.625000,1.04452,1.04451,1250000,1000000
2020-12-02 15:36:42.878000,1.04452,1.04449,1690000,2250000
2020-12-02 15:36:43.499000,1.04452,1.0445,1690000,1000000
2020-12-02 15:36:43.600000,1.04454,1.04451,3250000,1500000
2020-12-02 15:36:45.575000,1.04455,1.04451,1000000,1500000
2020-12-02 15:36:45.677000,1.04455,1.04452,1000000,1870000
2020-12-02 15:36:46.182000,1.04456,1.04453,2440000,1000000
2020-12-02 15:36:46.284000,1.04455,1.04453,1000000,1500000
2020-12-02 15:36:46.435000,1.04457,1.04455,2060000,1500000
2020-12-02 15:36:48.115000,1.04457,1.04456,1250000,1000000
2020-12-02 15:36:48.327000,1.04458,1.04456,1250000,1500000
2020-12-02 15:36:52.259000,1.04458,1.04455,1250000,1000000
2020-12-02 15:36:57.823000,1.04458,1.04454,1250000,2320000
2020-12-02 15:37:00.176000,1.04455,1.04454,1500000,1000000
2020-12-02 15:37:00.228000,1.04455,1.04453,1500000,1010000
2020-12-02 15:37:00.329000,1.04456,1.04454,1000000,1000000
2020-12-02 15:37:00.882000,1.04456,1.04455,1000000,1000000
2020-12-02 15:37:00.984000,1.04457,1.04455,1310000,1000000
2020-12-02 15:37:01.085000,1.04458,1.04455,2810000,1000000
2020-12-02 15:37:02.694000,1.04457,1.04454,2440000,1870000
2020-12-02 15:37:02.796000,1.04457,1.04455,1690000,1000000
2020-12-02 15:37:05.312000,1.04458,1.04456,1690000,1000000
2020-12-02 15:37:05.363000,1.04459,1.04456,3190000,1870000
2020-12-02 15:37:05.465000,1.0446,1.04456,1250000,2250000
2020-12-02 15:37:07.007000,1.04462,1.0446,2250000,1000000
2020-12-02 15:37:07.109000,1.04463,1.04462,1690000,1120000
2020-12-02 15:37:07.973000,1.04462,1.0446,2750000,1000000
2020-12-02 15:37:08.024000,1.04461,1.04459,1250000,1200000
2020-12-02 15:37:08.176000,1.04461,1.04458,1690000,2250000
2020-12-02 15:37:08.227000,1.04459,1.04457,1310000,1500000
2020-12-02 15:37:08.621000,1.04457,1.04456,1000000,1120000
2020-12-02 15:37:08.722000,1.04457,1.04455,1000000,2440000
2020-12-02 15:37:09.825000,1.04457,1.04456,1000000,1000000
2020-12-02 15:37:09.927000,1.04459,1.04457,2250000,1000000
2020-12-02 15:37:10.028000,1.0446,1.04458,1250000,1000000
2020-12-02 15:37:10.130000,1.04459,1.04457,1000000,1120000
2020-12-02 15:37:13.290000,1.04462,1.0446,1000000,1000000
2020-12-02 15:37:13.341000,1.04464,1.0446,2510000,1000000
2020-12-02 15:37:13.544000,1.04463,1.0446,1010000,1000000
2020-12-02 15:37:13.646000,1.04463,1.04461,1000000,1000000
2020-12-02 15:37:13.899000,1.04464,1.04462,2440000,1000000
2020-12-02 15:37:14.202000,1.04464,1.04461,1690000,1000000
2020-12-02 15:37:14.355000,1.04462,1.04461,1250000,1000000
2020-12-02 15:37:15.981000,1.04462,1.04461,1250000,1000000
2020-12-02 15:37:16.875000,1.0446,1.04458,1000000,2000000
2020-12-02 15:37:16.977000,1.0446,1.04458,1000000,1500000
2020-12-02 15:37:17.432000,1.04459,1.04458,1000000,1500000
2020-12-02 15:37:17.735000,1.0446,1.04458,1000000,1000000
2020-12-02 15:37:22.899000,1.04459,1.04458,1000000,1000000
2020-12-02 15:37:23.051000,1.0446,1.04458,1000000,1000000
2020-12-02 15:37:24.944000,1.04461,1.0446,1120000,1000000
2020-12-02 15:37:24.995000,1.04463,1.04461,1310000,1000000
2020-12-02 15:37:25.097000,1.04463,1.0446,2060000,1870000
2020-12-02 15:37:25.199000,1.04465,1.04462,3620000,1870000
2020-12-02 15:37:25.309000,1.04465,1.04463,1250000,1000000
2020-12-02 15:37:25.461000,1.04465,1.04463,1750000,1000000
2020-12-02 15:37:26.968000,1.04465,1.04462,2500000,1870000
2020-12-02 15:37:28.069000,1.04465,1.04463,1750000,1000000
2020-12-02 15:37:28.170000,1.04465,1.04463,1250000,1000000
2020-12-02 15:37:30.093000,1.04465,1.04462,1690000,1870000
2020-12-02 15:37:31.483000,1.04465,1.04462,2500000,1870000
2020-12-02 15:37:33.555000,1.04466,1.04464,2500000,1000000
2020-12-02 15:37:36.003000,1.04466,1.04463,2500000,1870000
2020-12-02 15:37:36.508000,1.04464,1.04463,1250000,1000000
2020-12-02 15:37:36.610000,1.04465,1.04463,2810000,1000000
2020-12-02 15:37:38.072000,1.04464,1.04462,2440000,1870000
2020-12-02 15:37:38.173000,1.04464,1.0446,1120000,1500000
2020-12-02 15:37:38.329000,1.04462,1.0446,1000000,2060000
2020-12-02 15:37:41.340000,1.04461,1.04459,1500000,1950000
2020-12-02 15:37:41.442000,1.0446,1.04459,1000000,1000000
2020-12-02 15:37:41.543000,1.0446,1.04458,1000000,2320000
2020-12-02 15:37:42.663000,1.0446,1.04458,3250000,1000000
2020-12-02 15:37:42.969000,1.0446,1.04458,2060000,1000000
2020-12-02 15:37:55.411000,1.0446,1.04457,1690000,3070000
2020-12-02 15:37:57.554000,1.0446,1.04458,1690000,1000000
2020-12-02 15:37:57.757000,1.04462,1.04461,1120000,1200000
2020-12-02 15:37:57.808000,1.04464,1.04463,2060000,1000000
2020-12-02 15:37:57.909000,1.04465,1.04463,2440000,1950000
2020-12-02 15:37:58.279000,1.04465,1.04463,1750000,2700000
2020-12-02 15:37:59.509000,1.04464,1.04462,1000000,2320000
2020-12-02 15:37:59.560000,1.0446,1.04459,1000000,2250000
2020-12-02 15:37:59.712000,1.04461,1.04458,1500000,2290000
2020-12-02 15:38:00.065000,1.04459,1.04458,1000000,2140000
2020-12-02 15:38:01.529000,1.04458,1.04457,1000000,1000000
2020-12-02 15:38:01.580000,1.04457,1.04456,1000000,1250000
2020-12-02 15:38:01.681000,1.04456,1.04455,1000000,1500000
2020-12-02 15:38:01.783000,1.04456,1.04454,1000000,2320000
2020-12-02 15:38:07.146000,1.04457,1.04455,2440000,1200000
2020-12-02 15:38:09.981000,1.04456,1.04455,1000000,1950000
2020-12-02 15:38:10.262000,1.04457,1.04456,1000000,1000000
2020-12-02 15:38:11.089000,1.04458,1.04456,1120000,1500000
2020-12-02 15:38:11.191000,1.04458,1.04457,1000000,1120000
2020-12-02 15:38:12.105000,1.04456,1.04454,1250000,2890000
2020-12-02 15:38:12.207000,1.04455,1.04453,1000000,3340000
2020-12-02 15:38:12.666000,1.04454,1.04453,1000000,1390000
2020-12-02 15:38:14.038000,1.04456,1.04454,1000000,1950000
2020-12-02 15:38:14.443000,1.04456,1.04455,1000000,1000000
2020-12-02 15:38:14.545000,1.04456,1.04455,1000000,1200000
2020-12-02 15:38:14.647000,1.04458,1.04457,1000000,1000000
2020-12-02 15:38:14.697000,1.04461,1.04458,1690000,1200000
2020-12-02 15:38:14.799000,1.04461,1.0446,1000000,1570000
2020-12-02 15:38:14.900000,1.04461,1.04459,1250000,2320000
2020-12-02 15:38:15.407000,1.04462,1.04461,1120000,1000000
2020-12-02 15:38:15.508000,1.04462,1.04461,1000000,1950000
2020-12-02 15:38:15.660000,1.04464,1.04463,1000000,1200000
2020-12-02 15:38:15.762000,1.04466,1.04463,1120000,1000000
2020-12-02 15:38:17.697000,1.04465,1.04463,1870000,1000000
2020-12-02 15:38:17.798000,1.04463,1.04462,1000000,1500000
2020-12-02 15:38:17.950000,1.04464,1.04463,1690000,1000000
2020-12-02 15:38:19.229000,1.04465,1.04463,1690000,1950000
2020-12-02 15:38:20.198000,1.04468,1.04465,1000000,1000000
2020-12-02 15:38:20.403000,1.04467,1.04465,1000000,1500000
2020-12-02 15:38:21.055000,1.04466,1.04465,1500000,1000000
2020-12-02 15:38:21.106000,1.04465,1.04463,1000000,1000000
2020-12-02 15:38:21.207000,1.04464,1.04463,1250000,1000000
2020-12-02 15:38:21.359000,1.04465,1.04464,1000000,1000000
2020-12-02 15:38:21.461000,1.04466,1.04463,1000000,1500000
2020-12-02 15:38:21.563000,1.04466,1.04464,1000000,1500000
2020-12-02 15:38:22.220000,1.04466,1.04465,1000000,1100000
2020-12-02 15:38:24.626000,1.04465,1.04464,2440000,1000000
2020-12-02 15:38:24.728000,1.04464,1.04463,1000000,1500000
2020-12-02 15:38:26.673000,1.04464,1.04462,1250000,1000000
2020-12-02 15:38:27.079000,1.04463,1.04461,1000000,4500000
2020-12-02 15:38:27.192000,1.04464,1.04461,1000000,1000000
2020-12-02 15:38:27.806000,1.04464,1.04462,1690000,1950000
2020-12-02 15:38:27.907000,1.04466,1.04462,1000000,1950000
2020-12-02 15:38:28.908000,1.04466,1.04465,1000000,1000000
2020-12-02 15:38:31.608000,1.04467,1.04465,2440000,1000000
2020-12-02 15:38:32.316000,1.04467,1.04466,1690000,1000000
2020-12-02 15:38:32.418000,1.04468,1.04466,1250000,1950000
2020-12-02 15:38:32.519000,1.04468,1.04466,2120000,1000000
2020-12-02 15:38:32.620000,1.04467,1.04465,1250000,1500000
2020-12-02 15:38:32.873000,1.04468,1.04466,2120000,1000000
2020-12-02 15:38:33.235000,1.04467,1.04465,1250000,1500000
2020-12-02 15:38:36.661000,1.04468,1.04466,1000000,1000000
2020-12-02 15:38:36.813000,1.0447,1.04468,1000000,1000000
2020-12-02 15:38:36.915000,1.04469,1.04468,1250000,1120000
2020-12-02 15:38:37.017000,1.04471,1.04468,1500000,3260000
2020-12-02 15:38:37.573000,1.0447,1.04468,1750000,1870000
2020-12-02 15:38:37.777000,1.0447,1.04467,2870000,1500000
2020-12-02 15:38:38.363000,1.0447,1.04469,2060000,1000000
2020-12-02 15:38:38.414000,1.04472,1.0447,2440000,1000000
2020-12-02 15:38:38.465000,1.04473,1.04471,1400000,1500000
2020-12-02 15:38:38.718000,1.04475,1.04472,2870000,1870000
2020-12-02 15:38:38.819000,1.04475,1.04473,2500000,1000000
2020-12-02 15:38:38.971000,1.04475,1.04474,2440000,1000000
2020-12-02 15:38:39.073000,1.04476,1.04474,2500000,1580000
2020-12-02 15:38:39.881000,1.04476,1.04474,1000000,2330000
2020-12-02 15:38:40.033000,1.04475,1.04474,1690000,1000000
2020-12-02 15:38:40.134000,1.04475,1.04473,1000000,1000000
2020-12-02 15:38:40.337000,1.04473,1.04471,1500000,1870000
2020-12-02 15:38:40.438000,1.04472,1.0447,1120000,1500000
2020-12-02 15:38:42.200000,1.04473,1.0447,1500000,2510000
2020-12-02 15:38:42.352000,1.04473,1.04469,1000000,2060000
2020-12-02 15:38:42.605000,1.04471,1.0447,1000000,1250000
2020-12-02 15:38:42.807000,1.04471,1.04468,1500000,3620000
2020-12-02 15:38:46.223000,1.0447,1.04468,1000000,1750000
2020-12-02 15:38:46.275000,1.04467,1.04466,1500000,1120000
2020-12-02 15:38:46.377000,1.04466,1.04464,1500000,1750000
2020-12-02 15:38:46.479000,1.04466,1.04464,1500000,1250000
2020-12-02 15:38:46.580000,1.04464,1.04463,1000000,1000000
2020-12-02 15:38:46.682000,1.04464,1.04462,1000000,2440000
2020-12-02 15:38:47.494000,1.04464,1.04463,1000000,1250000
2020-12-02 15:38:47.646000,1.04464,1.04462,1000000,2440000
2020-12-02 15:38:47.798000,1.04464,1.04463,1000000,1250000
2020-12-02 15:38:47.900000,1.04464,1.04462,1690000,1500000
2020-12-02 15:38:49.492000,1.04466,1.04463,1120000,2440000
2020-12-02 15:38:49.595000,1.04464,1.04463,1250000,1000000
2020-12-02 15:38:49.697000,1.04464,1.04462,1250000,1500000
2020-12-02 15:38:50.283000,1.04462,1.0446,1690000,1120000
2020-12-02 15:38:50.435000,1.04462,1.04459,1500000,1950000
2020-12-02 15:38:50.587000,1.04461,1.04459,1500000,1000000
2020-12-02 15:38:50.688000,1.04461,1.04458,1500000,1950000
2020-12-02 15:38:52.089000,1.0446,1.04457,1000000,1500000
2020-12-02 15:38:52.595000,1.0446,1.04457,1500000,2850000
2020-12-02 15:38:54.712000,1.04461,1.04458,2440000,1500000
2020-12-02 15:38:54.813000,1.0446,1.04457,1500000,1500000
2020-12-02 15:38:55.123000,1.04461,1.04459,3750000,1250000
2020-12-02 15:38:55.628000,1.04462,1.04459,1500000,1870000
2020-12-02 15:38:56.829000,1.04463,1.04461,1690000,1000000
2020-12-02 15:38:56.981000,1.04466,1.04463,2870000,1950000
2020-12-02 15:38:57.083000,1.04466,1.04464,2440000,1100000
2020-12-02 15:39:00.077000,1.04466,1.04463,1690000,3450000
2020-12-02 15:39:01.496000,1.04466,1.04464,1250000,1000000
2020-12-02 15:39:04.094000,1.04467,1.04464,2440000,1570000
2020-12-02 15:39:04.196000,1.04467,1.04465,1250000,1500000
2020-12-02 15:39:06.343000,1.04468,1.04463,2440000,1570000
2020-12-02 15:39:10.607000,1.04465,1.04463,1750000,1870000
2020-12-02 15:39:10.809000,1.04464,1.04462,1690000,1000000
2020-12-02 15:39:11.488000,1.04463,1.04461,1000000,1000000
2020-12-02 15:39:12.449000,1.04464,1.04459,2810000,1500000
2020-12-02 15:39:12.551000,1.04462,1.0446,1000000,1000000
2020-12-02 15:39:12.703000,1.04464,1.04459,2810000,1000000
2020-12-02 15:39:13.318000,1.04461,1.04459,1000000,1870000
2020-12-02 15:39:17.760000,1.0446,1.04459,1500000,1000000
2020-12-02 15:39:17.811000,1.0446,1.04457,1500000,2620000
2020-12-02 15:39:18.140000,1.0446,1.04456,1500000,1000000
2020-12-02 15:39:18.191000,1.04456,1.04455,1000000,1250000
2020-12-02 15:39:18.292000,1.04456,1.04454,1000000,2440000
2020-12-02 15:39:18.394000,1.04456,1.04454,1500000,2500000
2020-12-02 15:39:18.596000,1.04455,1.04452,1500000,3940000
2020-12-02 15:39:18.647000,1.04455,1.04453,2250000,1250000
2020-12-02 15:39:18.698000,1.04455,1.04452,1870000,3560000
2020-12-02 15:39:18.749000,1.04455,1.04453,2250000,1250000
2020-12-02 15:39:21.242000,1.04454,1.04452,1000000,2440000
2020-12-02 15:39:21.697000,1.04454,1.04453,1000000,1250000
2020-12-02 15:39:21.849000,1.04454,1.04451,1000000,1250000
2020-12-02 15:39:23.308000,1.04453,1.0445,1500000,1250000
2020-12-02 15:39:23.561000,1.0445,1.04449,1000000,1000000
2020-12-02 15:39:26.326000,1.0445,1.04447,1500000,2810000
2020-12-02 15:39:26.427000,1.04449,1.04447,1000000,2060000
2020-12-02 15:39:26.629000,1.04449,1.04447,1500000,1250000
2020-12-02 15:39:29.441000,1.0445,1.04448,1500000,1250000
2020-12-02 15:39:29.745000,1.04449,1.04448,1000000,1250000
2020-12-02 15:39:30.652000,1.04449,1.04447,1000000,2440000
2020-12-02 15:39:30.754000,1.04448,1.04446,1120000,1690000
2020-12-02 15:39:33.330000,1.0445,1.04447,2640000,2250000
2020-12-02 15:39:33.432000,1.0445,1.04447,1000000,7750000
2020-12-02 15:39:33.851000,1.0445,1.04447,1000000,6940000
2020-12-02 15:39:34.315000,1.0445,1.04447,1000000,7060000
2020-12-02 15:39:34.533000,1.0445,1.04447,1000000,2810000
2020-12-02 15:39:34.635000,1.0445,1.04446,1500000,1000000
2020-12-02 15:39:35.858000,1.04449,1.04448,1000000,1000000
2020-12-02 15:39:35.909000,1.04451,1.04448,2250000,1000000
2020-12-02 15:39:36.631000,1.04452,1.0445,1500000,1000000
2020-12-02 15:39:36.732000,1.04453,1.04451,1000000,1120000
2020-12-02 15:39:36.834000,1.04454,1.04452,1250000,1120000
2020-12-02 15:39:44.060000,1.04454,1.04451,1690000,3000000
2020-12-02 15:39:44.161000,1.04454,1.04451,3310000,1500000
2020-12-02 15:39:44.314000,1.04454,1.04452,2060000,1000000
2020-12-02 15:39:47.215000,1.04454,1.04451,2810000,1000000
2020-12-02 15:39:49.693000,1.04452,1.04451,1250000,1500000
2020-12-02 15:39:49.744000,1.04452,1.04449,1310000,5250000
2020-12-02 15:39:52.234000,1.0445,1.04448,1690000,1120000
2020-12-02 15:39:52.336000,1.04453,1.04451,1500000,1000000
2020-12-02 15:39:52.437000,1.04454,1.04451,2150000,2620000
2020-12-02 15:39:52.590000,1.04455,1.04452,3620000,1870000
2020-12-02 15:39:53.163000,1.04455,1.04452,1310000,2250000
2020-12-02 15:39:53.264000,1.04457,1.04454,4370000,1500000
2020-12-02 15:39:53.365000,1.04458,1.04456,1250000,1870000
2020-12-02 15:39:53.467000,1.04457,1.04456,1250000,1000000
2020-12-02 15:39:55.509000,1.04458,1.04456,1250000,1500000
2020-12-02 15:39:56.614000,1.04461,1.0446,1690000,1000000
2020-12-02 15:39:56.665000,1.0446,1.04457,1750000,3570000
2020-12-02 15:39:56.767000,1.0446,1.04457,1750000,3150000
2020-12-02 15:40:01.883000,1.04459,1.04456,1000000,1500000
2020-12-02 15:40:01.986000,1.04457,1.04455,1870000,2500000
2020-12-02 15:40:02.289000,1.04456,1.04454,1870000,1250000
2020-12-02 15:40:03.546000,1.04455,1.04454,1000000,1250000
2020-12-02 15:40:03.647000,1.04456,1.04453,1000000,3620000
2020-12-02 15:40:03.748000,1.04457,1.04454,1690000,1250000
2020-12-02 15:40:05.931000,1.04458,1.04456,2440000,1500000
2020-12-02 15:40:06.387000,1.04459,1.04457,1000000,1250000
2020-12-02 15:40:06.488000,1.0446,1.04457,1250000,2810000
2020-12-02 15:40:09.796000,1.0446,1.04459,1250000,1000000
2020-12-02 15:40:10.524000,1.04461,1.04459,1120000,1690000
2020-12-02 15:40:10.575000,1.04463,1.04462,1870000,1000000
2020-12-02 15:40:11.497000,1.04464,1.04462,1250000,1000000
2020-12-02 15:40:15.506000,1.04463,1.04461,1310000,1000000
2020-12-02 15:40:15.607000,1.04463,1.04461,2250000,1000000
2020-12-02 15:40:15.709000,1.04463,1.04462,1870000,1000000
2020-12-02 15:40:15.810000,1.04463,1.0446,1870000,1750000
2020-12-02 15:40:15.962000,1.04464,1.04462,2440000,1000000
2020-12-02 15:40:20.153000,1.04464,1.04463,1310000,1000000
2020-12-02 15:40:20.254000,1.04465,1.04463,3190000,1000000
2020-12-02 15:40:22.779000,1.04467,1.04465,2320000,1000000
2020-12-02 15:40:25.099000,1.04469,1.04467,1250000,1000000
2020-12-02 15:40:25.200000,1.0447,1.04468,2120000,1000000
2020-12-02 15:40:25.352000,1.04471,1.04469,2120000,1000000
2020-12-02 15:40:25.403000,1.04473,1.04472,1200000,1000000
2020-12-02 15:40:25.556000,1.04474,1.04472,2060000,1000000
2020-12-02 15:40:25.607000,1.04473,1.04472,1250000,1000000
2020-12-02 15:40:25.658000,1.04471,1.04469,1250000,1500000
2020-12-02 15:40:25.759000,1.04471,1.04469,1750000,1120000
2020-12-02 15:40:25.961000,1.04471,1.04468,1500000,1810000
2020-12-02 15:40:27.100000,1.04471,1.04469,1870000,1000000
2020-12-02 15:40:27.201000,1.0447,1.04468,2060000,1000000
2020-12-02 15:40:27.303000,1.0447,1.04468,1500000,1250000
2020-12-02 15:40:27.454000,1.04471,1.04469,1120000,1000000
2020-12-02 15:40:27.556000,1.04473,1.04471,1870000,1000000
2020-12-02 15:40:27.657000,1.04473,1.04471,2370000,1000000
2020-12-02 15:40:27.758000,1.04474,1.04472,5700000,1000000
2020-12-02 15:40:27.859000,1.04474,1.04472,5620000,1000000
2020-12-02 15:40:28.062000,1.04477,1.04475,2060000,1000000
2020-12-02 15:40:29.267000,1.04478,1.04476,6560000,1000000
2020-12-02 15:40:29.369000,1.04476,1.04475,1000000,1000000
2020-12-02 15:40:32.281000,1.04478,1.04477,1250000,1500000
2020-12-02 15:40:32.332000,1.0448,1.04479,2440000,1500000
2020-12-02 15:40:33.061000,1.0448,1.04478,1250000,1500000
2020-12-02 15:40:33.452000,1.04482,1.0448,1870000,1000000
2020-12-02 15:40:36.645000,1.0448,1.04479,1000000,1120000
2020-12-02 15:40:36.696000,1.0448,1.04479,1000000,1120000
2020-12-02 15:40:36.746000,1.0448,1.04479,1000000,1120000
2020-12-02 15:40:36.797000,1.04483,1.04481,1310000,1120000
2020-12-02 15:40:36.848000,1.04484,1.04482,1580000,1000000
2020-12-02 15:40:37,1.04483,1.04482,1120000,1000000
2020-12-02 15:40:37.102000,1.04481,1.04479,1250000,1870000
2020-12-02 15:40:39.921000,1.04482,1.04481,1870000,1000000
2020-12-02 15:40:40.827000,1.04482,1.0448,1870000,1000000
2020-12-02 15:40:44.192000,1.04482,1.0448,1870000,1000000
2020-12-02 15:40:44.293000,1.04478,1.04476,1250000,1100000
2020-12-02 15:40:44.344000,1.04479,1.04478,1120000,1000000
2020-12-02 15:40:44.923000,1.04478,1.04477,1120000,1000000
2020-12-02 15:40:45.125000,1.04477,1.04474,1000000,1370000
2020-12-02 15:40:45.884000,1.04477,1.04476,1570000,1250000
2020-12-02 15:40:46.841000,1.04476,1.04475,1000000,1250000
2020-12-02 15:40:47.902000,1.04475,1.04473,1000000,2190000
2020-12-02 15:40:49.093000,1.04476,1.04475,1500000,1000000
2020-12-02 15:40:50.098000,1.04476,1.04473,2060000,1500000
2020-12-02 15:40:50.647000,1.04474,1.04473,1000000,1120000
2020-12-02 15:40:50.748000,1.04473,1.04472,1500000,1000000
2020-12-02 15:40:51.416000,1.04475,1.04472,1120000,1000000
2020-12-02 15:40:51.517000,1.04475,1.04474,1000000,1000000
2020-12-02 15:40:51.619000,1.04477,1.04475,3260000,1000000
2020-12-02 15:40:54.891000,1.04479,1.04478,1000000,1500000
2020-12-02 15:40:54.993000,1.04479,1.04477,1000000,1870000
2020-12-02 15:40:55.681000,1.04477,1.04476,1000000,1000000
2020-12-02 15:40:55.783000,1.04477,1.04475,1000000,1000000
2020-12-02 15:40:56.153000,1.04476,1.04474,1200000,1000000
2020-12-02 15:40:56.405000,1.04477,1.04475,3820000,1000000
2020-12-02 15:40:58.243000,1.04475,1.04474,1000000,1000000
2020-12-02 15:40:58.745000,1.04475,1.04474,1000000,1000000
2020-12-02 15:40:58.797000,1.04474,1.04472,4320000,1310000
2020-12-02 15:40:59.203000,1.04474,1.04472,2320000,1000000
2020-12-02 15:41:00.907000,1.04474,1.04472,3760000,1000000
2020-12-02 15:41:01.110000,1.04473,1.0447,1620000,2940000
2020-12-02 15:41:01.263000,1.04472,1.0447,1950000,1000000
2020-12-02 15:41:02.735000,1.04471,1.0447,1000000,1000000
2020-12-02 15:41:03.444000,1.04469,1.04468,1000000,1250000
2020-12-02 15:41:03.546000,1.0447,1.04467,1570000,2440000
2020-12-02 15:41:03.951000,1.0447,1.04469,1000000,1000000
2020-12-02 15:41:04.052000,1.0447,1.04467,1760000,1500000
2020-12-02 15:41:04.507000,1.04468,1.04467,1200000,1000000
2020-12-02 15:41:04.558000,1.04467,1.04464,5320000,2320000
2020-12-02 15:41:04.811000,1.04466,1.04464,1890000,1000000
2020-12-02 15:41:05.267000,1.04466,1.04464,5890000,1000000
2020-12-02 15:41:07.106000,1.04465,1.04463,1000000,2440000
2020-12-02 15:41:07.409000,1.04466,1.04465,1310000,1000000
2020-12-02 15:41:07.460000,1.04468,1.04467,1100000,1000000
2020-12-02 15:41:07.511000,1.0447,1.04467,6710000,1120000
2020-12-02 15:41:07.562000,1.0447,1.04468,2590000,1000000
2020-12-02 15:41:07.816000,1.0447,1.04467,2510000,1000000
2020-12-02 15:41:07.917000,1.04469,1.04467,6260000,1000000
2020-12-02 15:41:08.284000,1.04468,1.04466,1200000,1000000
2020-12-02 15:41:10.565000,1.04468,1.04466,1120000,1000000
2020-12-02 15:41:10.666000,1.04469,1.04467,2440000,1000000
2020-12-02 15:41:12.293000,1.04469,1.04468,1000000,1000000
2020-12-02 15:41:12.496000,1.04467,1.04466,1000000,2620000
2020-12-02 15:41:12.648000,1.04467,1.04465,4390000,1000000
2020-12-02 15:41:12.800000,1.04466,1.04464,1000000,1000000
2020-12-02 15:41:14.292000,1.04467,1.04464,1120000,1000000
2020-12-02 15:41:16.145000,1.04465,1.04464,1000000,1000000
2020-12-02 15:41:16.246000,1.04465,1.04463,1000000,1000000
2020-12-02 15:41:18.534000,1.04466,1.04464,1000000,1000000
2020-12-02 15:41:21.830000,1.04466,1.04462,1100000,1870000
2020-12-02 15:41:21.932000,1.04465,1.04464,1120000,1000000
2020-12-02 15:41:24.021000,1.04466,1.04465,2250000,1000000
2020-12-02 15:41:24.605000,1.04466,1.04464,2620000,1000000
2020-12-02 15:41:25.591000,1.04466,1.04464,1870000,1000000
2020-12-02 15:41:26.936000,1.04465,1.04464,1250000,1000000
2020-12-02 15:41:29.826000,1.04466,1.04462,2140000,1000000
2020-12-02 15:41:30.645000,1.04464,1.04463,1000000,1000000
2020-12-02 15:41:31.818000,1.04465,1.04463,2440000,1000000
2020-12-02 15:41:32.227000,1.04466,1.04464,1000000,1000000
2020-12-02 15:41:35.985000,1.04466,1.04465,1120000,1000000
2020-12-02 15:41:36.491000,1.04465,1.04464,1000000,1000000
2020-12-02 15:41:38.876000,1.04463,1.04461,1000000,6760000
2020-12-02 15:41:38.978000,1.04464,1.04462,5140000,1000000
2020-12-02 15:41:39.130000,1.04464,1.04459,1620000,1750000
2020-12-02 15:41:39.231000,1.04462,1.0446,2070000,1000000
2020-12-02 15:41:39.333000,1.0446,1.04458,1000000,2250000
2020-12-02 15:41:40.066000,1.04462,1.0446,1870000,1000000
2020-12-02 15:41:40.117000,1.04464,1.04461,1120000,1000000
2020-12-02 15:41:40.219000,1.04463,1.04461,2320000,1000000
2020-12-02 15:41:40.471000,1.04464,1.04462,2250000,1000000
2020-12-02 15:41:42.292000,1.04469,1.04467,3640000,1000000
2020-12-02 15:41:42.393000,1.0447,1.04468,1250000,1000000
2020-12-02 15:41:42.545000,1.04469,1.04468,1010000,1000000
2020-12-02 15:41:42.646000,1.04468,1.04466,1310000,1000000
2020-12-02 15:41:42.899000,1.04467,1.04466,1000000,1000000
2020-12-02 15:41:43.361000,1.04465,1.04464,1000000,1310000
2020-12-02 15:41:43.808000,1.04466,1.04465,1000000,1000000
2020-12-02 15:41:44.331000,1.04465,1.04463,2470000,1000000
2020-12-02 15:41:44.432000,1.04463,1.04462,1120000,1690000
2020-12-02 15:41:44.533000,1.04462,1.04461,1000000,1690000
2020-12-02 15:41:45.597000,1.04465,1.04461,5820000,1690000
2020-12-02 15:41:45.699000,1.04462,1.04461,1120000,1690000
2020-12-02 15:41:46.007000,1.04464,1.04462,2510000,1000000
2020-12-02 15:41:46.665000,1.04464,1.04462,1870000,1000000
2020-12-02 15:41:46.818000,1.04465,1.04463,2250000,1000000
2020-12-02 15:41:46.919000,1.04466,1.04464,1310000,1000000
2020-12-02 15:41:47.021000,1.04468,1.04466,2070000,1000000
2020-12-02 15:41:47.123000,1.04469,1.04467,1010000,1000000
2020-12-02 15:41:47.224000,1.04469,1.04467,1250000,1000000
2020-12-02 15:41:48.128000,1.04468,1.04466,1950000,1000000
2020-12-02 15:41:48.280000,1.04468,1.04467,1000000,1000000
2020-12-02 15:41:48.382000,1.04469,1.04467,1000000,1000000
2020-12-02 15:41:48.901000,1.04468,1.04467,1000000,1000000
2020-12-02 15:41:49.002000,1.04469,1.04467,1000000,1000000
2020-12-02 15:41:50.885000,1.04468,1.04467,1000000,1000000
2020-12-02 15:41:51.996000,1.0447,1.04466,1250000,1000000
2020-12-02 15:41:55.279000,1.04469,1.04468,1250000,1000000
2020-12-02 15:41:55.881000,1.04468,1.04467,1000000,1000000
2020-12-02 15:41:55.983000,1.04466,1.04465,1000000,1000000
2020-12-02 15:41:56.084000,1.04466,1.04465,1000000,1000000
2020-12-02 15:41:56.186000,1.04465,1.04464,1250000,1000000
2020-12-02 15:41:57.485000,1.04466,1.04465,1000000,1000000
2020-12-02 15:41:57.841000,1.04467,1.04465,1250000,1000000
2020-12-02 15:41:57.892000,1.04468,1.04466,1870000,1000000
2020-12-02 15:41:57.993000,1.04468,1.04467,1000000,1000000
2020-12-02 15:41:58.972000,1.04467,1.04466,1000000,1000000
2020-12-02 15:42:01.653000,1.04468,1.04466,1120000,1000000
2020-12-02 15:42:01.754000,1.04469,1.04467,2060000,1000000
2020-12-02 15:42:01.872000,1.04468,1.04467,1000000,1000000
2020-12-02 15:42:02.821000,1.04469,1.04467,1310000,1000000
2020-12-02 15:42:02.923000,1.0447,1.04468,2060000,1000000
2020-12-02 15:42:03.074000,1.0447,1.04467,2870000,2250000
2020-12-02 15:42:03.125000,1.0447,1.04469,1690000,1000000
2020-12-02 15:42:03.176000,1.04469,1.04467,1250000,1870000
2020-12-02 15:42:03.277000,1.0447,1.04467,1310000,1000000
2020-12-02 15:42:04.133000,1.0447,1.04469,1120000,1000000
2020-12-02 15:42:04.286000,1.0447,1.04468,1750000,1000000
2020-12-02 15:42:04.387000,1.0447,1.04468,1000000,1120000
2020-12-02 15:42:04.489000,1.04471,1.04468,1120000,1500000
2020-12-02 15:42:05.148000,1.0447,1.04468,1750000,1120000
2020-12-02 15:42:05.597000,1.0447,1.04468,1000000,1000000
2020-12-02 15:42:05.699000,1.04473,1.04469,1200000,1000000
2020-12-02 15:42:05.800000,1.04472,1.04471,1120000,1000000
2020-12-02 15:42:06.886000,1.04471,1.04469,1120000,1000000
2020-12-02 15:42:07.397000,1.04469,1.04468,1000000,1000000
2020-12-02 15:42:07.498000,1.04468,1.04466,1000000,1870000
2020-12-02 15:42:07.839000,1.04468,1.04466,1620000,1000000
2020-12-02 15:42:07.941000,1.04467,1.04466,1120000,1000000
