time,ask,bid,ask_volume,bid_volume
2022-01-26 15:25:00.104000,1.14346,1.14342,1200000,4620000
2022-01-26 15:25:00.206000,1.14346,1.14343,1200000,4160000
2022-01-26 15:25:00.410000,1.14347,1.14344,1200000,2340000
2022-01-26 15:25:02.343000,1.14338,1.14336,1320000,1200000
2022-01-26 15:25:02.394000,1.14335,1.14331,2030000,2340000
2022-01-26 15:25:02.497000,1.14335,1.14332,1500000,2480000
2022-01-26 15:25:02.599000,1.14335,1.14332,1500000,1320000
2022-01-26 15:25:02.803000,1.14334,1.14331,1200000,3260000
2022-01-26 15:25:08.212000,1.14335,1.14332,1200000,2820000
2022-01-26 15:25:08.314000,1.14335,1.14332,1200000,3240000
2022-01-26 15:25:11.061000,1.14336,1.14333,1440000,1200000
2022-01-26 15:25:11.510000,1.14334,1.14331,1200000,3260000
2022-01-26 15:25:12.970000,1.14334,1.14331,1200000,2780000
2022-01-26 15:25:13.921000,1.14336,1.14332,2340000,1320000
2022-01-26 15:25:14.076000,1.14334,1.14331,1670000,1200000
2022-01-26 15:25:14.432000,1.14335,1.14332,1440000,1200000
2022-01-26 15:25:16.762000,1.14337,1.14334,1800000,2110000
2022-01-26 15:25:16.865000,1.14339,1.14335,1800000,7090000
2022-01-26 15:25:17.374000,1.1434,1.14335,1200000,4160000
2022-01-26 15:25:17.426000,1.14342,1.14336,1800000,2360000
2022-01-26 15:25:18.413000,1.14341,1.14338,1200000,2480000
2022-01-26 15:25:18.792000,1.14341,1.14338,1200000,1440000
2022-01-26 15:25:20.511000,1.14337,1.14335,1200000,1200000
2022-01-26 15:25:20.613000,1.14336,1.14334,1200000,2040000
2022-01-26 15:25:20.766000,1.14336,1.14334,1200000,1440000
2022-01-26 15:25:20.868000,1.14338,1.14335,1200000,1320000
2022-01-26 15:25:20.970000,1.14339,1.14336,1800000,1320000
2022-01-26 15:25:21.747000,1.14341,1.14338,1800000,1320000
2022-01-26 15:25:21.951000,1.14341,1.14338,1200000,2040000
2022-01-26 15:25:22.124000,1.14342,1.14339,1200000,2710000
2022-01-26 15:25:22.226000,1.14343,1.14338,1200000,2570000
2022-01-26 15:25:22.430000,1.14342,1.1434,1200000,1200000
2022-01-26 15:25:22.532000,1.14342,1.14339,1200000,1320000
2022-01-26 15:25:24.271000,1.14342,1.14339,1200000,1920000
2022-01-26 15:25:25.057000,1.14342,1.14339,1200000,1200000
2022-01-26 15:25:26.394000,1.14341,1.14338,1200000,2940000
2022-01-26 15:25:27.011000,1.14341,1.14338,1200000,1440000
2022-01-26 15:25:27.689000,1.14338,1.14335,1200000,3420000
2022-01-26 15:25:28.222000,1.14338,1.14334,1200000,1920000
2022-01-26 15:25:28.325000,1.14337,1.14334,1200000,1200000
2022-01-26 15:25:28.428000,1.14336,1.14333,1200000,1440000
2022-01-26 15:25:28.530000,1.14335,1.14332,1200000,3860000
2022-01-26 15:25:28.634000,1.14339,1.14337,1200000,1440000
2022-01-26 15:25:28.686000,1.14341,1.14337,1880000,1440000
2022-01-26 15:25:28.788000,1.14341,1.14337,1340000,2360000
2022-01-26 15:25:29.301000,1.14341,1.14338,1200000,2480000
2022-01-26 15:25:29.759000,1.14342,1.14337,1200000,2570000
2022-01-26 15:25:29.810000,1.14343,1.14339,1200000,1880000
2022-01-26 15:25:30.342000,1.14342,1.14339,1200000,1340000
2022-01-26 15:25:30.495000,1.14341,1.14338,1200000,4280000
2022-01-26 15:25:31.002000,1.14341,1.14338,1200000,3680000
2022-01-26 15:25:34.325000,1.14341,1.14338,1200000,1940000
2022-01-26 15:25:35.296000,1.14341,1.14338,1200000,1340000
2022-01-26 15:25:35.714000,1.14341,1.14337,1800000,1880000
2022-01-26 15:25:35.918000,1.14337,1.14335,1200000,2240000
2022-01-26 15:25:36.020000,1.14337,1.14334,1200000,2240000
2022-01-26 15:25:36.810000,1.1434,1.14337,1200000,1440000
2022-01-26 15:25:37.081000,1.1434,1.14337,1200000,2940000
2022-01-26 15:25:37.234000,1.14339,1.14336,3170000,1340000
2022-01-26 15:25:37.286000,1.14335,1.14333,1200000,1440000
2022-01-26 15:25:37.388000,1.14335,1.14332,1200000,1880000
2022-01-26 15:25:41.592000,1.14336,1.14332,1200000,1670000
2022-01-26 15:25:41.643000,1.14337,1.14334,1200000,1320000
2022-01-26 15:25:41.745000,1.14338,1.14334,1800000,1440000
2022-01-26 15:25:41.847000,1.14338,1.14334,1800000,1920000
2022-01-26 15:25:43.471000,1.1434,1.14337,1200000,1880000
2022-01-26 15:25:43.586000,1.1434,1.14338,1200000,1440000
2022-01-26 15:25:43.688000,1.1434,1.14338,1200000,2040000
2022-01-26 15:25:44.380000,1.14343,1.14337,1800000,2780000
2022-01-26 15:25:44.748000,1.1434,1.14338,1500000,1200000
2022-01-26 15:25:44.850000,1.1434,1.14337,1500000,1200000
2022-01-26 15:25:44.952000,1.14336,1.14333,1200000,3840000
2022-01-26 15:25:45.457000,1.14337,1.14334,1200000,1340000
2022-01-26 15:25:46.052000,1.14337,1.14334,1200000,1940000
2022-01-26 15:25:46.913000,1.14337,1.14334,1200000,1340000
2022-01-26 15:25:47.066000,1.1434,1.14336,2240000,2780000
2022-01-26 15:25:47.219000,1.14339,1.14335,1200000,2780000
2022-01-26 15:25:47.642000,1.14342,1.14337,2030000,1200000
2022-01-26 15:25:48.700000,1.14339,1.14337,1200000,1340000
2022-01-26 15:25:49.081000,1.1434,1.14337,1200000,2240000
2022-01-26 15:25:50.575000,1.14337,1.14334,1200000,3840000
2022-01-26 15:25:50.677000,1.14338,1.14335,1320000,1200000
2022-01-26 15:25:53.223000,1.14336,1.14333,1200000,2340000
2022-01-26 15:25:53.325000,1.14337,1.14333,1880000,3840000
2022-01-26 15:25:53.540000,1.14337,1.14334,1880000,1200000
2022-01-26 15:25:53.642000,1.14338,1.14333,1320000,1340000
2022-01-26 15:25:54.186000,1.14336,1.14334,1200000,1340000
2022-01-26 15:25:54.288000,1.14337,1.14334,1200000,2780000
2022-01-26 15:25:54.390000,1.14337,1.14334,1200000,4280000
2022-01-26 15:25:55.505000,1.14339,1.14336,1200000,5270000
2022-01-26 15:25:55.952000,1.14338,1.14336,1200000,1200000
2022-01-26 15:25:56.156000,1.14338,1.14335,1200000,1340000
2022-01-26 15:25:57.517000,1.1434,1.14335,1200000,3680000
2022-01-26 15:25:57.619000,1.1434,1.14336,2030000,3240000
2022-01-26 15:25:57.722000,1.14338,1.14335,1200000,2940000
2022-01-26 15:25:57.926000,1.14338,1.14335,1200000,1800000
2022-01-26 15:26:00.914000,1.14339,1.14333,1200000,3240000
2022-01-26 15:26:02.574000,1.14338,1.14335,1200000,1200000
2022-01-26 15:26:03.345000,1.1434,1.14336,1340000,1210000
2022-01-26 15:26:03.447000,1.14341,1.14336,1200000,1340000
2022-01-26 15:26:03.600000,1.14341,1.14337,1200000,1200000
2022-01-26 15:26:05.513000,1.14339,1.14337,1200000,1800000
2022-01-26 15:26:05.615000,1.14339,1.14337,1200000,1800000
2022-01-26 15:26:06.482000,1.1434,1.14337,1500000,2700000
2022-01-26 15:26:06.584000,1.1434,1.14337,1500000,2840000
2022-01-26 15:26:07.594000,1.1434,1.14337,1500000,2240000
2022-01-26 15:26:08.325000,1.14337,1.14335,1200000,1920000
2022-01-26 15:26:08.428000,1.14334,1.14331,1200000,2700000
2022-01-26 15:26:08.888000,1.14334,1.14331,1500000,2400000
2022-01-26 15:26:09.363000,1.14335,1.1433,3080000,2780000
2022-01-26 15:26:09.414000,1.14332,1.1433,1200000,2780000
2022-01-26 15:26:09.798000,1.14333,1.1433,1200000,2840000
2022-01-26 15:26:11.860000,1.14334,1.14331,1200000,2340000
2022-01-26 15:26:11.964000,1.14334,1.14331,1200000,2940000
2022-01-26 15:26:12.867000,1.14334,1.14331,1500000,1880000
2022-01-26 15:26:12.969000,1.14333,1.1433,1200000,3380000
2022-01-26 15:26:13.071000,1.14334,1.14331,2030000,1340000
2022-01-26 15:26:13.635000,1.14335,1.14332,1800000,1320000
2022-01-26 15:26:13.737000,1.14335,1.14332,1800000,1920000
2022-01-26 15:26:14.104000,1.14335,1.14333,1200000,1200000
2022-01-26 15:26:15.044000,1.14335,1.14333,1200000,1200000
2022-01-26 15:26:15.744000,1.14337,1.14333,1200000,1800000
2022-01-26 15:26:15.846000,1.14338,1.14335,1200000,1880000
2022-01-26 15:26:15.948000,1.14338,1.14334,1200000,1200000
2022-01-26 15:26:17.957000,1.14337,1.14333,1200000,1880000
2022-01-26 15:26:18.059000,1.14336,1.14334,1200000,2480000
2022-01-26 15:26:18.848000,1.14337,1.14334,1200000,2480000
2022-01-26 15:26:19.466000,1.1434,1.14336,1800000,3380000
2022-01-26 15:26:19.822000,1.14341,1.14337,1800000,2340000
2022-01-26 15:26:19.924000,1.14341,1.14337,1800000,2480000
2022-01-26 15:26:20.230000,1.14341,1.14338,1200000,2040000
2022-01-26 15:26:20.383000,1.14342,1.14339,1200000,3240000
2022-01-26 15:26:20.536000,1.14342,1.14339,1200000,2520000
2022-01-26 15:26:20.638000,1.14342,1.14339,1200000,2340000
2022-01-26 15:26:21.382000,1.14343,1.14339,1800000,2340000
2022-01-26 15:26:21.484000,1.14342,1.14339,1200000,2340000
2022-01-26 15:26:22.843000,1.14342,1.14338,1200000,3240000
2022-01-26 15:26:22.945000,1.14342,1.14339,1200000,1200000
2022-01-26 15:26:23.098000,1.14341,1.14339,1200000,1200000
2022-01-26 15:26:23.305000,1.14341,1.14338,1200000,1880000
2022-01-26 15:26:24.066000,1.14342,1.14337,1200000,2040000
2022-01-26 15:26:25.421000,1.14342,1.1434,1200000,1320000
2022-01-26 15:26:25.574000,1.14342,1.14339,1200000,4580000
2022-01-26 15:26:25.727000,1.14343,1.14339,1200000,1320000
2022-01-26 15:26:25.778000,1.14344,1.14341,1200000,2340000
2022-01-26 15:26:25.982000,1.14346,1.14343,1800000,1800000
2022-01-26 15:26:26.085000,1.14346,1.14343,1200000,4740000
2022-01-26 15:26:26.187000,1.14347,1.14344,1200000,1880000
2022-01-26 15:26:26.989000,1.14347,1.14344,1200000,2940000
2022-01-26 15:26:27.287000,1.14345,1.14342,1880000,4940000
2022-01-26 15:26:27.338000,1.14343,1.1434,1200000,3780000
2022-01-26 15:26:28.161000,1.14343,1.14339,1200000,3240000
2022-01-26 15:26:28.879000,1.14342,1.14339,1200000,1880000
2022-01-26 15:26:29.245000,1.14343,1.14339,1200000,5640000
2022-01-26 15:26:30.243000,1.14343,1.14339,1200000,3240000
2022-01-26 15:26:30.396000,1.14342,1.14339,1200000,3240000
2022-01-26 15:26:32.883000,1.14343,1.14338,1200000,3840000
2022-01-26 15:26:33.038000,1.14341,1.14338,1200000,3840000
2022-01-26 15:26:34.029000,1.14341,1.14338,1200000,3140000
2022-01-26 15:26:35.005000,1.14341,1.14338,1200000,3300000
2022-01-26 15:26:35.369000,1.1434,1.14338,1200000,1940000
2022-01-26 15:26:36.032000,1.1434,1.14338,1200000,1800000
2022-01-26 15:26:36.185000,1.14341,1.14338,1200000,2700000
2022-01-26 15:26:41.491000,1.14341,1.14338,1200000,2820000
2022-01-26 15:26:42.553000,1.14342,1.14339,1200000,2960000
2022-01-26 15:26:42.655000,1.14342,1.14339,1200000,2030000
2022-01-26 15:26:42.758000,1.14344,1.14341,1200000,4320000
2022-01-26 15:26:42.860000,1.14345,1.14342,2240000,1440000
2022-01-26 15:26:42.962000,1.14344,1.1434,1200000,2820000
2022-01-26 15:26:43.065000,1.14343,1.1434,1200000,2340000
2022-01-26 15:26:44.871000,1.14344,1.1434,1200000,3860000
2022-01-26 15:26:45.024000,1.14344,1.14342,1200000,1320000
2022-01-26 15:26:45.127000,1.14346,1.14341,1200000,4640000
2022-01-26 15:26:45.229000,1.14345,1.14344,1200000,1200000
2022-01-26 15:26:45.280000,1.14347,1.14344,1340000,1320000
2022-01-26 15:26:45.384000,1.14347,1.14344,1200000,2820000
2022-01-26 15:26:46.331000,1.14347,1.14344,1200000,1880000
2022-01-26 15:26:46.433000,1.14347,1.14344,1200000,2480000
2022-01-26 15:26:51.951000,1.14346,1.14343,1200000,5180000
2022-01-26 15:26:52.155000,1.14344,1.14343,1200000,1200000
2022-01-26 15:26:52.206000,1.14344,1.14342,1200000,3140000
2022-01-26 15:26:52.257000,1.14342,1.14341,1200000,1200000
2022-01-26 15:26:52.562000,1.14342,1.1434,1200000,1320000
2022-01-26 15:26:54.671000,1.14343,1.1434,1200000,1320000
2022-01-26 15:26:54.874000,1.14341,1.14339,1200000,1340000
2022-01-26 15:26:54.977000,1.14341,1.14338,1200000,1320000
2022-01-26 15:26:55.079000,1.14341,1.14338,1200000,1920000
2022-01-26 15:26:55.977000,1.14341,1.14338,1200000,1440000
2022-01-26 15:26:56.086000,1.14341,1.14338,1200000,1920000
2022-01-26 15:26:56.365000,1.1434,1.14338,1200000,1320000
2022-01-26 15:26:56.467000,1.14338,1.14337,1500000,1200000
2022-01-26 15:26:56.519000,1.14338,1.14334,1440000,3840000
2022-01-26 15:26:56.621000,1.14337,1.14334,1880000,1200000
2022-01-26 15:26:56.723000,1.14335,1.14333,1200000,1800000
2022-01-26 15:26:57.543000,1.14335,1.14332,1200000,1340000
2022-01-26 15:26:57.646000,1.14334,1.14332,1200000,1940000
2022-01-26 15:26:57.850000,1.14337,1.14333,2780000,1940000
2022-01-26 15:26:58.105000,1.14337,1.14335,1200000,1200000
2022-01-26 15:26:58.207000,1.14337,1.14334,1200000,3840000
2022-01-26 15:26:58.360000,1.14338,1.14334,1800000,4280000
2022-01-26 15:26:59.106000,1.14338,1.14334,1800000,3240000
2022-01-26 15:26:59.308000,1.14338,1.14335,1200000,1200000
2022-01-26 15:27:00.257000,1.1434,1.14335,1200000,4580000
2022-01-26 15:27:00.359000,1.14338,1.14335,1200000,3380000
2022-01-26 15:27:00.461000,1.14337,1.14332,1200000,2480000
2022-01-26 15:27:00.564000,1.14337,1.14333,1200000,4510000
2022-01-26 15:27:01.270000,1.14336,1.14333,1200000,2930000
2022-01-26 15:27:01.474000,1.14336,1.14334,1200000,1340000
2022-01-26 15:27:01.630000,1.14337,1.14334,1200000,1340000
2022-01-26 15:27:04.017000,1.14337,1.14334,1200000,2940000
2022-01-26 15:27:04.851000,1.14336,1.14334,1200000,1340000
2022-01-26 15:27:05.439000,1.14335,1.14333,1200000,1940000
2022-01-26 15:27:05.832000,1.14336,1.14332,1200000,1800000
2022-01-26 15:27:08.593000,1.14335,1.14333,1200000,1800000
2022-01-26 15:27:08.796000,1.14335,1.14333,1200000,1800000
2022-01-26 15:27:08.898000,1.14335,1.14333,1200000,1940000
2022-01-26 15:27:11.183000,1.14338,1.14333,1200000,2780000
2022-01-26 15:27:11.285000,1.14337,1.14335,1200000,1200000
2022-01-26 15:27:11.946000,1.14335,1.14334,1200000,1200000
2022-01-26 15:27:11.997000,1.14334,1.14332,1200000,3600000
2022-01-26 15:27:14.053000,1.14335,1.14332,1200000,2340000
2022-01-26 15:27:14.155000,1.14335,1.14333,1200000,1200000
2022-01-26 15:27:14.460000,1.14336,1.14334,1200000,1200000
2022-01-26 15:27:14.562000,1.14337,1.14334,1200000,4740000
2022-01-26 15:27:15.022000,1.14337,1.14333,1200000,1940000
2022-01-26 15:27:15.651000,1.14336,1.14334,1200000,1200000
2022-01-26 15:27:15.754000,1.14335,1.14333,1200000,1800000
2022-01-26 15:27:16.274000,1.14334,1.14332,1200000,1940000
2022-01-26 15:27:17.302000,1.14334,1.14332,1200000,1800000
2022-01-26 15:27:17.631000,1.14334,1.14332,1200000,2840000
2022-01-26 15:27:17.733000,1.14335,1.14332,1200000,3380000
2022-01-26 15:27:19.002000,1.14334,1.14332,1200000,2840000
2022-01-26 15:27:19.437000,1.14334,1.14332,1200000,1800000
2022-01-26 15:27:19.891000,1.14335,1.14332,1200000,1340000
2022-01-26 15:27:21.404000,1.14335,1.14333,1200000,1340000
2022-01-26 15:27:21.506000,1.14337,1.14334,1800000,3680000
2022-01-26 15:27:21.609000,1.14336,1.14334,1200000,1800000
2022-01-26 15:27:22.338000,1.14335,1.14334,1200000,1800000
2022-01-26 15:27:22.440000,1.14335,1.14333,1200000,1800000
2022-01-26 15:27:23.260000,1.14334,1.14333,1200000,1200000
2022-01-26 15:27:26.880000,1.14334,1.14331,1200000,1940000
2022-01-26 15:27:26.982000,1.14334,1.14331,1200000,1800000
2022-01-26 15:27:27.947000,1.14334,1.14331,1200000,2480000
2022-01-26 15:27:28.049000,1.14335,1.14331,1800000,3380000
2022-01-26 15:27:28.202000,1.14335,1.14332,1200000,1940000
2022-01-26 15:27:28.893000,1.14336,1.14334,1200000,1880000
2022-01-26 15:27:28.995000,1.14336,1.14334,1200000,1940000
2022-01-26 15:27:29.147000,1.14337,1.14334,1200000,1940000
2022-01-26 15:27:29.199000,1.14335,1.14334,1200000,1340000
2022-01-26 15:27:30.115000,1.14335,1.14332,1200000,1940000
2022-01-26 15:27:30.268000,1.14334,1.14332,1200000,1940000
2022-01-26 15:27:30.892000,1.14335,1.14331,1200000,1340000
2022-01-26 15:27:31.917000,1.14334,1.14332,1200000,1940000
2022-01-26 15:27:32.700000,1.14335,1.14332,1200000,4280000
2022-01-26 15:27:32.802000,1.14335,1.14334,1200000,1200000
2022-01-26 15:27:33.937000,1.14335,1.14332,1800000,1940000
2022-01-26 15:27:34.039000,1.14335,1.14332,1800000,1800000
2022-01-26 15:27:35.011000,1.14335,1.14332,1800000,1940000
2022-01-26 15:27:37.198000,1.14336,1.14333,1200000,1340000
2022-01-26 15:27:37.300000,1.14336,1.14335,1200000,1200000
2022-01-26 15:27:39.880000,1.14337,1.14335,1200000,1800000
2022-01-26 15:27:40.911000,1.14336,1.14335,1200000,1340000
2022-01-26 15:27:41.013000,1.14335,1.14334,1200000,1340000
2022-01-26 15:27:42.471000,1.14337,1.14334,2340000,1340000
2022-01-26 15:27:42.573000,1.14336,1.14333,1200000,1200000
2022-01-26 15:27:42.912000,1.14336,1.14335,1200000,1340000
2022-01-26 15:27:43.583000,1.14337,1.14335,1200000,1800000
2022-01-26 15:27:44.065000,1.14337,1.14334,2150000,1800000
2022-01-26 15:27:44.167000,1.14335,1.14334,1200000,1200000
2022-01-26 15:27:46.626000,1.14338,1.14335,3650000,1340000
2022-01-26 15:27:46.865000,1.14338,1.14335,3490000,1340000
2022-01-26 15:27:47.911000,1.1434,1.14336,1200000,1200000
2022-01-26 15:27:48.065000,1.14338,1.14335,1200000,2400000
2022-01-26 15:27:48.167000,1.14337,1.14335,1200000,1940000
2022-01-26 15:27:48.269000,1.14337,1.14334,1200000,1200000
2022-01-26 15:27:48.371000,1.14335,1.14334,1200000,1800000
2022-01-26 15:27:48.689000,1.14336,1.14334,1200000,1200000
2022-01-26 15:27:49.147000,1.14335,1.14334,1200000,1800000
2022-01-26 15:27:50.165000,1.14337,1.14333,1200000,1940000
2022-01-26 15:27:51.098000,1.14336,1.14334,1200000,1800000
2022-01-26 15:27:54.940000,1.14336,1.14334,1200000,1940000
2022-01-26 15:27:55.135000,1.14335,1.14334,1200000,1340000
2022-01-26 15:27:55.344000,1.14335,1.14333,1200000,1340000
2022-01-26 15:27:56.469000,1.14335,1.14332,1200000,1200000
2022-01-26 15:27:58.491000,1.14335,1.14333,1200000,1340000
2022-01-26 15:27:58.643000,1.14336,1.14334,1200000,1200000
2022-01-26 15:27:58.746000,1.14337,1.14335,1200000,1940000
2022-01-26 15:27:58.848000,1.14337,1.14335,1200000,1340000
2022-01-26 15:27:58.950000,1.14338,1.14335,1800000,1940000
2022-01-26 15:27:59.219000,1.14337,1.14335,1200000,1940000
2022-01-26 15:27:59.870000,1.14339,1.14336,1200000,2700000
2022-01-26 15:28:00.074000,1.14337,1.14335,1200000,1340000
2022-01-26 15:28:00.176000,1.14336,1.14335,1200000,1200000
2022-01-26 15:28:00.278000,1.14337,1.14335,1200000,1200000
2022-01-26 15:28:00.800000,1.14336,1.14335,1200000,1340000
2022-01-26 15:28:01.286000,1.14338,1.14335,1210000,1340000
2022-01-26 15:28:01.399000,1.14336,1.14335,1200000,1340000
2022-01-26 15:28:01.619000,1.14337,1.14335,1200000,1340000
2022-01-26 15:28:02.651000,1.14338,1.14335,1200000,1340000
2022-01-26 15:28:02.754000,1.14339,1.14336,1800000,1340000
2022-01-26 15:28:02.907000,1.14339,1.14337,1800000,1340000
2022-01-26 15:28:03.179000,1.1434,1.14337,2240000,2700000
2022-01-26 15:28:03.714000,1.14338,1.14335,1320000,1940000
2022-01-26 15:28:03.821000,1.14336,1.14335,1200000,1340000
2022-01-26 15:28:05.525000,1.14337,1.14335,1200000,1200000
2022-01-26 15:28:10.507000,1.14336,1.14335,1200000,1340000
2022-01-26 15:28:12.830000,1.14338,1.14336,1200000,2780000
2022-01-26 15:28:12.932000,1.14339,1.14337,1200000,1440000
2022-01-26 15:28:14.457000,1.14339,1.14337,1200000,3380000
2022-01-26 15:28:15.785000,1.1434,1.14337,1200000,3300000
2022-01-26 15:28:18.935000,1.1434,1.14338,1200000,1200000
2022-01-26 15:28:19.925000,1.14341,1.14338,1800000,1920000
2022-01-26 15:28:20.028000,1.1434,1.14338,2030000,5180000
2022-01-26 15:28:20.407000,1.14341,1.14337,2030000,1340000
2022-01-26 15:28:22.189000,1.1434,1.14337,2030000,4040000
2022-01-26 15:28:22.802000,1.1434,1.14337,3540000,1800000
2022-01-26 15:28:22.854000,1.14336,1.14335,1500000,4080000
2022-01-26 15:28:22.905000,1.14335,1.14332,1340000,1200000
2022-01-26 15:28:22.957000,1.14333,1.1433,2030000,1340000
2022-01-26 15:28:23.059000,1.1433,1.14328,1200000,1880000
2022-01-26 15:28:23.110000,1.14328,1.14325,1200000,2780000
2022-01-26 15:28:25.534000,1.14328,1.14324,1200000,1440000
2022-01-26 15:28:25.738000,1.14326,1.14323,1200000,1320000
2022-01-26 15:28:25.840000,1.14326,1.14324,1200000,1200000
2022-01-26 15:28:25.942000,1.14323,1.14321,1200000,1200000
2022-01-26 15:28:26.044000,1.14322,1.14321,1200000,1200000
2022-01-26 15:28:28.511000,1.14322,1.1432,1200000,1200000
2022-01-26 15:28:29.223000,1.14322,1.14319,1200000,1340000
2022-01-26 15:28:29.325000,1.14321,1.14319,1200000,1340000
2022-01-26 15:28:29.711000,1.14322,1.14319,1200000,1340000
2022-01-26 15:28:30.103000,1.14323,1.14319,1200000,1340000
2022-01-26 15:28:30.205000,1.14321,1.14319,1200000,1340000
2022-01-26 15:28:31.996000,1.14321,1.14318,1200000,4580000
2022-01-26 15:28:37.769000,1.14322,1.14318,1320000,4370000
2022-01-26 15:28:38.210000,1.14321,1.14318,1200000,2780000
2022-01-26 15:28:38.614000,1.1432,1.14318,1500000,1200000
2022-01-26 15:28:42.737000,1.14323,1.14321,1940000,1800000
2022-01-26 15:28:42.840000,1.14323,1.14321,1500000,1200000
2022-01-26 15:28:42.942000,1.14322,1.1432,1200000,1320000
2022-01-26 15:28:43.851000,1.14322,1.14319,1200000,2780000
2022-01-26 15:28:44.665000,1.14322,1.14319,1200000,3260000
2022-01-26 15:28:45.689000,1.14326,1.14323,2840000,1210000
2022-01-26 15:28:45.741000,1.14327,1.14323,2420000,5870000
2022-01-26 15:28:45.843000,1.14327,1.14323,1440000,6170000
2022-01-26 15:28:45.945000,1.14327,1.14323,1320000,7220000
2022-01-26 15:28:46.150000,1.14327,1.14323,1210000,8870000
2022-01-26 15:28:46.252000,1.14327,1.14323,1670000,6540000
2022-01-26 15:28:46.355000,1.14327,1.14323,1210000,6840000
2022-01-26 15:28:46.536000,1.14328,1.14323,1200000,2290000
2022-01-26 15:28:46.638000,1.14328,1.14325,1200000,1670000
2022-01-26 15:28:48.528000,1.14329,1.14326,1800000,1320000
2022-01-26 15:28:48.732000,1.14331,1.14328,1200000,1320000
2022-01-26 15:28:48.834000,1.14331,1.14327,1200000,3240000
2022-01-26 15:28:49.329000,1.14329,1.14327,1200000,1440000
2022-01-26 15:28:49.432000,1.14329,1.14326,1200000,1440000
2022-01-26 15:28:49.638000,1.14328,1.14325,1200000,3420000
2022-01-26 15:28:49.805000,1.14329,1.14324,1200000,3240000
2022-01-26 15:28:51.079000,1.14327,1.14325,1200000,1320000
2022-01-26 15:28:51.181000,1.14326,1.14323,1200000,1670000
2022-01-26 15:28:51.283000,1.14326,1.14323,1200000,3650000
2022-01-26 15:28:51.743000,1.14327,1.14324,1200000,2360000
2022-01-26 15:28:53.426000,1.14324,1.14322,1800000,1340000
2022-01-26 15:28:53.528000,1.14324,1.14319,1200000,5940000
2022-01-26 15:28:53.630000,1.14322,1.14319,1200000,1440000
2022-01-26 15:29:00.641000,1.14321,1.14318,1200000,2480000
2022-01-26 15:29:00.743000,1.14321,1.14318,1200000,1440000
2022-01-26 15:29:00.899000,1.1432,1.14317,2570000,1800000
2022-01-26 15:29:01.001000,1.1432,1.14318,1200000,1340000
2022-01-26 15:29:01.103000,1.14319,1.14316,1200000,2060000
2022-01-26 15:29:01.206000,1.1432,1.14316,1800000,2060000
2022-01-26 15:29:01.308000,1.14319,1.14316,1200000,1340000
2022-01-26 15:29:01.410000,1.14318,1.14315,1200000,1880000
2022-01-26 15:29:02.020000,1.14319,1.14315,1800000,1880000
2022-01-26 15:29:04.177000,1.1432,1.14317,1320000,1200000
2022-01-26 15:29:04.279000,1.14321,1.14317,1200000,1200000
2022-01-26 15:29:04.534000,1.14322,1.14318,3050000,1800000
2022-01-26 15:29:04.636000,1.14322,1.14318,1880000,2940000
2022-01-26 15:29:06.151000,1.14323,1.14319,1880000,2340000
2022-01-26 15:29:06.395000,1.14323,1.1432,1800000,1320000
2022-01-26 15:29:07.755000,1.14323,1.14319,1800000,2780000
2022-01-26 15:29:08.596000,1.14323,1.1432,1800000,1200000
2022-01-26 15:29:08.698000,1.14323,1.14319,1800000,2940000
2022-01-26 15:29:09.361000,1.14322,1.14319,2780000,1200000
2022-01-26 15:29:09.463000,1.14322,1.14319,2940000,1200000
2022-01-26 15:29:09.565000,1.14322,1.14319,2340000,1200000
2022-01-26 15:29:12.566000,1.14321,1.14318,1200000,1880000
2022-01-26 15:29:13.266000,1.14322,1.14318,1440000,2780000
2022-01-26 15:29:14.109000,1.14321,1.14318,1440000,1800000
2022-01-26 15:29:15.387000,1.1432,1.14317,3310000,1200000
2022-01-26 15:29:15.438000,1.14318,1.14315,1200000,1200000
2022-01-26 15:29:15.591000,1.14317,1.14315,1200000,1200000
2022-01-26 15:29:15.794000,1.1432,1.14316,2620000,1880000
2022-01-26 15:29:15.846000,1.14321,1.14316,2340000,1200000
2022-01-26 15:29:15.948000,1.14319,1.14316,1200000,1880000
2022-01-26 15:29:16.050000,1.1432,1.14316,2340000,1880000
2022-01-26 15:29:16.301000,1.1432,1.14317,1200000,3380000
2022-01-26 15:29:17.211000,1.14321,1.14318,1320000,1340000
2022-01-26 15:29:17.365000,1.14323,1.14317,1440000,3680000
2022-01-26 15:29:18.150000,1.1432,1.14317,1320000,4200000
2022-01-26 15:29:18.252000,1.1432,1.14317,1320000,1800000
2022-01-26 15:29:18.354000,1.14318,1.14316,1200000,1200000
2022-01-26 15:29:18.456000,1.14318,1.14315,1200000,2780000
2022-01-26 15:29:18.998000,1.14317,1.14315,1200000,1340000
2022-01-26 15:29:20.251000,1.14316,1.14312,1210000,5640000
2022-01-26 15:29:20.353000,1.14315,1.14312,1440000,1200000
2022-01-26 15:29:20.658000,1.14313,1.1431,1210000,2700000
2022-01-26 15:29:20.709000,1.14309,1.14306,1200000,2340000
2022-01-26 15:29:20.812000,1.14309,1.14305,1440000,3240000
2022-01-26 15:29:22.472000,1.14309,1.14305,1440000,2940000
2022-01-26 15:29:22.574000,1.14309,1.14305,1440000,2780000
2022-01-26 15:29:22.787000,1.14309,1.14305,1200000,2960000
2022-01-26 15:29:22.889000,1.14311,1.14305,1200000,3470000
2022-01-26 15:29:22.992000,1.14312,1.14308,1880000,2340000
2022-01-26 15:29:23.094000,1.14311,1.14308,1200000,1800000
2022-01-26 15:29:23.298000,1.1431,1.14308,1200000,1340000
2022-01-26 15:29:23.895000,1.14311,1.14308,1200000,1200000
2022-01-26 15:29:24.003000,1.1431,1.14308,1200000,1200000
2022-01-26 15:29:24.055000,1.14312,1.14308,1200000,1800000
2022-01-26 15:29:24.310000,1.14312,1.14309,1200000,1200000
2022-01-26 15:29:24.571000,1.14312,1.14307,1200000,1880000
2022-01-26 15:29:24.673000,1.14312,1.14309,1200000,1200000
2022-01-26 15:29:26.656000,1.14311,1.14308,1200000,1200000
2022-01-26 15:29:26.808000,1.14311,1.14307,1200000,1800000
2022-01-26 15:29:26.937000,1.14311,1.14306,1200000,1200000
2022-01-26 15:29:27.242000,1.14311,1.14307,1200000,1800000
2022-01-26 15:29:27.345000,1.14312,1.14308,1200000,2520000
2022-01-26 15:29:28.385000,1.14315,1.1431,1500000,1320000
2022-01-26 15:29:29.284000,1.14315,1.14312,1200000,1880000
2022-01-26 15:29:31.300000,1.14316,1.14312,1800000,2940000
2022-01-26 15:29:31.555000,1.14316,1.14312,1800000,2780000
2022-01-26 15:29:32.381000,1.14316,1.14312,1200000,3380000
2022-01-26 15:29:33.042000,1.14316,1.14314,1200000,1320000
2022-01-26 15:29:35.158000,1.14316,1.14313,1200000,2340000
2022-01-26 15:29:36.164000,1.14317,1.14314,1340000,1200000
2022-01-26 15:29:36.266000,1.14317,1.14314,1200000,2820000
2022-01-26 15:29:36.369000,1.14318,1.14315,1200000,1440000
2022-01-26 15:29:36.725000,1.14317,1.14314,1200000,2360000
2022-01-26 15:29:36.954000,1.14318,1.14314,1200000,2590000
2022-01-26 15:29:37.107000,1.1432,1.14317,1200000,2590000
2022-01-26 15:29:37.260000,1.14322,1.14317,1200000,1320000
2022-01-26 15:29:37.362000,1.1432,1.14318,1200000,1320000
2022-01-26 15:29:39.137000,1.1432,1.14317,1200000,2780000
2022-01-26 15:29:40.033000,1.1432,1.14317,1200000,2520000
2022-01-26 15:29:42.269000,1.14321,1.14316,1200000,3240000
2022-01-26 15:29:42.718000,1.14321,1.14317,2110000,3680000
2022-01-26 15:29:42.820000,1.1432,1.14317,1200000,1440000
2022-01-26 15:29:43.074000,1.1432,1.14316,2170000,1200000
2022-01-26 15:29:44.075000,1.1432,1.14316,2030000,1200000
2022-01-26 15:29:45.130000,1.1432,1.14317,1340000,2110000
2022-01-26 15:29:45.232000,1.1432,1.14317,1340000,2290000
2022-01-26 15:29:45.486000,1.1432,1.14315,1200000,1810000
2022-01-26 15:29:45.639000,1.14319,1.14316,1200000,1210000
2022-01-26 15:29:46.067000,1.14318,1.14316,1200000,1210000
2022-01-26 15:29:46.875000,1.14317,1.14314,1200000,2480000
2022-01-26 15:29:46.927000,1.14316,1.14313,1200000,1320000
2022-01-26 15:29:48.727000,1.14317,1.14313,1340000,4320000
2022-01-26 15:29:49.517000,1.14318,1.14315,1440000,1200000
2022-01-26 15:29:49.619000,1.14318,1.14314,1440000,2780000
2022-01-26 15:29:50.409000,1.14317,1.14314,1200000,2780000
2022-01-26 15:29:50.756000,1.14318,1.14315,1200000,1200000
2022-01-26 15:29:51.460000,1.14319,1.14315,2780000,1500000
2022-01-26 15:29:51.562000,1.1432,1.14314,1940000,2470000
2022-01-26 15:29:51.664000,1.1432,1.14316,4070000,1340000
2022-01-26 15:29:52.130000,1.14321,1.14317,2840000,2750000
2022-01-26 15:29:52.232000,1.14321,1.14317,2240000,4090000
2022-01-26 15:29:52.663000,1.14322,1.14319,1640000,1440000
2022-01-26 15:29:52.765000,1.14321,1.14318,1500000,3680000
2022-01-26 15:29:52.868000,1.14321,1.14318,2100000,2520000
2022-01-26 15:29:54.115000,1.14322,1.14319,1200000,2780000
2022-01-26 15:29:54.167000,1.14323,1.1432,1200000,1200000
2022-01-26 15:29:55.382000,1.14323,1.14319,2030000,2340000
2022-01-26 15:29:56.143000,1.14323,1.1432,1500000,1200000
2022-01-26 15:29:56.881000,1.14324,1.14321,1500000,1200000
2022-01-26 15:29:58.285000,1.14324,1.1432,3830000,1800000
2022-01-26 15:29:59.562000,1.14322,1.14318,1800000,3300000
2022-01-26 15:30:00.420000,1.14322,1.14318,3000000,1340000
2022-01-26 15:30:00.471000,1.14318,1.14314,1500000,2700000
2022-01-26 15:30:00.574000,1.14316,1.14312,1200000,4040000
2022-01-26 15:30:00.676000,1.14315,1.14312,2240000,1200000
2022-01-26 15:30:00.728000,1.14314,1.1431,1200000,1800000
2022-01-26 15:30:01.033000,1.14315,1.14312,1340000,1200000
2022-01-26 15:30:01.338000,1.14314,1.14311,2770000,1200000
2022-01-26 15:30:01.440000,1.14314,1.1431,2540000,1200000
2022-01-26 15:30:01.542000,1.14313,1.14309,1200000,2240000
2022-01-26 15:30:01.645000,1.14312,1.14309,1500000,1940000
2022-01-26 15:30:01.696000,1.14312,1.14308,3830000,1800000
2022-01-26 15:30:01.748000,1.14312,1.14306,3170000,6480000
2022-01-26 15:30:01.850000,1.1431,1.14306,1200000,5580000
2022-01-26 15:30:04.240000,1.1431,1.14305,1800000,1340000
2022-01-26 15:30:04.291000,1.14308,1.14304,1200000,2240000
2022-01-26 15:30:04.394000,1.14309,1.14305,1800000,1200000
2022-01-26 15:30:04.621000,1.14309,1.14305,1200000,2400000
2022-01-26 15:30:04.875000,1.1431,1.14306,1200000,1340000
2022-01-26 15:30:05.942000,1.1431,1.14306,1200000,1800000
2022-01-26 15:30:06.044000,1.14313,1.14311,1340000,1200000
2022-01-26 15:30:06.146000,1.14315,1.14311,2060000,2240000
2022-01-26 15:30:06.249000,1.14315,1.14311,1200000,2240000
2022-01-26 15:30:06.353000,1.14315,1.14312,1200000,1200000
2022-01-26 15:30:07.177000,1.14312,1.14308,2030000,2040000
2022-01-26 15:30:07.229000,1.14311,1.14307,1500000,2780000
2022-01-26 15:30:07.331000,1.14313,1.1431,4280000,1200000
2022-01-26 15:30:07.433000,1.14313,1.1431,1200000,1200000
2022-01-26 15:30:07.692000,1.14313,1.14309,4090000,1200000
2022-01-26 15:30:07.794000,1.14311,1.14308,1320000,1200000
2022-01-26 15:30:07.997000,1.14313,1.14307,3010000,1200000
2022-01-26 15:30:08.303000,1.14312,1.14308,1200000,4580000
2022-01-26 15:30:08.406000,1.14314,1.14311,1500000,1440000
2022-01-26 15:30:08.559000,1.14313,1.1431,1500000,2340000
2022-01-26 15:30:10.053000,1.14312,1.14308,1440000,1800000
2022-01-26 15:30:10.355000,1.14314,1.14311,1800000,1200000
2022-01-26 15:30:10.768000,1.14313,1.1431,1500000,1200000
2022-01-26 15:30:10.870000,1.14312,1.14309,1200000,1800000
2022-01-26 15:30:10.972000,1.14311,1.14308,1200000,1200000
2022-01-26 15:30:12.484000,1.14312,1.14311,1200000,1200000
2022-01-26 15:30:12.535000,1.14314,1.14311,1200000,3240000
2022-01-26 15:30:12.638000,1.14316,1.1431,1670000,3840000
2022-01-26 15:30:12.740000,1.14315,1.14311,2100000,3840000
2022-01-26 15:30:13.485000,1.14315,1.14311,1500000,3840000
2022-01-26 15:30:13.536000,1.14314,1.1431,2930000,2340000
2022-01-26 15:30:13.909000,1.14314,1.1431,5110000,1200000
2022-01-26 15:30:14.012000,1.14313,1.14308,1320000,1200000
2022-01-26 15:30:14.558000,1.14313,1.1431,1340000,1880000
2022-01-26 15:30:15.284000,1.14311,1.14308,1500000,1200000
2022-01-26 15:30:15.335000,1.14311,1.14307,1500000,4580000
2022-01-26 15:30:15.437000,1.1431,1.14307,1200000,1440000
2022-01-26 15:30:21.122000,1.1431,1.14306,1800000,1320000
2022-01-26 15:30:24.496000,1.1431,1.14304,1200000,2340000
2022-01-26 15:30:25.368000,1.14308,1.14305,1200000,1320000
2022-01-26 15:30:25.486000,1.14305,1.14301,1440000,2880000
2022-01-26 15:30:25.589000,1.14304,1.143,1800000,1320000
2022-01-26 15:30:25.894000,1.14296,1.14294,1200000,12600000
2022-01-26 15:30:25.997000,1.14297,1.14293,1340000,3190000
2022-01-26 15:30:26.099000,1.14297,1.14293,1340000,2570000
2022-01-26 15:30:29.535000,1.14296,1.14293,1200000,1320000
2022-01-26 15:30:29.772000,1.14295,1.14292,1200000,2810000
2022-01-26 15:30:30.787000,1.1429,1.14288,1500000,1200000
2022-01-26 15:30:30.890000,1.14289,1.14287,1200000,1800000
2022-01-26 15:30:31.514000,1.14288,1.14287,1200000,1700000
2022-01-26 15:30:31.616000,1.1429,1.14286,1800000,1700000
2022-01-26 15:30:32.179000,1.1429,1.14287,1200000,2700000
2022-01-26 15:30:32.541000,1.1429,1.14288,1200000,1440000
2022-01-26 15:30:33.660000,1.1429,1.14287,1200000,2600000
2022-01-26 15:30:35.495000,1.14289,1.14287,2840000,1700000
2022-01-26 15:30:35.597000,1.14289,1.14287,1200000,1700000
2022-01-26 15:30:35.699000,1.1429,1.14287,2340000,1700000
2022-01-26 15:30:38.132000,1.14289,1.14287,1200000,1700000
2022-01-26 15:30:39.358000,1.14288,1.14287,1800000,1700000
2022-01-26 15:30:39.410000,1.14287,1.14284,1200000,1200000
2022-01-26 15:30:41.124000,1.14289,1.14287,1200000,1700000
2022-01-26 15:30:43.875000,1.1429,1.14287,1200000,1700000
2022-01-26 15:30:46.351000,1.1429,1.14287,1200000,4220000
2022-01-26 15:30:46.455000,1.14291,1.14288,1200000,1440000
2022-01-26 15:30:49.282000,1.14292,1.14288,2780000,1880000
2022-01-26 15:30:49.646000,1.14293,1.14291,1800000,1340000
2022-01-26 15:30:49.697000,1.14295,1.14293,3140000,1200000
2022-01-26 15:30:49.800000,1.14296,1.14293,2240000,1440000
2022-01-26 15:30:50.149000,1.14296,1.14294,1800000,1320000
2022-01-26 15:30:51.223000,1.14296,1.14293,1200000,1800000
2022-01-26 15:30:52.780000,1.14293,1.14291,1880000,1200000
2022-01-26 15:30:52.831000,1.14292,1.14288,1340000,2960000
2022-01-26 15:30:52.934000,1.1429,1.14288,1200000,1200000
2022-01-26 15:30:53.172000,1.1429,1.14287,1200000,3600000
2022-01-26 15:31:00.253000,1.14292,1.14289,1340000,2870000
2022-01-26 15:31:00.356000,1.14294,1.14291,1880000,1200000
2022-01-26 15:31:00.459000,1.14293,1.1429,1320000,1940000
2022-01-26 15:31:00.564000,1.14294,1.14289,1320000,1340000
2022-01-26 15:31:01.212000,1.14292,1.14288,1880000,2570000
2022-01-26 15:31:01.365000,1.14295,1.14292,5960000,1200000
2022-01-26 15:31:01.467000,1.14295,1.14292,1320000,1200000
2022-01-26 15:31:01.570000,1.14296,1.14293,1460000,1200000
2022-01-26 15:31:01.672000,1.14297,1.14293,1880000,1440000
2022-01-26 15:31:02.283000,1.14297,1.14294,1440000,1200000
2022-01-26 15:31:04.447000,1.14298,1.14295,1200000,1870000
2022-01-26 15:31:04.499000,1.143,1.14296,1440000,1670000
2022-01-26 15:31:04.639000,1.143,1.14296,1200000,2150000
2022-01-26 15:31:04.745000,1.14299,1.14295,1440000,2040000
2022-01-26 15:31:05.280000,1.14299,1.14295,1440000,1320000
2022-01-26 15:31:06.236000,1.14301,1.14297,2700000,2590000
2022-01-26 15:31:06.339000,1.14302,1.14299,1200000,1440000
2022-01-26 15:31:06.755000,1.14303,1.143,1320000,1200000
2022-01-26 15:31:06.858000,1.14302,1.14299,1200000,1320000
2022-01-26 15:31:07.214000,1.14303,1.143,1320000,1200000
2022-01-26 15:31:09.658000,1.14301,1.14296,1320000,1200000
2022-01-26 15:31:09.709000,1.14298,1.14295,1200000,2340000
2022-01-26 15:31:10.116000,1.14298,1.14294,1440000,1440000
2022-01-26 15:31:10.167000,1.14296,1.14293,1200000,2960000
2022-01-26 15:31:10.599000,1.14297,1.14293,1200000,3420000
2022-01-26 15:31:10.701000,1.14297,1.14291,1440000,2780000
2022-01-26 15:31:10.905000,1.14295,1.14292,1200000,2780000
2022-01-26 15:31:11.008000,1.14297,1.14292,1200000,1880000
2022-01-26 15:31:12.498000,1.14298,1.14293,1200000,1340000
2022-01-26 15:31:13.081000,1.14298,1.14294,1800000,1200000
2022-01-26 15:31:13.437000,1.14298,1.14294,1200000,2520000
2022-01-26 15:31:15.770000,1.14301,1.14298,1340000,2340000
2022-01-26 15:31:15.873000,1.14302,1.14298,2780000,2520000
2022-01-26 15:31:16.027000,1.14301,1.14297,3910000,1440000
2022-01-26 15:31:16.078000,1.14298,1.14295,1200000,3260000
2022-01-26 15:31:16.181000,1.14299,1.14294,1440000,1200000
2022-01-26 15:31:16.283000,1.14297,1.14293,1340000,3240000
2022-01-26 15:31:16.477000,1.14297,1.14294,1340000,1200000
2022-01-26 15:31:18.198000,1.14298,1.14294,1880000,1340000
2022-01-26 15:31:18.301000,1.14298,1.14294,1200000,2360000
2022-01-26 15:31:18.641000,1.14299,1.14296,1800000,1320000
2022-01-26 15:31:18.693000,1.14301,1.14298,1440000,1340000
2022-01-26 15:31:18.795000,1.14302,1.14299,2420000,1340000
2022-01-26 15:31:18.897000,1.14301,1.14296,1320000,1340000
2022-01-26 15:31:19.655000,1.14299,1.14296,1320000,1200000
2022-01-26 15:31:20.299000,1.14301,1.14298,1340000,1880000
2022-01-26 15:31:20.402000,1.14302,1.14299,1320000,1340000
2022-01-26 15:31:20.763000,1.14302,1.143,1200000,1200000
2022-01-26 15:31:21.221000,1.14303,1.143,1200000,1440000
2022-01-26 15:31:21.324000,1.14305,1.14301,1320000,1880000
2022-01-26 15:31:21.375000,1.14307,1.14304,3920000,2240000
2022-01-26 15:31:21.630000,1.14307,1.14304,1800000,1880000
2022-01-26 15:31:21.733000,1.14308,1.14305,1880000,1200000
2022-01-26 15:31:21.987000,1.14308,1.14306,1200000,1200000
2022-01-26 15:31:22.455000,1.1431,1.14306,2820000,1200000
2022-01-26 15:31:22.557000,1.1431,1.14306,1200000,2520000
2022-01-26 15:31:22.660000,1.14311,1.14307,1320000,3010000
2022-01-26 15:31:23.493000,1.14312,1.14307,1440000,1200000
2022-01-26 15:31:24.641000,1.1431,1.14307,1200000,1800000
2022-01-26 15:31:24.745000,1.14309,1.14306,3010000,1200000
2022-01-26 15:31:24.899000,1.1431,1.14307,2240000,1200000
2022-01-26 15:31:25.866000,1.14309,1.14306,1200000,1200000
2022-01-26 15:31:25.968000,1.1431,1.14306,2340000,1200000
2022-01-26 15:31:26.500000,1.1431,1.14307,1200000,1800000
2022-01-26 15:31:28.574000,1.14311,1.14308,1200000,1200000
2022-01-26 15:31:29.240000,1.14312,1.14308,1200000,3260000
2022-01-26 15:31:29.342000,1.14315,1.14312,1200000,1880000
2022-01-26 15:31:29.598000,1.14313,1.14311,1880000,1200000
2022-01-26 15:31:29.692000,1.14312,1.14308,1320000,4180000
2022-01-26 15:31:30.963000,1.14314,1.14311,3240000,2340000
2022-01-26 15:31:31.117000,1.14315,1.14312,1210000,1200000
2022-01-26 15:31:32.012000,1.14316,1.14312,2570000,1880000
2022-01-26 15:31:32.116000,1.14316,1.14313,2340000,1200000
2022-01-26 15:31:32.817000,1.14316,1.14312,1320000,2780000
2022-01-26 15:31:33.376000,1.14315,1.14312,1200000,1440000
2022-01-26 15:31:33.529000,1.14316,1.14312,2110000,1440000
2022-01-26 15:31:33.935000,1.14317,1.14312,2240000,1440000
2022-01-26 15:31:35.784000,1.14315,1.14312,1200000,1880000
2022-01-26 15:31:36.052000,1.14316,1.14313,1500000,1200000
2022-01-26 15:31:38.347000,1.14316,1.14312,1200000,3680000
2022-01-26 15:31:38.449000,1.14315,1.14312,1200000,2340000
2022-01-26 15:31:38.603000,1.14315,1.1431,3240000,1460000
2022-01-26 15:31:38.705000,1.14312,1.14308,1340000,2820000
2022-01-26 15:31:38.807000,1.14312,1.14308,1880000,2240000
2022-01-26 15:31:39.101000,1.14313,1.14309,2470000,1880000
2022-01-26 15:31:39.203000,1.14315,1.14309,1880000,1200000
2022-01-26 15:31:39.408000,1.14314,1.1431,4880000,1200000
2022-01-26 15:31:39.510000,1.14312,1.14309,1200000,1320000
2022-01-26 15:31:39.815000,1.1431,1.14308,1200000,1200000
2022-01-26 15:31:39.918000,1.1431,1.14307,1200000,1340000
2022-01-26 15:31:42.731000,1.1431,1.14307,1200000,2940000
2022-01-26 15:31:45.257000,1.1431,1.14307,1200000,2340000
2022-01-26 15:31:50.397000,1.1431,1.14307,1200000,3300000
2022-01-26 15:31:51.396000,1.1431,1.14307,1200000,3140000
2022-01-26 15:31:52.520000,1.1431,1.14308,1200000,1340000
2022-01-26 15:31:55.114000,1.14312,1.14308,2240000,3720000
2022-01-26 15:31:55.217000,1.14311,1.14307,1800000,5060000
2022-01-26 15:31:56.053000,1.1431,1.14307,1200000,3260000
2022-01-26 15:31:57.871000,1.14314,1.14311,1200000,2040000
2022-01-26 15:31:58.075000,1.14312,1.14309,1200000,1440000
2022-01-26 15:31:58.177000,1.1431,1.14309,1200000,1340000
2022-01-26 15:31:58.450000,1.1431,1.14307,1200000,3490000
2022-01-26 15:32:00.131000,1.14312,1.14307,2570000,2400000
2022-01-26 15:32:00.233000,1.14313,1.14308,1200000,1880000
2022-01-26 15:32:00.335000,1.14312,1.14309,1200000,2360000
2022-01-26 15:32:00.643000,1.14313,1.14309,2240000,1920000
2022-01-26 15:32:00.745000,1.14313,1.14309,2780000,1440000
2022-01-26 15:32:03.788000,1.14313,1.14309,1920000,1340000
2022-01-26 15:32:03.840000,1.1431,1.14309,1200000,1340000
2022-01-26 15:32:03.942000,1.1431,1.14308,1200000,1240000
2022-01-26 15:32:04.121000,1.1431,1.14307,1200000,1340000
2022-01-26 15:32:05.923000,1.14309,1.14306,1200000,3240000
2022-01-26 15:32:06.084000,1.14309,1.14306,1200000,3420000
2022-01-26 15:32:06.544000,1.14309,1.14308,1200000,1340000
2022-01-26 15:32:06.647000,1.14311,1.14307,1200000,1880000
2022-01-26 15:32:06.749000,1.1431,1.14308,1200000,2480000
2022-01-26 15:32:06.801000,1.14312,1.14309,1200000,1880000
2022-01-26 15:32:06.903000,1.14312,1.14309,1200000,2060000
2022-01-26 15:32:08.425000,1.14314,1.14311,1880000,1340000
2022-01-26 15:32:08.730000,1.14311,1.14308,1200000,1880000
2022-01-26 15:32:08.833000,1.1431,1.14308,1200000,1440000
2022-01-26 15:32:13.055000,1.14311,1.14308,1340000,1440000
2022-01-26 15:32:18.778000,1.14311,1.14308,2480000,1200000
2022-01-26 15:32:19.050000,1.14312,1.14306,4280000,1440000
2022-01-26 15:32:22.250000,1.1431,1.14305,1200000,1320000
2022-01-26 15:32:22.353000,1.14307,1.14303,2780000,2780000
2022-01-26 15:32:23.013000,1.14305,1.14302,1920000,1200000
2022-01-26 15:32:23.115000,1.14305,1.14301,2960000,1200000
2022-01-26 15:32:25.782000,1.14305,1.14301,2780000,1670000
2022-01-26 15:32:26.374000,1.14305,1.14301,2520000,1200000
2022-01-26 15:32:26.493000,1.14305,1.14301,2340000,1440000
2022-01-26 15:32:26.595000,1.14305,1.14301,2960000,1200000
2022-01-26 15:32:27.045000,1.14305,1.14301,2340000,1440000
2022-01-26 15:32:34.923000,1.14306,1.143,2940000,1200000
2022-01-26 15:32:36.160000,1.14304,1.14301,4200000,1200000
2022-01-26 15:32:36.262000,1.14301,1.14298,1880000,1800000
2022-01-26 15:32:36.365000,1.14303,1.14299,2780000,2780000
2022-01-26 15:32:36.467000,1.14303,1.143,2340000,1200000
2022-01-26 15:32:36.569000,1.14304,1.14301,1440000,1200000
2022-01-26 15:32:44.627000,1.14305,1.14301,2340000,2110000
2022-01-26 15:32:44.740000,1.14305,1.14301,1800000,2290000
2022-01-26 15:32:44.791000,1.14306,1.14304,1200000,1340000
2022-01-26 15:32:44.843000,1.14308,1.14304,1800000,2360000
2022-01-26 15:32:44.996000,1.14307,1.14304,1200000,2360000
2022-01-26 15:32:45.149000,1.14307,1.14304,1200000,1340000
2022-01-26 15:32:45.797000,1.14309,1.14305,1340000,3490000
2022-01-26 15:32:45.950000,1.14309,1.14305,1440000,1200000
2022-01-26 15:32:46.348000,1.14308,1.14305,1200000,1200000
2022-01-26 15:32:47.252000,1.14309,1.14306,1440000,1200000
2022-01-26 15:32:48.573000,1.1431,1.14306,2340000,1200000
2022-01-26 15:32:48.675000,1.1431,1.14307,1200000,1200000
2022-01-26 15:32:49.093000,1.1431,1.14307,1200000,2960000
2022-01-26 15:32:50.180000,1.14311,1.14308,1200000,1320000
2022-01-26 15:32:51.199000,1.14311,1.14307,1440000,3910000
2022-01-26 15:32:53.209000,1.1431,1.14307,1200000,1440000
2022-01-26 15:32:55.174000,1.1431,1.14306,1440000,2340000
2022-01-26 15:32:55.276000,1.14309,1.14305,1200000,2960000
2022-01-26 15:33:02.851000,1.14309,1.14307,1200000,1320000
2022-01-26 15:33:02.953000,1.1431,1.14307,1200000,1320000
2022-01-26 15:33:03.060000,1.1431,1.14308,1200000,1440000
2022-01-26 15:33:04.481000,1.1431,1.14307,1200000,1880000
2022-01-26 15:33:06.979000,1.1431,1.14308,1200000,1200000
2022-01-26 15:33:07.841000,1.1431,1.14307,1200000,2340000
2022-01-26 15:33:08.810000,1.1431,1.14306,1440000,3240000
2022-01-26 15:33:08.912000,1.14307,1.14304,2240000,1320000
2022-01-26 15:33:09.041000,1.14307,1.14303,2240000,2520000
2022-01-26 15:33:09.145000,1.14307,1.14303,2240000,1800000
2022-01-26 15:33:09.353000,1.14303,1.14302,1200000,1200000
2022-01-26 15:33:09.456000,1.14303,1.143,1200000,2520000
2022-01-26 15:33:09.558000,1.14303,1.143,1200000,1800000
2022-01-26 15:33:13.105000,1.14301,1.14297,2340000,2480000
2022-01-26 15:33:13.208000,1.143,1.14297,1200000,1440000
2022-01-26 15:33:13.310000,1.14299,1.14295,1880000,3910000
2022-01-26 15:33:13.899000,1.14298,1.14295,1200000,2340000
2022-01-26 15:33:14.522000,1.14295,1.14292,1500000,2820000
2022-01-26 15:33:14.624000,1.14296,1.14292,1800000,2820000
2022-01-26 15:33:21.573000,1.14295,1.14292,1200000,1440000
2022-01-26 15:33:22.814000,1.14296,1.14292,1200000,3680000
2022-01-26 15:33:22.915000,1.14297,1.14293,3240000,1200000
2022-01-26 15:33:23.927000,1.14296,1.14293,1200000,2340000
2022-01-26 15:33:42.478000,1.14299,1.14293,2340000,2840000
2022-01-26 15:33:42.581000,1.14298,1.14293,1200000,1200000
2022-01-26 15:33:44.194000,1.14298,1.14294,1200000,3470000
2022-01-26 15:33:44.478000,1.14298,1.14294,1200000,4070000
2022-01-26 15:33:45.071000,1.143,1.14297,1340000,2340000
2022-01-26 15:33:45.174000,1.14301,1.14296,1200000,3380000
2022-01-26 15:33:45.635000,1.14299,1.14296,1200000,2480000
2022-01-26 15:33:45.687000,1.14298,1.14294,1880000,3380000
2022-01-26 15:33:45.789000,1.14298,1.14294,2780000,2780000
2022-01-26 15:33:45.891000,1.14297,1.14294,1200000,1880000
2022-01-26 15:33:46.648000,1.14297,1.14294,1200000,2940000
2022-01-26 15:33:47.055000,1.14297,1.14294,1200000,1880000
2022-01-26 15:33:50.744000,1.14297,1.14294,1200000,2960000
2022-01-26 15:33:51.799000,1.14297,1.14294,1200000,1880000
2022-01-26 15:34:00.231000,1.14297,1.14294,1200000,2220000
2022-01-26 15:34:00.672000,1.14298,1.14294,2240000,1670000
2022-01-26 15:34:02.629000,1.14298,1.14294,1320000,3980000
2022-01-26 15:34:03.627000,1.14298,1.14295,1200000,2820000
2022-01-26 15:34:03.679000,1.14301,1.14298,3140000,1440000
2022-01-26 15:34:03.781000,1.14302,1.14298,2240000,3190000
2022-01-26 15:34:03.884000,1.14302,1.14299,1200000,2480000
2022-01-26 15:34:03.987000,1.14303,1.14299,1320000,3840000
2022-01-26 15:34:05.568000,1.14304,1.143,1800000,2290000
2022-01-26 15:34:06.800000,1.14304,1.14302,1200000,1670000
2022-01-26 15:34:06.852000,1.14308,1.14305,2820000,1500000
2022-01-26 15:34:06.958000,1.14307,1.14304,1340000,1670000
2022-01-26 15:34:08.235000,1.14306,1.14302,1440000,3980000
2022-01-26 15:34:08.337000,1.14305,1.14302,1200000,3080000
2022-01-26 15:34:08.439000,1.14306,1.14303,1200000,2110000
2022-01-26 15:34:08.963000,1.14304,1.14301,1200000,4370000
2022-01-26 15:34:09.065000,1.14304,1.14301,1200000,3980000
2022-01-26 15:34:10.540000,1.14305,1.14302,1200000,1210000
2022-01-26 15:34:11.211000,1.14304,1.14301,1200000,4370000
2022-01-26 15:34:11.313000,1.14304,1.14301,1200000,3650000
2022-01-26 15:34:12.016000,1.14304,1.14301,1200000,3470000
2022-01-26 15:34:12.571000,1.14303,1.143,1320000,1340000
2022-01-26 15:34:13.391000,1.14303,1.143,1460000,1340000
2022-01-26 15:34:13.544000,1.14303,1.14299,1920000,1340000
2022-01-26 15:34:13.649000,1.14303,1.14299,1440000,1880000
2022-01-26 15:34:14.532000,1.14303,1.14299,1200000,2750000
2022-01-26 15:34:14.634000,1.14304,1.143,2780000,1440000
2022-01-26 15:34:16.145000,1.14304,1.143,1200000,3190000
2022-01-26 15:34:16.958000,1.14305,1.14302,1200000,1320000
2022-01-26 15:34:17.780000,1.14304,1.14301,1200000,2340000
2022-01-26 15:34:20.879000,1.14304,1.143,1440000,2340000
2022-01-26 15:34:21.164000,1.14303,1.143,3120000,1200000
2022-01-26 15:34:21.215000,1.14301,1.14297,1210000,5480000
2022-01-26 15:34:21.317000,1.14301,1.14297,2270000,2340000
2022-01-26 15:34:22.288000,1.14301,1.14297,1670000,3240000
2022-01-26 15:34:23.930000,1.14299,1.14294,1210000,1200000
2022-01-26 15:34:24.244000,1.14298,1.14294,3170000,1440000
2022-01-26 15:34:25.269000,1.14298,1.14294,3910000,1440000
2022-01-26 15:34:26.509000,1.14298,1.14295,1320000,1200000
2022-01-26 15:34:26.611000,1.14298,1.14294,1210000,2780000
2022-01-26 15:34:28.672000,1.143,1.14297,1940000,2780000
2022-01-26 15:34:28.774000,1.14301,1.14297,2340000,2780000
2022-01-26 15:34:33.726000,1.14299,1.14296,1320000,2240000
2022-01-26 15:34:33.828000,1.14298,1.14295,1200000,1440000
2022-01-26 15:34:36.990000,1.143,1.14298,1200000,3240000
2022-01-26 15:34:37.042000,1.14303,1.14299,2780000,1880000
2022-01-26 15:34:37.144000,1.14303,1.143,2780000,1200000
2022-01-26 15:34:39.402000,1.14304,1.143,1200000,3190000
2022-01-26 15:34:39.505000,1.14306,1.14301,1340000,1320000
2022-01-26 15:34:42.083000,1.14306,1.14302,1340000,5750000
2022-01-26 15:34:42.185000,1.14305,1.14302,1200000,1670000
2022-01-26 15:34:44.735000,1.14304,1.14301,1200000,1440000
2022-01-26 15:34:46.604000,1.14304,1.14301,1200000,3420000
2022-01-26 15:34:46.707000,1.14305,1.14302,1200000,2480000
2022-01-26 15:34:46.860000,1.14307,1.14304,1200000,2780000
2022-01-26 15:34:46.962000,1.14308,1.14305,1200000,1440000
2022-01-26 15:34:47.797000,1.14307,1.14304,1200000,3240000
2022-01-26 15:34:47.950000,1.14307,1.14303,1200000,3240000
2022-01-26 15:34:48.104000,1.14306,1.14302,1200000,2780000
2022-01-26 15:34:48.950000,1.14307,1.14303,2470000,1440000
2022-01-26 15:34:49.052000,1.14305,1.14303,1200000,1200000
2022-01-26 15:34:49.154000,1.14305,1.14301,1200000,2340000
2022-01-26 15:34:50.529000,1.14305,1.14301,1200000,3860000
2022-01-26 15:34:50.636000,1.14305,1.14301,1200000,3680000
2022-01-26 15:34:50.808000,1.14305,1.14301,1200000,3860000
2022-01-26 15:34:50.956000,1.14305,1.14301,1200000,3680000
2022-01-26 15:34:51.578000,1.14305,1.14301,1200000,3860000
2022-01-26 15:34:51.710000,1.14305,1.14301,1200000,3680000
2022-01-26 15:34:51.821000,1.14305,1.14301,1200000,3860000
2022-01-26 15:34:52.810000,1.14305,1.14301,1200000,2340000
2022-01-26 15:34:53.271000,1.14304,1.143,1570000,2340000
2022-01-26 15:34:53.800000,1.14304,1.143,1200000,2750000
2022-01-26 15:34:53.902000,1.14304,1.14301,1200000,1920000
2022-01-26 15:34:54.798000,1.14304,1.14301,1200000,1320000
2022-01-26 15:34:55.150000,1.14305,1.14301,1200000,4320000
2022-01-26 15:35:00.125000,1.14305,1.14301,1200000,1880000
2022-01-26 15:35:01.610000,1.14305,1.14301,1340000,2960000
2022-01-26 15:35:02.727000,1.14307,1.14304,1200000,2340000
2022-01-26 15:35:02.882000,1.14307,1.14305,1200000,1200000
2022-01-26 15:35:03.034000,1.14307,1.14304,1200000,3240000
2022-01-26 15:35:04.850000,1.14309,1.14306,1200000,1440000
2022-01-26 15:35:04.952000,1.14311,1.14306,1200000,1320000
2022-01-26 15:35:05.054000,1.14312,1.14307,1800000,1200000
2022-01-26 15:35:05.395000,1.14312,1.1431,1340000,2340000
2022-01-26 15:35:05.548000,1.14314,1.1431,1200000,4140000
2022-01-26 15:35:05.650000,1.14314,1.1431,1200000,4320000
2022-01-26 15:35:06.075000,1.14316,1.14312,2240000,1440000
2022-01-26 15:35:06.177000,1.14314,1.1431,1200000,3680000
2022-01-26 15:35:08.092000,1.14315,1.14312,1320000,1200000
2022-01-26 15:35:08.194000,1.14316,1.14312,1880000,1880000
2022-01-26 15:35:08.630000,1.14315,1.14309,1320000,5180000
2022-01-26 15:35:08.732000,1.14314,1.1431,1320000,2780000
2022-01-26 15:35:14.583000,1.14313,1.1431,1200000,1440000
2022-01-26 15:35:15.285000,1.14311,1.14308,1200000,5660000
2022-01-26 15:35:15.387000,1.14311,1.14308,1200000,4140000
2022-01-26 15:35:15.489000,1.14311,1.14308,1200000,3420000
2022-01-26 15:35:16.226000,1.14311,1.14308,1200000,3240000
2022-01-26 15:35:16.379000,1.1431,1.14307,1200000,2060000
2022-01-26 15:35:16.483000,1.1431,1.14306,1200000,2960000
2022-01-26 15:35:16.585000,1.14311,1.14305,1320000,2780000
2022-01-26 15:35:16.688000,1.14309,1.14306,1200000,2780000
2022-01-26 15:35:17.631000,1.14308,1.14304,1440000,4580000
2022-01-26 15:35:17.734000,1.14307,1.14303,1320000,3840000
2022-01-26 15:35:17.836000,1.14306,1.14303,1200000,3840000
2022-01-26 15:35:17.989000,1.14309,1.14307,1200000,1200000
2022-01-26 15:35:18.091000,1.1431,1.14307,1200000,2520000
2022-01-26 15:35:18.511000,1.14309,1.14306,1200000,3240000
2022-01-26 15:35:18.562000,1.14307,1.14305,1200000,1200000
2022-01-26 15:35:18.685000,1.14307,1.14303,1340000,5760000
2022-01-26 15:35:19.834000,1.14306,1.14303,1200000,2960000
2022-01-26 15:35:19.987000,1.14305,1.14302,1200000,3380000
2022-01-26 15:35:20.089000,1.14304,1.14302,1200000,1340000
2022-01-26 15:35:20.951000,1.14304,1.14301,1200000,1880000
2022-01-26 15:35:21.421000,1.14304,1.14302,1200000,1210000
2022-01-26 15:35:21.523000,1.14304,1.14302,1200000,1810000
2022-01-26 15:35:21.625000,1.14304,1.14302,1200000,1320000
2022-01-26 15:35:22.039000,1.14305,1.14301,1200000,4550000
2022-01-26 15:35:25.396000,1.14308,1.14304,4640000,1440000
2022-01-26 15:35:25.498000,1.14308,1.14304,1800000,2940000
2022-01-26 15:35:26.159000,1.14308,1.14304,1800000,2340000
2022-01-26 15:35:26.430000,1.14308,1.14304,1800000,2480000
2022-01-26 15:35:26.823000,1.14307,1.14304,1200000,1880000
2022-01-26 15:35:27.837000,1.14307,1.14303,1200000,3240000
2022-01-26 15:35:27.990000,1.14308,1.14304,2700000,1440000
2022-01-26 15:35:28.194000,1.14307,1.14304,1200000,2780000
2022-01-26 15:35:28.889000,1.14307,1.14301,2700000,1440000
2022-01-26 15:35:28.991000,1.14304,1.14301,1200000,3420000
2022-01-26 15:35:29.701000,1.14306,1.14303,1200000,1340000
2022-01-26 15:35:29.955000,1.14307,1.14304,1200000,1880000
2022-01-26 15:35:30.464000,1.14307,1.14303,1340000,2780000
2022-01-26 15:35:30.667000,1.14306,1.14303,1200000,2240000
2022-01-26 15:35:34.465000,1.14308,1.14304,1940000,2960000
2022-01-26 15:35:34.567000,1.14309,1.14304,1200000,1880000
2022-01-26 15:35:34.693000,1.14307,1.14304,1200000,1200000
2022-01-26 15:35:35.792000,1.14309,1.14304,1800000,1320000
2022-01-26 15:35:35.995000,1.14308,1.14304,1800000,2340000
2022-01-26 15:35:36.097000,1.14307,1.14303,1340000,3680000
2022-01-26 15:35:36.582000,1.14307,1.14303,1340000,3860000
2022-01-26 15:35:37.535000,1.14308,1.14305,1200000,1880000
2022-01-26 15:35:37.688000,1.14309,1.14305,1800000,2340000
2022-01-26 15:35:37.892000,1.14308,1.14305,1200000,1440000
2022-01-26 15:35:38.146000,1.14309,1.14306,1800000,1200000
2022-01-26 15:35:39.064000,1.1431,1.14307,1200000,2340000
2022-01-26 15:35:40.104000,1.14311,1.14309,1200000,1500000
2022-01-26 15:35:40.313000,1.1431,1.14309,1200000,1200000
2022-01-26 15:35:40.439000,1.1431,1.14308,1200000,2340000
2022-01-26 15:35:41.996000,1.14311,1.14308,1200000,1880000
2022-01-26 15:35:42.225000,1.14312,1.14308,1340000,3860000
2022-01-26 15:35:42.327000,1.14312,1.14309,1200000,2060000
2022-01-26 15:35:42.429000,1.14313,1.1431,1200000,1440000
2022-01-26 15:35:43.518000,1.14313,1.14309,1200000,4140000
2022-01-26 15:35:43.941000,1.14311,1.14309,1200000,1200000
2022-01-26 15:35:44.706000,1.14312,1.14309,1200000,1880000
2022-01-26 15:35:45.112000,1.14312,1.1431,1200000,1320000
2022-01-26 15:35:45.351000,1.14315,1.1431,1200000,2780000
2022-01-26 15:35:45.453000,1.14315,1.14311,1800000,2360000
2022-01-26 15:35:46.520000,1.14314,1.14311,1200000,2820000
2022-01-26 15:35:47.314000,1.14314,1.14311,1200000,2780000
2022-01-26 15:35:47.441000,1.14315,1.14311,1200000,2780000
2022-01-26 15:35:47.970000,1.14317,1.14313,1200000,3190000
2022-01-26 15:35:48.072000,1.14317,1.14314,1200000,2060000
2022-01-26 15:35:48.377000,1.14319,1.14316,1200000,1440000
2022-01-26 15:35:48.581000,1.1432,1.14315,1200000,3420000
2022-01-26 15:35:49.103000,1.1432,1.14315,1200000,3240000
2022-01-26 15:35:53.756000,1.14318,1.14315,1200000,1880000
2022-01-26 15:35:55.932000,1.14317,1.14314,1200000,1440000
2022-01-26 15:35:55.984000,1.14318,1.14316,1340000,1320000
2022-01-26 15:35:58.901000,1.14318,1.14315,1200000,1440000
2022-01-26 15:36:02.409000,1.14317,1.14314,1200000,1880000
2022-01-26 15:36:03.561000,1.14317,1.14313,1440000,3240000
2022-01-26 15:36:03.868000,1.14317,1.14313,1340000,3860000
2022-01-26 15:36:04.334000,1.14317,1.14313,1440000,3240000
2022-01-26 15:36:05.060000,1.14316,1.14313,1200000,3240000
2022-01-26 15:36:05.670000,1.14312,1.1431,1320000,1200000
2022-01-26 15:36:05.772000,1.14312,1.1431,1320000,1200000
2022-01-26 15:36:05.823000,1.14312,1.14308,1320000,3240000
2022-01-26 15:36:05.976000,1.14313,1.1431,1340000,2340000
2022-01-26 15:36:09.185000,1.14312,1.14309,1200000,1880000
2022-01-26 15:36:10.123000,1.14311,1.14306,1200000,2040000
2022-01-26 15:36:10.225000,1.14311,1.14306,1200000,1880000
2022-01-26 15:36:11.342000,1.14311,1.14305,1200000,3680000
2022-01-26 15:36:13.060000,1.1431,1.14305,1200000,1320000
2022-01-26 15:36:13.213000,1.14309,1.14304,1200000,1320000
2022-01-26 15:36:13.318000,1.14306,1.14305,1200000,1200000
2022-01-26 15:36:13.370000,1.14306,1.14302,1340000,2820000
2022-01-26 15:36:13.472000,1.14305,1.14302,1200000,1920000
2022-01-26 15:36:13.579000,1.14307,1.14304,1880000,2330000
2022-01-26 15:36:13.681000,1.14309,1.14305,2880000,1320000
2022-01-26 15:36:13.784000,1.14308,1.14305,1200000,1320000
2022-01-26 15:36:14.447000,1.14307,1.14304,1200000,1460000
2022-01-26 15:36:14.650000,1.14309,1.14305,1800000,1460000
2022-01-26 15:36:14.803000,1.14309,1.14305,2780000,1320000
2022-01-26 15:36:14.957000,1.14308,1.14305,1200000,1320000
2022-01-26 15:36:16.049000,1.14309,1.14305,2340000,1320000
2022-01-26 15:36:16.202000,1.14309,1.14305,1800000,2360000
2022-01-26 15:36:16.594000,1.14309,1.14306,1200000,2590000
2022-01-26 15:36:16.645000,1.14311,1.14308,1200000,1320000
2022-01-26 15:36:17.206000,1.14312,1.14308,1200000,3860000
2022-01-26 15:36:19.087000,1.14311,1.14308,1200000,1920000
2022-01-26 15:36:21.490000,1.14311,1.14308,1200000,1340000
2022-01-26 15:36:21.592000,1.1431,1.14308,1200000,1340000
2022-01-26 15:36:23.721000,1.1431,1.14307,1570000,1340000
2022-01-26 15:36:23.896000,1.1431,1.14307,1200000,2360000
2022-01-26 15:36:24.150000,1.14311,1.14308,1200000,1880000
2022-01-26 15:36:24.253000,1.14311,1.14308,1200000,2520000
2022-01-26 15:36:25.211000,1.14312,1.14308,1200000,4550000
2022-01-26 15:36:27.466000,1.14313,1.14311,1200000,1340000
2022-01-26 15:36:27.568000,1.14314,1.14311,1200000,1920000
2022-01-26 15:36:28.519000,1.14314,1.14311,1200000,1200000
2022-01-26 15:36:28.621000,1.14314,1.1431,1200000,2340000
2022-01-26 15:36:28.723000,1.14312,1.14309,1340000,1320000
2022-01-26 15:36:28.830000,1.14313,1.14307,3380000,1320000
2022-01-26 15:36:30.155000,1.14311,1.14308,1200000,1320000
2022-01-26 15:36:30.939000,1.14313,1.14309,3840000,1320000
2022-01-26 15:36:35.837000,1.14313,1.14307,1880000,2780000
2022-01-26 15:36:36.464000,1.14312,1.14308,3840000,1880000
2022-01-26 15:36:38.866000,1.14307,1.14305,1440000,1200000
2022-01-26 15:36:38.917000,1.14307,1.14304,2520000,1200000
2022-01-26 15:36:39.020000,1.14308,1.14307,1200000,1200000
2022-01-26 15:36:39.071000,1.1431,1.14307,2340000,1800000
2022-01-26 15:36:40.745000,1.1431,1.14307,1920000,1800000
2022-01-26 15:36:43.912000,1.14311,1.14307,2820000,3140000
2022-01-26 15:36:44.887000,1.1431,1.14307,1320000,3300000
2022-01-26 15:36:47.140000,1.14311,1.14308,1880000,1800000
2022-01-26 15:36:48.767000,1.14314,1.14313,1200000,1200000
2022-01-26 15:36:48.819000,1.14313,1.1431,1200000,5340000
2022-01-26 15:36:48.921000,1.14312,1.14309,1440000,2240000
2022-01-26 15:36:50.220000,1.14311,1.14309,1200000,1200000
2022-01-26 15:36:50.392000,1.14311,1.14308,2340000,1800000
2022-01-26 15:36:52.379000,1.14309,1.14307,2340000,1200000
2022-01-26 15:36:52.481000,1.1431,1.14305,2340000,1200000
2022-01-26 15:36:52.634000,1.14309,1.14307,1200000,1200000
2022-01-26 15:36:52.737000,1.1431,1.14307,1320000,1800000
2022-01-26 15:37:01.558000,1.14307,1.14306,1200000,1340000
2022-01-26 15:37:01.618000,1.14305,1.14302,2780000,1800000
2022-01-26 15:37:01.720000,1.14304,1.14302,1200000,1200000
2022-01-26 15:37:04.624000,1.14301,1.14299,1500000,1200000
2022-01-26 15:37:04.675000,1.143,1.14296,2780000,1800000
2022-01-26 15:37:04.777000,1.14299,1.14296,1440000,1200000
2022-01-26 15:37:05.439000,1.14298,1.14296,1200000,1200000
2022-01-26 15:37:06.843000,1.14298,1.14295,1200000,4140000
2022-01-26 15:37:07.250000,1.143,1.14297,1200000,1200000
2022-01-26 15:37:07.352000,1.143,1.14297,1200000,4870000
2022-01-26 15:37:07.455000,1.14301,1.14297,1200000,5410000
2022-01-26 15:37:07.659000,1.143,1.14297,1200000,1200000
2022-01-26 15:37:09.274000,1.14299,1.14296,1200000,4140000
2022-01-26 15:37:09.376000,1.143,1.14297,1200000,1200000
2022-01-26 15:37:09.478000,1.14301,1.14297,2780000,1200000
2022-01-26 15:37:10.072000,1.143,1.14296,2780000,1200000
2022-01-26 15:37:10.698000,1.14301,1.14298,1440000,1200000
2022-01-26 15:37:10.749000,1.143,1.14296,1880000,2240000
2022-01-26 15:37:10.851000,1.14301,1.14297,2340000,1500000
2022-01-26 15:37:11.345000,1.14301,1.14298,2340000,1200000
2022-01-26 15:37:11.699000,1.143,1.14297,1200000,1200000
2022-01-26 15:37:12.180000,1.14301,1.14297,2780000,1200000
2022-01-26 15:37:12.847000,1.14301,1.14298,2780000,1200000
2022-01-26 15:37:12.899000,1.14301,1.143,1340000,1200000
2022-01-26 15:37:12.950000,1.14303,1.143,1980000,1200000
2022-01-26 15:37:13.274000,1.14304,1.14301,2340000,1200000
2022-01-26 15:37:14.974000,1.14305,1.14301,2340000,1200000
2022-01-26 15:37:15.778000,1.14305,1.14302,2340000,1200000
2022-01-26 15:37:17.315000,1.14307,1.14303,3380000,2700000
2022-01-26 15:37:17.417000,1.14307,1.14303,2780000,2700000
2022-01-26 15:37:18.971000,1.14305,1.14302,1200000,1200000
2022-01-26 15:37:20.331000,1.14305,1.14301,1440000,1800000
2022-01-26 15:37:20.485000,1.14305,1.14301,2960000,1200000
2022-01-26 15:37:21.449000,1.14303,1.14299,1200000,3240000
2022-01-26 15:37:21.551000,1.14304,1.143,2780000,1340000
2022-01-26 15:37:21.907000,1.14304,1.143,1340000,2940000
2022-01-26 15:37:22.116000,1.14305,1.14301,2780000,1880000
2022-01-26 15:37:23.433000,1.14305,1.14301,1200000,2940000
2022-01-26 15:37:24.054000,1.14305,1.14301,1200000,3240000
2022-01-26 15:37:24.888000,1.14305,1.14302,1200000,1200000
2022-01-26 15:37:26.726000,1.14305,1.14301,1200000,3910000
2022-01-26 15:37:33.210000,1.14305,1.14301,1200000,3230000
2022-01-26 15:37:33.746000,1.14305,1.14301,1200000,2240000
2022-01-26 15:37:35.258000,1.14304,1.14302,1200000,1200000
2022-01-26 15:37:35.360000,1.14305,1.14302,1200000,1800000
2022-01-26 15:37:35.697000,1.14307,1.14303,1340000,2870000
2022-01-26 15:37:38.309000,1.14308,1.14304,2570000,1200000
2022-01-26 15:37:38.362000,1.14305,1.14302,1200000,1340000
2022-01-26 15:37:39.418000,1.14305,1.14301,2480000,2030000
2022-01-26 15:37:42.147000,1.14305,1.14301,1320000,1570000
2022-01-26 15:37:42.249000,1.14305,1.14301,1320000,2630000
2022-01-26 15:37:42.386000,1.14306,1.143,1320000,2030000
2022-01-26 15:37:43.634000,1.14304,1.14301,1200000,3010000
2022-01-26 15:37:43.838000,1.14304,1.14301,1200000,4670000
2022-01-26 15:37:44.519000,1.14305,1.14302,1200000,1500000
2022-01-26 15:37:48.211000,1.14305,1.14302,1200000,3530000
2022-01-26 15:37:49.461000,1.14306,1.14303,1200000,3170000
2022-01-26 15:37:49.563000,1.14307,1.14303,1200000,4070000
2022-01-26 15:37:50.228000,1.14306,1.14303,1200000,1200000
2022-01-26 15:37:50.330000,1.14306,1.14302,1200000,3910000
2022-01-26 15:37:51.515000,1.14306,1.14302,1200000,4070000
2022-01-26 15:37:52.177000,1.14305,1.14302,1200000,3470000
2022-01-26 15:37:52.278000,1.14306,1.14302,1200000,3010000
2022-01-26 15:37:52.380000,1.14306,1.14302,1200000,3610000
2022-01-26 15:37:53.094000,1.14306,1.14302,1340000,3470000
2022-01-26 15:37:53.220000,1.14306,1.14301,1200000,3470000
2022-01-26 15:37:54.033000,1.14305,1.14301,1200000,3010000
2022-01-26 15:37:57.062000,1.14305,1.14301,1200000,3950000
2022-01-26 15:37:57.669000,1.14307,1.14303,2340000,2570000
2022-01-26 15:37:58.033000,1.14307,1.14302,1200000,2570000
2022-01-26 15:38:00.035000,1.14306,1.14302,1440000,2570000
2022-01-26 15:38:00.924000,1.14306,1.14302,4740000,1200000
2022-01-26 15:38:03.059000,1.14305,1.14301,1200000,5710000
2022-01-26 15:38:03.655000,1.14305,1.14302,1200000,1200000
2022-01-26 15:38:09.683000,1.14305,1.14301,1200000,4810000
2022-01-26 15:38:10.535000,1.14304,1.14301,1200000,2030000
2022-01-26 15:38:10.637000,1.14304,1.14299,1200000,4580000
2022-01-26 15:38:13.097000,1.14304,1.143,1200000,3770000
2022-01-26 15:38:13.437000,1.14304,1.14302,1200000,1200000
2022-01-26 15:38:14,1.14305,1.14303,1200000,1200000
2022-01-26 15:38:17.155000,1.14306,1.14303,1200000,2030000
2022-01-26 15:38:17.207000,1.14309,1.14304,1200000,3980000
2022-01-26 15:38:17.258000,1.1431,1.14307,2340000,2110000
2022-01-26 15:38:17.462000,1.1431,1.14308,1200000,1810000
2022-01-26 15:38:18.434000,1.1431,1.14308,1200000,1210000
2022-01-26 15:38:19.283000,1.14311,1.14308,1200000,2110000
2022-01-26 15:38:19.973000,1.14312,1.14308,1320000,4970000
2022-01-26 15:38:20.408000,1.14314,1.14309,1200000,1440000
2022-01-26 15:38:20.510000,1.14312,1.1431,1200000,1340000
2022-01-26 15:38:21.460000,1.14313,1.1431,1200000,2340000
2022-01-26 15:38:22.612000,1.14314,1.1431,1880000,2340000
2022-01-26 15:38:23.813000,1.14315,1.14312,1200000,2290000
2022-01-26 15:38:23.946000,1.14317,1.14312,1200000,2570000
2022-01-26 15:38:27.989000,1.14316,1.14313,1200000,4370000
2022-01-26 15:38:32.803000,1.14316,1.14313,1200000,3290000
2022-01-26 15:38:34.450000,1.14316,1.14313,1200000,4630000
2022-01-26 15:38:34.552000,1.14317,1.14313,1320000,3590000
2022-01-26 15:38:34.870000,1.14317,1.14313,1320000,3500000
2022-01-26 15:38:35.312000,1.14317,1.14313,1320000,3360000
2022-01-26 15:38:36.610000,1.14319,1.14317,1200000,4510000
2022-01-26 15:38:36.661000,1.14322,1.14319,1800000,1200000
2022-01-26 15:38:36.793000,1.1432,1.14318,1500000,1200000
2022-01-26 15:38:36.844000,1.1432,1.14316,1200000,3240000
2022-01-26 15:38:36.946000,1.1432,1.14316,1200000,3840000
2022-01-26 15:38:37.859000,1.1432,1.14316,1200000,3680000
2022-01-26 15:38:39.250000,1.14321,1.14318,1800000,1340000
2022-01-26 15:38:39.357000,1.14321,1.14319,1200000,2340000
2022-01-26 15:38:39.459000,1.14321,1.14319,1200000,2940000
2022-01-26 15:38:39.976000,1.14323,1.14319,1800000,4100000
2022-01-26 15:38:40.078000,1.14323,1.14319,1800000,3960000
2022-01-26 15:38:40.366000,1.14322,1.14319,1200000,2520000
2022-01-26 15:38:41.322000,1.14322,1.14318,3240000,2960000
2022-01-26 15:38:41.474000,1.14322,1.14319,2240000,1200000
2022-01-26 15:38:44.773000,1.14322,1.14319,1200000,3300000
2022-01-26 15:38:45.596000,1.14323,1.1432,1200000,2030000
2022-01-26 15:38:45.698000,1.14323,1.1432,1200000,3530000
2022-01-26 15:38:45.801000,1.14324,1.14321,1200000,2170000
2022-01-26 15:38:46.768000,1.14324,1.14321,1200000,2030000
2022-01-26 15:38:47.768000,1.14324,1.14321,1200000,2170000
2022-01-26 15:38:48.468000,1.14323,1.14321,1200000,1340000
2022-01-26 15:38:48.628000,1.14323,1.14319,1200000,1200000
2022-01-26 15:38:49.776000,1.14323,1.14317,1800000,3380000
2022-01-26 15:38:50.436000,1.14322,1.1432,1200000,1200000
2022-01-26 15:38:54.458000,1.14323,1.14318,1200000,3140000
2022-01-26 15:38:54.910000,1.14323,1.14319,1880000,3140000
2022-01-26 15:38:56.488000,1.14323,1.14319,1440000,3300000
2022-01-26 15:38:56.590000,1.14322,1.14318,2570000,1620000
2022-01-26 15:38:57.301000,1.14322,1.14318,1440000,2400000
2022-01-26 15:38:59.354000,1.14321,1.14318,1440000,2840000
2022-01-26 15:38:59.406000,1.1432,1.14317,1200000,2700000
2022-01-26 15:39:00.131000,1.14321,1.14318,1200000,1800000
2022-01-26 15:39:00.233000,1.14321,1.14318,1200000,2940000
2022-01-26 15:39:00.285000,1.14323,1.14319,3010000,1340000
2022-01-26 15:39:02.279000,1.14323,1.14319,1440000,3300000
2022-01-26 15:39:03.169000,1.14323,1.14319,2110000,2700000
2022-01-26 15:39:03.294000,1.14322,1.14319,1200000,1800000
2022-01-26 15:39:03.480000,1.14321,1.14318,1200000,2600000
2022-01-26 15:39:03.583000,1.14322,1.14319,1200000,3840000
2022-01-26 15:39:05.428000,1.14323,1.14321,1200000,1200000
2022-01-26 15:39:05.531000,1.14323,1.14321,1200000,1940000
2022-01-26 15:39:05.887000,1.14323,1.14321,1320000,1200000
2022-01-26 15:39:05.989000,1.14323,1.1432,1880000,2240000
2022-01-26 15:39:07.784000,1.14323,1.14321,1200000,1200000
2022-01-26 15:39:11.861000,1.14322,1.1432,1200000,2220000
2022-01-26 15:39:12.396000,1.14322,1.1432,1200000,1800000
2022-01-26 15:39:14.845000,1.14323,1.14321,1200000,1340000
2022-01-26 15:39:15.463000,1.14322,1.1432,1200000,1940000
2022-01-26 15:39:15.565000,1.14322,1.1432,1200000,1340000
2022-01-26 15:39:17.311000,1.14323,1.1432,1880000,2700000
2022-01-26 15:39:17.718000,1.14322,1.1432,1200000,1200000
2022-01-26 15:39:18.929000,1.14323,1.1432,1880000,3370000
2022-01-26 15:39:19.031000,1.14322,1.1432,1200000,2470000
2022-01-26 15:39:20.089000,1.14323,1.14321,1200000,1340000
2022-01-26 15:39:21.356000,1.14324,1.14321,2570000,2240000
2022-01-26 15:39:21.664000,1.14325,1.14324,1200000,1200000
2022-01-26 15:39:21.715000,1.14327,1.14324,1200000,2780000
2022-01-26 15:39:21.818000,1.14327,1.14325,1440000,1200000
2022-01-26 15:39:21.869000,1.14325,1.14324,1200000,1340000
2022-01-26 15:39:22.881000,1.14325,1.14322,1200000,2720000
2022-01-26 15:39:23.142000,1.14327,1.14324,1200000,1340000
2022-01-26 15:39:23.295000,1.14328,1.14325,1440000,1200000
2022-01-26 15:39:24.996000,1.14327,1.14324,1440000,2840000
2022-01-26 15:39:25.048000,1.14326,1.14323,1440000,2700000
2022-01-26 15:39:25.501000,1.14325,1.14322,1200000,1340000
2022-01-26 15:39:25.603000,1.14323,1.1432,1200000,2240000
2022-01-26 15:39:31.454000,1.14322,1.14319,1200000,1340000
2022-01-26 15:39:31.607000,1.14319,1.14317,1200000,1800000
2022-01-26 15:39:32.166000,1.14319,1.14316,1200000,2780000
2022-01-26 15:39:32.643000,1.14317,1.14314,2340000,2240000
2022-01-26 15:39:34.731000,1.14317,1.14312,1340000,1880000
2022-01-26 15:39:36.055000,1.14316,1.14313,1200000,3380000
2022-01-26 15:39:36.334000,1.14319,1.14315,1800000,4160000
2022-01-26 15:39:36.742000,1.14319,1.14315,3010000,1440000
2022-01-26 15:39:36.933000,1.14317,1.14314,1200000,3420000
2022-01-26 15:39:37.707000,1.14318,1.14315,1200000,1920000
2022-01-26 15:39:37.810000,1.14316,1.14314,1200000,1880000
2022-01-26 15:39:38.383000,1.14317,1.14314,1200000,2240000
2022-01-26 15:39:39.210000,1.14316,1.14313,1200000,3380000
2022-01-26 15:39:39.701000,1.14316,1.14313,1200000,3240000
2022-01-26 15:39:40.122000,1.14316,1.14313,1200000,3380000
2022-01-26 15:39:41.125000,1.14316,1.14313,1200000,2780000
2022-01-26 15:39:42.157000,1.14316,1.14313,1200000,3380000
2022-01-26 15:39:43.117000,1.14316,1.14313,2330000,1200000
2022-01-26 15:39:43.402000,1.14316,1.14313,2570000,1200000
2022-01-26 15:39:47.200000,1.14316,1.14312,1440000,2340000
2022-01-26 15:39:47.303000,1.14314,1.14311,2780000,1200000
2022-01-26 15:39:50.133000,1.14315,1.14312,1800000,1440000
2022-01-26 15:39:51.429000,1.14315,1.14312,1200000,2940000
2022-01-26 15:39:52.195000,1.14314,1.14311,3380000,1200000
2022-01-26 15:39:52.298000,1.14314,1.14311,2780000,1200000
2022-01-26 15:39:54.479000,1.14313,1.1431,1200000,1880000
2022-01-26 15:39:54.581000,1.14315,1.14312,2700000,1880000
2022-01-26 15:39:56.014000,1.14316,1.14313,1880000,1340000
2022-01-26 15:39:56.117000,1.14316,1.14314,1200000,1320000
2022-01-26 15:39:57.028000,1.14318,1.14315,1200000,1440000
2022-01-26 15:39:58.554000,1.14317,1.14314,1200000,3420000
2022-01-26 15:39:58.656000,1.14317,1.14314,1200000,1200000
2022-01-26 15:39:59.099000,1.14317,1.14314,1200000,3420000
2022-01-26 15:39:59.201000,1.14318,1.14316,1200000,1200000
2022-01-26 15:39:59.303000,1.14318,1.14315,1200000,2340000
2022-01-26 15:39:59.456000,1.1432,1.14317,1200000,4040000
2022-01-26 15:39:59.558000,1.14322,1.14319,2030000,1440000
2022-01-26 15:40:01.981000,1.14324,1.14318,1800000,2340000
2022-01-26 15:40:02.083000,1.14323,1.1432,1200000,1200000
2022-01-26 15:40:04.449000,1.14324,1.14318,1200000,3680000
2022-01-26 15:40:05.003000,1.14322,1.14319,1200000,3680000
2022-01-26 15:40:06.366000,1.14322,1.14319,1200000,3840000
2022-01-26 15:40:07.329000,1.14323,1.14318,1200000,3240000
2022-01-26 15:40:10.156000,1.14324,1.14319,1200000,1920000
2022-01-26 15:40:10.461000,1.14325,1.14321,1200000,6120000
2022-01-26 15:40:11.451000,1.14325,1.14322,1200000,1880000
2022-01-26 15:40:12.717000,1.14326,1.14321,2340000,3260000
2022-01-26 15:40:12.869000,1.14324,1.14321,1200000,2820000
2022-01-26 15:40:16.260000,1.14322,1.1432,1200000,1320000
2022-01-26 15:40:18.523000,1.14321,1.14319,1200000,1320000
2022-01-26 15:40:18.576000,1.1432,1.14317,1200000,1320000
2022-01-26 15:40:18.628000,1.14318,1.14316,1200000,2780000
2022-01-26 15:40:18.683000,1.14321,1.14317,1800000,4760000
2022-01-26 15:40:19.019000,1.14322,1.14319,3470000,1200000
2022-01-26 15:40:19.781000,1.14322,1.1432,1200000,1440000
2022-01-26 15:40:19.883000,1.14323,1.1432,1200000,3470000
2022-01-26 15:40:20.435000,1.14325,1.14322,1200000,1920000
2022-01-26 15:40:20.537000,1.14326,1.14323,1200000,1440000
2022-01-26 15:40:20.642000,1.14329,1.14325,1200000,3420000
2022-01-26 15:40:20.795000,1.14329,1.14326,1200000,1920000
2022-01-26 15:40:20.897000,1.14329,1.14327,1200000,1200000
2022-01-26 15:40:21.176000,1.14329,1.14326,1200000,1440000
2022-01-26 15:40:24.180000,1.14329,1.14326,1200000,2940000
2022-01-26 15:40:28.732000,1.14332,1.14327,1200000,1880000
2022-01-26 15:40:28.834000,1.14331,1.14329,1200000,1200000
2022-01-26 15:40:31.943000,1.14335,1.1433,2240000,1880000
2022-01-26 15:40:32.650000,1.14334,1.14331,1200000,2480000
2022-01-26 15:40:32.803000,1.14335,1.14332,1440000,1340000
2022-01-26 15:40:33.132000,1.14336,1.14333,1200000,2060000
2022-01-26 15:40:36.899000,1.14336,1.14332,1500000,3300000
2022-01-26 15:40:37.002000,1.14335,1.14331,2340000,2940000
2022-01-26 15:40:37.155000,1.14335,1.14331,2340000,1880000
2022-01-26 15:40:38.204000,1.14335,1.14331,2340000,2480000
2022-01-26 15:40:38.306000,1.14335,1.14333,1440000,1200000
2022-01-26 15:40:39.655000,1.14336,1.14333,2110000,1200000
2022-01-26 15:40:42.293000,1.14335,1.14332,2110000,1200000
2022-01-26 15:40:42.395000,1.14337,1.14332,2340000,1200000
2022-01-26 15:40:43.698000,1.14332,1.1433,2770000,3600000
2022-01-26 15:40:43.800000,1.14331,1.14328,1880000,1200000
2022-01-26 15:40:44.156000,1.14332,1.14329,1880000,1200000
2022-01-26 15:40:45.491000,1.14331,1.14328,1200000,1880000
2022-01-26 15:40:46.998000,1.14332,1.14328,2780000,1880000
2022-01-26 15:40:47.646000,1.14332,1.14328,1200000,3420000
2022-01-26 15:40:48.025000,1.14332,1.14328,1440000,2780000
2022-01-26 15:40:48.127000,1.14333,1.1433,1200000,1880000
2022-01-26 15:40:48.229000,1.14334,1.14331,1440000,1200000
2022-01-26 15:40:48.749000,1.14334,1.1433,1440000,2340000
2022-01-26 15:40:49.043000,1.14334,1.14331,1440000,1200000
2022-01-26 15:40:49.145000,1.14335,1.14332,2340000,1200000
2022-01-26 15:40:51.655000,1.14334,1.14331,1440000,1200000
2022-01-26 15:40:51.757000,1.14333,1.1433,1440000,1340000
2022-01-26 15:40:52.095000,1.14332,1.1433,1440000,1200000
2022-01-26 15:40:52.197000,1.14333,1.1433,3680000,1200000
2022-01-26 15:40:53.410000,1.14334,1.1433,1320000,2340000
2022-01-26 15:40:53.512000,1.14332,1.1433,1200000,1200000
2022-01-26 15:40:56.320000,1.14332,1.14328,1200000,2820000
2022-01-26 15:40:56.422000,1.14332,1.14328,1440000,2780000
2022-01-26 15:40:56.524000,1.14332,1.14327,1200000,1320000
2022-01-26 15:40:58.549000,1.14331,1.14328,1200000,2040000
2022-01-26 15:40:59.078000,1.1433,1.14327,1200000,3860000
2022-01-26 15:41:00.929000,1.14329,1.14326,1200000,3860000
2022-01-26 15:41:01.234000,1.1433,1.14327,1200000,2040000
2022-01-26 15:41:03.670000,1.14329,1.14326,1200000,2960000
2022-01-26 15:41:03.823000,1.14329,1.14326,1200000,1440000
2022-01-26 15:41:03.925000,1.14331,1.14326,4370000,1920000
2022-01-26 15:41:04.027000,1.14331,1.14326,3240000,3860000
2022-01-26 15:41:04.129000,1.1433,1.14327,1200000,1920000
2022-01-26 15:41:05.045000,1.14331,1.14327,1200000,1920000
2022-01-26 15:41:05.147000,1.14332,1.14328,1320000,1880000
2022-01-26 15:41:05.249000,1.1433,1.14328,1200000,1880000
2022-01-26 15:41:09.055000,1.1433,1.14328,1200000,2040000
2022-01-26 15:41:09.160000,1.1433,1.14328,1200000,1440000
2022-01-26 15:41:09.290000,1.1433,1.14328,1200000,1940000
2022-01-26 15:41:09.392000,1.1433,1.14328,1200000,1340000
2022-01-26 15:41:11.069000,1.14329,1.14327,1200000,2040000
2022-01-26 15:41:11.171000,1.14329,1.14327,1200000,1340000
2022-01-26 15:41:11.379000,1.14328,1.14326,1200000,1200000
2022-01-26 15:41:11.739000,1.14328,1.14327,1200000,1200000
2022-01-26 15:41:12.643000,1.14329,1.14328,1200000,1200000
2022-01-26 15:41:12.697000,1.14331,1.14329,1200000,1440000
2022-01-26 15:41:12.800000,1.14333,1.14329,2940000,1880000
2022-01-26 15:41:12.902000,1.14333,1.14329,1880000,2940000
2022-01-26 15:41:12.953000,1.14331,1.14328,1200000,5180000
2022-01-26 15:41:13.055000,1.1433,1.14328,1200000,1340000
2022-01-26 15:41:13.575000,1.14332,1.14327,1200000,2240000
2022-01-26 15:41:26.282000,1.14331,1.14328,1200000,3380000
2022-01-26 15:41:26.987000,1.14333,1.1433,1200000,1320000
2022-01-26 15:41:27.954000,1.14333,1.14329,2780000,1340000
2022-01-26 15:41:28.056000,1.14332,1.14329,1200000,1340000
2022-01-26 15:41:28.310000,1.14331,1.14328,1200000,2110000
2022-01-26 15:41:29.478000,1.14331,1.14327,2340000,1200000
2022-01-26 15:41:29.661000,1.14329,1.14326,1200000,2480000
2022-01-26 15:41:30.031000,1.14329,1.14326,1200000,1880000
2022-01-26 15:41:30.301000,1.14329,1.14326,1200000,2710000
2022-01-26 15:41:33.302000,1.14329,1.14326,1200000,3470000
2022-01-26 15:41:38.533000,1.1433,1.14327,1200000,1340000
2022-01-26 15:41:40.220000,1.1433,1.14328,1200000,1880000
2022-01-26 15:41:43.823000,1.1433,1.14327,1200000,1320000
2022-01-26 15:41:45.211000,1.1433,1.14326,1940000,2360000
2022-01-26 15:41:46.136000,1.1433,1.14326,1200000,3260000
2022-01-26 15:41:49.345000,1.1433,1.14328,1200000,1880000
2022-01-26 15:41:49.448000,1.14331,1.14329,1200000,1500000
2022-01-26 15:41:50.012000,1.14332,1.14329,1200000,2480000
2022-01-26 15:41:50.361000,1.14331,1.14329,1200000,2480000
2022-01-26 15:41:50.468000,1.14331,1.14329,1200000,2340000
2022-01-26 15:41:52.052000,1.1433,1.14329,1200000,1200000
2022-01-26 15:41:52.450000,1.1433,1.14327,1200000,2940000
2022-01-26 15:41:53.027000,1.1433,1.14327,1200000,1880000
2022-01-26 15:41:54.886000,1.1433,1.14327,1200000,2400000
2022-01-26 15:41:55.250000,1.14329,1.14327,1200000,1440000
2022-01-26 15:41:55.724000,1.1433,1.14327,1200000,1880000
2022-01-26 15:41:55.984000,1.14331,1.14327,2340000,1440000
2022-01-26 15:41:56.086000,1.14329,1.14327,1200000,1880000
2022-01-26 15:41:57.378000,1.1433,1.14327,1200000,1880000
2022-01-26 15:41:57.480000,1.1433,1.14327,1200000,2480000
2022-01-26 15:41:58.171000,1.1433,1.14327,1200000,1440000
2022-01-26 15:41:59.404000,1.14329,1.14327,1200000,1440000
2022-01-26 15:42:05.989000,1.14328,1.14326,1200000,1340000
2022-01-26 15:42:06.041000,1.14323,1.14321,1200000,1320000
2022-01-26 15:42:06.143000,1.14324,1.1432,1440000,3010000
2022-01-26 15:42:06.245000,1.14322,1.14319,1200000,4550000
2022-01-26 15:42:06.591000,1.14321,1.14319,1200000,1440000
2022-01-26 15:42:08.696000,1.14319,1.14317,1320000,1200000
2022-01-26 15:42:08.747000,1.14318,1.14315,1200000,2420000
2022-01-26 15:42:08.851000,1.14319,1.14314,1200000,4390000
2022-01-26 15:42:09.489000,1.14318,1.14315,1200000,3240000
2022-01-26 15:42:09.743000,1.14318,1.14315,1200000,1640000
2022-01-26 15:42:12.297000,1.14318,1.14314,1200000,3080000
2022-01-26 15:42:12.638000,1.14317,1.14314,1200000,1200000
2022-01-26 15:42:13.518000,1.14316,1.14313,1200000,1880000
2022-01-26 15:42:15.888000,1.14316,1.14313,1200000,4070000
2022-01-26 15:42:15.990000,1.14316,1.14313,1200000,3470000
2022-01-26 15:42:16.246000,1.14318,1.14315,1200000,1920000
2022-01-26 15:42:17.464000,1.14319,1.14314,1200000,2340000
2022-01-26 15:42:17.852000,1.14319,1.14316,1200000,2340000
2022-01-26 15:42:17.955000,1.14319,1.14315,1200000,3680000
2022-01-26 15:42:18.057000,1.14317,1.14315,1200000,1200000
2022-01-26 15:42:18.463000,1.14317,1.14314,1200000,3240000
2022-01-26 15:42:20.611000,1.14316,1.14313,1200000,3010000
2022-01-26 15:42:22.816000,1.14318,1.14314,1200000,1880000
2022-01-26 15:42:22.969000,1.14318,1.14315,1200000,1320000
2022-01-26 15:42:25.575000,1.14317,1.14314,1200000,3240000
2022-01-26 15:42:26.720000,1.14316,1.14313,1320000,2700000
2022-01-26 15:42:30.291000,1.14315,1.14312,1200000,3910000
2022-01-26 15:42:30.513000,1.14311,1.14309,1200000,2480000
2022-01-26 15:42:30.616000,1.14311,1.14308,1340000,2600000
2022-01-26 15:42:30.717000,1.14311,1.14308,1340000,1880000
2022-01-26 15:42:36.082000,1.1431,1.14307,1200000,2940000
2022-01-26 15:42:36.507000,1.1431,1.14307,1200000,2340000
2022-01-26 15:42:43.550000,1.1431,1.14307,1200000,3380000
2022-01-26 15:42:43.816000,1.14311,1.14307,1440000,3610000
2022-01-26 15:42:45.225000,1.1431,1.14307,1200000,3380000
2022-01-26 15:42:45.539000,1.1431,1.14307,1200000,2780000
2022-01-26 15:42:46.170000,1.1431,1.14306,1440000,1440000
2022-01-26 15:42:46.273000,1.14306,1.14303,1440000,3380000
2022-01-26 15:42:46.375000,1.14306,1.14302,1880000,2340000
2022-01-26 15:42:46.477000,1.14305,1.14302,1200000,2340000
2022-01-26 15:42:47.400000,1.14306,1.14303,1200000,2480000
2022-01-26 15:42:47.651000,1.14306,1.14303,1200000,1440000
2022-01-26 15:42:49.002000,1.14306,1.14301,1200000,3470000
2022-01-26 15:42:52.909000,1.14305,1.14301,1440000,2340000
2022-01-26 15:42:55.135000,1.14305,1.14302,1200000,1440000
2022-01-26 15:42:55.269000,1.14307,1.14301,1440000,2780000
2022-01-26 15:42:56.122000,1.14306,1.14303,1340000,1880000
2022-01-26 15:43:01.710000,1.14305,1.14303,1200000,1440000
2022-01-26 15:43:02.300000,1.14306,1.14304,1200000,1440000
2022-01-26 15:43:02.914000,1.14309,1.14305,1880000,4070000
2022-01-26 15:43:03.668000,1.14306,1.14304,1200000,2400000
2022-01-26 15:43:03.770000,1.14305,1.14304,1200000,1200000
2022-01-26 15:43:03.873000,1.14305,1.14303,1200000,1800000
2022-01-26 15:43:05.744000,1.14308,1.14305,1440000,1340000
2022-01-26 15:43:05.846000,1.14309,1.14306,1320000,1340000
2022-01-26 15:43:05.949000,1.1431,1.14306,1690000,2400000
2022-01-26 15:43:07.118000,1.1431,1.14306,2150000,2240000
2022-01-26 15:43:08.061000,1.1431,1.14307,1440000,2030000
2022-01-26 15:43:11.632000,1.14311,1.14307,1340000,3470000
2022-01-26 15:43:15.535000,1.14312,1.14306,1200000,2710000
2022-01-26 15:43:16.542000,1.14311,1.14307,1340000,2570000
2022-01-26 15:43:19.282000,1.14311,1.14307,1920000,2700000
2022-01-26 15:43:21.416000,1.14312,1.14309,1800000,1880000
2022-01-26 15:43:21.518000,1.14312,1.1431,1200000,1200000
2022-01-26 15:43:21.946000,1.14312,1.14309,1200000,2700000
2022-01-26 15:43:22.685000,1.14313,1.14309,1440000,2700000
2022-01-26 15:43:26.408000,1.14312,1.14309,1200000,2240000
2022-01-26 15:43:26.939000,1.14312,1.14308,1340000,4140000
2022-01-26 15:43:28.455000,1.14312,1.14308,2960000,1800000
2022-01-26 15:43:33.032000,1.1431,1.14307,1200000,1200000
2022-01-26 15:43:33.134000,1.14309,1.14306,1320000,2240000
2022-01-26 15:43:33.287000,1.14308,1.14306,1320000,1200000
2022-01-26 15:43:33.390000,1.14308,1.14306,1320000,1200000
2022-01-26 15:43:33.493000,1.14309,1.14306,3420000,1200000
2022-01-26 15:43:33.646000,1.14309,1.14305,2360000,1340000
2022-01-26 15:43:33.853000,1.14307,1.14304,1880000,2470000
2022-01-26 15:43:34.089000,1.14306,1.14304,1880000,1200000
2022-01-26 15:43:34.191000,1.14306,1.14303,1880000,1800000
2022-01-26 15:43:35.319000,1.14306,1.14301,1440000,1200000
2022-01-26 15:43:35.729000,1.14305,1.14301,2060000,2930000
2022-01-26 15:43:40.358000,1.14306,1.14301,2060000,1200000
2022-01-26 15:43:40.409000,1.14306,1.14302,1440000,2940000
2022-01-26 15:43:40.511000,1.14305,1.14302,1200000,2110000
2022-01-26 15:43:48.714000,1.14304,1.14301,1440000,1800000
2022-01-26 15:43:51.357000,1.14304,1.143,1670000,1880000
2022-01-26 15:43:51.409000,1.14302,1.14299,2780000,2240000
2022-01-26 15:43:51.716000,1.14301,1.14299,1200000,1340000
2022-01-26 15:43:51.818000,1.14299,1.14296,1200000,1800000
2022-01-26 15:43:51.870000,1.14299,1.14295,1200000,1200000
2022-01-26 15:43:52.376000,1.14298,1.14295,1200000,1200000
2022-01-26 15:43:52.637000,1.14299,1.14294,1920000,1200000
2022-01-26 15:43:52.740000,1.14296,1.14292,1880000,4370000
2022-01-26 15:43:52.842000,1.14296,1.14292,1200000,3050000
2022-01-26 15:43:53.283000,1.14296,1.1429,2240000,4040000
2022-01-26 15:43:53.385000,1.14294,1.1429,1440000,1320000
2022-01-26 15:43:55.444000,1.14293,1.1429,1200000,1200000
2022-01-26 15:43:59.453000,1.14292,1.1429,1200000,1200000
2022-01-26 15:44:00.355000,1.14291,1.14287,1200000,3490000
2022-01-26 15:44:00.457000,1.1429,1.14287,1200000,1620000
2022-01-26 15:44:06.057000,1.1429,1.14286,1440000,2470000
2022-01-26 15:44:10.257000,1.1429,1.14286,1440000,3670000
2022-01-26 15:44:12.224000,1.14291,1.14287,1200000,1200000
2022-01-26 15:44:12.428000,1.14291,1.14288,1880000,1200000
2022-01-26 15:44:13.165000,1.14291,1.14287,2480000,1800000
2022-01-26 15:44:13.267000,1.14289,1.14285,1880000,2840000
2022-01-26 15:44:13.370000,1.14289,1.14285,1440000,2700000
2022-01-26 15:44:13.523000,1.1429,1.14284,2520000,1800000
2022-01-26 15:44:13.625000,1.14289,1.14285,1880000,2700000
2022-01-26 15:44:14.827000,1.14289,1.14286,1880000,1200000
2022-01-26 15:44:15.082000,1.1429,1.14286,1440000,1570000
2022-01-26 15:44:16.347000,1.14289,1.14286,1200000,1200000
2022-01-26 15:44:16.398000,1.14286,1.14284,1440000,4640000
2022-01-26 15:44:16.501000,1.14286,1.14284,1920000,1340000
2022-01-26 15:44:17.715000,1.14284,1.14281,1440000,1200000
2022-01-26 15:44:17.818000,1.14284,1.14281,1200000,3670000
2022-01-26 15:44:17.922000,1.14285,1.14283,1880000,1340000
2022-01-26 15:44:20.620000,1.14287,1.14284,1440000,4500000
2022-01-26 15:44:20.672000,1.14289,1.14286,3140000,4570000
2022-01-26 15:44:20.774000,1.1429,1.14286,2420000,1340000
2022-01-26 15:44:22.866000,1.1429,1.14286,2060000,1200000
2022-01-26 15:44:24.658000,1.14288,1.14285,1440000,1200000
2022-01-26 15:44:25.329000,1.1429,1.14287,1440000,1500000
2022-01-26 15:44:34.449000,1.14291,1.14288,2480000,1200000
2022-01-26 15:44:35.364000,1.14291,1.14288,1880000,1200000
2022-01-26 15:44:37.325000,1.1429,1.14286,2960000,1800000
2022-01-26 15:44:37.428000,1.14286,1.14284,1920000,1340000
2022-01-26 15:44:41.980000,1.14284,1.14281,1320000,2470000
2022-01-26 15:44:42.083000,1.14283,1.1428,1440000,2030000
2022-01-26 15:44:43.141000,1.14284,1.14281,2960000,2030000
2022-01-26 15:44:43.244000,1.14284,1.14281,2340000,2030000
2022-01-26 15:44:44.848000,1.14284,1.14281,1880000,2330000
2022-01-26 15:44:47.901000,1.14284,1.14283,1200000,1340000
2022-01-26 15:44:48.149000,1.14284,1.14281,1440000,2240000
2022-01-26 15:44:49.514000,1.14284,1.14281,1200000,3770000
2022-01-26 15:44:53.712000,1.14287,1.14284,1200000,5750000
2022-01-26 15:44:53.763000,1.14288,1.14286,4040000,1500000
2022-01-26 15:44:53.815000,1.14286,1.14284,1200000,1340000
2022-01-26 15:44:53.917000,1.14286,1.14283,1340000,1320000
2022-01-26 15:44:54.071000,1.14285,1.14283,1200000,1320000
2022-01-26 15:44:54.429000,1.14285,1.14282,1200000,4370000
2022-01-26 15:44:58.999000,1.14284,1.14281,1340000,2640000
2022-01-26 15:45:05.496000,1.14285,1.14281,2340000,3980000
