time,ask,bid,ask_volume,bid_volume
2023-02-15 13:25:00.102000,1.33711,1.33704,3600000,3600000
2023-02-15 13:25:00.204000,1.33714,1.33705,4950000,3600000
2023-02-15 13:25:00.255000,1.33712,1.33705,3600000,3600000
2023-02-15 13:25:00.357000,1.33712,1.33706,3600000,3600000
2023-02-15 13:25:00.903000,1.33713,1.33704,3600000,3600000
2023-02-15 13:25:01.804000,1.33712,1.33706,3600000,3600000
2023-02-15 13:25:01.955000,1.33713,1.33706,3600000,3600000
2023-02-15 13:25:02.879000,1.33713,1.33707,3600000,3600000
2023-02-15 13:25:03.031000,1.33713,1.33704,3600000,4240000
2023-02-15 13:25:03.153000,1.33713,1.33707,3600000,3600000
2023-02-15 13:25:03.356000,1.33712,1.33705,3600000,4500000
2023-02-15 13:25:03.843000,1.33712,1.33702,3600000,5620000
2023-02-15 13:25:03.894000,1.33707,1.33701,4500000,1200000
2023-02-15 13:25:03.996000,1.33705,1.33699,3600000,3600000
2023-02-15 13:25:04.098000,1.33704,1.33698,4500000,3600000
2023-02-15 13:25:04.200000,1.33703,1.33696,4500000,3600000
2023-02-15 13:25:04.302000,1.33702,1.33696,3600000,3600000
2023-02-15 13:25:04.404000,1.33701,1.33695,3600000,3600000
2023-02-15 13:25:04.709000,1.33702,1.33695,1200000,3600000
2023-02-15 13:25:04.811000,1.33701,1.33695,3600000,3600000
2023-02-15 13:25:04.913000,1.33701,1.33694,3600000,3600000
2023-02-15 13:25:05.076000,1.33702,1.33694,1200000,3600000
2023-02-15 13:25:05.178000,1.33694,1.3369,1200000,1720000
2023-02-15 13:25:05.230000,1.33693,1.3369,1800000,1200000
2023-02-15 13:25:05.281000,1.33693,1.33687,5400000,3600000
2023-02-15 13:25:05.383000,1.33694,1.33686,4500000,3600000
2023-02-15 13:25:06.074000,1.33694,1.33687,4500000,3600000
2023-02-15 13:25:06.176000,1.33694,1.33686,1200000,3600000
2023-02-15 13:25:06.430000,1.33695,1.33686,3600000,3600000
2023-02-15 13:25:06.806000,1.33692,1.33686,3600000,3600000
2023-02-15 13:25:07.645000,1.33694,1.33686,4720000,3600000
2023-02-15 13:25:07.747000,1.33694,1.33685,1120000,3600000
2023-02-15 13:25:08.788000,1.33693,1.33687,1200000,3600000
2023-02-15 13:25:08.839000,1.33695,1.33687,4720000,3600000
2023-02-15 13:25:08.991000,1.33695,1.33686,4720000,3600000
2023-02-15 13:25:09.043000,1.33693,1.33687,4500000,3600000
2023-02-15 13:25:09.296000,1.33693,1.33688,1200000,3600000
2023-02-15 13:25:09.403000,1.33693,1.33687,3600000,3600000
2023-02-15 13:25:09.676000,1.33694,1.33688,4500000,3600000
2023-02-15 13:25:09.907000,1.33694,1.33687,4500000,3600000
2023-02-15 13:25:11.106000,1.33694,1.33688,3600000,3600000
2023-02-15 13:25:11.907000,1.33691,1.33685,1200000,4050000
2023-02-15 13:25:12.009000,1.33692,1.33685,2020000,3600000
2023-02-15 13:25:12.992000,1.33691,1.33686,1200000,3600000
2023-02-15 13:25:13.094000,1.33692,1.33686,3600000,3600000
2023-02-15 13:25:13.196000,1.33694,1.33687,4270000,3600000
2023-02-15 13:25:13.298000,1.33693,1.33685,1800000,3600000
2023-02-15 13:25:13.400000,1.33694,1.33686,4270000,3600000
2023-02-15 13:25:14.072000,1.33693,1.33686,1200000,3600000
2023-02-15 13:25:14.174000,1.33692,1.33686,1200000,3600000
2023-02-15 13:25:14.276000,1.33692,1.33684,4050000,4500000
2023-02-15 13:25:14.378000,1.33691,1.33684,1200000,4050000
2023-02-15 13:25:14.480000,1.33691,1.33685,1200000,3600000
2023-02-15 13:25:14.582000,1.33692,1.33685,1200000,3600000
2023-02-15 13:25:16.464000,1.33692,1.33684,3150000,4050000
2023-02-15 13:25:16.566000,1.33692,1.33683,1200000,4050000
2023-02-15 13:25:17.429000,1.33692,1.33684,1200000,4500000
2023-02-15 13:25:17.480000,1.33692,1.33687,1200000,1200000
2023-02-15 13:25:17.532000,1.33695,1.33687,4500000,1200000
2023-02-15 13:25:17.650000,1.33694,1.33688,3600000,3600000
2023-02-15 13:25:17.752000,1.33695,1.33687,1200000,1200000
2023-02-15 13:25:17.854000,1.33698,1.33695,1200000,3600000
2023-02-15 13:25:17.906000,1.33701,1.33695,1800000,3600000
2023-02-15 13:25:18.013000,1.33702,1.33693,1200000,3600000
2023-02-15 13:25:18.115000,1.33701,1.33695,3600000,3600000
2023-02-15 13:25:18.166000,1.33703,1.33695,4500000,3600000
2023-02-15 13:25:18.268000,1.33702,1.33696,3600000,3600000
2023-02-15 13:25:18.369000,1.33703,1.33695,8100000,3600000
2023-02-15 13:25:18.674000,1.33701,1.33695,4500000,3600000
2023-02-15 13:25:18.776000,1.33699,1.33693,1200000,4500000
2023-02-15 13:25:18.980000,1.33701,1.33693,9000000,4050000
2023-02-15 13:25:19.183000,1.337,1.33693,1200000,4050000
2023-02-15 13:25:19.336000,1.337,1.33694,5400000,3600000
2023-02-15 13:25:19.438000,1.33698,1.33692,1800000,3600000
2023-02-15 13:25:19.540000,1.33695,1.33688,1200000,3600000
2023-02-15 13:25:19.744000,1.33694,1.33688,1200000,3600000
2023-02-15 13:25:19.846000,1.33694,1.33687,1200000,4720000
2023-02-15 13:25:21.262000,1.33694,1.33688,1200000,3600000
2023-02-15 13:25:21.693000,1.33695,1.33688,1200000,4810000
2023-02-15 13:25:21.795000,1.33697,1.33691,4500000,3600000
2023-02-15 13:25:21.897000,1.33696,1.33688,3600000,3600000
2023-02-15 13:25:21.999000,1.337,1.33692,6750000,4500000
2023-02-15 13:25:22.050000,1.337,1.33694,3150000,3600000
2023-02-15 13:25:22.153000,1.33696,1.33692,3600000,1200000
2023-02-15 13:25:22.204000,1.33696,1.3369,5400000,3600000
2023-02-15 13:25:22.306000,1.33696,1.33689,1800000,4720000
2023-02-15 13:25:22.695000,1.33695,1.33689,1200000,4720000
2023-02-15 13:25:23.406000,1.33694,1.33689,1200000,3600000
2023-02-15 13:25:23.508000,1.33694,1.33688,4500000,3600000
2023-02-15 13:25:24.422000,1.33694,1.3369,1200000,3600000
2023-02-15 13:25:24.525000,1.33699,1.33694,1200000,3600000
2023-02-15 13:25:24.576000,1.33699,1.33692,1200000,4500000
2023-02-15 13:25:24.779000,1.33699,1.33694,1200000,3600000
2023-02-15 13:25:24.881000,1.33697,1.33691,4500000,3600000
2023-02-15 13:25:24.932000,1.33695,1.3369,1200000,1200000
2023-02-15 13:25:25.034000,1.33695,1.33688,1200000,3600000
2023-02-15 13:25:25.397000,1.33695,1.33689,4500000,3600000
2023-02-15 13:25:26.318000,1.33695,1.33688,1800000,3600000
2023-02-15 13:25:26.521000,1.33694,1.33688,3600000,3600000
2023-02-15 13:25:26.674000,1.33694,1.33687,4500000,3820000
2023-02-15 13:25:27.277000,1.33695,1.33687,1200000,4270000
2023-02-15 13:25:27.328000,1.33695,1.33692,1200000,1200000
2023-02-15 13:25:27.379000,1.33695,1.33688,4500000,1200000
2023-02-15 13:25:27.482000,1.33694,1.33688,4500000,3600000
2023-02-15 13:25:27.533000,1.33694,1.33686,1200000,4500000
2023-02-15 13:25:27.635000,1.33694,1.33688,4500000,3600000
2023-02-15 13:25:28.345000,1.33694,1.33689,1200000,3600000
2023-02-15 13:25:28.397000,1.33696,1.33689,4950000,3600000
2023-02-15 13:25:28.499000,1.33696,1.3369,4500000,3600000
2023-02-15 13:25:28.600000,1.33695,1.33689,3600000,3600000
2023-02-15 13:25:28.702000,1.33696,1.33688,1200000,5260000
2023-02-15 13:25:28.804000,1.33695,1.33689,3600000,3600000
2023-02-15 13:25:29.433000,1.33694,1.33688,4500000,3600000
2023-02-15 13:25:29.535000,1.33694,1.33686,5400000,3600000
2023-02-15 13:25:29.637000,1.33693,1.33687,3600000,3600000
2023-02-15 13:25:29.688000,1.33691,1.33686,1200000,3600000
2023-02-15 13:25:29.790000,1.33687,1.33682,1200000,3600000
2023-02-15 13:25:29.892000,1.33687,1.33681,4500000,3600000
2023-02-15 13:25:29.994000,1.33687,1.33679,4500000,3600000
2023-02-15 13:25:30.147000,1.33685,1.3368,1200000,3600000
2023-02-15 13:25:30.198000,1.33685,1.33678,4500000,4500000
2023-02-15 13:25:30.300000,1.33684,1.33678,4500000,4500000
2023-02-15 13:25:31.160000,1.33684,1.33679,1200000,3600000
2023-02-15 13:25:31.414000,1.33685,1.33679,4500000,3600000
2023-02-15 13:25:31.567000,1.33686,1.33679,1200000,3600000
2023-02-15 13:25:31.668000,1.33686,1.3368,4500000,3600000
2023-02-15 13:25:31.863000,1.33686,1.33681,1200000,3600000
2023-02-15 13:25:32.049000,1.33686,1.33679,1200000,4720000
2023-02-15 13:25:32.151000,1.33686,1.33681,1200000,3600000
2023-02-15 13:25:32.252000,1.33687,1.33681,4500000,3600000
2023-02-15 13:25:32.405000,1.33687,1.3368,5400000,3600000
2023-02-15 13:25:32.507000,1.33686,1.3368,4500000,3600000
2023-02-15 13:25:32.710000,1.33685,1.33679,3600000,3600000
2023-02-15 13:25:32.914000,1.33686,1.33679,4500000,3600000
2023-02-15 13:25:34.325000,1.33689,1.33681,1350000,4500000
2023-02-15 13:25:34.427000,1.33687,1.33681,1200000,1200000
2023-02-15 13:25:34.529000,1.33687,1.3368,1200000,3600000
2023-02-15 13:25:34.631000,1.33687,1.33681,1200000,3600000
2023-02-15 13:25:34.733000,1.33687,1.3368,1200000,3600000
2023-02-15 13:25:35.120000,1.33687,1.33684,1200000,3600000
2023-02-15 13:25:35.171000,1.33691,1.33684,1200000,4050000
2023-02-15 13:25:35.223000,1.33691,1.33686,1200000,3600000
2023-02-15 13:25:35.324000,1.33693,1.33685,3600000,3600000
2023-02-15 13:25:37.205000,1.33693,1.33684,3600000,3600000
2023-02-15 13:25:37.256000,1.33695,1.33686,3600000,5620000
2023-02-15 13:25:37.307000,1.33696,1.33688,4500000,1200000
2023-02-15 13:25:37.409000,1.33695,1.33687,4140000,3820000
2023-02-15 13:25:37.511000,1.33694,1.33686,4500000,4500000
2023-02-15 13:25:38.089000,1.33693,1.33687,3600000,3600000
2023-02-15 13:25:38.242000,1.33694,1.33686,4500000,3600000
2023-02-15 13:25:39.244000,1.33694,1.33685,3600000,4720000
2023-02-15 13:25:39.345000,1.33693,1.33687,3600000,3600000
2023-02-15 13:25:39.397000,1.33695,1.33686,5170000,3600000
2023-02-15 13:25:39.448000,1.33693,1.33687,3600000,3600000
2023-02-15 13:25:39.600000,1.33695,1.33687,3600000,3820000
2023-02-15 13:25:39.891000,1.33693,1.33687,3600000,3600000
2023-02-15 13:25:40.402000,1.33694,1.33688,3600000,3600000
2023-02-15 13:25:42.096000,1.33695,1.33689,3600000,3600000
2023-02-15 13:25:42.249000,1.33697,1.33688,5400000,3820000
2023-02-15 13:25:42.401000,1.33697,1.3369,1200000,1200000
2023-02-15 13:25:42.503000,1.33696,1.3369,3600000,3600000
2023-02-15 13:25:42.758000,1.33697,1.33689,3600000,5170000
2023-02-15 13:25:43.345000,1.33696,1.33687,7740000,3300000
2023-02-15 13:25:43.446000,1.33694,1.33688,3600000,3600000
2023-02-15 13:25:43.776000,1.33697,1.33693,1200000,3600000
2023-02-15 13:25:43.828000,1.33697,1.33691,1200000,4720000
2023-02-15 13:25:43.981000,1.33699,1.33689,7290000,3820000
2023-02-15 13:25:44.032000,1.33696,1.33689,3600000,4050000
2023-02-15 13:25:44.943000,1.33696,1.33687,9090000,4720000
2023-02-15 13:25:44.994000,1.33694,1.33688,3600000,3600000
2023-02-15 13:25:45.147000,1.33696,1.33689,8190000,3600000
2023-02-15 13:25:45.198000,1.33693,1.33685,4590000,3600000
2023-02-15 13:25:45.300000,1.33695,1.33686,4270000,3600000
2023-02-15 13:25:45.453000,1.33695,1.33687,3600000,3820000
2023-02-15 13:25:45.605000,1.33696,1.33687,4500000,3820000
2023-02-15 13:25:45.758000,1.33696,1.33687,3600000,3600000
2023-02-15 13:25:45.860000,1.33698,1.33691,3600000,3600000
2023-02-15 13:25:46.063000,1.33701,1.3369,5040000,3820000
2023-02-15 13:25:46.266000,1.337,1.33692,4590000,3600000
2023-02-15 13:25:46.419000,1.33701,1.33695,3600000,3600000
2023-02-15 13:25:46.521000,1.33703,1.33693,4050000,3600000
2023-02-15 13:25:47.114000,1.33702,1.33696,3600000,3600000
2023-02-15 13:25:47.216000,1.33702,1.33694,3600000,4500000
2023-02-15 13:25:47.318000,1.33701,1.33694,3600000,3600000
2023-02-15 13:25:47.420000,1.33702,1.33695,3600000,3600000
2023-02-15 13:25:47.522000,1.33703,1.33694,3600000,3600000
2023-02-15 13:25:47.573000,1.33702,1.33696,3600000,3600000
2023-02-15 13:25:47.675000,1.33703,1.33695,4050000,3600000
2023-02-15 13:25:48.021000,1.33704,1.33695,4950000,3600000
2023-02-15 13:25:48.123000,1.33703,1.33695,3600000,3600000
2023-02-15 13:25:48.383000,1.33706,1.33698,4270000,3600000
2023-02-15 13:25:48.587000,1.33705,1.33697,3600000,3600000
2023-02-15 13:25:48.790000,1.33706,1.33697,3600000,3600000
2023-02-15 13:25:49.214000,1.33704,1.33696,1890000,3600000
2023-02-15 13:25:49.316000,1.33704,1.33695,4500000,3600000
2023-02-15 13:25:49.519000,1.33701,1.33693,3600000,4500000
2023-02-15 13:25:49.621000,1.33703,1.33695,4500000,3600000
2023-02-15 13:25:49.875000,1.33704,1.33695,4050000,5850000
2023-02-15 13:25:50.214000,1.33703,1.33694,3600000,3600000
2023-02-15 13:25:50.316000,1.33704,1.33695,5710000,3600000
2023-02-15 13:25:50.418000,1.33701,1.33692,4140000,4910000
2023-02-15 13:25:50.571000,1.33702,1.33694,3820000,3600000
2023-02-15 13:25:50.926000,1.33702,1.33694,3300000,3600000
2023-02-15 13:25:51.079000,1.33701,1.33695,3600000,3600000
2023-02-15 13:25:51.181000,1.33701,1.33692,4050000,4950000
2023-02-15 13:25:51.283000,1.33701,1.33694,3600000,3600000
2023-02-15 13:25:51.385000,1.33702,1.33693,4590000,3600000
2023-02-15 13:25:51.927000,1.33699,1.33691,3600000,4910000
2023-02-15 13:25:52.029000,1.33698,1.33691,3600000,3820000
2023-02-15 13:25:52.131000,1.33698,1.3369,3600000,4720000
2023-02-15 13:25:52.334000,1.33698,1.33692,3600000,3600000
2023-02-15 13:25:52.487000,1.33699,1.33692,3600000,3600000
2023-02-15 13:25:53.040000,1.337,1.3369,5670000,5170000
2023-02-15 13:25:53.195000,1.33699,1.3369,1980000,5170000
2023-02-15 13:25:53.348000,1.33698,1.33691,3600000,3600000
2023-02-15 13:25:53.450000,1.33698,1.3369,3600000,4500000
2023-02-15 13:25:54.123000,1.33697,1.3369,4140000,3600000
2023-02-15 13:25:54.175000,1.33696,1.33687,5670000,3600000
2023-02-15 13:25:54.226000,1.33694,1.33688,3600000,3600000
2023-02-15 13:25:54.379000,1.33697,1.33691,4270000,3600000
2023-02-15 13:25:54.481000,1.33699,1.33691,4590000,3600000
2023-02-15 13:25:54.582000,1.33698,1.33691,3600000,3600000
2023-02-15 13:25:54.684000,1.33697,1.3369,3600000,1200000
2023-02-15 13:25:54.786000,1.33698,1.3369,3600000,4500000
2023-02-15 13:25:54.939000,1.33697,1.3369,3600000,4500000
2023-02-15 13:25:55.041000,1.33698,1.3369,3600000,4500000
2023-02-15 13:25:55.155000,1.33696,1.33687,3870000,3600000
2023-02-15 13:25:55.207000,1.33699,1.33691,1120000,4050000
2023-02-15 13:25:55.309000,1.337,1.33692,7150000,4500000
2023-02-15 13:25:55.411000,1.33699,1.33692,3600000,3600000
2023-02-15 13:25:55.665000,1.33697,1.33691,3600000,3600000
2023-02-15 13:25:56.399000,1.33696,1.3369,3600000,3600000
2023-02-15 13:25:56.658000,1.337,1.3369,7240000,4050000
2023-02-15 13:25:56.710000,1.33698,1.33692,3600000,3600000
2023-02-15 13:25:56.862000,1.33697,1.33691,3600000,3600000
2023-02-15 13:25:56.964000,1.33696,1.3369,3600000,3600000
2023-02-15 13:25:57.359000,1.33699,1.33692,3600000,5400000
2023-02-15 13:25:57.512000,1.33698,1.33692,3600000,1200000
2023-02-15 13:25:57.702000,1.33699,1.33692,3600000,1200000
2023-02-15 13:25:57.905000,1.33698,1.3369,3600000,4500000
2023-02-15 13:25:58.467000,1.33698,1.33691,3600000,3600000
2023-02-15 13:25:58.569000,1.33698,1.3369,3600000,3600000
2023-02-15 13:25:59.257000,1.33699,1.33693,3600000,3600000
2023-02-15 13:25:59.308000,1.33701,1.33693,3600000,3600000
2023-02-15 13:25:59.410000,1.337,1.33694,3600000,3600000
2023-02-15 13:25:59.756000,1.33702,1.33695,3600000,3600000
2023-02-15 13:25:59.858000,1.33703,1.33695,4270000,3600000
2023-02-15 13:26:00.011000,1.33702,1.33696,3600000,3600000
2023-02-15 13:26:00.112000,1.33703,1.33694,3600000,5170000
2023-02-15 13:26:00.792000,1.33703,1.33696,3600000,3600000
2023-02-15 13:26:00.945000,1.33704,1.33697,3820000,3600000
2023-02-15 13:26:01.099000,1.33705,1.33696,3750000,4050000
2023-02-15 13:26:01.374000,1.33704,1.33697,3820000,3600000
2023-02-15 13:26:01.476000,1.33705,1.33697,3600000,3600000
2023-02-15 13:26:01.578000,1.33706,1.33696,5710000,4050000
2023-02-15 13:26:01.847000,1.33705,1.33695,3600000,4540000
2023-02-15 13:26:02.305000,1.33705,1.33695,3600000,4540000
2023-02-15 13:26:02.458000,1.33706,1.33696,4720000,3600000
2023-02-15 13:26:02.674000,1.33708,1.337,4500000,4050000
2023-02-15 13:26:02.776000,1.33706,1.33699,3820000,3600000
2023-02-15 13:26:03.220000,1.33706,1.33699,3300000,3600000
2023-02-15 13:26:03.322000,1.33706,1.33698,3820000,3450000
2023-02-15 13:26:03.373000,1.33708,1.33699,3600000,4050000
2023-02-15 13:26:03.475000,1.33708,1.337,3600000,3600000
2023-02-15 13:26:04.350000,1.33707,1.33699,3600000,4720000
2023-02-15 13:26:04.503000,1.33707,1.337,3600000,3600000
2023-02-15 13:26:05.732000,1.33708,1.33699,3600000,1200000
2023-02-15 13:26:05.783000,1.33709,1.33703,5620000,3600000
2023-02-15 13:26:05.834000,1.33711,1.33704,3600000,3600000
2023-02-15 13:26:05.886000,1.33713,1.33705,4140000,3600000
2023-02-15 13:26:06.038000,1.33712,1.33706,3600000,3600000
2023-02-15 13:26:06.191000,1.33711,1.33703,3600000,1120000
2023-02-15 13:26:06.799000,1.33711,1.33702,3600000,5620000
2023-02-15 13:26:07.058000,1.33711,1.33703,3600000,1350000
2023-02-15 13:26:07.160000,1.33713,1.33704,1120000,4050000
2023-02-15 13:26:07.337000,1.33712,1.33702,3600000,5210000
2023-02-15 13:26:07.533000,1.33714,1.33705,4500000,3600000
2023-02-15 13:26:07.635000,1.33713,1.33704,1200000,4050000
2023-02-15 13:26:07.737000,1.33711,1.33703,1200000,3600000
2023-02-15 13:26:07.839000,1.33711,1.33702,4720000,4050000
2023-02-15 13:26:07.941000,1.3371,1.33701,3600000,5100000
2023-02-15 13:26:08.397000,1.33711,1.33702,3600000,4500000
2023-02-15 13:26:08.500000,1.33706,1.33698,3600000,3670000
2023-02-15 13:26:08.652000,1.33707,1.337,3600000,3600000
2023-02-15 13:26:09.017000,1.33707,1.33698,3600000,4420000
2023-02-15 13:26:09.175000,1.33707,1.33698,3600000,4420000
2023-02-15 13:26:09.309000,1.33707,1.337,3600000,1600000
2023-02-15 13:26:09.360000,1.33709,1.33702,3600000,3600000
2023-02-15 13:26:09.462000,1.3371,1.33701,4500000,4050000
2023-02-15 13:26:09.564000,1.33705,1.33698,4500000,3600000
2023-02-15 13:26:09.615000,1.33705,1.33696,4500000,4270000
2023-02-15 13:26:09.717000,1.33705,1.33697,3600000,1200000
2023-02-15 13:26:09.819000,1.33707,1.33696,4050000,4500000
2023-02-15 13:26:10.642000,1.33705,1.33697,3600000,1200000
2023-02-15 13:26:11.803000,1.33705,1.33696,4050000,3600000
2023-02-15 13:26:11.905000,1.33704,1.33697,3600000,1350000
2023-02-15 13:26:11.956000,1.33706,1.33698,3600000,3600000
2023-02-15 13:26:12.386000,1.33702,1.33695,1170000,3600000
2023-02-15 13:26:12.489000,1.33702,1.33694,3600000,1200000
2023-02-15 13:26:12.692000,1.33702,1.33693,3600000,5400000
2023-02-15 13:26:12.896000,1.33702,1.33694,3600000,1350000
2023-02-15 13:26:12.997000,1.33703,1.33694,3600000,4950000
2023-02-15 13:26:13.331000,1.33706,1.33699,3820000,3600000
2023-02-15 13:26:13.433000,1.33707,1.337,3600000,3600000
2023-02-15 13:26:13.535000,1.33708,1.33699,3600000,3600000
2023-02-15 13:26:14.378000,1.33708,1.337,3600000,3600000
2023-02-15 13:26:15.934000,1.33707,1.337,3600000,3600000
2023-02-15 13:26:16.036000,1.33706,1.337,3600000,3600000
2023-02-15 13:26:16.774000,1.33708,1.337,5490000,3600000
2023-02-15 13:26:16.876000,1.33708,1.33698,4950000,3300000
2023-02-15 13:26:17.802000,1.33706,1.337,3600000,3600000
2023-02-15 13:26:17.853000,1.33708,1.33698,5670000,3600000
2023-02-15 13:26:18.006000,1.33707,1.337,3600000,3600000
2023-02-15 13:26:18.108000,1.33706,1.337,3600000,3600000
2023-02-15 13:26:18.361000,1.33707,1.33698,3600000,3600000
2023-02-15 13:26:18.474000,1.33708,1.33698,5670000,3600000
2023-02-15 13:26:18.576000,1.33706,1.337,3600000,3600000
2023-02-15 13:26:18.679000,1.33704,1.33698,3600000,3600000
2023-02-15 13:26:18.781000,1.33706,1.33698,3600000,3600000
2023-02-15 13:26:18.832000,1.33706,1.337,3600000,3600000
2023-02-15 13:26:18.883000,1.33708,1.33698,4800000,3820000
2023-02-15 13:26:18.934000,1.33707,1.337,4050000,3600000
2023-02-15 13:26:19.835000,1.33709,1.33697,4800000,3600000
2023-02-15 13:26:19.937000,1.33707,1.337,4050000,3600000
2023-02-15 13:26:20.166000,1.33708,1.33698,5700000,3600000
2023-02-15 13:26:20.218000,1.33707,1.33699,3600000,3600000
2023-02-15 13:26:20.320000,1.33708,1.33699,4050000,1200000
2023-02-15 13:26:22.059000,1.33708,1.33697,4050000,3300000
2023-02-15 13:26:22.110000,1.33705,1.33696,4050000,3300000
2023-02-15 13:26:22.933000,1.33706,1.33697,4050000,3820000
2023-02-15 13:26:22.984000,1.33706,1.33699,3600000,3600000
2023-02-15 13:26:23.086000,1.33705,1.33699,3600000,3600000
2023-02-15 13:26:23.359000,1.33708,1.33698,4590000,4720000
2023-02-15 13:26:23.461000,1.33706,1.33698,3600000,1120000
2023-02-15 13:26:23.563000,1.33707,1.33699,3600000,3600000
2023-02-15 13:26:23.771000,1.33706,1.33699,1200000,3600000
2023-02-15 13:26:23.873000,1.33705,1.33699,3600000,3600000
2023-02-15 13:26:24.076000,1.33706,1.33696,4500000,4050000
2023-02-15 13:26:24.229000,1.33706,1.33697,4500000,3300000
2023-02-15 13:26:24.331000,1.33705,1.33699,3600000,3600000
2023-02-15 13:26:24.433000,1.33706,1.337,4050000,3600000
2023-02-15 13:26:24.585000,1.33705,1.33699,3600000,3600000
2023-02-15 13:26:24.687000,1.33705,1.33698,3600000,4720000
2023-02-15 13:26:24.840000,1.33705,1.33696,4050000,1120000
2023-02-15 13:26:25.202000,1.33704,1.33695,1870000,4050000
2023-02-15 13:26:25.304000,1.33702,1.33695,3600000,3600000
2023-02-15 13:26:25.985000,1.33703,1.33697,4720000,3600000
2023-02-15 13:26:26.182000,1.33702,1.33696,3600000,3600000
2023-02-15 13:26:27.399000,1.33703,1.33696,4720000,3600000
2023-02-15 13:26:27.602000,1.33703,1.33695,4720000,4460000
2023-02-15 13:26:27.704000,1.33699,1.33692,3600000,4460000
2023-02-15 13:26:27.806000,1.33698,1.33691,3600000,4460000
2023-02-15 13:26:27.909000,1.33696,1.33689,3600000,4460000
2023-02-15 13:26:28.061000,1.33697,1.33688,4050000,1200000
2023-02-15 13:26:28.952000,1.33698,1.33688,4950000,4120000
2023-02-15 13:26:29.054000,1.33698,1.33689,3600000,3600000
2023-02-15 13:26:30.245000,1.33698,1.33689,3600000,3300000
2023-02-15 13:26:30.532000,1.33697,1.3369,3600000,3820000
2023-02-15 13:26:30.933000,1.33697,1.3369,3600000,3300000
2023-02-15 13:26:31.035000,1.33699,1.33689,3600000,3300000
2023-02-15 13:26:31.817000,1.337,1.33693,4050000,3820000
2023-02-15 13:26:32.021000,1.33702,1.33691,3600000,3820000
2023-02-15 13:26:32.311000,1.33702,1.33696,3600000,3600000
2023-02-15 13:26:32.413000,1.33703,1.33695,3600000,6590000
2023-02-15 13:26:32.516000,1.3371,1.33704,5400000,3600000
2023-02-15 13:26:32.871000,1.33712,1.33703,3600000,3820000
2023-02-15 13:26:32.973000,1.33712,1.33703,3600000,3300000
2023-02-15 13:26:33.126000,1.33712,1.33703,3600000,3600000
2023-02-15 13:26:33.228000,1.33711,1.33704,3600000,3600000
2023-02-15 13:26:33.347000,1.3371,1.33704,3600000,3600000
2023-02-15 13:26:33.899000,1.33711,1.33704,3600000,3600000
2023-02-15 13:26:34.772000,1.33712,1.33703,3600000,3600000
2023-02-15 13:26:37.907000,1.33712,1.33703,3600000,3820000
2023-02-15 13:26:38.191000,1.33712,1.33704,3600000,3820000
2023-02-15 13:26:39.742000,1.33713,1.33703,4950000,3750000
2023-02-15 13:26:42.178000,1.33712,1.33704,3600000,3820000
2023-02-15 13:26:42.280000,1.33713,1.33704,4950000,3820000
2023-02-15 13:26:42.637000,1.33713,1.33705,3600000,3600000
2023-02-15 13:26:42.862000,1.33715,1.33706,1200000,6000000
2023-02-15 13:26:42.964000,1.33714,1.33708,3600000,3600000
2023-02-15 13:26:43.189000,1.33714,1.33707,3600000,3820000
2023-02-15 13:26:43.491000,1.33714,1.33707,3600000,3300000
2023-02-15 13:26:44.682000,1.33715,1.33706,3600000,3820000
2023-02-15 13:26:44.976000,1.3372,1.33709,6520000,5800000
2023-02-15 13:26:45.078000,1.33717,1.33709,3600000,3300000
2023-02-15 13:26:45.180000,1.33716,1.3371,3600000,3820000
2023-02-15 13:26:45.434000,1.33717,1.3371,3600000,3820000
2023-02-15 13:26:45.587000,1.33716,1.3371,3600000,3600000
2023-02-15 13:26:45.689000,1.33714,1.33708,3600000,3300000
2023-02-15 13:26:46.216000,1.33715,1.33709,3600000,3820000
2023-02-15 13:26:46.937000,1.33715,1.33708,4050000,3820000
2023-02-15 13:26:47.039000,1.33714,1.33707,3600000,4050000
2023-02-15 13:26:47.242000,1.33716,1.33707,3600000,4050000
2023-02-15 13:26:47.663000,1.33714,1.33708,3600000,3820000
2023-02-15 13:26:47.962000,1.33717,1.33712,1350000,2170000
2023-02-15 13:26:48.064000,1.33719,1.33711,3600000,4500000
2023-02-15 13:26:48.166000,1.33719,1.33712,3600000,3300000
2023-02-15 13:26:48.496000,1.33719,1.33712,3600000,3820000
2023-02-15 13:26:48.598000,1.33717,1.33711,3600000,3300000
2023-02-15 13:26:48.649000,1.33719,1.3371,4500000,4800000
2023-02-15 13:26:48.954000,1.3372,1.33713,3600000,3600000
2023-02-15 13:26:49.158000,1.3372,1.33714,3600000,3600000
2023-02-15 13:26:49.259000,1.3372,1.33713,3600000,3820000
2023-02-15 13:26:49.551000,1.33721,1.33712,4500000,4500000
2023-02-15 13:26:49.653000,1.3372,1.33714,3600000,3600000
2023-02-15 13:26:50.140000,1.33722,1.33714,3600000,3600000
2023-02-15 13:26:50.192000,1.33723,1.33714,3600000,7050000
2023-02-15 13:26:50.294000,1.33723,1.33714,4500000,5550000
2023-02-15 13:26:50.345000,1.33723,1.33716,3600000,1300000
2023-02-15 13:26:50.751000,1.33723,1.33716,3600000,3600000
2023-02-15 13:26:50.853000,1.33723,1.33715,3600000,3820000
2023-02-15 13:26:50.955000,1.33728,1.33719,3600000,3300000
2023-02-15 13:26:51.057000,1.33728,1.33719,3600000,4050000
2023-02-15 13:26:51.414000,1.3373,1.33719,4500000,3750000
2023-02-15 13:26:51.516000,1.33729,1.33722,3600000,3600000
2023-02-15 13:26:51.669000,1.33729,1.33721,1200000,3820000
2023-02-15 13:26:51.770000,1.33727,1.33719,3600000,3820000
2023-02-15 13:26:51.822000,1.33728,1.33719,4500000,4800000
2023-02-15 13:26:52.136000,1.33728,1.33719,4500000,4800000
2023-02-15 13:26:52.894000,1.33726,1.33719,3970000,3600000
2023-02-15 13:26:52.997000,1.33725,1.33716,3970000,4050000
2023-02-15 13:26:53.757000,1.33723,1.33717,3600000,3300000
2023-02-15 13:26:53.943000,1.33725,1.33716,3970000,4050000
2023-02-15 13:26:55.067000,1.33723,1.33717,3600000,3820000
2023-02-15 13:26:55.784000,1.33725,1.33716,4350000,3300000
2023-02-15 13:26:56.190000,1.33724,1.33718,4050000,3600000
2023-02-15 13:26:56.890000,1.33726,1.33717,5100000,4270000
2023-02-15 13:26:57.360000,1.33727,1.3372,1100000,3600000
2023-02-15 13:26:57.411000,1.33729,1.3372,4050000,3600000
2023-02-15 13:26:57.463000,1.33728,1.33719,4350000,3820000
2023-02-15 13:26:57.565000,1.33726,1.33719,3600000,3600000
2023-02-15 13:26:57.669000,1.33725,1.33719,3600000,3600000
2023-02-15 13:26:57.860000,1.33726,1.33717,3600000,3820000
2023-02-15 13:26:58.478000,1.33725,1.33719,3600000,3600000
2023-02-15 13:26:59.546000,1.33726,1.33719,3600000,3600000
2023-02-15 13:26:59.716000,1.33725,1.33719,3600000,3600000
2023-02-15 13:26:59.869000,1.33727,1.33718,4500000,4270000
2023-02-15 13:27:00.784000,1.33726,1.33717,3600000,3820000
2023-02-15 13:27:00.936000,1.33726,1.33717,3600000,3820000
2023-02-15 13:27:01.038000,1.33726,1.33719,3600000,3600000
2023-02-15 13:27:01.552000,1.33727,1.33718,4500000,4270000
2023-02-15 13:27:02.232000,1.33726,1.33719,3600000,3600000
2023-02-15 13:27:04.273000,1.33725,1.33719,3600000,3600000
2023-02-15 13:27:04.375000,1.33724,1.33717,4050000,3600000
2023-02-15 13:27:07.153000,1.33724,1.33715,4050000,4050000
2023-02-15 13:27:07.255000,1.33724,1.33717,4050000,3600000
2023-02-15 13:27:09.261000,1.33723,1.33716,3600000,3820000
2023-02-15 13:27:09.953000,1.33722,1.33716,3600000,3820000
2023-02-15 13:27:10.055000,1.33724,1.33715,4500000,4050000
2023-02-15 13:27:10.389000,1.33724,1.33715,4500000,4050000
2023-02-15 13:27:11.054000,1.33725,1.33714,5400000,3300000
2023-02-15 13:27:11.611000,1.33723,1.33716,3600000,3820000
2023-02-15 13:27:11.713000,1.33724,1.33717,4050000,3600000
2023-02-15 13:27:11.815000,1.33723,1.33716,3600000,3820000
2023-02-15 13:27:12.069000,1.33723,1.33716,3600000,3300000
2023-02-15 13:27:12.955000,1.33724,1.33717,3600000,3300000
2023-02-15 13:27:13.753000,1.33725,1.33718,4050000,3820000
2023-02-15 13:27:15.372000,1.33724,1.33718,3600000,3820000
2023-02-15 13:27:15.474000,1.33726,1.33718,4950000,3820000
2023-02-15 13:27:15.860000,1.33725,1.33719,3600000,3600000
2023-02-15 13:27:15.962000,1.33726,1.33719,3600000,3600000
2023-02-15 13:27:18.352000,1.33727,1.3372,4500000,3600000
2023-02-15 13:27:18.403000,1.33725,1.33718,3600000,3820000
2023-02-15 13:27:18.505000,1.33726,1.33719,4500000,3600000
2023-02-15 13:27:18.607000,1.33726,1.33718,4500000,3820000
2023-02-15 13:27:18.844000,1.33725,1.33719,3600000,3600000
2023-02-15 13:27:20.447000,1.33726,1.33719,3600000,3600000
2023-02-15 13:27:20.549000,1.33727,1.33718,3600000,3670000
2023-02-15 13:27:21.386000,1.33727,1.33718,3600000,3670000
2023-02-15 13:27:21.894000,1.33728,1.33719,4950000,3300000
2023-02-15 13:27:21.996000,1.33728,1.33719,4950000,3820000
2023-02-15 13:27:22.149000,1.33727,1.33718,3600000,4270000
2023-02-15 13:27:22.931000,1.33727,1.33719,4050000,3600000
2023-02-15 13:27:23.033000,1.33728,1.33719,4500000,3600000
2023-02-15 13:27:23.510000,1.33728,1.3372,1200000,1800000
2023-02-15 13:27:24.076000,1.33727,1.3372,3600000,2250000
2023-02-15 13:27:24.804000,1.33727,1.33719,3600000,4500000
2023-02-15 13:27:24.906000,1.33727,1.33724,3600000,1120000
2023-02-15 13:27:24.957000,1.33732,1.33724,4660000,1800000
2023-02-15 13:27:25.059000,1.3373,1.33723,3600000,3600000
2023-02-15 13:27:25.110000,1.3373,1.33721,3600000,3600000
2023-02-15 13:27:25.263000,1.33729,1.3372,3600000,3820000
2023-02-15 13:27:25.416000,1.33728,1.3372,3600000,3820000
2023-02-15 13:27:25.518000,1.33728,1.33721,3600000,3600000
2023-02-15 13:27:25.981000,1.33728,1.33719,3600000,3300000
2023-02-15 13:27:26.134000,1.33728,1.33718,3600000,3690000
2023-02-15 13:27:26.473000,1.33728,1.3372,3600000,3820000
2023-02-15 13:27:26.575000,1.33728,1.33721,3600000,3600000
2023-02-15 13:27:26.895000,1.33729,1.33717,3600000,4700000
2023-02-15 13:27:26.997000,1.33728,1.33719,3600000,5360000
2023-02-15 13:27:27.099000,1.33725,1.33716,3600000,6270000
2023-02-15 13:27:27.150000,1.33725,1.33716,4350000,7390000
2023-02-15 13:27:27.252000,1.33723,1.33717,3600000,5360000
2023-02-15 13:27:27.405000,1.33724,1.33717,4050000,5810000
2023-02-15 13:27:27.608000,1.33726,1.3372,4050000,3600000
2023-02-15 13:27:27.710000,1.33727,1.33718,3600000,2110000
2023-02-15 13:27:27.913000,1.33728,1.33719,1200000,3600000
2023-02-15 13:27:28.015000,1.33727,1.33719,4050000,3600000
2023-02-15 13:27:28.168000,1.33727,1.3372,3600000,3600000
2023-02-15 13:27:28.320000,1.33728,1.33719,3600000,3670000
2023-02-15 13:27:28.372000,1.3373,1.33721,3600000,5400000
2023-02-15 13:27:28.423000,1.33729,1.33723,3600000,3600000
2023-02-15 13:27:28.525000,1.33729,1.33721,3600000,1350000
2023-02-15 13:27:28.627000,1.33729,1.3372,3600000,4050000
2023-02-15 13:27:29.378000,1.33718,1.33715,4050000,1200000
2023-02-15 13:27:29.480000,1.33718,1.33712,3600000,3600000
2023-02-15 13:27:29.531000,1.33718,1.3371,3600000,4500000
2023-02-15 13:27:29.633000,1.33717,1.3371,3600000,3600000
2023-02-15 13:27:29.684000,1.33719,1.3371,4950000,3600000
2023-02-15 13:27:29.786000,1.33718,1.33711,3600000,3600000
2023-02-15 13:27:30.723000,1.33717,1.3371,3600000,3600000
2023-02-15 13:27:31.086000,1.33717,1.33708,3600000,3600000
2023-02-15 13:27:31.618000,1.33719,1.3371,3600000,4500000
2023-02-15 13:27:31.669000,1.33721,1.33712,4720000,3600000
2023-02-15 13:27:31.873000,1.33721,1.33713,3820000,4500000
2023-02-15 13:27:32.076000,1.33722,1.33713,3820000,4500000
2023-02-15 13:27:32.178000,1.33721,1.33714,3600000,3600000
2023-02-15 13:27:34.361000,1.3372,1.33713,3600000,4500000
2023-02-15 13:27:34.465000,1.33722,1.33713,4420000,4500000
2023-02-15 13:27:35.023000,1.33721,1.33714,3820000,3600000
2023-02-15 13:27:36.137000,1.3372,1.33714,3600000,3600000
2023-02-15 13:27:36.672000,1.3371,1.33707,1120000,1200000
2023-02-15 13:27:36.723000,1.33713,1.33705,4420000,1200000
2023-02-15 13:27:36.825000,1.33714,1.33704,5750000,3600000
2023-02-15 13:27:36.978000,1.33711,1.33705,3600000,3600000
2023-02-15 13:27:37.585000,1.33711,1.33704,3600000,3600000
2023-02-15 13:27:37.687000,1.33712,1.33705,3820000,3600000
2023-02-15 13:27:37.840000,1.33713,1.33706,3820000,3600000
2023-02-15 13:27:38.043000,1.33713,1.33705,3820000,4500000
2023-02-15 13:27:38.246000,1.33713,1.33706,3820000,1200000
2023-02-15 13:27:38.653000,1.33714,1.33708,3300000,3600000
2023-02-15 13:27:38.755000,1.33717,1.33706,3300000,4500000
2023-02-15 13:27:39.853000,1.33715,1.33708,3820000,3600000
2023-02-15 13:27:39.904000,1.33715,1.33706,4720000,4500000
2023-02-15 13:27:40.006000,1.33714,1.33707,3600000,3600000
2023-02-15 13:27:40.108000,1.33713,1.33707,3600000,3600000
2023-02-15 13:27:40.210000,1.33715,1.33706,3820000,4500000
2023-02-15 13:27:40.413000,1.33714,1.33708,3600000,3600000
2023-02-15 13:27:40.515000,1.33716,1.33705,3600000,4500000
2023-02-15 13:27:40.999000,1.33713,1.33707,3600000,3600000
2023-02-15 13:27:42.446000,1.33713,1.33706,3600000,3600000
2023-02-15 13:27:42.717000,1.33714,1.33705,3600000,4500000
2023-02-15 13:27:43.274000,1.33713,1.33706,3600000,3600000
2023-02-15 13:27:43.403000,1.33712,1.33706,3600000,3600000
2023-02-15 13:27:43.505000,1.33713,1.33706,3600000,3600000
2023-02-15 13:27:43.607000,1.33712,1.33706,3600000,3600000
2023-02-15 13:27:44.044000,1.33713,1.33706,3600000,3600000
2023-02-15 13:27:44.689000,1.33712,1.33706,3600000,3600000
2023-02-15 13:27:44.740000,1.33713,1.33704,3300000,3600000
2023-02-15 13:27:44.842000,1.33712,1.33705,3820000,3600000
2023-02-15 13:27:45.002000,1.33712,1.33705,3300000,3600000
2023-02-15 13:27:45.054000,1.33707,1.33702,1200000,2290000
2023-02-15 13:27:45.105000,1.33704,1.33698,3600000,5400000
2023-02-15 13:27:45.156000,1.33709,1.33701,3820000,3600000
2023-02-15 13:27:45.258000,1.33709,1.33703,3820000,3600000
2023-02-15 13:27:45.310000,1.33711,1.33704,3600000,4500000
2023-02-15 13:27:45.412000,1.33713,1.33704,3820000,4500000
2023-02-15 13:27:45.564000,1.33712,1.33705,3600000,3600000
2023-02-15 13:27:45.870000,1.33713,1.33705,3820000,3600000
2023-02-15 13:27:45.971000,1.33712,1.33705,3600000,3600000
2023-02-15 13:27:46.073000,1.33711,1.33705,3600000,3600000
2023-02-15 13:27:46.175000,1.33712,1.33705,3600000,3600000
2023-02-15 13:27:46.787000,1.33713,1.33704,3820000,4500000
2023-02-15 13:27:46.889000,1.33712,1.33704,3600000,4500000
2023-02-15 13:27:46.992000,1.33713,1.33705,3600000,3600000
2023-02-15 13:27:47.561000,1.33713,1.33706,3600000,3600000
2023-02-15 13:27:48.102000,1.33712,1.33705,3600000,3600000
2023-02-15 13:27:48.249000,1.33713,1.33705,3600000,3600000
2023-02-15 13:27:49.772000,1.33713,1.33704,3600000,4500000
2023-02-15 13:27:49.874000,1.33711,1.33705,3600000,3600000
2023-02-15 13:27:49.976000,1.33712,1.33705,3600000,3600000
2023-02-15 13:27:50.128000,1.33713,1.33704,3820000,4500000
2023-02-15 13:27:50.628000,1.3371,1.33704,3600000,4500000
2023-02-15 13:27:51.146000,1.33707,1.337,3600000,3600000
2023-02-15 13:27:51.248000,1.33706,1.337,1200000,4950000
2023-02-15 13:27:51.299000,1.33708,1.337,4270000,4950000
2023-02-15 13:27:51.402000,1.33708,1.33702,3820000,3600000
2023-02-15 13:27:51.504000,1.33709,1.33703,4050000,3600000
2023-02-15 13:27:51.870000,1.3371,1.33703,3600000,3600000
2023-02-15 13:27:51.972000,1.3371,1.33704,3600000,3600000
2023-02-15 13:27:52.074000,1.33711,1.33704,3690000,3600000
2023-02-15 13:27:52.698000,1.3371,1.33704,3600000,3600000
2023-02-15 13:27:52.986000,1.33712,1.33705,3120000,4500000
2023-02-15 13:27:53.088000,1.33712,1.33705,3600000,4500000
2023-02-15 13:27:53.355000,1.33714,1.33704,3600000,4500000
2023-02-15 13:27:53.457000,1.33713,1.33706,3600000,3600000
2023-02-15 13:27:53.723000,1.33714,1.33706,3820000,3600000
2023-02-15 13:27:53.825000,1.33713,1.33706,3600000,3600000
2023-02-15 13:27:54.786000,1.33711,1.33705,3600000,3600000
2023-02-15 13:27:54.837000,1.33712,1.33703,4050000,3600000
2023-02-15 13:27:54.940000,1.33712,1.33706,1200000,3600000
2023-02-15 13:27:55.042000,1.33713,1.33706,3600000,3600000
2023-02-15 13:27:55.144000,1.33712,1.33703,3600000,3600000
2023-02-15 13:27:55.246000,1.33714,1.33703,5850000,3600000
2023-02-15 13:27:55.399000,1.33711,1.33704,3600000,3600000
2023-02-15 13:27:55.450000,1.33713,1.33704,5170000,3600000
2023-02-15 13:27:55.502000,1.33712,1.33705,3300000,3600000
2023-02-15 13:27:55.604000,1.33712,1.33703,3820000,3600000
2023-02-15 13:27:55.706000,1.33712,1.33704,4720000,3600000
2023-02-15 13:27:55.807000,1.33711,1.33704,3600000,3600000
2023-02-15 13:27:56.211000,1.33711,1.33702,4720000,4050000
2023-02-15 13:27:56.364000,1.3371,1.33703,3600000,3600000
2023-02-15 13:27:57.252000,1.33712,1.33705,4050000,3600000
2023-02-15 13:27:57.354000,1.33712,1.33705,3600000,3600000
2023-02-15 13:27:59.126000,1.33711,1.33705,3600000,3600000
2023-02-15 13:27:59.330000,1.33711,1.33704,3600000,3600000
2023-02-15 13:27:59.432000,1.33709,1.33703,3600000,3600000
2023-02-15 13:27:59.534000,1.33709,1.33702,4590000,3600000
2023-02-15 13:27:59.636000,1.33708,1.33701,3600000,3600000
2023-02-15 13:27:59.788000,1.33709,1.33701,4050000,3600000
2023-02-15 13:27:59.890000,1.33708,1.33701,3600000,3600000
2023-02-15 13:28:00.195000,1.33709,1.33702,3600000,3600000
2023-02-15 13:28:00.297000,1.33711,1.33703,3300000,3600000
2023-02-15 13:28:00.675000,1.33711,1.33702,4870000,3600000
2023-02-15 13:28:00.979000,1.33711,1.33701,4870000,3600000
2023-02-15 13:28:01.084000,1.33709,1.33702,3820000,3600000
2023-02-15 13:28:01.541000,1.33713,1.33704,5170000,3600000
2023-02-15 13:28:01.643000,1.33712,1.33705,3820000,3600000
2023-02-15 13:28:01.897000,1.33714,1.33707,1120000,4050000
2023-02-15 13:28:01.999000,1.33716,1.33707,3820000,3600000
2023-02-15 13:28:02.151000,1.33715,1.33707,3820000,3600000
2023-02-15 13:28:02.304000,1.33715,1.33706,3820000,4050000
2023-02-15 13:28:02.406000,1.33715,1.33708,3820000,3600000
2023-02-15 13:28:02.643000,1.33717,1.33706,3300000,4050000
2023-02-15 13:28:03.174000,1.33716,1.33708,3300000,3600000
2023-02-15 13:28:03.949000,1.33715,1.33707,3820000,3600000
2023-02-15 13:28:04.338000,1.33716,1.33708,3300000,3600000
2023-02-15 13:28:04.441000,1.33716,1.33709,3300000,3600000
2023-02-15 13:28:04.593000,1.33715,1.33708,4500000,3600000
2023-02-15 13:28:04.695000,1.33713,1.33707,3600000,3600000
2023-02-15 13:28:04.797000,1.33715,1.33706,5170000,3600000
2023-02-15 13:28:05.733000,1.3371,1.33704,1300000,3600000
2023-02-15 13:28:05.835000,1.3371,1.33701,4250000,3600000
2023-02-15 13:28:05.937000,1.33707,1.33699,3600000,3600000
2023-02-15 13:28:06.039000,1.33708,1.33699,5170000,3600000
2023-02-15 13:28:06.192000,1.33708,1.33698,4270000,3600000
2023-02-15 13:28:06.243000,1.33707,1.337,3600000,3600000
2023-02-15 13:28:06.345000,1.33708,1.33701,3820000,3600000
2023-02-15 13:28:06.447000,1.33708,1.33699,3820000,3600000
2023-02-15 13:28:06.549000,1.33708,1.337,3820000,3600000
2023-02-15 13:28:06.692000,1.33708,1.337,3300000,3600000
2023-02-15 13:28:06.794000,1.33708,1.337,3820000,3600000
2023-02-15 13:28:06.896000,1.33706,1.33696,5360000,3600000
2023-02-15 13:28:06.948000,1.33705,1.33699,3300000,3600000
2023-02-15 13:28:06.999000,1.33704,1.33697,3820000,3600000
2023-02-15 13:28:07.100000,1.33706,1.33697,4420000,3600000
2023-02-15 13:28:07.506000,1.33707,1.33696,3600000,3600000
2023-02-15 13:28:07.608000,1.33707,1.33698,5170000,3600000
2023-02-15 13:28:07.710000,1.33705,1.33699,3600000,3600000
2023-02-15 13:28:08.023000,1.33706,1.33699,3600000,3600000
2023-02-15 13:28:08.178000,1.33705,1.33699,3600000,3600000
2023-02-15 13:28:08.331000,1.33705,1.33698,3600000,3600000
2023-02-15 13:28:08.432000,1.33706,1.33697,3600000,3600000
2023-02-15 13:28:09.208000,1.33695,1.33689,1200000,1200000
2023-02-15 13:28:09.311000,1.33689,1.33681,1800000,3970000
2023-02-15 13:28:09.362000,1.33689,1.33681,1120000,3600000
2023-02-15 13:28:09.649000,1.3369,1.33681,4870000,3600000
2023-02-15 13:28:09.773000,1.33689,1.3368,3300000,3600000
2023-02-15 13:28:09.875000,1.3369,1.33681,5620000,3600000
2023-02-15 13:28:10.211000,1.3369,1.33681,1870000,3600000
2023-02-15 13:28:10.489000,1.33689,1.3368,3820000,3600000
2023-02-15 13:28:11.036000,1.33689,1.33679,3600000,3600000
2023-02-15 13:28:11.734000,1.33689,1.33682,1200000,1200000
2023-02-15 13:28:11.836000,1.33691,1.33683,1300000,3600000
2023-02-15 13:28:11.938000,1.33691,1.33683,1120000,3600000
2023-02-15 13:28:12.604000,1.33695,1.33691,1200000,3600000
2023-02-15 13:28:12.706000,1.33702,1.3369,4050000,3300000
2023-02-15 13:28:13.136000,1.33701,1.3369,3600000,3300000
2023-02-15 13:28:14.377000,1.33701,1.33692,4050000,3820000
2023-02-15 13:28:14.479000,1.33701,1.33691,4050000,3600000
2023-02-15 13:28:15.066000,1.337,1.33691,3600000,3600000
2023-02-15 13:28:15.168000,1.337,1.3369,3600000,3820000
2023-02-15 13:28:15.813000,1.337,1.3369,4050000,3820000
2023-02-15 13:28:16.298000,1.33701,1.33688,3600000,3300000
2023-02-15 13:28:17.314000,1.337,1.3369,3600000,3300000
2023-02-15 13:28:17.847000,1.337,1.3369,3600000,3300000
2023-02-15 13:28:18.142000,1.33703,1.33695,1350000,3600000
2023-02-15 13:28:18.244000,1.33704,1.33695,4050000,3300000
2023-02-15 13:28:19.762000,1.33707,1.33697,5850000,3300000
2023-02-15 13:28:19.915000,1.33707,1.33699,3600000,3600000
2023-02-15 13:28:20.017000,1.33708,1.33698,4050000,3820000
2023-02-15 13:28:20.459000,1.33712,1.33702,1800000,4050000
2023-02-15 13:28:20.561000,1.33716,1.33708,1200000,3300000
2023-02-15 13:28:20.663000,1.33717,1.33708,3600000,3300000
2023-02-15 13:28:20.765000,1.33719,1.33707,4500000,4050000
2023-02-15 13:28:21.454000,1.33718,1.33708,4050000,3300000
2023-02-15 13:28:21.657000,1.33718,1.33708,4050000,4050000
2023-02-15 13:28:21.759000,1.33717,1.33708,3600000,4050000
2023-02-15 13:28:22.042000,1.33717,1.33708,3600000,3300000
2023-02-15 13:28:22.195000,1.33719,1.33707,4050000,3300000
2023-02-15 13:28:22.297000,1.33718,1.33708,4050000,4050000
2023-02-15 13:28:22.399000,1.33718,1.33708,4050000,3300000
2023-02-15 13:28:22.534000,1.33717,1.33708,3600000,3300000
2023-02-15 13:28:22.788000,1.33717,1.3371,3600000,3600000
2023-02-15 13:28:22.891000,1.33718,1.33708,4050000,3300000
2023-02-15 13:28:23.486000,1.33718,1.3371,4050000,3600000
2023-02-15 13:28:23.954000,1.33718,1.3371,3600000,3600000
2023-02-15 13:28:24.006000,1.33718,1.33707,3600000,3300000
2023-02-15 13:28:24.108000,1.33716,1.33707,3600000,3300000
2023-02-15 13:28:24.210000,1.33717,1.33709,4050000,3600000
2023-02-15 13:28:24.503000,1.33716,1.33707,3600000,3820000
2023-02-15 13:28:25.173000,1.33716,1.33706,3600000,4420000
2023-02-15 13:28:25.274000,1.33717,1.33707,4050000,3300000
2023-02-15 13:28:26.407000,1.33716,1.33707,3600000,3300000
2023-02-15 13:28:26.745000,1.33718,1.33707,5100000,3300000
2023-02-15 13:28:26.879000,1.33718,1.33707,5100000,3820000
2023-02-15 13:28:27.102000,1.33717,1.3371,4050000,3600000
2023-02-15 13:28:27.375000,1.33717,1.33708,4050000,3300000
2023-02-15 13:28:27.633000,1.33717,1.3371,4050000,3600000
2023-02-15 13:28:27.734000,1.33717,1.33707,4050000,4050000
2023-02-15 13:28:28.574000,1.33716,1.33707,3600000,4420000
2023-02-15 13:28:28.829000,1.33718,1.33712,4500000,3600000
2023-02-15 13:28:28.931000,1.33719,1.33709,1200000,3670000
2023-02-15 13:28:29.810000,1.33718,1.33713,1200000,3600000
2023-02-15 13:28:29.963000,1.33718,1.33714,1200000,3600000
2023-02-15 13:28:30.065000,1.33718,1.33711,1200000,5100000
2023-02-15 13:28:33.129000,1.33718,1.33713,1200000,3600000
2023-02-15 13:28:33.236000,1.33718,1.33714,1200000,3600000
2023-02-15 13:28:33.961000,1.33718,1.33713,1200000,3600000
2023-02-15 13:28:34.063000,1.33718,1.33711,1200000,4800000
2023-02-15 13:28:34.165000,1.33718,1.33714,1200000,3600000
2023-02-15 13:28:34.267000,1.33719,1.33711,1200000,4420000
2023-02-15 13:28:35.352000,1.33719,1.33712,1200000,1350000
2023-02-15 13:28:35.454000,1.3372,1.3371,1200000,4650000
2023-02-15 13:28:35.727000,1.3372,1.33711,1200000,4650000
2023-02-15 13:28:36.346000,1.3372,1.33712,1200000,1420000
2023-02-15 13:28:37.126000,1.3372,1.33712,1350000,3820000
2023-02-15 13:28:37.481000,1.33719,1.33713,3600000,3600000
2023-02-15 13:28:37.617000,1.3372,1.33711,1350000,4050000
2023-02-15 13:28:37.754000,1.3372,1.33711,1350000,4720000
2023-02-15 13:28:37.927000,1.3372,1.33713,1200000,3670000
2023-02-15 13:28:39.809000,1.33719,1.33712,3600000,4920000
2023-02-15 13:28:39.911000,1.3372,1.33713,3600000,3670000
2023-02-15 13:28:40.934000,1.33721,1.33717,1800000,4050000
2023-02-15 13:28:40.985000,1.33724,1.33716,4500000,1300000
2023-02-15 13:28:41.461000,1.33724,1.33715,4500000,4050000
2023-02-15 13:28:41.563000,1.33723,1.33717,3600000,3820000
2023-02-15 13:28:42.045000,1.33724,1.33715,4500000,4050000
2023-02-15 13:28:42.248000,1.33724,1.33718,4050000,3600000
2023-02-15 13:28:42.350000,1.33724,1.33716,4050000,3900000
2023-02-15 13:28:42.402000,1.33725,1.33719,4500000,4050000
2023-02-15 13:28:42.504000,1.33725,1.33719,3600000,3300000
2023-02-15 13:28:42.606000,1.33724,1.33718,4050000,3300000
2023-02-15 13:28:43.213000,1.33724,1.33718,4050000,3820000
2023-02-15 13:28:43.449000,1.33724,1.33718,4050000,3300000
2023-02-15 13:28:44.527000,1.33726,1.33718,4050000,3820000
2023-02-15 13:28:44.629000,1.33725,1.33719,3600000,3820000
2023-02-15 13:28:45.496000,1.33727,1.33721,4500000,3820000
2023-02-15 13:28:45.598000,1.3373,1.3372,3600000,1300000
2023-02-15 13:28:45.700000,1.33728,1.33722,3600000,3820000
2023-02-15 13:28:45.954000,1.33729,1.3372,3600000,3670000
2023-02-15 13:28:46.201000,1.33727,1.33721,3600000,3820000
2023-02-15 13:28:46.252000,1.33728,1.33719,3600000,3820000
2023-02-15 13:28:47.560000,1.33727,1.33718,3600000,3670000
2023-02-15 13:28:47.662000,1.33727,1.3372,3600000,3600000
2023-02-15 13:28:48.732000,1.33728,1.33719,4050000,5250000
2023-02-15 13:28:48.834000,1.33728,1.3372,3600000,3600000
2023-02-15 13:28:48.936000,1.33729,1.3372,3600000,4360000
2023-02-15 13:28:48.988000,1.33729,1.33722,3600000,1800000
2023-02-15 13:28:49.134000,1.3373,1.33722,3600000,1800000
2023-02-15 13:28:49.244000,1.33729,1.33723,3600000,3600000
2023-02-15 13:28:49.566000,1.33731,1.33725,5580000,3600000
2023-02-15 13:28:49.617000,1.33731,1.33721,3600000,6300000
2023-02-15 13:28:49.669000,1.33731,1.33725,3780000,3600000
2023-02-15 13:28:49.720000,1.3373,1.33722,3600000,6300000
2023-02-15 13:28:50.012000,1.33732,1.33723,3540000,4050000
2023-02-15 13:28:50.534000,1.3373,1.33724,3600000,3600000
2023-02-15 13:28:51.267000,1.3373,1.33722,3600000,4720000
2023-02-15 13:28:51.711000,1.33732,1.33725,4210000,3820000
2023-02-15 13:28:51.814000,1.3373,1.33723,3600000,1300000
2023-02-15 13:28:51.966000,1.33732,1.33723,3780000,3820000
2023-02-15 13:28:52.380000,1.3373,1.33722,3600000,6070000
2023-02-15 13:28:52.482000,1.3373,1.33723,3600000,2620000
2023-02-15 13:28:52.584000,1.33732,1.33725,3240000,3300000
2023-02-15 13:28:52.686000,1.33731,1.33725,3780000,3600000
2023-02-15 13:28:52.839000,1.33736,1.33733,1200000,3600000
2023-02-15 13:28:52.890000,1.33738,1.33731,1800000,3600000
2023-02-15 13:28:52.942000,1.3374,1.33733,5400000,3600000
2023-02-15 13:28:53.410000,1.3374,1.33734,1800000,3600000
2023-02-15 13:28:53.512000,1.3374,1.33732,1800000,3820000
2023-02-15 13:28:54.349000,1.3374,1.33736,1800000,3600000
2023-02-15 13:28:54.451000,1.33744,1.33734,8100000,4800000
2023-02-15 13:28:54.553000,1.33742,1.33734,1100000,3300000
2023-02-15 13:28:55.305000,1.33744,1.33734,1200000,3820000
2023-02-15 13:28:56.873000,1.33743,1.33734,1200000,3820000
2023-02-15 13:28:58.497000,1.33743,1.33733,5170000,4500000
2023-02-15 13:28:58.599000,1.33743,1.33734,1350000,3820000
2023-02-15 13:28:59.189000,1.33743,1.33733,5170000,3600000
2023-02-15 13:28:59.291000,1.33742,1.33734,3820000,3600000
2023-02-15 13:28:59.444000,1.33743,1.33733,1350000,3820000
2023-02-15 13:28:59.763000,1.33743,1.33733,4720000,3600000
2023-02-15 13:28:59.916000,1.33742,1.33732,1100000,3820000
2023-02-15 13:29:00.074000,1.33743,1.33735,3600000,2970000
2023-02-15 13:29:00.126000,1.33743,1.33733,3670000,5620000
2023-02-15 13:29:00.177000,1.33741,1.33735,3600000,1200000
2023-02-15 13:29:00.279000,1.33737,1.3373,1300000,4350000
2023-02-15 13:29:00.381000,1.33738,1.33731,1420000,3600000
2023-02-15 13:29:00.534000,1.33739,1.33731,1800000,3600000
2023-02-15 13:29:00.586000,1.33742,1.33732,4910000,4120000
2023-02-15 13:29:00.637000,1.33743,1.33734,3820000,3600000
2023-02-15 13:29:00.739000,1.33743,1.33733,3820000,3820000
2023-02-15 13:29:01.302000,1.33743,1.33734,4720000,3600000
2023-02-15 13:29:01.354000,1.33744,1.33738,4720000,3600000
2023-02-15 13:29:01.405000,1.33744,1.33735,6520000,4500000
2023-02-15 13:29:01.457000,1.33743,1.33734,1800000,3600000
2023-02-15 13:29:01.559000,1.33741,1.33732,4270000,3600000
2023-02-15 13:29:01.610000,1.33744,1.33736,4500000,3600000
2023-02-15 13:29:01.712000,1.33746,1.33737,6050000,4050000
2023-02-15 13:29:01.915000,1.33745,1.33737,1570000,4050000
2023-02-15 13:29:02.052000,1.33745,1.33739,5170000,3600000
2023-02-15 13:29:02.103000,1.33745,1.33737,1570000,4050000
2023-02-15 13:29:02.430000,1.33745,1.33739,5850000,3600000
2023-02-15 13:29:02.532000,1.33744,1.33738,3600000,3600000
2023-02-15 13:29:02.887000,1.33745,1.33739,4950000,3600000
2023-02-15 13:29:02.989000,1.33744,1.33738,3600000,3600000
2023-02-15 13:29:03.091000,1.33745,1.33739,4500000,3600000
2023-02-15 13:29:03.295000,1.33747,1.33739,4050000,4500000
2023-02-15 13:29:03.549000,1.33747,1.3374,4050000,3600000
2023-02-15 13:29:03.651000,1.33747,1.33739,3600000,5400000
2023-02-15 13:29:03.758000,1.33746,1.33739,1200000,4500000
2023-02-15 13:29:04.556000,1.33747,1.33739,1200000,4950000
2023-02-15 13:29:05.359000,1.33742,1.33739,1200000,1200000
2023-02-15 13:29:05.461000,1.33738,1.33731,3600000,4140000
2023-02-15 13:29:05.614000,1.33739,1.3373,1350000,3720000
2023-02-15 13:29:05.767000,1.33739,1.33732,4050000,3600000
2023-02-15 13:29:06.178000,1.33741,1.33734,1350000,3690000
2023-02-15 13:29:06.280000,1.33744,1.33732,4350000,3600000
2023-02-15 13:29:06.484000,1.33743,1.33733,5100000,3600000
2023-02-15 13:29:06.592000,1.33742,1.33732,3600000,3600000
2023-02-15 13:29:06.694000,1.33743,1.33736,1800000,3600000
2023-02-15 13:29:06.796000,1.33744,1.33735,4050000,4050000
2023-02-15 13:29:07.223000,1.33744,1.33736,1350000,3600000
2023-02-15 13:29:07.392000,1.33744,1.33735,4950000,3600000
2023-02-15 13:29:07.556000,1.33742,1.33735,1600000,3600000
2023-02-15 13:29:07.607000,1.33742,1.33732,5100000,4050000
2023-02-15 13:29:07.709000,1.33742,1.33731,4720000,3600000
2023-02-15 13:29:07.811000,1.33743,1.3373,4720000,4050000
2023-02-15 13:29:08.202000,1.33742,1.33731,4950000,4050000
2023-02-15 13:29:08.304000,1.33741,1.33731,3600000,4050000
2023-02-15 13:29:08.355000,1.33742,1.33736,1200000,3600000
2023-02-15 13:29:08.406000,1.33743,1.33734,1350000,4500000
2023-02-15 13:29:08.559000,1.33742,1.33733,3600000,3600000
2023-02-15 13:29:08.660000,1.33743,1.33733,4500000,3600000
2023-02-15 13:29:08.763000,1.33743,1.33734,4500000,3600000
2023-02-15 13:29:09.312000,1.33743,1.33733,4500000,3600000
2023-02-15 13:29:09.415000,1.33739,1.33732,3600000,3600000
2023-02-15 13:29:09.517000,1.3374,1.33731,3600000,3600000
2023-02-15 13:29:09.669000,1.33741,1.33731,4500000,3600000
2023-02-15 13:29:09.772000,1.33741,1.3373,3600000,3600000
2023-02-15 13:29:09.873000,1.33739,1.3373,3600000,3600000
2023-02-15 13:29:09.975000,1.3374,1.3373,3600000,3600000
2023-02-15 13:29:10.128000,1.3374,1.33731,3600000,3600000
2023-02-15 13:29:10.382000,1.33741,1.33732,3600000,3600000
2023-02-15 13:29:11.300000,1.33742,1.33732,4950000,3600000
2023-02-15 13:29:11.402000,1.33739,1.33732,3600000,3600000
2023-02-15 13:29:11.453000,1.33737,1.33728,3600000,4050000
2023-02-15 13:29:11.555000,1.33735,1.33729,3600000,4050000
2023-02-15 13:29:11.708000,1.33736,1.33725,3600000,3600000
2023-02-15 13:29:13.437000,1.33737,1.33728,3600000,3600000
2023-02-15 13:29:13.539000,1.33738,1.33729,3600000,3600000
2023-02-15 13:29:13.794000,1.33739,1.33728,4500000,3600000
2023-02-15 13:29:13.997000,1.33737,1.33728,3600000,3600000
2023-02-15 13:29:14.049000,1.33736,1.33726,3600000,3600000
2023-02-15 13:29:14.201000,1.33737,1.33727,3600000,3600000
2023-02-15 13:29:14.303000,1.33736,1.33727,3600000,3600000
2023-02-15 13:29:14.456000,1.33736,1.33728,3600000,3600000
2023-02-15 13:29:14.709000,1.33737,1.33728,3600000,3600000
2023-02-15 13:29:14.811000,1.33737,1.33727,3600000,3600000
2023-02-15 13:29:15.065000,1.33735,1.33727,1600000,3600000
2023-02-15 13:29:15.117000,1.33732,1.33722,3600000,3600000
2023-02-15 13:29:15.219000,1.33731,1.33723,3600000,3600000
2023-02-15 13:29:15.321000,1.33731,1.33722,3600000,3600000
2023-02-15 13:29:15.423000,1.33731,1.33724,3600000,3600000
2023-02-15 13:29:15.524000,1.33732,1.33723,3600000,3600000
2023-02-15 13:29:15.626000,1.33731,1.33724,3600000,3600000
2023-02-15 13:29:16.129000,1.33729,1.33723,2160000,3600000
2023-02-15 13:29:16.181000,1.33724,1.33719,4050000,1200000
2023-02-15 13:29:16.232000,1.33724,1.33717,3600000,3600000
2023-02-15 13:29:16.334000,1.33728,1.33718,3600000,3600000
2023-02-15 13:29:16.436000,1.33729,1.33717,4500000,3600000
2023-02-15 13:29:16.487000,1.33731,1.33719,7200000,3600000
2023-02-15 13:29:16.589000,1.3373,1.33719,3600000,3600000
2023-02-15 13:29:16.878000,1.3373,1.3372,3600000,3600000
2023-02-15 13:29:17.349000,1.33729,1.33718,3600000,3600000
2023-02-15 13:29:17.503000,1.33729,1.33721,3600000,3600000
2023-02-15 13:29:17.827000,1.33728,1.33719,3600000,3600000
2023-02-15 13:29:18.537000,1.33728,1.3372,3600000,3600000
2023-02-15 13:29:18.924000,1.33728,1.33719,3600000,3600000
2023-02-15 13:29:19.026000,1.33727,1.33719,3600000,3600000
2023-02-15 13:29:19.229000,1.33727,1.33718,3600000,3600000
2023-02-15 13:29:19.497000,1.33727,1.33719,3600000,3600000
2023-02-15 13:29:19.649000,1.33727,1.33718,3600000,3600000
2023-02-15 13:29:19.935000,1.33727,1.33718,3600000,3600000
2023-02-15 13:29:20.088000,1.33728,1.33719,3600000,3600000
2023-02-15 13:29:20.720000,1.33728,1.33717,3600000,3600000
2023-02-15 13:29:21.397000,1.33727,1.33716,4500000,3600000
2023-02-15 13:29:21.549000,1.33727,1.33717,4500000,3600000
2023-02-15 13:29:21.680000,1.33727,1.33718,4500000,3600000
2023-02-15 13:29:22.152000,1.33727,1.33716,4500000,3600000
2023-02-15 13:29:23.548000,1.33727,1.33718,1200000,3600000
2023-02-15 13:29:23.752000,1.33728,1.33719,1200000,3600000
2023-02-15 13:29:25.928000,1.33728,1.33718,1200000,3600000
2023-02-15 13:29:26.030000,1.33729,1.33718,1200000,3600000
2023-02-15 13:29:27.167000,1.33731,1.33716,4500000,3600000
2023-02-15 13:29:27.218000,1.3373,1.3372,4500000,3600000
2023-02-15 13:29:27.421000,1.3373,1.33721,4500000,3600000
2023-02-15 13:29:27.523000,1.3373,1.33718,1200000,3600000
2023-02-15 13:29:27.574000,1.3373,1.33721,4500000,3600000
2023-02-15 13:29:28.349000,1.33731,1.33717,1200000,4050000
2023-02-15 13:29:28.502000,1.3372,1.33716,3600000,1800000
2023-02-15 13:29:28.604000,1.3372,1.33714,3600000,3600000
2023-02-15 13:29:29.117000,1.3372,1.33713,1200000,3600000
2023-02-15 13:29:29.371000,1.3372,1.33714,4500000,3600000
2023-02-15 13:29:30.082000,1.33717,1.33709,3600000,7200000
2023-02-15 13:29:30.133000,1.33715,1.33708,3600000,3600000
2023-02-15 13:29:30.235000,1.33718,1.33709,1200000,3600000
2023-02-15 13:29:30.388000,1.33719,1.33706,1200000,3600000
2023-02-15 13:29:30.490000,1.33722,1.33708,4840000,3600000
2023-02-15 13:29:30.592000,1.33719,1.33707,1200000,3600000
2023-02-15 13:29:30.694000,1.33718,1.33709,1200000,3600000
2023-02-15 13:29:30.796000,1.33716,1.33709,1200000,3600000
2023-02-15 13:29:30.847000,1.33716,1.33707,1200000,3600000
2023-02-15 13:29:31,1.33716,1.33709,1200000,3600000
2023-02-15 13:29:31.051000,1.33716,1.33707,1200000,3600000
2023-02-15 13:29:31.102000,1.33716,1.33709,1200000,3600000
2023-02-15 13:29:31.154000,1.33716,1.33706,1200000,3600000
2023-02-15 13:29:31.306000,1.33718,1.33708,1200000,3600000
2023-02-15 13:29:31.460000,1.33718,1.33706,1200000,3600000
2023-02-15 13:29:31.511000,1.33718,1.33703,1200000,5940000
2023-02-15 13:29:31.613000,1.33716,1.33705,1200000,3600000
2023-02-15 13:29:31.715000,1.33719,1.33705,4590000,3600000
2023-02-15 13:29:31.868000,1.33719,1.33703,4590000,4140000
2023-02-15 13:29:31.970000,1.33719,1.33703,4470000,4140000
2023-02-15 13:29:32.072000,1.33719,1.33705,4470000,3600000
2023-02-15 13:29:32.216000,1.33719,1.33705,3690000,3600000
2023-02-15 13:29:32.475000,1.33715,1.33705,1890000,3600000
2023-02-15 13:29:32.577000,1.33708,1.33698,3600000,5400000
2023-02-15 13:29:32.628000,1.3371,1.33699,4500000,3600000
2023-02-15 13:29:32.679000,1.33709,1.33697,1200000,6300000
2023-02-15 13:29:32.781000,1.33708,1.33697,1200000,3600000
2023-02-15 13:29:32.883000,1.33708,1.33695,1200000,3600000
2023-02-15 13:29:32.935000,1.33708,1.33699,1200000,3600000
2023-02-15 13:29:32.986000,1.33708,1.33697,5040000,3600000
2023-02-15 13:29:33.037000,1.33708,1.33695,5040000,3600000
2023-02-15 13:29:33.088000,1.33707,1.33698,3600000,3600000
2023-02-15 13:29:33.190000,1.33708,1.33697,1200000,4590000
2023-02-15 13:29:33.292000,1.3371,1.33699,4500000,3600000
2023-02-15 13:29:33.394000,1.3371,1.337,5040000,3600000
2023-02-15 13:29:33.648000,1.3371,1.33701,3600000,1200000
2023-02-15 13:29:33.750000,1.33712,1.33701,5040000,3600000
2023-02-15 13:29:33.853000,1.33711,1.33699,5040000,3600000
2023-02-15 13:29:33.954000,1.33711,1.33699,4470000,3600000
2023-02-15 13:29:34.107000,1.33709,1.33697,4500000,3690000
2023-02-15 13:29:34.210000,1.3371,1.337,1200000,3600000
2023-02-15 13:29:34.464000,1.33712,1.337,4500000,3600000
2023-02-15 13:29:34.566000,1.33713,1.33701,4500000,3600000
2023-02-15 13:29:34.922000,1.33712,1.337,3600000,3600000
2023-02-15 13:29:35.023000,1.33714,1.337,3600000,3600000
2023-02-15 13:29:35.587000,1.33714,1.33702,4500000,3720000
2023-02-15 13:29:36.307000,1.33713,1.33701,3600000,3720000
2023-02-15 13:29:36.409000,1.33714,1.337,3600000,3600000
2023-02-15 13:29:36.511000,1.33712,1.33703,3600000,3600000
2023-02-15 13:29:37.227000,1.33713,1.337,3600000,3600000
2023-02-15 13:29:37.380000,1.33712,1.337,3600000,3600000
2023-02-15 13:29:37.482000,1.33713,1.33701,3600000,3600000
2023-02-15 13:29:38.225000,1.33712,1.337,3600000,3600000
2023-02-15 13:29:38.327000,1.3371,1.33701,3600000,3600000
2023-02-15 13:29:38.480000,1.33711,1.33699,3600000,5940000
2023-02-15 13:29:38.582000,1.33712,1.337,3600000,3600000
2023-02-15 13:29:38.633000,1.33711,1.33702,3600000,3600000
2023-02-15 13:29:38.735000,1.3371,1.33702,3600000,3600000
2023-02-15 13:29:38.989000,1.3371,1.33701,3600000,3600000
2023-02-15 13:29:39.040000,1.33711,1.33699,3600000,4140000
2023-02-15 13:29:39.193000,1.3371,1.33701,3600000,3600000
2023-02-15 13:29:39.295000,1.33711,1.33699,3600000,4140000
2023-02-15 13:29:39.397000,1.3371,1.33701,3600000,3600000
2023-02-15 13:29:40.166000,1.33712,1.33703,3600000,3600000
2023-02-15 13:29:40.319000,1.33712,1.33704,3600000,3600000
2023-02-15 13:29:40.681000,1.33717,1.33708,1800000,4140000
2023-02-15 13:29:40.732000,1.33721,1.33711,3600000,3600000
2023-02-15 13:29:40.834000,1.33722,1.3371,3600000,3600000
2023-02-15 13:29:40.936000,1.33721,1.33711,3600000,3600000
2023-02-15 13:29:41.140000,1.33721,1.33709,3600000,4590000
2023-02-15 13:29:41.191000,1.33721,1.33711,3600000,3600000
2023-02-15 13:29:41.496000,1.33718,1.33706,4140000,3600000
2023-02-15 13:29:41.547000,1.33719,1.33707,4140000,3600000
2023-02-15 13:29:41.598000,1.33719,1.33709,3600000,3600000
2023-02-15 13:29:41.903000,1.3372,1.33708,3600000,3600000
2023-02-15 13:29:42.162000,1.33719,1.3371,3600000,3600000
2023-02-15 13:29:42.467000,1.3372,1.33708,3600000,3600000
2023-02-15 13:29:42.569000,1.3372,1.33711,3600000,3600000
2023-02-15 13:29:42.621000,1.3372,1.33709,3600000,3600000
2023-02-15 13:29:42.723000,1.33722,1.33712,3600000,3600000
2023-02-15 13:29:42.977000,1.33723,1.33711,3600000,3600000
2023-02-15 13:29:43.130000,1.33725,1.33713,3600000,3600000
2023-02-15 13:29:43.232000,1.3373,1.3372,3600000,3600000
2023-02-15 13:29:43.283000,1.33732,1.33721,5940000,3600000
2023-02-15 13:29:43.385000,1.33733,1.33721,4590000,3600000
2023-02-15 13:29:43.487000,1.33733,1.33721,3600000,3600000
2023-02-15 13:29:44.028000,1.33733,1.33721,1320000,3600000
2023-02-15 13:29:44.588000,1.33734,1.3372,1220000,3600000
2023-02-15 13:29:45.077000,1.33733,1.33718,4090000,3720000
2023-02-15 13:29:45.128000,1.3373,1.33716,3600000,6720000
2023-02-15 13:29:45.179000,1.33733,1.33715,3690000,4070000
2023-02-15 13:29:45.281000,1.33731,1.33714,3600000,5870000
2023-02-15 13:29:45.383000,1.33733,1.33714,3870000,2120000
2023-02-15 13:29:45.485000,1.33733,1.33718,4140000,1120000
2023-02-15 13:29:45.587000,1.33732,1.3372,3600000,3600000
2023-02-15 13:29:45.946000,1.33734,1.33719,4090000,3690000
2023-02-15 13:29:46.805000,1.33733,1.3372,4140000,3600000
2023-02-15 13:29:47.677000,1.33733,1.33719,4140000,3690000
2023-02-15 13:29:48.597000,1.33735,1.33724,3600000,3690000
2023-02-15 13:29:48.699000,1.33735,1.33723,3600000,3690000
2023-02-15 13:29:48.750000,1.33739,1.33724,1320000,3600000
2023-02-15 13:29:48.903000,1.33738,1.33723,1320000,3490000
2023-02-15 13:29:49.005000,1.33736,1.33726,3600000,3600000
2023-02-15 13:29:49.396000,1.33739,1.33725,5220000,3600000
2023-02-15 13:29:49.620000,1.33739,1.33725,6720000,3600000
2023-02-15 13:29:49.671000,1.33739,1.33723,6720000,3600000
2023-02-15 13:29:49.824000,1.33738,1.33722,1840000,4140000
2023-02-15 13:29:49.926000,1.33735,1.33722,3600000,4140000
2023-02-15 13:29:50.092000,1.33736,1.33722,3600000,3600000
2023-02-15 13:29:50.332000,1.33738,1.33721,1720000,3720000
2023-02-15 13:29:50.383000,1.33734,1.33723,3600000,3600000
2023-02-15 13:29:50.739000,1.33738,1.33721,1720000,3720000
2023-02-15 13:29:50.907000,1.33734,1.33723,3600000,3600000
2023-02-15 13:29:51.586000,1.33738,1.33718,3620000,3600000
2023-02-15 13:29:51.637000,1.33738,1.33718,4140000,3600000
2023-02-15 13:29:51.739000,1.33741,1.33718,3720000,3600000
2023-02-15 13:29:51.841000,1.33741,1.33719,3600000,3600000
2023-02-15 13:29:51.944000,1.33741,1.3372,3600000,3600000
2023-02-15 13:29:51.995000,1.33739,1.33719,3600000,3600000
2023-02-15 13:29:52.182000,1.33739,1.3372,3600000,3600000
2023-02-15 13:29:52.285000,1.33738,1.33719,3600000,3600000
2023-02-15 13:29:52.523000,1.33738,1.33718,3600000,3600000
2023-02-15 13:29:52.676000,1.3374,1.3372,3600000,3600000
2023-02-15 13:29:52.829000,1.33739,1.33724,3600000,3600000
2023-02-15 13:29:53.178000,1.33738,1.33725,3600000,3600000
2023-02-15 13:29:53.728000,1.3374,1.3372,3600000,3600000
2023-02-15 13:29:54.010000,1.33734,1.33724,3600000,3600000
2023-02-15 13:29:54.414000,1.33733,1.33723,3600000,3600000
2023-02-15 13:29:54.963000,1.33733,1.33724,3600000,3600000
2023-02-15 13:29:55.799000,1.33733,1.33723,3600000,3600000
2023-02-15 13:29:55.850000,1.33733,1.33718,3620000,1800000
2023-02-15 13:29:55.901000,1.3373,1.33711,1890000,3600000
2023-02-15 13:29:55.953000,1.3373,1.3371,5220000,3600000
2023-02-15 13:29:56.055000,1.33726,1.33709,3720000,3600000
2023-02-15 13:29:56.157000,1.33713,1.33705,3600000,3600000
2023-02-15 13:29:57.445000,1.33717,1.337,1800000,3600000
2023-02-15 13:29:57.547000,1.33718,1.33699,3600000,3600000
2023-02-15 13:29:58.644000,1.33718,1.337,3600000,1200000
2023-02-15 13:29:58.746000,1.3372,1.33706,4500000,3600000
2023-02-15 13:29:58.848000,1.3372,1.33702,1200000,5400000
2023-02-15 13:29:58.949000,1.3372,1.33703,1200000,1800000
2023-02-15 13:29:59.152000,1.3372,1.33704,1200000,1800000
2023-02-15 13:29:59.631000,1.33722,1.33704,3600000,1800000
2023-02-15 13:29:59.682000,1.33722,1.337,3600000,3600000
2023-02-15 13:29:59.834000,1.33725,1.337,4500000,3600000
2023-02-15 13:30:00.040000,1.33719,1.33698,3600000,1200000
2023-02-15 13:30:00.141000,1.33699,1.33689,3600000,900000
2023-02-15 13:30:00.193000,1.33784,1.33742,220000,1200000
2023-02-15 13:30:00.244000,1.33753,1.33742,3600000,1200000
2023-02-15 13:30:00.295000,1.33759,1.33754,3600000,1200000
2023-02-15 13:30:00.347000,1.33774,1.33753,900000,1200000
2023-02-15 13:30:00.398000,1.33808,1.33777,1200000,900000
2023-02-15 13:30:00.449000,1.33809,1.33781,1200000,4500000
2023-02-15 13:30:00.550000,1.33789,1.33781,4500000,1800000
2023-02-15 13:30:00.601000,1.33798,1.33767,7650000,3600000
2023-02-15 13:30:00.652000,1.33799,1.33773,3600000,3600000
2023-02-15 13:30:00.703000,1.33793,1.33759,1200000,1200000
2023-02-15 13:30:00.754000,1.33792,1.33765,1200000,900000
2023-02-15 13:30:00.805000,1.33792,1.33756,1200000,3600000
2023-02-15 13:30:00.856000,1.33799,1.33751,1200000,900000
2023-02-15 13:30:00.907000,1.33778,1.33763,900000,900000
2023-02-15 13:30:01.009000,1.33837,1.33751,3600000,900000
2023-02-15 13:30:01.060000,1.33782,1.33751,3600000,900000
2023-02-15 13:30:01.111000,1.3381,1.33751,3600000,900000
2023-02-15 13:30:01.162000,1.33845,1.33751,3600000,900000
2023-02-15 13:30:01.213000,1.33844,1.33826,3600000,3600000
2023-02-15 13:30:01.264000,1.33852,1.33811,3600000,3600000
2023-02-15 13:30:01.315000,1.33846,1.33837,1200000,1800000
2023-02-15 13:30:01.517000,1.33838,1.33825,1200000,900000
2023-02-15 13:30:01.620000,1.33843,1.3383,1800000,4500000
2023-02-15 13:30:01.721000,1.33869,1.33865,900000,1800000
2023-02-15 13:30:01.823000,1.33867,1.33854,1200000,5400000
2023-02-15 13:30:01.874000,1.33861,1.33841,3600000,1200000
2023-02-15 13:30:01.925000,1.33853,1.33848,1200000,1200000
2023-02-15 13:30:02.026000,1.33871,1.33849,1200000,1200000
2023-02-15 13:30:02.077000,1.33867,1.33849,3600000,1200000
2023-02-15 13:30:02.128000,1.33885,1.33869,1200000,900000
2023-02-15 13:30:02.230000,1.33894,1.33885,900000,1200000
2023-02-15 13:30:02.281000,1.33885,1.33884,1200000,1200000
2023-02-15 13:30:02.332000,1.33887,1.33886,1200000,1200000
2023-02-15 13:30:02.383000,1.33891,1.3389,1200000,1800000
2023-02-15 13:30:02.434000,1.33899,1.33892,3600000,1800000
2023-02-15 13:30:02.485000,1.33906,1.33892,900000,1800000
2023-02-15 13:30:02.536000,1.33903,1.33886,900000,1350000
2023-02-15 13:30:02.587000,1.33903,1.33894,900000,1200000
2023-02-15 13:30:02.689000,1.33903,1.33896,1200000,2700000
2023-02-15 13:30:02.790000,1.33901,1.33896,1800000,1200000
2023-02-15 13:30:02.892000,1.33903,1.33892,1200000,1800000
2023-02-15 13:30:02.993000,1.33901,1.33885,1800000,1200000
2023-02-15 13:30:03.095000,1.33894,1.33872,1200000,3600000
2023-02-15 13:30:03.146000,1.33886,1.33872,1200000,3600000
2023-02-15 13:30:03.197000,1.33886,1.33859,1200000,3300000
2023-02-15 13:30:03.248000,1.33881,1.33859,1200000,3300000
2023-02-15 13:30:03.350000,1.33892,1.33876,3600000,900000
2023-02-15 13:30:03.401000,1.339,1.33878,4500000,1200000
2023-02-15 13:30:03.452000,1.33883,1.33869,3600000,900000
2023-02-15 13:30:03.503000,1.33869,1.33855,4500000,900000
2023-02-15 13:30:03.604000,1.33897,1.33867,3600000,1200000
2023-02-15 13:30:03.655000,1.33901,1.33867,3600000,1800000
2023-02-15 13:30:03.706000,1.33905,1.33869,1800000,1200000
2023-02-15 13:30:03.759000,1.33905,1.33876,1800000,3600000
2023-02-15 13:30:03.810000,1.33901,1.33873,1200000,1800000
2023-02-15 13:30:03.911000,1.33905,1.33877,3600000,900000
2023-02-15 13:30:04.013000,1.33909,1.33882,4500000,1800000
2023-02-15 13:30:04.115000,1.33889,1.33873,1200000,1200000
2023-02-15 13:30:04.237000,1.33918,1.33878,1200000,1200000
2023-02-15 13:30:04.302000,1.33914,1.33873,1200000,1200000
2023-02-15 13:30:04.403000,1.33914,1.33869,4500000,3600000
2023-02-15 13:30:04.454000,1.33914,1.33876,1200000,1200000
2023-02-15 13:30:04.556000,1.33919,1.33886,3600000,1200000
2023-02-15 13:30:04.658000,1.33905,1.33876,3600000,900000
2023-02-15 13:30:04.759000,1.33914,1.33892,1200000,3370000
2023-02-15 13:30:04.861000,1.33947,1.33937,1200000,1200000
2023-02-15 13:30:04.963000,1.33955,1.33941,1800000,1200000
2023-02-15 13:30:05.014000,1.3395,1.33941,3600000,1200000
2023-02-15 13:30:05.065000,1.33951,1.33932,1800000,1800000
2023-02-15 13:30:05.116000,1.33952,1.33931,1800000,2100000
2023-02-15 13:30:05.218000,1.3395,1.33935,3600000,3600000
2023-02-15 13:30:05.319000,1.33953,1.33931,1200000,1350000
2023-02-15 13:30:05.371000,1.3395,1.33933,3600000,3600000
2023-02-15 13:30:05.422000,1.33949,1.3393,3600000,3600000
2023-02-15 13:30:05.523000,1.3395,1.33924,3600000,3600000
2023-02-15 13:30:05.625000,1.33947,1.33924,3600000,3600000
2023-02-15 13:30:05.727000,1.33949,1.33921,3600000,2100000
2023-02-15 13:30:05.879000,1.33941,1.33912,3600000,1750000
2023-02-15 13:30:05.981000,1.33939,1.3392,3600000,3600000
2023-02-15 13:30:06.083000,1.33938,1.33919,3600000,1200000
2023-02-15 13:30:06.134000,1.33939,1.33915,3600000,3600000
2023-02-15 13:30:06.185000,1.33941,1.3392,900000,2100000
2023-02-15 13:30:06.236000,1.33951,1.33931,1330000,1200000
2023-02-15 13:30:06.287000,1.33947,1.33934,3600000,3600000
2023-02-15 13:30:06.338000,1.33911,1.33906,900000,3600000
2023-02-15 13:30:06.389000,1.33911,1.33893,3600000,3600000
2023-02-15 13:30:06.440000,1.33922,1.33903,3600000,3600000
2023-02-15 13:30:06.491000,1.33931,1.33903,3600000,1600000
2023-02-15 13:30:06.542000,1.33938,1.33905,3600000,1720000
2023-02-15 13:30:06.593000,1.33929,1.33907,3600000,3600000
2023-02-15 13:30:06.645000,1.33931,1.33907,3600000,3600000
2023-02-15 13:30:06.696000,1.33933,1.33905,3600000,1350000
2023-02-15 13:30:06.747000,1.33934,1.33902,3600000,3600000
2023-02-15 13:30:06.798000,1.33935,1.339,3600000,4500000
2023-02-15 13:30:06.849000,1.33931,1.33907,3600000,3600000
2023-02-15 13:30:06.951000,1.3394,1.33915,3600000,3600000
2023-02-15 13:30:07.002000,1.33941,1.33909,1100000,3600000
2023-02-15 13:30:07.054000,1.3393,1.33906,3600000,3600000
2023-02-15 13:30:07.156000,1.33931,1.33906,4500000,3600000
2023-02-15 13:30:07.257000,1.3393,1.33907,3600000,3600000
2023-02-15 13:30:07.309000,1.33931,1.33905,1200000,1200000
2023-02-15 13:30:07.360000,1.33931,1.33921,900000,1800000
2023-02-15 13:30:07.462000,1.3395,1.33929,3600000,1200000
2023-02-15 13:30:07.513000,1.33942,1.33929,3600000,900000
2023-02-15 13:30:07.565000,1.33931,1.33901,1200000,1200000
2023-02-15 13:30:07.616000,1.33927,1.33901,3600000,1200000
2023-02-15 13:30:07.718000,1.33922,1.33888,3600000,5400000
2023-02-15 13:30:07.820000,1.33926,1.3391,900000,3600000
2023-02-15 13:30:07.872000,1.33931,1.33907,3600000,3600000
2023-02-15 13:30:07.923000,1.3392,1.33905,3600000,900000
2023-02-15 13:30:07.974000,1.3392,1.33893,3600000,3600000
2023-02-15 13:30:08.026000,1.33922,1.33898,4500000,1200000
2023-02-15 13:30:08.077000,1.33929,1.33896,7650000,3600000
2023-02-15 13:30:08.128000,1.33929,1.33908,1800000,3600000
2023-02-15 13:30:08.230000,1.33937,1.33914,3600000,1200000
2023-02-15 13:30:08.282000,1.33921,1.33904,3600000,3600000
2023-02-15 13:30:08.384000,1.33939,1.33908,4050000,3600000
2023-02-15 13:30:08.436000,1.3394,1.33925,1200000,3600000
2023-02-15 13:30:08.538000,1.33938,1.3393,900000,3600000
2023-02-15 13:30:08.591000,1.33944,1.33929,1200000,5400000
2023-02-15 13:30:08.642000,1.33955,1.33932,3600000,1600000
2023-02-15 13:30:08.694000,1.33953,1.33934,3600000,3600000
2023-02-15 13:30:08.796000,1.33948,1.33932,3600000,1200000
2023-02-15 13:30:08.847000,1.33956,1.33931,3600000,3600000
2023-02-15 13:30:08.950000,1.33961,1.33929,3600000,3690000
2023-02-15 13:30:09.001000,1.33961,1.33929,3600000,3620000
2023-02-15 13:30:09.103000,1.33961,1.33946,3600000,1320000
2023-02-15 13:30:09.155000,1.33969,1.33965,1200000,1800000
2023-02-15 13:30:09.206000,1.33985,1.33965,1100000,1800000
2023-02-15 13:30:09.258000,1.3398,1.33955,1200000,1100000
2023-02-15 13:30:09.360000,1.33966,1.33949,3600000,3600000
2023-02-15 13:30:09.462000,1.33958,1.33947,1600000,1200000
2023-02-15 13:30:09.565000,1.33949,1.3394,1720000,1200000
2023-02-15 13:30:09.616000,1.33949,1.33934,1350000,3600000
2023-02-15 13:30:09.669000,1.33957,1.3393,4050000,3600000
2023-02-15 13:30:09.721000,1.33958,1.33937,1600000,3600000
2023-02-15 13:30:09.772000,1.3396,1.33935,1600000,3600000
2023-02-15 13:30:09.925000,1.3396,1.33938,1600000,3600000
2023-02-15 13:30:10.027000,1.33951,1.33935,1200000,3600000
2023-02-15 13:30:10.079000,1.33957,1.33933,3600000,1200000
2023-02-15 13:30:10.130000,1.33941,1.33931,1200000,1200000
2023-02-15 13:30:10.232000,1.3394,1.33925,1200000,5400000
2023-02-15 13:30:10.283000,1.33949,1.33927,1600000,3600000
2023-02-15 13:30:10.385000,1.33955,1.33929,3600000,1200000
2023-02-15 13:30:10.437000,1.33951,1.33926,1100000,3600000
2023-02-15 13:30:10.488000,1.33952,1.33927,2470000,3600000
2023-02-15 13:30:10.590000,1.33951,1.33939,1200000,1200000
2023-02-15 13:30:10.642000,1.33951,1.33933,900000,3600000
2023-02-15 13:30:10.693000,1.33959,1.33934,1200000,1200000
2023-02-15 13:30:10.745000,1.33954,1.33934,1200000,1200000
2023-02-15 13:30:10.847000,1.33947,1.33935,3600000,1200000
2023-02-15 13:30:10.949000,1.3394,1.33936,3600000,1200000
2023-02-15 13:30:11.001000,1.33943,1.33935,3600000,1200000
2023-02-15 13:30:11.052000,1.33937,1.33934,1200000,1200000
2023-02-15 13:30:11.104000,1.33939,1.33927,1800000,1200000
2023-02-15 13:30:11.155000,1.33936,1.33927,3600000,1200000
2023-02-15 13:30:11.257000,1.3394,1.33931,1200000,1200000
2023-02-15 13:30:11.308000,1.33941,1.33918,1200000,1200000
2023-02-15 13:30:11.512000,1.3394,1.33923,1200000,3600000
2023-02-15 13:30:11.614000,1.33951,1.33926,1600000,1200000
2023-02-15 13:30:11.716000,1.33949,1.33921,1200000,1200000
2023-02-15 13:30:11.767000,1.3395,1.33924,1200000,3600000
2023-02-15 13:30:11.870000,1.33942,1.33937,900000,3600000
2023-02-15 13:30:11.921000,1.33951,1.33934,1200000,4500000
2023-02-15 13:30:12.227000,1.33951,1.33932,1200000,1200000
2023-02-15 13:30:12.379000,1.33951,1.33933,1800000,3600000
2023-02-15 13:30:12.431000,1.33951,1.33931,1200000,1200000
2023-02-15 13:30:12.482000,1.33951,1.33934,1200000,3600000
2023-02-15 13:30:12.584000,1.33961,1.33941,2850000,3600000
2023-02-15 13:30:12.686000,1.33968,1.33945,1200000,3600000
2023-02-15 13:30:12.738000,1.33957,1.33937,3600000,1200000
2023-02-15 13:30:12.789000,1.33961,1.33938,1600000,3600000
2023-02-15 13:30:12.891000,1.33965,1.33937,1200000,1200000
2023-02-15 13:30:12.943000,1.33966,1.33945,1350000,3600000
2023-02-15 13:30:12.994000,1.33967,1.3394,3600000,1200000
2023-02-15 13:30:13.096000,1.33966,1.33942,3970000,1200000
2023-02-15 13:30:13.168000,1.33965,1.3394,4050000,1200000
2023-02-15 13:30:13.321000,1.33965,1.33941,4050000,1200000
2023-02-15 13:30:13.423000,1.33967,1.33939,3220000,1200000
2023-02-15 13:30:13.525000,1.33962,1.33936,1200000,1200000
2023-02-15 13:30:13.627000,1.33956,1.33944,1200000,3600000
2023-02-15 13:30:13.729000,1.33967,1.33951,2100000,3600000
2023-02-15 13:30:13.781000,1.33951,1.33948,1200000,1200000
2023-02-15 13:30:13.832000,1.33949,1.33927,1800000,3600000
2023-02-15 13:30:13.884000,1.33949,1.33929,1800000,3600000
2023-02-15 13:30:13.935000,1.33953,1.33929,1200000,3600000
2023-02-15 13:30:13.986000,1.33958,1.33946,3150000,2520000
2023-02-15 13:30:14.037000,1.3398,1.33952,1200000,3600000
2023-02-15 13:30:14.089000,1.3398,1.33955,1200000,3600000
2023-02-15 13:30:14.191000,1.33982,1.33973,1200000,3600000
2023-02-15 13:30:14.242000,1.33991,1.33962,1200000,1200000
2023-02-15 13:30:14.344000,1.33991,1.33958,1200000,4050000
2023-02-15 13:30:14.396000,1.33987,1.33955,1200000,2470000
2023-02-15 13:30:14.447000,1.33989,1.33957,1200000,3600000
2023-02-15 13:30:14.549000,1.33988,1.33956,1200000,3600000
2023-02-15 13:30:14.600000,1.33988,1.33956,1200000,3600000
2023-02-15 13:30:14.651000,1.33987,1.33954,1200000,4950000
2023-02-15 13:30:14.753000,1.33986,1.33968,1200000,3600000
2023-02-15 13:30:14.805000,1.33989,1.33964,1200000,3600000
2023-02-15 13:30:14.958000,1.33991,1.3397,1800000,3600000
2023-02-15 13:30:15.060000,1.33993,1.33974,1260000,3600000
2023-02-15 13:30:15.162000,1.33996,1.33972,5000000,3600000
2023-02-15 13:30:15.213000,1.33991,1.33969,3600000,3600000
2023-02-15 13:30:15.264000,1.33994,1.33977,3130000,3600000
2023-02-15 13:30:15.366000,1.33991,1.3398,3600000,3600000
2023-02-15 13:30:15.468000,1.33984,1.33976,1200000,3600000
2023-02-15 13:30:15.520000,1.33986,1.33975,1200000,3600000
2023-02-15 13:30:15.571000,1.33985,1.33972,3600000,3600000
2023-02-15 13:30:15.622000,1.33984,1.33968,3600000,3600000
2023-02-15 13:30:15.673000,1.33985,1.33972,1200000,3600000
2023-02-15 13:30:15.725000,1.33994,1.33991,1200000,1200000
2023-02-15 13:30:15.776000,1.33997,1.33993,3600000,1200000
2023-02-15 13:30:15.828000,1.33994,1.33982,3600000,3600000
2023-02-15 13:30:15.879000,1.33991,1.3398,3600000,2250000
2023-02-15 13:30:15.981000,1.33994,1.33983,5400000,1200000
2023-02-15 13:30:16.083000,1.33996,1.33985,5400000,1350000
2023-02-15 13:30:16.287000,1.33996,1.33991,4500000,1200000
2023-02-15 13:30:16.338000,1.33999,1.33991,1200000,1600000
2023-02-15 13:30:16.389000,1.33997,1.33991,3600000,1200000
2023-02-15 13:30:16.441000,1.34,1.3399,4500000,1200000
2023-02-15 13:30:16.492000,1.33996,1.3399,3600000,1200000
2023-02-15 13:30:16.543000,1.33996,1.33987,3600000,3600000
2023-02-15 13:30:16.595000,1.33994,1.33985,3600000,6300000
2023-02-15 13:30:16.697000,1.33993,1.33984,3600000,3600000
2023-02-15 13:30:16.748000,1.33991,1.3398,1800000,3600000
2023-02-15 13:30:16.799000,1.3399,1.33983,3600000,3600000
2023-02-15 13:30:16.851000,1.33992,1.33984,5400000,3600000
2023-02-15 13:30:16.953000,1.33996,1.33984,3600000,3600000
2023-02-15 13:30:17.055000,1.33992,1.33984,3600000,3600000
2023-02-15 13:30:17.157000,1.3399,1.33979,3600000,4500000
2023-02-15 13:30:17.310000,1.33989,1.33985,1200000,3600000
2023-02-15 13:30:17.361000,1.33992,1.33981,3600000,3600000
2023-02-15 13:30:17.413000,1.33992,1.33982,3600000,3600000
2023-02-15 13:30:17.464000,1.33991,1.3398,3600000,4500000
2023-02-15 13:30:17.516000,1.33988,1.33979,3600000,4500000
2023-02-15 13:30:17.618000,1.33988,1.33981,1800000,3600000
2023-02-15 13:30:17.670000,1.33994,1.33984,3600000,3600000
2023-02-15 13:30:17.772000,1.33993,1.33983,3600000,5400000
2023-02-15 13:30:17.823000,1.33995,1.33986,3600000,3600000
2023-02-15 13:30:17.925000,1.33995,1.33983,3600000,2170000
2023-02-15 13:30:17.976000,1.33999,1.3399,3600000,3600000
2023-02-15 13:30:18.079000,1.34003,1.33994,3600000,1200000
2023-02-15 13:30:18.181000,1.34003,1.33992,3600000,1800000
2023-02-15 13:30:18.232000,1.34002,1.3399,3600000,3600000
2023-02-15 13:30:18.284000,1.33999,1.33986,3600000,3600000
2023-02-15 13:30:18.436000,1.34,1.33988,3600000,3600000
2023-02-15 13:30:18.488000,1.34001,1.33985,3600000,1440000
2023-02-15 13:30:18.640000,1.3399,1.3398,1200000,1600000
2023-02-15 13:30:18.692000,1.3399,1.33977,1200000,2790000
2023-02-15 13:30:18.743000,1.33987,1.3398,3600000,3600000
2023-02-15 13:30:18.794000,1.33986,1.33978,4500000,1200000
2023-02-15 13:30:18.846000,1.33984,1.33973,3600000,1200000
2023-02-15 13:30:18.897000,1.33981,1.33969,3600000,3600000
2023-02-15 13:30:18.948000,1.3399,1.3398,1100000,1200000
2023-02-15 13:30:19,1.33999,1.33982,3300000,5400000
2023-02-15 13:30:19.051000,1.3401,1.34,1200000,3600000
2023-02-15 13:30:19.103000,1.34028,1.34027,1200000,1200000
2023-02-15 13:30:19.154000,1.34041,1.34028,3600000,4500000
2023-02-15 13:30:19.205000,1.34045,1.34038,2250000,1100000
2023-02-15 13:30:19.257000,1.34057,1.34038,3150000,1800000
2023-02-15 13:30:19.308000,1.34053,1.34038,4500000,1800000
2023-02-15 13:30:19.411000,1.34048,1.34035,1200000,1800000
2023-02-15 13:30:19.513000,1.34051,1.34039,1200000,1350000
2023-02-15 13:30:19.564000,1.34057,1.34043,4050000,4500000
2023-02-15 13:30:19.666000,1.34064,1.34044,1800000,1200000
2023-02-15 13:30:19.718000,1.34063,1.34043,3600000,1200000
2023-02-15 13:30:19.820000,1.34068,1.34055,1200000,4050000
2023-02-15 13:30:19.871000,1.34083,1.34062,4350000,1200000
2023-02-15 13:30:19.974000,1.34076,1.34061,1200000,1200000
2023-02-15 13:30:20.076000,1.34066,1.34052,1200000,3600000
2023-02-15 13:30:20.127000,1.34066,1.3405,4500000,1200000
2023-02-15 13:30:20.179000,1.34068,1.34057,1350000,3600000
2023-02-15 13:30:20.230000,1.34067,1.34055,3600000,3600000
2023-02-15 13:30:20.281000,1.34062,1.34053,3600000,1100000
2023-02-15 13:30:20.384000,1.34064,1.34053,3600000,3600000
2023-02-15 13:30:20.486000,1.34053,1.34046,1200000,1200000
2023-02-15 13:30:20.588000,1.34066,1.34056,5400000,1200000
2023-02-15 13:30:20.640000,1.34065,1.34056,2470000,1200000
2023-02-15 13:30:20.691000,1.34052,1.34041,3600000,1200000
2023-02-15 13:30:20.793000,1.34047,1.34038,1200000,1200000
2023-02-15 13:30:20.896000,1.34042,1.34032,1200000,3600000
2023-02-15 13:30:20.947000,1.34039,1.3403,3600000,1800000
2023-02-15 13:30:20.999000,1.34038,1.34027,3600000,1200000
2023-02-15 13:30:21.050000,1.3404,1.34036,1200000,3600000
2023-02-15 13:30:21.101000,1.34049,1.34038,1200000,3600000
2023-02-15 13:30:21.153000,1.3405,1.34035,1200000,3600000
2023-02-15 13:30:21.204000,1.34056,1.34037,1200000,3600000
2023-02-15 13:30:21.306000,1.34057,1.34036,1800000,1200000
2023-02-15 13:30:21.357000,1.34056,1.34044,3600000,1200000
2023-02-15 13:30:21.459000,1.34095,1.3409,1100000,1200000
2023-02-15 13:30:21.511000,1.34096,1.3409,3600000,1200000
2023-02-15 13:30:21.562000,1.34099,1.34086,3600000,3600000
2023-02-15 13:30:21.614000,1.34108,1.34092,1600000,1200000
2023-02-15 13:30:21.665000,1.34112,1.34095,3600000,3600000
2023-02-15 13:30:21.717000,1.34107,1.34095,3600000,3600000
2023-02-15 13:30:21.820000,1.34107,1.34098,3600000,3600000
2023-02-15 13:30:21.871000,1.34109,1.34092,1200000,1200000
2023-02-15 13:30:21.922000,1.34102,1.34092,1800000,1200000
2023-02-15 13:30:21.974000,1.34091,1.34081,3600000,4050000
2023-02-15 13:30:22.025000,1.3409,1.34078,4050000,1800000
2023-02-15 13:30:22.077000,1.3409,1.3407,2470000,3600000
2023-02-15 13:30:22.128000,1.34084,1.3407,2100000,3600000
2023-02-15 13:30:22.180000,1.34078,1.34063,4500000,3600000
2023-02-15 13:30:22.282000,1.34072,1.34061,1200000,3600000
2023-02-15 13:30:22.384000,1.34066,1.34054,4500000,3600000
2023-02-15 13:30:22.506000,1.34062,1.34053,4500000,2700000
2023-02-15 13:30:22.609000,1.34055,1.34046,3600000,1200000
2023-02-15 13:30:22.660000,1.34057,1.34046,3600000,1200000
2023-02-15 13:30:22.711000,1.34057,1.34041,4500000,3600000
2023-02-15 13:30:22.813000,1.34056,1.34043,1200000,3600000
2023-02-15 13:30:22.966000,1.34058,1.34047,4500000,3600000
2023-02-15 13:30:23.068000,1.34058,1.34042,3600000,3600000
2023-02-15 13:30:23.120000,1.34046,1.3404,3600000,1200000
2023-02-15 13:30:23.172000,1.34055,1.3404,4050000,3600000
2023-02-15 13:30:23.223000,1.34057,1.34046,1600000,3600000
2023-02-15 13:30:23.275000,1.34056,1.34044,4950000,1800000
2023-02-15 13:30:23.326000,1.34056,1.34048,1200000,3600000
2023-02-15 13:30:23.428000,1.34057,1.34047,4500000,3600000
2023-02-15 13:30:23.530000,1.34055,1.34046,1200000,3600000
2023-02-15 13:30:23.581000,1.34057,1.34046,3600000,3600000
2023-02-15 13:30:23.683000,1.34059,1.34049,1200000,3600000
2023-02-15 13:30:23.786000,1.34062,1.34047,1660000,3600000
2023-02-15 13:30:23.837000,1.34062,1.34049,1660000,3600000
2023-02-15 13:30:23.939000,1.34063,1.3405,1800000,3600000
2023-02-15 13:30:24.142000,1.34061,1.34046,4350000,3600000
2023-02-15 13:30:24.447000,1.34057,1.34044,2100000,5400000
2023-02-15 13:30:24.549000,1.34062,1.3405,3600000,1200000
2023-02-15 13:30:24.600000,1.34064,1.34049,1200000,5400000
2023-02-15 13:30:24.651000,1.34064,1.34052,3600000,3600000
2023-02-15 13:30:24.754000,1.34069,1.34056,1800000,3600000
2023-02-15 13:30:24.856000,1.34069,1.34055,3600000,3600000
2023-02-15 13:30:24.957000,1.34071,1.34056,3600000,3600000
2023-02-15 13:30:25.059000,1.3407,1.34055,3600000,3600000
2023-02-15 13:30:25.111000,1.34049,1.34045,3600000,1200000
2023-02-15 13:30:25.162000,1.34049,1.34037,1200000,3600000
2023-02-15 13:30:25.213000,1.34048,1.34039,3600000,3600000
2023-02-15 13:30:25.265000,1.34049,1.34037,3600000,1200000
2023-02-15 13:30:25.316000,1.34048,1.34034,3600000,3600000
2023-02-15 13:30:25.418000,1.34046,1.34032,1800000,3600000
2023-02-15 13:30:25.520000,1.34047,1.34033,3600000,3600000
2023-02-15 13:30:25.622000,1.34049,1.34035,4500000,3600000
2023-02-15 13:30:25.724000,1.34049,1.34037,3600000,1080000
2023-02-15 13:30:25.826000,1.34051,1.34034,3600000,4050000
2023-02-15 13:30:26.080000,1.34048,1.34035,1990000,3600000
2023-02-15 13:30:26.183000,1.34045,1.34031,1800000,3600000
2023-02-15 13:30:26.234000,1.34046,1.34032,3600000,3600000
2023-02-15 13:30:26.336000,1.34047,1.34034,1200000,3600000
2023-02-15 13:30:26.438000,1.3404,1.34032,1200000,3600000
2023-02-15 13:30:26.845000,1.34039,1.34032,1200000,3600000
2023-02-15 13:30:26.997000,1.3404,1.34032,1200000,3600000
2023-02-15 13:30:27.150000,1.3404,1.3403,1800000,1200000
2023-02-15 13:30:27.202000,1.34037,1.34027,1200000,5850000
2023-02-15 13:30:27.304000,1.34038,1.34027,1200000,2250000
2023-02-15 13:30:27.406000,1.34035,1.34027,1200000,1800000
2023-02-15 13:30:27.508000,1.34034,1.34022,1200000,3600000
2023-02-15 13:30:27.559000,1.34031,1.34021,3600000,1200000
2023-02-15 13:30:27.611000,1.3403,1.34017,1200000,3300000
2023-02-15 13:30:27.713000,1.34027,1.34014,4500000,3600000
2023-02-15 13:30:27.764000,1.34025,1.34013,3600000,3600000
2023-02-15 13:30:27.867000,1.34021,1.34012,3600000,1200000
2023-02-15 13:30:27.918000,1.34025,1.34012,4500000,1800000
2023-02-15 13:30:27.969000,1.34024,1.34014,3600000,3600000
2023-02-15 13:30:28.072000,1.34021,1.34009,1200000,1200000
2023-02-15 13:30:28.123000,1.34021,1.34005,3600000,3600000
2023-02-15 13:30:28.225000,1.34025,1.3401,5400000,3600000
2023-02-15 13:30:28.327000,1.34022,1.34008,3600000,5850000
2023-02-15 13:30:28.430000,1.34026,1.34014,3600000,3600000
2023-02-15 13:30:28.532000,1.34021,1.34007,3600000,3600000
2023-02-15 13:30:28.634000,1.34021,1.34006,3600000,3600000
2023-02-15 13:30:28.736000,1.3402,1.34006,3600000,3600000
2023-02-15 13:30:28.838000,1.34021,1.34007,3600000,3600000
2023-02-15 13:30:28.889000,1.34023,1.3401,1200000,3600000
2023-02-15 13:30:28.991000,1.34024,1.3401,6300000,3600000
2023-02-15 13:30:29.093000,1.34022,1.34012,1200000,4050000
2023-02-15 13:30:29.145000,1.34026,1.34014,1800000,3600000
2023-02-15 13:30:29.247000,1.34029,1.34018,4500000,2700000
2023-02-15 13:30:29.349000,1.34041,1.34031,3600000,3600000
2023-02-15 13:30:29.451000,1.34048,1.34034,4720000,3600000
2023-02-15 13:30:29.502000,1.34044,1.34033,3600000,3600000
2023-02-15 13:30:29.605000,1.34044,1.34036,3600000,3600000
2023-02-15 13:30:29.656000,1.34044,1.34032,3600000,3600000
2023-02-15 13:30:29.809000,1.34043,1.34032,1200000,3600000
2023-02-15 13:30:29.860000,1.34041,1.34032,3600000,3600000
2023-02-15 13:30:29.912000,1.34046,1.34032,3470000,3600000
2023-02-15 13:30:30.014000,1.34039,1.3403,1200000,1200000
2023-02-15 13:30:30.065000,1.3404,1.34025,3720000,3600000
2023-02-15 13:30:30.117000,1.34034,1.34023,3600000,1200000
2023-02-15 13:30:30.168000,1.34036,1.34022,4140000,3600000
2023-02-15 13:30:30.270000,1.34034,1.34022,3600000,3600000
2023-02-15 13:30:30.372000,1.34036,1.34022,3600000,3600000
2023-02-15 13:30:30.475000,1.34035,1.34022,1440000,3600000
2023-02-15 13:30:30.526000,1.3402,1.34018,1200000,4500000
2023-02-15 13:30:30.578000,1.3402,1.34012,1200000,4050000
2023-02-15 13:30:30.629000,1.34026,1.34011,1200000,4950000
2023-02-15 13:30:30.731000,1.34024,1.34013,3600000,1200000
2023-02-15 13:30:30.783000,1.34026,1.34018,4090000,3600000
2023-02-15 13:30:30.885000,1.34022,1.34017,1200000,3600000
2023-02-15 13:30:30.988000,1.34031,1.34026,1200000,1350000
2023-02-15 13:30:31.090000,1.34028,1.34022,3600000,3600000
2023-02-15 13:30:31.192000,1.34026,1.34017,3600000,1200000
2023-02-15 13:30:31.243000,1.34022,1.3401,3600000,3600000
2023-02-15 13:30:31.295000,1.34019,1.34009,1200000,4500000
2023-02-15 13:30:31.397000,1.34017,1.34008,1200000,3600000
2023-02-15 13:30:31.499000,1.34016,1.34007,1200000,3600000
2023-02-15 13:30:31.550000,1.34016,1.34005,1200000,3600000
2023-02-15 13:30:31.652000,1.34017,1.34005,1200000,3600000
2023-02-15 13:30:31.704000,1.34016,1.34009,1200000,1440000
2023-02-15 13:30:31.755000,1.34021,1.34012,1200000,3600000
2023-02-15 13:30:31.806000,1.34021,1.34014,1200000,3600000
2023-02-15 13:30:31.908000,1.34019,1.34014,1200000,3600000
2023-02-15 13:30:32.011000,1.34019,1.34013,1200000,3600000
2023-02-15 13:30:32.062000,1.34029,1.34021,1200000,1200000
2023-02-15 13:30:32.164000,1.34025,1.34015,1200000,3600000
2023-02-15 13:30:32.215000,1.34025,1.34014,1600000,3600000
2023-02-15 13:30:32.318000,1.34019,1.34012,1200000,1200000
2023-02-15 13:30:32.369000,1.34017,1.34007,1200000,3600000
2023-02-15 13:30:32.420000,1.34018,1.34014,1200000,3600000
2023-02-15 13:30:32.471000,1.34019,1.3401,4500000,1200000
2023-02-15 13:30:32.574000,1.34014,1.34004,1200000,4140000
2023-02-15 13:30:32.625000,1.34015,1.34005,1200000,3600000
2023-02-15 13:30:32.727000,1.34015,1.34005,1200000,4140000
2023-02-15 13:30:32.829000,1.34017,1.34012,1200000,4050000
2023-02-15 13:30:32.880000,1.34022,1.34013,1200000,4500000
2023-02-15 13:30:32.982000,1.34021,1.34013,1200000,3600000
2023-02-15 13:30:33.085000,1.34021,1.34012,1200000,3600000
2023-02-15 13:30:33.187000,1.34022,1.34012,4500000,4500000
2023-02-15 13:30:33.289000,1.34018,1.34007,1200000,1800000
2023-02-15 13:30:33.391000,1.34018,1.3401,1200000,4500000
2023-02-15 13:30:33.493000,1.34012,1.34003,1200000,3600000
2023-02-15 13:30:33.545000,1.34005,1.34002,3300000,1260000
2023-02-15 13:30:33.596000,1.34006,1.33994,1200000,3600000
2023-02-15 13:30:33.704000,1.34006,1.33995,3600000,4500000
2023-02-15 13:30:33.807000,1.34007,1.33994,4500000,4500000
2023-02-15 13:30:33.858000,1.33998,1.3399,4500000,1720000
2023-02-15 13:30:33.960000,1.33997,1.33989,3600000,1100000
2023-02-15 13:30:34.062000,1.33995,1.33985,3600000,1200000
2023-02-15 13:30:34.113000,1.3399,1.33985,3600000,1200000
2023-02-15 13:30:34.165000,1.33992,1.33979,1200000,3600000
2023-02-15 13:30:34.267000,1.33989,1.33977,3600000,1200000
2023-02-15 13:30:34.368000,1.3399,1.33977,3600000,1200000
2023-02-15 13:30:34.471000,1.33987,1.33977,3600000,1200000
2023-02-15 13:30:34.573000,1.33981,1.33973,3600000,1200000
2023-02-15 13:30:34.675000,1.33979,1.33972,3600000,1200000
2023-02-15 13:30:34.777000,1.33974,1.33968,3600000,1200000
2023-02-15 13:30:34.878000,1.3397,1.33959,1200000,4500000
2023-02-15 13:30:34.981000,1.33958,1.3395,4500000,1600000
2023-02-15 13:30:35.083000,1.33953,1.33941,3600000,1200000
2023-02-15 13:30:35.185000,1.33953,1.33944,3600000,1200000
2023-02-15 13:30:35.287000,1.34019,1.33987,1200000,1620000
2023-02-15 13:30:35.338000,1.34019,1.33996,1200000,2220000
2023-02-15 13:30:35.441000,1.34015,1.33997,1200000,1350000
2023-02-15 13:30:35.492000,1.33994,1.3398,1200000,1100000
2023-02-15 13:30:35.594000,1.34014,1.3399,5400000,3600000
2023-02-15 13:30:35.646000,1.34007,1.33988,3600000,1200000
2023-02-15 13:30:35.697000,1.34002,1.33982,3600000,1800000
2023-02-15 13:30:35.748000,1.33995,1.33981,1200000,1800000
2023-02-15 13:30:35.800000,1.33995,1.33971,1200000,4950000
2023-02-15 13:30:35.901000,1.33996,1.33971,4500000,4500000
2023-02-15 13:30:36.003000,1.33995,1.33971,3600000,3600000
2023-02-15 13:30:36.105000,1.33995,1.3397,4500000,3600000
2023-02-15 13:30:36.157000,1.33989,1.33969,3600000,1200000
2023-02-15 13:30:36.208000,1.33991,1.33968,3600000,1200000
2023-02-15 13:30:36.259000,1.33986,1.33968,1200000,1200000
2023-02-15 13:30:36.310000,1.33975,1.33962,1200000,3600000
2023-02-15 13:30:36.362000,1.33968,1.33962,3600000,3600000
2023-02-15 13:30:36.413000,1.33968,1.33956,3600000,1300000
2023-02-15 13:30:36.464000,1.33969,1.33956,3600000,1200000
2023-02-15 13:30:36.516000,1.3397,1.3396,3600000,2250000
2023-02-15 13:30:36.618000,1.33969,1.33955,4500000,1350000
2023-02-15 13:30:36.669000,1.33969,1.33958,1200000,1420000
2023-02-15 13:30:36.771000,1.33976,1.33968,1200000,3600000
2023-02-15 13:30:36.822000,1.33983,1.33969,1200000,4950000
2023-02-15 13:30:36.925000,1.33984,1.33969,4500000,4420000
2023-02-15 13:30:36.976000,1.33983,1.33968,3600000,6670000
2023-02-15 13:30:37.078000,1.33982,1.33968,3600000,4050000
2023-02-15 13:30:37.180000,1.33986,1.33982,1200000,1200000
2023-02-15 13:30:37.231000,1.33992,1.33982,1200000,1200000
2023-02-15 13:30:37.283000,1.33994,1.33979,4500000,4500000
2023-02-15 13:30:37.334000,1.33989,1.33979,3600000,1200000
2023-02-15 13:30:37.385000,1.33989,1.33977,3600000,2340000
2023-02-15 13:30:37.437000,1.33991,1.33982,1600000,5290000
2023-02-15 13:30:37.488000,1.33999,1.33986,3600000,1200000
2023-02-15 13:30:37.539000,1.33999,1.33988,3600000,3600000
2023-02-15 13:30:37.642000,1.33999,1.33986,1800000,1200000
2023-02-15 13:30:37.693000,1.3399,1.33975,3600000,5850000
2023-02-15 13:30:37.744000,1.33992,1.33978,1200000,3600000
2023-02-15 13:30:37.846000,1.33983,1.33967,3600000,4600000
2023-02-15 13:30:37.898000,1.33983,1.33967,5620000,4540000
2023-02-15 13:30:37.949000,1.33977,1.33967,3600000,1260000
2023-02-15 13:30:38,1.33976,1.33963,3600000,1800000
2023-02-15 13:30:38.102000,1.33977,1.33963,3600000,2250000
2023-02-15 13:30:38.306000,1.33985,1.3398,1200000,4500000
2023-02-15 13:30:38.357000,1.33991,1.33981,3600000,1200000
2023-02-15 13:30:38.408000,1.33994,1.3398,3600000,1800000
2023-02-15 13:30:38.510000,1.33994,1.33981,3600000,1200000
2023-02-15 13:30:38.613000,1.33993,1.33977,3600000,3600000
2023-02-15 13:30:38.715000,1.33994,1.33978,3600000,4950000
2023-02-15 13:30:38.766000,1.33992,1.33978,3600000,1420000
2023-02-15 13:30:38.868000,1.34001,1.33993,7650000,1200000
2023-02-15 13:30:38.919000,1.34018,1.34004,4050000,2470000
2023-02-15 13:30:39.021000,1.3402,1.34005,3600000,4720000
2023-02-15 13:30:39.123000,1.34019,1.34004,1200000,4050000
2023-02-15 13:30:39.326000,1.3402,1.34005,4500000,3600000
2023-02-15 13:30:39.428000,1.3402,1.34006,1200000,3600000
2023-02-15 13:30:39.530000,1.34006,1.34002,3600000,1800000
2023-02-15 13:30:39.633000,1.33998,1.33984,4950000,1200000
2023-02-15 13:30:39.684000,1.3399,1.33985,3600000,1200000
2023-02-15 13:30:39.735000,1.33991,1.33983,1200000,3600000
2023-02-15 13:30:39.786000,1.33991,1.3398,1200000,1800000
2023-02-15 13:30:39.838000,1.33994,1.3398,1200000,3600000
2023-02-15 13:30:39.889000,1.33997,1.3398,4500000,3600000
2023-02-15 13:30:40.092000,1.33986,1.33981,3600000,1200000
2023-02-15 13:30:40.144000,1.33988,1.33975,3600000,2700000
2023-02-15 13:30:40.246000,1.33989,1.33971,3600000,3600000
2023-02-15 13:30:40.348000,1.33987,1.33972,3600000,3600000
2023-02-15 13:30:40.450000,1.33985,1.3397,3600000,3600000
2023-02-15 13:30:40.552000,1.33983,1.3397,3600000,4500000
2023-02-15 13:30:40.654000,1.33972,1.33967,1320000,1200000
2023-02-15 13:30:40.756000,1.3397,1.3396,3600000,4500000
2023-02-15 13:30:40.858000,1.33971,1.33956,3600000,1300000
2023-02-15 13:30:40.910000,1.33975,1.33968,2920000,3600000
2023-02-15 13:30:41.012000,1.33972,1.33968,1200000,2700000
2023-02-15 13:30:41.063000,1.33972,1.33963,1200000,3600000
2023-02-15 13:30:41.165000,1.33973,1.33962,1200000,3600000
2023-02-15 13:30:41.216000,1.33977,1.33964,3600000,3600000
2023-02-15 13:30:41.318000,1.33976,1.33964,3600000,3600000
2023-02-15 13:30:41.420000,1.33978,1.33967,3600000,4050000
2023-02-15 13:30:41.472000,1.3398,1.33967,1200000,1350000
2023-02-15 13:30:41.523000,1.34007,1.33999,1200000,4500000
2023-02-15 13:30:41.625000,1.34008,1.33993,4050000,3300000
2023-02-15 13:30:41.677000,1.33997,1.33991,1200000,3600000
2023-02-15 13:30:41.728000,1.34005,1.3399,3600000,3600000
2023-02-15 13:30:41.779000,1.34,1.33988,4050000,1800000
2023-02-15 13:30:41.882000,1.33992,1.3398,1200000,1200000
2023-02-15 13:30:41.933000,1.33992,1.33977,3600000,4500000
2023-02-15 13:30:41.984000,1.33996,1.33978,4500000,1200000
2023-02-15 13:30:42.035000,1.33999,1.3399,1200000,3600000
2023-02-15 13:30:42.137000,1.34004,1.33989,4810000,3600000
2023-02-15 13:30:42.189000,1.33992,1.33986,1200000,1200000
2023-02-15 13:30:42.240000,1.33988,1.33976,3600000,1200000
2023-02-15 13:30:42.342000,1.33991,1.33975,4500000,1200000
2023-02-15 13:30:42.394000,1.33988,1.33976,1200000,1200000
2023-02-15 13:30:42.445000,1.33988,1.33974,4500000,1200000
2023-02-15 13:30:42.496000,1.33984,1.33974,3600000,1120000
2023-02-15 13:30:42.547000,1.33984,1.33971,3600000,1300000
2023-02-15 13:30:42.649000,1.33983,1.3397,4500000,3600000
2023-02-15 13:30:42.752000,1.33985,1.33971,4500000,3600000
2023-02-15 13:30:42.853000,1.33985,1.33969,1200000,3820000
2023-02-15 13:30:42.905000,1.33982,1.33967,3600000,4800000
2023-02-15 13:30:43.007000,1.33984,1.33971,3600000,3600000
2023-02-15 13:30:43.109000,1.33984,1.33973,3600000,1300000
2023-02-15 13:30:43.160000,1.33987,1.33975,4500000,4500000
2023-02-15 13:30:43.211000,1.33987,1.33976,1200000,3600000
2023-02-15 13:30:43.262000,1.33986,1.33975,1200000,3600000
2023-02-15 13:30:43.314000,1.33986,1.33977,3600000,3600000
2023-02-15 13:30:43.365000,1.33988,1.33972,1200000,4500000
2023-02-15 13:30:43.467000,1.33989,1.33973,1200000,4500000
2023-02-15 13:30:43.518000,1.33988,1.33977,3600000,3600000
2023-02-15 13:30:43.570000,1.33987,1.33973,3600000,3600000
2023-02-15 13:30:43.621000,1.33985,1.33972,1200000,1800000
2023-02-15 13:30:43.724000,1.33986,1.33976,5400000,4050000
2023-02-15 13:30:43.826000,1.33987,1.33977,3600000,1200000
2023-02-15 13:30:43.928000,1.33985,1.33972,3600000,3600000
2023-02-15 13:30:43.979000,1.33985,1.33969,3600000,4500000
2023-02-15 13:30:44.084000,1.33987,1.33969,1300000,3600000
2023-02-15 13:30:44.239000,1.33988,1.3397,3600000,3600000
2023-02-15 13:30:44.290000,1.33989,1.33974,1200000,3600000
2023-02-15 13:30:44.341000,1.33993,1.33975,1300000,3600000
2023-02-15 13:30:44.392000,1.33993,1.33973,2550000,1200000
2023-02-15 13:30:44.494000,1.33994,1.33973,2550000,3600000
2023-02-15 13:30:44.546000,1.33994,1.33976,2550000,3600000
2023-02-15 13:30:44.597000,1.33995,1.33976,2920000,3600000
2023-02-15 13:30:44.699000,1.33995,1.3398,1120000,3600000
2023-02-15 13:30:44.750000,1.33995,1.33976,1120000,3600000
2023-02-15 13:30:44.801000,1.33994,1.33975,1300000,3600000
2023-02-15 13:30:44.903000,1.33994,1.33975,1300000,3600000
2023-02-15 13:30:45.005000,1.33995,1.33976,1800000,3600000
2023-02-15 13:30:45.057000,1.33996,1.33975,1300000,3600000
2023-02-15 13:30:45.209000,1.33992,1.33973,1200000,1200000
2023-02-15 13:30:45.311000,1.3399,1.33973,1200000,1800000
2023-02-15 13:30:45.413000,1.33989,1.33975,1200000,3600000
2023-02-15 13:30:45.464000,1.33989,1.33972,1200000,3600000
2023-02-15 13:30:45.515000,1.33988,1.3397,1200000,2700000
2023-02-15 13:30:45.617000,1.33988,1.33971,1200000,2700000
2023-02-15 13:30:45.719000,1.33989,1.33972,1200000,1800000
2023-02-15 13:30:45.771000,1.33989,1.33974,1200000,3600000
2023-02-15 13:30:45.822000,1.33989,1.33971,1200000,1800000
2023-02-15 13:30:45.873000,1.33989,1.33974,1200000,3600000
2023-02-15 13:30:45.924000,1.33989,1.33971,1200000,2700000
2023-02-15 13:30:46.026000,1.33988,1.33973,1200000,3600000
2023-02-15 13:30:46.129000,1.33984,1.33972,1200000,3600000
2023-02-15 13:30:46.180000,1.33984,1.33969,1200000,3600000
2023-02-15 13:30:46.231000,1.33981,1.33968,1200000,4500000
2023-02-15 13:30:46.333000,1.33949,1.33933,1800000,1800000
2023-02-15 13:30:46.385000,1.33949,1.33936,4500000,1800000
2023-02-15 13:30:46.487000,1.33947,1.33937,4500000,1200000
2023-02-15 13:30:46.538000,1.33947,1.33941,1200000,3600000
2023-02-15 13:30:46.641000,1.3395,1.33939,1200000,3300000
2023-02-15 13:30:46.692000,1.3395,1.33938,4500000,3600000
2023-02-15 13:30:46.743000,1.33949,1.33935,1300000,1200000
2023-02-15 13:30:46.845000,1.33948,1.33934,1600000,3600000
2023-02-15 13:30:46.897000,1.33948,1.33937,1200000,3600000
2023-02-15 13:30:46.999000,1.33948,1.33934,1200000,3600000
2023-02-15 13:30:47.050000,1.33945,1.33934,1200000,3600000
2023-02-15 13:30:47.152000,1.33951,1.3394,1300000,1200000
2023-02-15 13:30:47.255000,1.33952,1.33941,1200000,3600000
2023-02-15 13:30:47.357000,1.33954,1.3394,1300000,1200000
2023-02-15 13:30:47.408000,1.33954,1.3394,4500000,1200000
2023-02-15 13:30:47.459000,1.33951,1.3394,1300000,1200000
2023-02-15 13:30:47.561000,1.33953,1.33942,2550000,3600000
2023-02-15 13:30:47.612000,1.33953,1.33936,6300000,4500000
2023-02-15 13:30:47.664000,1.33953,1.3394,3600000,1200000
2023-02-15 13:30:47.766000,1.33973,1.33963,4050000,3600000
2023-02-15 13:30:47.868000,1.33974,1.33957,2510000,3600000
2023-02-15 13:30:47.919000,1.33974,1.33965,1570000,3600000
2023-02-15 13:30:47.971000,1.33979,1.33965,1570000,3600000
2023-02-15 13:30:48.022000,1.33977,1.33965,1300000,3600000
2023-02-15 13:30:48.073000,1.3398,1.33963,1800000,3600000
2023-02-15 13:30:48.125000,1.33978,1.33966,2520000,3600000
2023-02-15 13:30:48.227000,1.33979,1.33965,3730000,3600000
2023-02-15 13:30:48.329000,1.33977,1.33967,1200000,3600000
2023-02-15 13:30:48.380000,1.33981,1.33969,2250000,3600000
2023-02-15 13:30:48.431000,1.33982,1.33971,1800000,3600000
2023-02-15 13:30:48.483000,1.33982,1.33965,3600000,3600000
2023-02-15 13:30:48.534000,1.33982,1.33968,2920000,3600000
2023-02-15 13:30:48.585000,1.33979,1.33963,1200000,3600000
2023-02-15 13:30:48.636000,1.33979,1.33966,1200000,3600000
2023-02-15 13:30:48.739000,1.33971,1.3396,1120000,4500000
2023-02-15 13:30:48.841000,1.3397,1.33957,2700000,3600000
2023-02-15 13:30:48.943000,1.33971,1.33956,1200000,3600000
2023-02-15 13:30:48.994000,1.33971,1.33959,1200000,3600000
2023-02-15 13:30:49.096000,1.33971,1.33952,1200000,3600000
2023-02-15 13:30:49.147000,1.33971,1.33958,1120000,3600000
2023-02-15 13:30:49.249000,1.3397,1.33958,1800000,3600000
2023-02-15 13:30:49.351000,1.33972,1.33956,4500000,3600000
2023-02-15 13:30:49.402000,1.33973,1.33958,3220000,3600000
2023-02-15 13:30:49.453000,1.33971,1.33956,3600000,3600000
2023-02-15 13:30:49.505000,1.33973,1.33956,1350000,3600000
2023-02-15 13:30:49.556000,1.33969,1.33955,3600000,1800000
2023-02-15 13:30:49.608000,1.3397,1.33952,1200000,3600000
2023-02-15 13:30:49.659000,1.3397,1.33953,7200000,3600000
2023-02-15 13:30:49.761000,1.33968,1.33954,1800000,3600000
