time,ask,bid,ask_volume,bid_volume
2020-02-12 15:25:01.429000,1.10043,1.10041,1000000,7820000
2020-02-12 15:25:01.689000,1.10043,1.10042,1000000,7070000
2020-02-12 15:25:02.611000,1.10044,1.10042,10180000,7070000
2020-02-12 15:25:02.712000,1.10043,1.10042,7930000,7070000
2020-02-12 15:25:02.911000,1.10043,1.10041,7930000,8570000
2020-02-12 15:25:03.059000,1.10042,1.10041,1000000,7070000
2020-02-12 15:25:05.511000,1.10043,1.10041,9430000,7070000
2020-02-12 15:25:06.059000,1.10042,1.10041,1000000,7820000
2020-02-12 15:25:06.269000,1.10043,1.10042,1500000,7070000
2020-02-12 15:25:07.277000,1.10042,1.10041,1000000,7820000
2020-02-12 15:25:07.621000,1.10041,1.1004,1000000,7820000
2020-02-12 15:25:07.817000,1.10041,1.1004,8680000,7070000
2020-02-12 15:25:07.941000,1.10042,1.10041,7930000,1000000
2020-02-12 15:25:08.082000,1.10042,1.10041,7930000,7820000
2020-02-12 15:25:08.310000,1.10043,1.10041,9430000,7070000
2020-02-12 15:25:08.431000,1.10042,1.10041,1000000,7070000
2020-02-12 15:25:08.643000,1.10041,1.1004,7930000,7820000
2020-02-12 15:25:08.841000,1.10042,1.1004,8680000,7820000
2020-02-12 15:25:09.101000,1.10042,1.10041,8680000,1000000
2020-02-12 15:25:09.309000,1.10042,1.1004,8680000,8570000
2020-02-12 15:25:09.836000,1.10041,1.1004,7930000,7070000
2020-02-12 15:25:12.576000,1.10042,1.10041,7930000,1000000
2020-02-12 15:25:12.676000,1.10043,1.10041,9430000,7820000
2020-02-12 15:25:13.363000,1.10043,1.10042,1500000,7070000
2020-02-12 15:25:13.649000,1.10043,1.10041,8680000,7820000
2020-02-12 15:25:13.810000,1.10043,1.10042,8680000,7070000
2020-02-12 15:25:15.574000,1.10043,1.10041,8680000,8570000
2020-02-12 15:25:15.701000,1.10043,1.10042,8680000,7070000
2020-02-12 15:25:16.543000,1.10042,1.10041,7930000,8570000
2020-02-12 15:25:16.659000,1.10043,1.10041,8680000,8570000
2020-02-12 15:25:17.716000,1.10043,1.10042,8680000,7070000
2020-02-12 15:25:18.244000,1.10044,1.10043,9430000,7070000
2020-02-12 15:25:18.816000,1.10044,1.10042,9430000,7820000
2020-02-12 15:25:20.248000,1.10043,1.10041,1000000,7820000
2020-02-12 15:25:20.372000,1.10043,1.10041,1000000,1500000
2020-02-12 15:25:20.533000,1.10043,1.10042,8680000,7070000
2020-02-12 15:25:21.130000,1.10042,1.10041,1000000,7820000
2020-02-12 15:25:21.181000,1.1004,1.10039,1000000,1000000
2020-02-12 15:25:21.281000,1.10038,1.10037,1000000,1000000
2020-02-12 15:25:21.699000,1.10039,1.10038,1500000,7070000
2020-02-12 15:25:22.563000,1.10038,1.10037,1000000,7820000
2020-02-12 15:25:24.563000,1.10039,1.10037,9430000,7820000
2020-02-12 15:25:25.911000,1.10038,1.10037,1000000,7820000
2020-02-12 15:25:26.012000,1.10039,1.10037,8680000,8570000
2020-02-12 15:25:26.193000,1.10039,1.10038,1000000,7070000
2020-02-12 15:25:26.576000,1.10041,1.1004,7930000,1000000
2020-02-12 15:25:26.804000,1.10042,1.1004,1500000,7820000
2020-02-12 15:25:27.182000,1.10043,1.10041,7930000,1500000
2020-02-12 15:25:27.283000,1.10043,1.10042,7930000,1000000
2020-02-12 15:25:27.514000,1.10044,1.10042,10180000,7820000
2020-02-12 15:25:27.692000,1.10043,1.10042,7930000,7820000
2020-02-12 15:25:28.053000,1.10044,1.10043,1500000,7070000
2020-02-12 15:25:28.315000,1.10044,1.10042,9430000,7820000
2020-02-12 15:25:28.641000,1.10043,1.10042,1000000,7070000
2020-02-12 15:25:31.071000,1.10044,1.10042,9430000,7820000
2020-02-12 15:25:31.338000,1.10044,1.10043,1000000,7070000
2020-02-12 15:25:32.413000,1.10044,1.10042,9430000,7820000
2020-02-12 15:25:34.544000,1.10044,1.10043,1500000,7070000
2020-02-12 15:25:35.253000,1.10044,1.10042,9430000,7070000
2020-02-12 15:25:35.925000,1.10043,1.10042,1000000,7070000
2020-02-12 15:25:37.146000,1.10043,1.10041,8680000,8570000
2020-02-12 15:25:38.215000,1.10043,1.10042,8680000,7070000
2020-02-12 15:25:38.520000,1.10043,1.10041,1000000,1500000
2020-02-12 15:25:38.669000,1.10043,1.10042,1000000,7070000
2020-02-12 15:25:38.781000,1.10044,1.10042,9430000,7070000
2020-02-12 15:25:38.987000,1.10044,1.10043,8680000,1000000
2020-02-12 15:25:39.185000,1.10045,1.10043,10180000,8570000
2020-02-12 15:25:40.555000,1.10045,1.10044,9430000,7070000
2020-02-12 15:25:41.207000,1.10045,1.10043,1000000,7820000
2020-02-12 15:25:41.511000,1.10045,1.10044,1000000,7070000
2020-02-12 15:25:43.188000,1.10045,1.10043,1500000,1000000
2020-02-12 15:25:43.504000,1.10045,1.10044,1500000,7070000
2020-02-12 15:25:45.456000,1.10045,1.10043,9430000,7820000
2020-02-12 15:25:47.123000,1.10045,1.10044,8680000,7070000
2020-02-12 15:25:47.532000,1.10045,1.10043,8680000,7820000
2020-02-12 15:25:48.649000,1.10045,1.10044,1000000,7070000
2020-02-12 15:25:52.489000,1.10044,1.10043,1000000,7820000
2020-02-12 15:25:52.642000,1.10044,1.10042,9430000,7070000
2020-02-12 15:25:53.028000,1.10043,1.10042,8680000,1000000
2020-02-12 15:25:58.887000,1.10044,1.10042,9430000,8570000
2020-02-12 15:25:58.993000,1.10043,1.10042,1000000,8570000
2020-02-12 15:25:59.094000,1.10044,1.10043,9430000,7070000
2020-02-12 15:26:00.924000,1.10045,1.10043,9430000,8570000
2020-02-12 15:26:01.052000,1.10045,1.10044,9430000,7070000
2020-02-12 15:26:03.249000,1.10046,1.10044,9430000,7070000
2020-02-12 15:26:03.438000,1.10045,1.10044,1500000,7070000
2020-02-12 15:26:04.448000,1.10045,1.10043,1500000,8570000
2020-02-12 15:26:05.058000,1.10045,1.10044,8680000,7070000
2020-02-12 15:26:05.845000,1.10045,1.10043,8680000,7820000
2020-02-12 15:26:06.138000,1.10045,1.10044,8680000,7070000
2020-02-12 15:26:07.333000,1.10047,1.10046,7930000,1000000
2020-02-12 15:26:07.516000,1.10049,1.10048,9430000,7070000
2020-02-12 15:26:09.405000,1.1005,1.10048,9430000,7070000
2020-02-12 15:26:10.157000,1.1005,1.10049,9430000,7070000
2020-02-12 15:26:11.061000,1.1005,1.10048,1500000,8570000
2020-02-12 15:26:11.226000,1.1005,1.10049,9430000,7070000
2020-02-12 15:26:12.365000,1.10051,1.10049,1500000,7070000
2020-02-12 15:26:12.511000,1.1005,1.10049,1500000,7070000
2020-02-12 15:26:14.527000,1.10051,1.10049,9430000,7070000
2020-02-12 15:26:14.857000,1.1005,1.10049,1500000,7070000
2020-02-12 15:26:17.335000,1.1005,1.10048,9430000,8570000
2020-02-12 15:26:17.672000,1.10049,1.10048,1000000,7070000
2020-02-12 15:26:17.817000,1.10047,1.10046,1000000,7070000
2020-02-12 15:26:17.998000,1.10047,1.10045,10180000,8570000
2020-02-12 15:26:18.464000,1.10046,1.10045,1000000,7820000
2020-02-12 15:26:19.202000,1.10047,1.10045,10180000,7070000
2020-02-12 15:26:19.617000,1.10047,1.10046,10180000,7070000
2020-02-12 15:26:19.803000,1.10048,1.10046,10180000,7820000
2020-02-12 15:26:19.947000,1.10047,1.10046,7930000,7820000
2020-02-12 15:26:20.353000,1.10046,1.10045,1000000,7820000
2020-02-12 15:26:20.665000,1.10047,1.10045,10180000,1500000
2020-02-12 15:26:20.795000,1.10046,1.10045,7930000,8570000
2020-02-12 15:26:21.015000,1.10047,1.10045,2250000,8570000
2020-02-12 15:26:21.790000,1.10047,1.10046,10180000,7070000
2020-02-12 15:26:21.976000,1.10047,1.10045,10180000,8570000
2020-02-12 15:26:23.108000,1.10046,1.10044,1000000,7820000
2020-02-12 15:26:23.254000,1.10047,1.10045,10180000,7820000
2020-02-12 15:26:23.355000,1.10047,1.10046,8680000,1500000
2020-02-12 15:26:23.842000,1.10048,1.10046,9430000,8570000
2020-02-12 15:26:24.764000,1.10048,1.10047,7930000,1500000
2020-02-12 15:26:25.095000,1.10049,1.10047,9430000,8570000
2020-02-12 15:26:25.518000,1.10048,1.10046,1000000,7820000
2020-02-12 15:26:25.705000,1.10048,1.10047,1500000,7070000
2020-02-12 15:26:25.840000,1.10047,1.10046,7930000,7820000
2020-02-12 15:26:26.339000,1.10047,1.10045,8680000,7820000
2020-02-12 15:26:28.322000,1.10047,1.10046,9430000,7070000
2020-02-12 15:26:28.724000,1.10048,1.10046,8680000,8570000
2020-02-12 15:26:29.246000,1.10047,1.10046,1000000,7820000
2020-02-12 15:26:29.347000,1.10048,1.10046,10180000,7070000
2020-02-12 15:26:29.484000,1.10047,1.10046,10180000,7070000
2020-02-12 15:26:29.716000,1.10047,1.10045,10180000,7820000
2020-02-12 15:26:29.949000,1.10046,1.10045,1000000,7820000
2020-02-12 15:26:32.146000,1.10046,1.10044,1000000,7820000
2020-02-12 15:26:32.397000,1.10045,1.10044,1000000,7820000
2020-02-12 15:26:32.575000,1.10046,1.10044,9430000,7070000
2020-02-12 15:26:32.817000,1.10045,1.10044,1000000,7820000
2020-02-12 15:26:33.767000,1.10046,1.10044,9430000,7820000
2020-02-12 15:26:33.879000,1.10046,1.10045,7930000,1500000
2020-02-12 15:26:33.980000,1.10047,1.10046,8680000,7070000
2020-02-12 15:26:36.197000,1.10046,1.10045,1000000,7070000
2020-02-12 15:26:36.298000,1.10047,1.10044,1500000,8570000
2020-02-12 15:26:36.460000,1.10046,1.10045,7930000,7070000
2020-02-12 15:26:36.576000,1.10047,1.10045,9430000,7070000
2020-02-12 15:26:37.552000,1.10047,1.10046,8680000,1000000
2020-02-12 15:26:37.905000,1.10047,1.10045,8680000,7070000
2020-02-12 15:26:38.066000,1.10046,1.10044,8680000,8570000
2020-02-12 15:26:39.179000,1.10045,1.10044,1000000,7070000
2020-02-12 15:26:39.280000,1.10045,1.10043,9430000,8570000
2020-02-12 15:26:39.487000,1.10045,1.10044,9430000,7070000
2020-02-12 15:26:47.744000,1.10045,1.10043,1000000,7820000
2020-02-12 15:26:48.659000,1.10044,1.10043,1000000,7820000
2020-02-12 15:26:48.852000,1.10045,1.10043,8680000,7820000
2020-02-12 15:26:49.278000,1.10045,1.10044,8680000,7070000
2020-02-12 15:26:49.596000,1.10045,1.10043,8680000,7820000
2020-02-12 15:26:50.364000,1.10044,1.10042,1000000,7820000
2020-02-12 15:26:50.583000,1.10043,1.10042,1000000,7070000
2020-02-12 15:26:51.936000,1.10044,1.10042,9430000,7070000
2020-02-12 15:26:52.068000,1.10045,1.10043,9430000,7820000
2020-02-12 15:26:52.534000,1.10045,1.10044,1500000,7070000
2020-02-12 15:26:52.918000,1.10045,1.10043,8680000,7820000
2020-02-12 15:26:53.666000,1.10045,1.10044,1000000,7070000
2020-02-12 15:26:54.062000,1.10045,1.10043,1000000,7820000
2020-02-12 15:26:56.541000,1.10046,1.10045,7930000,1000000
2020-02-12 15:26:56.736000,1.10047,1.10045,9430000,7070000
2020-02-12 15:26:56.894000,1.10047,1.10045,9430000,7070000
2020-02-12 15:26:56.995000,1.10046,1.10045,1000000,7070000
2020-02-12 15:26:57.136000,1.10045,1.10044,7930000,1000000
2020-02-12 15:26:57.308000,1.10046,1.10044,8680000,7820000
2020-02-12 15:26:58.077000,1.10045,1.10044,7930000,1000000
2020-02-12 15:26:58.319000,1.10046,1.10044,8680000,1000000
2020-02-12 15:26:58.527000,1.10045,1.10044,7930000,7820000
2020-02-12 15:26:58.757000,1.10044,1.10043,1000000,7070000
2020-02-12 15:26:59.031000,1.10044,1.10042,8680000,8570000
2020-02-12 15:26:59.551000,1.10044,1.10043,1000000,7070000
2020-02-12 15:26:59.878000,1.10045,1.10043,9430000,7070000
2020-02-12 15:27:00.076000,1.10044,1.10043,1000000,7070000
2020-02-12 15:27:00.201000,1.10043,1.10042,1000000,1000000
2020-02-12 15:27:00.352000,1.10041,1.1004,1000000,7070000
2020-02-12 15:27:00.408000,1.10041,1.10039,1000000,1000000
2020-02-12 15:27:01.132000,1.10041,1.1004,1000000,7070000
2020-02-12 15:27:01.966000,1.10041,1.10039,8680000,7820000
2020-02-12 15:27:02.069000,1.1004,1.10039,1000000,7070000
2020-02-12 15:27:02.332000,1.1004,1.10038,8680000,8570000
2020-02-12 15:27:02.382000,1.10041,1.10039,8680000,1000000
2020-02-12 15:27:02.589000,1.10041,1.1004,8680000,7820000
2020-02-12 15:27:03.587000,1.1004,1.10039,7930000,7070000
2020-02-12 15:27:03.832000,1.10041,1.10039,9430000,7070000
2020-02-12 15:27:05.373000,1.10041,1.10038,9430000,8570000
2020-02-12 15:27:07.664000,1.10041,1.10039,9430000,7070000
2020-02-12 15:27:08.609000,1.10041,1.10038,9430000,8570000
2020-02-12 15:27:09.007000,1.10041,1.10039,8680000,1000000
2020-02-12 15:27:09.116000,1.10041,1.1004,7930000,1500000
2020-02-12 15:27:09.217000,1.10043,1.10042,8680000,1000000
2020-02-12 15:27:09.991000,1.10042,1.10041,1000000,7820000
2020-02-12 15:27:10.107000,1.10043,1.10042,1000000,7070000
2020-02-12 15:27:11.488000,1.10044,1.10042,8680000,7070000
2020-02-12 15:27:11.719000,1.10043,1.10042,1000000,7820000
2020-02-12 15:27:12.045000,1.10044,1.10043,1000000,7070000
2020-02-12 15:27:14.291000,1.10043,1.10042,1000000,7820000
2020-02-12 15:27:14.460000,1.10044,1.10042,9430000,7820000
2020-02-12 15:27:15.599000,1.10044,1.10043,1000000,7070000
2020-02-12 15:27:16.738000,1.10045,1.10043,10180000,7820000
2020-02-12 15:27:17.220000,1.10045,1.10044,9430000,7070000
2020-02-12 15:27:17.407000,1.10044,1.10043,7930000,7820000
2020-02-12 15:27:17.723000,1.10045,1.10043,9430000,7820000
2020-02-12 15:27:18.712000,1.10045,1.10043,2250000,7070000
2020-02-12 15:27:18.806000,1.10044,1.10042,9430000,8570000
2020-02-12 15:27:18.967000,1.10044,1.10043,9430000,7070000
2020-02-12 15:27:20.922000,1.10045,1.10043,8680000,7820000
2020-02-12 15:27:21.581000,1.10046,1.10044,10180000,7070000
2020-02-12 15:27:21.725000,1.10045,1.10044,7930000,7070000
2020-02-12 15:27:22.138000,1.10046,1.10044,10180000,7070000
2020-02-12 15:27:22.294000,1.10045,1.10044,7930000,7070000
2020-02-12 15:27:22.490000,1.10046,1.10045,8680000,1500000
2020-02-12 15:27:22.675000,1.10046,1.10045,1000000,1500000
2020-02-12 15:27:23.757000,1.10047,1.10045,10180000,8570000
2020-02-12 15:27:24.010000,1.10046,1.10045,7930000,8570000
2020-02-12 15:27:24.338000,1.10047,1.10045,10180000,8570000
2020-02-12 15:27:24.787000,1.10046,1.10045,7930000,8570000
2020-02-12 15:27:25.989000,1.10047,1.10045,10180000,8570000
2020-02-12 15:27:27.231000,1.10046,1.10045,7930000,8570000
2020-02-12 15:27:28.079000,1.10047,1.10045,10180000,8570000
2020-02-12 15:27:28.673000,1.10047,1.10046,8680000,1000000
2020-02-12 15:27:29.343000,1.10047,1.10045,9430000,8570000
2020-02-12 15:27:30.902000,1.10046,1.10045,7930000,7820000
2020-02-12 15:27:31.264000,1.10047,1.10045,10180000,7820000
2020-02-12 15:27:31.974000,1.10046,1.10045,7930000,7820000
2020-02-12 15:27:36.597000,1.10047,1.10045,10180000,7820000
2020-02-12 15:27:36.988000,1.10047,1.10046,1000000,7070000
2020-02-12 15:27:37.739000,1.10047,1.10045,8680000,8570000
2020-02-12 15:27:39.166000,1.10047,1.10046,1000000,7070000
2020-02-12 15:27:40.179000,1.10048,1.10046,2250000,7070000
2020-02-12 15:27:41.129000,1.10047,1.10046,9430000,7070000
2020-02-12 15:27:41.594000,1.10047,1.10045,9430000,7820000
2020-02-12 15:27:42.871000,1.10047,1.10046,1500000,7070000
2020-02-12 15:27:47.609000,1.10048,1.10046,10180000,7070000
2020-02-12 15:27:48.949000,1.10047,1.10046,8680000,7070000
2020-02-12 15:27:49.593000,1.10048,1.10047,8680000,1000000
2020-02-12 15:27:49.720000,1.10047,1.10046,7930000,7070000
2020-02-12 15:27:49.770000,1.10049,1.10047,9430000,8070000
2020-02-12 15:27:53.770000,1.10048,1.10047,7930000,7070000
2020-02-12 15:27:54.055000,1.10049,1.10047,9430000,7070000
2020-02-12 15:27:54.227000,1.10048,1.10047,7930000,7070000
2020-02-12 15:27:54.491000,1.10048,1.10046,7930000,7820000
2020-02-12 15:27:54.592000,1.10049,1.10046,9430000,7820000
2020-02-12 15:27:55.877000,1.10048,1.10046,1000000,8570000
2020-02-12 15:27:56.059000,1.10046,1.10045,7930000,7820000
2020-02-12 15:27:56.309000,1.10047,1.10045,9430000,7820000
2020-02-12 15:27:56.483000,1.10046,1.10045,7930000,7820000
2020-02-12 15:27:57.027000,1.10047,1.10045,9430000,7820000
2020-02-12 15:27:57.267000,1.10046,1.10045,7930000,1000000
2020-02-12 15:27:59.155000,1.10047,1.10045,9430000,7820000
2020-02-12 15:28:00.772000,1.10046,1.10044,1000000,1000000
2020-02-12 15:28:00.885000,1.10044,1.10043,1000000,7070000
2020-02-12 15:28:01.363000,1.10043,1.10042,1000000,7820000
2020-02-12 15:28:01.471000,1.10043,1.10042,8680000,7820000
2020-02-12 15:28:04.287000,1.10042,1.10041,1000000,7070000
2020-02-12 15:28:04.448000,1.10042,1.10041,8680000,7070000
2020-02-12 15:28:04.676000,1.10043,1.10042,8680000,7070000
2020-02-12 15:28:05.046000,1.10042,1.1004,7500000,7070000
2020-02-12 15:28:05.161000,1.10042,1.1004,23680000,7070000
2020-02-12 15:28:05.285000,1.10042,1.10041,10180000,7070000
2020-02-12 15:28:05.436000,1.10042,1.10041,7930000,1500000
2020-02-12 15:28:05.720000,1.10043,1.10042,1000000,7820000
2020-02-12 15:28:06.295000,1.10044,1.10042,9430000,7070000
2020-02-12 15:28:06.498000,1.10043,1.10042,1000000,7820000
2020-02-12 15:28:08.034000,1.10044,1.10042,9430000,7070000
2020-02-12 15:28:08.258000,1.10043,1.10042,1000000,7820000
2020-02-12 15:28:08.604000,1.10044,1.10043,1500000,7070000
2020-02-12 15:28:09.139000,1.10045,1.10043,8680000,7070000
2020-02-12 15:28:09.993000,1.10044,1.10043,1500000,7070000
2020-02-12 15:28:10.159000,1.10045,1.10043,8680000,7070000
2020-02-12 15:28:10.287000,1.10044,1.10043,1500000,7070000
2020-02-12 15:28:11.343000,1.10045,1.10043,8680000,7070000
2020-02-12 15:28:11.489000,1.10044,1.10043,1000000,7820000
2020-02-12 15:28:11.784000,1.10045,1.10044,9430000,7070000
2020-02-12 15:28:12.060000,1.10045,1.10043,8680000,7820000
2020-02-12 15:28:12.168000,1.10045,1.10043,9430000,7070000
2020-02-12 15:28:14.504000,1.10044,1.10043,1000000,7820000
2020-02-12 15:28:14.816000,1.10044,1.10043,8680000,7820000
2020-02-12 15:28:21.795000,1.10045,1.10044,7930000,1500000
2020-02-12 15:28:21.896000,1.10046,1.10045,1000000,7070000
2020-02-12 15:28:22.113000,1.10047,1.10045,9430000,8570000
2020-02-12 15:28:22.163000,1.10048,1.10047,7930000,1000000
2020-02-12 15:28:22.284000,1.10048,1.10047,7930000,7820000
2020-02-12 15:28:25.016000,1.10048,1.10046,7930000,8570000
2020-02-12 15:28:25.226000,1.10048,1.10047,8680000,1000000
2020-02-12 15:28:25.961000,1.10049,1.10048,1000000,7070000
2020-02-12 15:28:26.215000,1.1005,1.10048,10180000,7070000
2020-02-12 15:28:26.776000,1.10049,1.10047,1500000,8570000
2020-02-12 15:28:28.096000,1.1005,1.10048,1500000,1500000
2020-02-12 15:28:28.322000,1.1005,1.10049,8680000,7070000
2020-02-12 15:28:28.445000,1.1005,1.10048,8680000,8570000
2020-02-12 15:28:28.706000,1.10049,1.10048,1000000,7820000
2020-02-12 15:28:31.163000,1.1005,1.10048,10180000,7820000
2020-02-12 15:28:32.235000,1.1005,1.10049,8680000,1000000
2020-02-12 15:28:32.581000,1.10052,1.10051,7930000,1000000
2020-02-12 15:28:32.800000,1.10053,1.10052,9430000,7070000
2020-02-12 15:28:33.086000,1.10052,1.10051,7930000,7820000
2020-02-12 15:28:33.307000,1.10053,1.10051,9430000,7820000
2020-02-12 15:28:33.588000,1.10052,1.10051,7930000,7820000
2020-02-12 15:28:33.936000,1.10053,1.10051,1500000,7820000
2020-02-12 15:28:34.710000,1.10052,1.10051,1000000,1000000
2020-02-12 15:28:34.866000,1.10053,1.10051,9430000,1000000
2020-02-12 15:28:34.967000,1.10052,1.10051,7930000,1500000
2020-02-12 15:28:35.925000,1.10053,1.10051,10180000,7070000
2020-02-12 15:28:36.233000,1.10052,1.10051,8680000,7820000
2020-02-12 15:28:37.857000,1.10053,1.10051,10180000,7820000
2020-02-12 15:28:38.009000,1.10052,1.10051,7930000,7820000
2020-02-12 15:28:39.827000,1.10052,1.1005,7930000,8570000
2020-02-12 15:28:40.386000,1.10052,1.1005,7930000,8570000
2020-02-12 15:28:40.487000,1.10051,1.10049,1500000,7820000
2020-02-12 15:28:41.128000,1.1005,1.10049,7930000,1000000
2020-02-12 15:28:44.242000,1.1005,1.10048,7930000,8570000
2020-02-12 15:28:44.349000,1.1005,1.10049,7930000,1500000
2020-02-12 15:28:51.952000,1.10049,1.10048,7930000,7820000
2020-02-12 15:28:52.053000,1.1005,1.10049,8680000,1000000
2020-02-12 15:28:56.036000,1.10051,1.10049,9430000,7820000
2020-02-12 15:28:56.361000,1.10051,1.1005,9430000,7070000
2020-02-12 15:28:56.829000,1.10051,1.10049,9430000,7820000
2020-02-12 15:28:59.283000,1.1005,1.10049,1000000,7820000
2020-02-12 15:28:59.433000,1.10051,1.10049,9430000,7820000
2020-02-12 15:29:00.052000,1.1005,1.10048,1000000,7820000
2020-02-12 15:29:00.318000,1.10049,1.10048,1000000,7070000
2020-02-12 15:29:00.491000,1.10048,1.10047,1000000,7070000
2020-02-12 15:29:00.802000,1.10048,1.10047,8680000,7070000
2020-02-12 15:29:01.133000,1.10049,1.10047,10180000,7070000
2020-02-12 15:29:01.734000,1.10048,1.10047,1000000,7070000
2020-02-12 15:29:01.868000,1.10049,1.10047,10180000,7070000
2020-02-12 15:29:02.193000,1.10048,1.10047,8680000,7070000
2020-02-12 15:29:03.105000,1.10049,1.10047,10180000,7070000
2020-02-12 15:29:03.520000,1.10048,1.10047,8680000,7070000
2020-02-12 15:29:03.773000,1.10047,1.10046,1000000,7820000
2020-02-12 15:29:05.051000,1.10048,1.10047,8680000,7070000
2020-02-12 15:29:07.019000,1.10049,1.10047,9430000,7070000
2020-02-12 15:29:07.230000,1.10048,1.10047,1000000,7070000
2020-02-12 15:29:07.797000,1.10049,1.10047,9430000,7070000
2020-02-12 15:29:09.279000,1.10048,1.10047,1000000,7070000
2020-02-12 15:29:09.528000,1.10049,1.10047,9430000,7070000
2020-02-12 15:29:10.334000,1.10049,1.10048,8680000,7070000
2020-02-12 15:29:11.018000,1.10049,1.10047,8680000,7820000
2020-02-12 15:29:12.272000,1.10049,1.10048,8680000,7070000
2020-02-12 15:29:12.790000,1.10049,1.10047,8680000,7820000
2020-02-12 15:29:13.451000,1.10048,1.10047,7930000,7070000
2020-02-12 15:29:13.571000,1.10049,1.10047,9430000,7070000
2020-02-12 15:29:14.161000,1.10047,1.10046,1000000,7070000
2020-02-12 15:29:14.211000,1.10046,1.10044,1500000,8570000
2020-02-12 15:29:14.428000,1.10045,1.10044,1000000,7820000
2020-02-12 15:29:14.619000,1.10044,1.10042,9430000,7070000
2020-02-12 15:29:16.736000,1.10044,1.10041,9430000,9320000
2020-02-12 15:29:16.988000,1.10044,1.10043,1500000,7070000
2020-02-12 15:29:17.341000,1.10043,1.10042,7930000,7070000
2020-02-12 15:29:17.672000,1.10044,1.10043,1500000,7070000
2020-02-12 15:29:18.119000,1.10045,1.10043,9430000,7070000
2020-02-12 15:29:18.279000,1.10044,1.10042,9430000,7070000
2020-02-12 15:29:18.760000,1.10045,1.10043,9430000,8570000
2020-02-12 15:29:18.861000,1.10046,1.10045,7930000,7420000
2020-02-12 15:29:19.132000,1.10047,1.10046,8680000,1000000
2020-02-12 15:29:19.478000,1.10048,1.10047,8680000,1000000
2020-02-12 15:29:19.718000,1.10048,1.10047,1000000,7820000
2020-02-12 15:29:20.142000,1.10049,1.10047,9430000,7820000
2020-02-12 15:29:20.258000,1.10048,1.10047,7930000,7820000
2020-02-12 15:29:21.001000,1.10049,1.10047,10180000,7820000
2020-02-12 15:29:22.577000,1.10049,1.10048,8680000,1000000
2020-02-12 15:29:23.201000,1.10049,1.10047,1500000,1500000
2020-02-12 15:29:23.753000,1.10048,1.10047,7930000,8570000
2020-02-12 15:29:23.969000,1.10049,1.10047,9430000,8570000
2020-02-12 15:29:24.293000,1.10049,1.10048,8680000,1000000
2020-02-12 15:29:24.444000,1.1005,1.10049,1000000,7070000
2020-02-12 15:29:26.743000,1.1005,1.10048,1000000,8570000
2020-02-12 15:29:27.125000,1.1005,1.10049,8680000,7070000
2020-02-12 15:29:27.383000,1.1005,1.10048,1000000,8570000
2020-02-12 15:29:32.247000,1.10049,1.10048,1000000,7820000
2020-02-12 15:29:33.880000,1.10049,1.10047,1000000,7820000
2020-02-12 15:29:34.152000,1.10048,1.10047,7930000,7820000
2020-02-12 15:29:34.513000,1.10049,1.10047,8680000,1000000
2020-02-12 15:29:34.689000,1.10047,1.10046,1000000,1000000
2020-02-12 15:29:34.895000,1.10048,1.10047,1000000,1000000
2020-02-12 15:29:35.554000,1.10049,1.10047,9430000,1000000
2020-02-12 15:29:35.769000,1.10049,1.10048,9430000,7070000
2020-02-12 15:29:36.048000,1.10049,1.10047,1500000,7820000
2020-02-12 15:29:40.637000,1.10048,1.10047,1000000,1000000
2020-02-12 15:29:41.542000,1.10049,1.10047,9430000,1000000
2020-02-12 15:29:43.699000,1.10048,1.10047,1000000,7820000
2020-02-12 15:29:43.749000,1.10046,1.10045,1000000,7820000
2020-02-12 15:29:43.968000,1.10046,1.10045,1000000,1000000
2020-02-12 15:29:45.088000,1.10047,1.10045,1000000,1000000
2020-02-12 15:29:45.239000,1.10047,1.10045,7930000,9320000
2020-02-12 15:29:45.466000,1.10049,1.10046,9430000,1000000
2020-02-12 15:29:46.287000,1.10049,1.10047,10180000,1000000
2020-02-12 15:29:47.103000,1.10049,1.10048,9430000,7070000
2020-02-12 15:29:47.416000,1.10049,1.10047,1500000,8570000
2020-02-12 15:29:49.295000,1.10048,1.10047,7930000,8570000
2020-02-12 15:29:49.523000,1.10049,1.10047,1500000,8570000
2020-02-12 15:29:50.692000,1.10049,1.10048,9430000,7070000
2020-02-12 15:29:53.574000,1.10049,1.10047,9430000,8570000
2020-02-12 15:29:53.676000,1.10049,1.10048,7930000,1500000
2020-02-12 15:29:53.819000,1.1005,1.10048,8680000,8570000
2020-02-12 15:29:55.577000,1.10051,1.10049,9430000,1000000
2020-02-12 15:29:56.002000,1.1005,1.10049,7930000,7820000
2020-02-12 15:29:56.332000,1.10051,1.10049,9430000,1000000
2020-02-12 15:29:56.551000,1.1005,1.10049,7930000,1000000
2020-02-12 15:29:56.967000,1.10049,1.10048,1000000,7820000
2020-02-12 15:29:58.025000,1.1005,1.10049,7930000,1000000
2020-02-12 15:29:59.186000,1.10051,1.10049,9430000,7820000
2020-02-12 15:29:59.449000,1.10052,1.1005,8680000,8570000
2020-02-12 15:29:59.600000,1.10052,1.10051,8680000,7070000
2020-02-12 15:29:59.998000,1.10053,1.10051,10180000,7070000
2020-02-12 15:30:00.316000,1.10052,1.10051,1000000,7070000
2020-02-12 15:30:00.627000,1.10052,1.1005,1000000,7820000
2020-02-12 15:30:00.728000,1.10049,1.10048,1000000,1000000
2020-02-12 15:30:00.829000,1.10051,1.10049,2250000,7070000
2020-02-12 15:30:00.908000,1.10047,1.10044,1000000,8570000
2020-02-12 15:30:00.961000,1.10045,1.10043,1000000,9320000
2020-02-12 15:30:01.405000,1.10045,1.10044,1000000,7070000
2020-02-12 15:30:01.519000,1.10046,1.10044,9430000,8570000
2020-02-12 15:30:01.667000,1.10046,1.10045,8680000,7820000
2020-02-12 15:30:02.124000,1.10047,1.10045,8680000,8570000
2020-02-12 15:30:02.175000,1.10048,1.10047,7930000,1000000
2020-02-12 15:30:02.400000,1.10049,1.10047,10180000,7820000
2020-02-12 15:30:02.749000,1.10048,1.10047,1000000,7070000
2020-02-12 15:30:03.366000,1.10049,1.10047,8680000,7820000
2020-02-12 15:30:03.832000,1.10048,1.10047,1000000,7070000
2020-02-12 15:30:03.882000,1.10045,1.10043,1000000,8570000
2020-02-12 15:30:04.124000,1.10044,1.10043,1000000,1000000
2020-02-12 15:30:05.263000,1.10046,1.10045,7930000,1000000
2020-02-12 15:30:05.364000,1.10047,1.10046,7930000,1000000
2020-02-12 15:30:05.492000,1.10047,1.10045,7930000,8570000
2020-02-12 15:30:05.607000,1.10047,1.10046,7930000,1000000
2020-02-12 15:30:05.730000,1.10048,1.10047,7930000,1500000
2020-02-12 15:30:05.844000,1.10049,1.10047,9430000,8570000
2020-02-12 15:30:06.608000,1.10049,1.10048,8680000,1000000
2020-02-12 15:30:07.397000,1.1005,1.10048,9430000,8570000
2020-02-12 15:30:07.498000,1.1005,1.10049,8680000,1000000
2020-02-12 15:30:07.860000,1.10051,1.1005,7930000,1500000
2020-02-12 15:30:08.007000,1.10052,1.10051,1000000,7070000
2020-02-12 15:30:08.128000,1.10053,1.10052,8680000,1000000
2020-02-12 15:30:08.615000,1.10054,1.10053,7930000,1000000
2020-02-12 15:30:08.734000,1.10056,1.10054,7930000,1000000
2020-02-12 15:30:08.982000,1.10057,1.10055,8680000,1000000
2020-02-12 15:30:10.832000,1.10054,1.10053,1000000,7070000
2020-02-12 15:30:10.983000,1.10054,1.10053,7930000,7070000
2020-02-12 15:30:11.193000,1.10054,1.10052,7930000,8570000
2020-02-12 15:30:11.785000,1.10053,1.10052,1000000,7820000
2020-02-12 15:30:12.663000,1.10054,1.10052,8680000,1500000
2020-02-12 15:30:12.793000,1.10053,1.10051,1000000,9320000
2020-02-12 15:30:13.136000,1.10052,1.10051,1000000,7070000
2020-02-12 15:30:13.461000,1.10052,1.1005,8680000,8570000
2020-02-12 15:30:14.266000,1.10052,1.10051,8680000,1000000
2020-02-12 15:30:15.067000,1.10052,1.1005,1000000,8570000
2020-02-12 15:30:16.278000,1.10051,1.1005,1000000,7820000
2020-02-12 15:30:16.665000,1.10051,1.10049,9430000,7070000
2020-02-12 15:30:17.078000,1.1005,1.10049,1000000,7070000
2020-02-12 15:30:17.539000,1.10049,1.10048,1500000,7070000
2020-02-12 15:30:17.857000,1.10049,1.10047,8680000,7820000
2020-02-12 15:30:18.210000,1.10047,1.10046,1500000,7070000
2020-02-12 15:30:18.403000,1.10046,1.10043,1500000,1000000
2020-02-12 15:30:18.454000,1.10044,1.10042,1000000,15640000
2020-02-12 15:30:19.168000,1.10043,1.10042,7930000,7820000
2020-02-12 15:30:19.613000,1.10044,1.10043,8680000,7070000
2020-02-12 15:30:19.879000,1.10043,1.10042,7930000,7820000
2020-02-12 15:30:20.108000,1.10044,1.10043,8680000,1000000
2020-02-12 15:30:20.440000,1.10044,1.10043,8680000,7820000
2020-02-12 15:30:20.752000,1.10045,1.10043,10180000,8570000
2020-02-12 15:30:21.530000,1.10044,1.10043,1000000,7820000
2020-02-12 15:30:21.969000,1.10045,1.10044,1500000,7070000
2020-02-12 15:30:22.511000,1.10046,1.10045,1000000,1500000
2020-02-12 15:30:22.658000,1.10047,1.10045,7930000,8020000
2020-02-12 15:30:22.709000,1.10049,1.10048,1000000,1000000
2020-02-12 15:30:23.939000,1.1005,1.10049,8680000,1000000
2020-02-12 15:30:25.059000,1.10051,1.10049,1000000,1000000
2020-02-12 15:30:25.177000,1.10052,1.1005,8680000,1000000
2020-02-12 15:30:25.832000,1.10052,1.10051,1000000,1000000
2020-02-12 15:30:25.982000,1.10053,1.10052,7930000,1500000
2020-02-12 15:30:26.200000,1.10055,1.10054,1000000,7820000
2020-02-12 15:30:27.123000,1.10054,1.10053,1500000,7070000
2020-02-12 15:30:27.313000,1.10053,1.10052,8680000,7820000
2020-02-12 15:30:28.874000,1.10052,1.10051,1000000,8570000
2020-02-12 15:30:29.269000,1.10052,1.10051,8680000,7820000
2020-02-12 15:30:29.638000,1.10053,1.10052,1000000,1000000
2020-02-12 15:30:29.860000,1.10052,1.1005,1000000,7820000
2020-02-12 15:30:30.238000,1.10051,1.10049,1000000,8570000
2020-02-12 15:30:30.645000,1.10051,1.1005,8680000,7070000
2020-02-12 15:30:30.795000,1.10051,1.10049,8680000,7820000
2020-02-12 15:30:31.630000,1.10051,1.1005,8680000,7070000
2020-02-12 15:30:31.998000,1.10051,1.10049,1000000,7820000
2020-02-12 15:30:35.908000,1.10049,1.10048,1000000,7070000
2020-02-12 15:30:36.312000,1.10049,1.10046,1000000,8570000
2020-02-12 15:30:36.362000,1.10049,1.10048,1000000,1000000
2020-02-12 15:30:36.413000,1.10049,1.10046,1500000,8570000
2020-02-12 15:30:36.544000,1.10048,1.10047,7930000,7070000
2020-02-12 15:30:36.979000,1.10049,1.10048,1500000,7070000
2020-02-12 15:30:38.128000,1.10049,1.10047,1500000,7070000
2020-02-12 15:30:38.401000,1.10049,1.10048,1500000,7070000
2020-02-12 15:30:40.297000,1.1005,1.10048,7930000,8570000
2020-02-12 15:30:40.712000,1.1005,1.10049,7930000,7070000
2020-02-12 15:30:40.919000,1.10051,1.10049,9430000,7070000
2020-02-12 15:30:41.789000,1.1005,1.10049,1000000,7070000
2020-02-12 15:30:43.382000,1.10051,1.10048,9430000,8570000
2020-02-12 15:30:43.558000,1.10051,1.10049,9430000,7070000
2020-02-12 15:30:43.805000,1.1005,1.10049,7930000,7070000
2020-02-12 15:30:44.042000,1.10051,1.10049,9430000,7070000
2020-02-12 15:30:44.278000,1.1005,1.10049,7930000,7070000
2020-02-12 15:30:44.978000,1.10051,1.10048,1500000,8570000
2020-02-12 15:30:46.249000,1.10051,1.10049,9430000,7070000
2020-02-12 15:30:46.478000,1.10051,1.10049,7930000,8570000
2020-02-12 15:30:46.631000,1.10052,1.1005,9430000,7070000
2020-02-12 15:30:47.813000,1.10052,1.1005,9430000,7070000
2020-02-12 15:30:49.654000,1.10052,1.10051,1500000,7070000
2020-02-12 15:30:49.862000,1.10051,1.1005,1000000,7070000
2020-02-12 15:30:50.126000,1.10051,1.10049,8680000,7820000
2020-02-12 15:30:50.974000,1.10051,1.1005,1000000,7070000
2020-02-12 15:30:52.557000,1.10052,1.10051,8680000,7070000
2020-02-12 15:30:57.216000,1.10052,1.1005,9430000,7070000
2020-02-12 15:30:57.664000,1.10052,1.1005,9430000,7070000
2020-02-12 15:30:58.505000,1.10052,1.10049,1500000,8570000
2020-02-12 15:30:58.868000,1.10052,1.1005,9430000,7070000
2020-02-12 15:30:58.969000,1.10051,1.1005,1000000,7070000
2020-02-12 15:30:59.224000,1.10051,1.1005,8680000,7070000
2020-02-12 15:30:59.934000,1.10051,1.10049,8680000,7820000
2020-02-12 15:31:00.339000,1.10051,1.1005,8680000,7070000
2020-02-12 15:31:00.841000,1.10051,1.10049,8680000,7820000
2020-02-12 15:31:06.074000,1.10051,1.1005,8680000,7070000
2020-02-12 15:31:06.763000,1.10051,1.10049,9430000,7070000
2020-02-12 15:31:07.809000,1.10051,1.1005,8680000,7070000
2020-02-12 15:31:07.941000,1.10051,1.10049,1000000,7820000
2020-02-12 15:31:08.193000,1.10051,1.1005,8680000,7070000
2020-02-12 15:31:13.178000,1.10052,1.10051,7930000,1500000
2020-02-12 15:31:13.298000,1.10054,1.10052,1500000,7070000
2020-02-12 15:31:13.453000,1.10053,1.10052,9430000,7070000
2020-02-12 15:31:14.687000,1.10053,1.10051,9430000,7820000
2020-02-12 15:31:15.864000,1.10053,1.10051,9430000,7070000
2020-02-12 15:31:16.188000,1.10053,1.10051,9430000,7070000
2020-02-12 15:31:17.082000,1.10052,1.10051,1000000,7070000
2020-02-12 15:31:17.659000,1.10053,1.10051,8680000,8070000
2020-02-12 15:31:17.788000,1.10052,1.10051,7930000,7070000
2020-02-12 15:31:17.977000,1.10053,1.10051,9430000,7070000
2020-02-12 15:31:18.743000,1.10054,1.10052,8680000,8070000
2020-02-12 15:31:19.023000,1.10053,1.10052,1000000,7820000
2020-02-12 15:31:19.207000,1.10054,1.10053,1000000,7070000
2020-02-12 15:31:19.857000,1.10052,1.10051,1000000,7820000
2020-02-12 15:31:21.326000,1.10051,1.10049,1000000,8570000
2020-02-12 15:31:21.376000,1.10053,1.10052,8680000,1000000
2020-02-12 15:31:21.938000,1.10053,1.10051,1000000,8570000
2020-02-12 15:31:22.332000,1.10053,1.10052,1000000,1000000
2020-02-12 15:31:22.730000,1.10054,1.10052,1000000,1000000
2020-02-12 15:31:23.718000,1.10055,1.10053,9430000,1000000
2020-02-12 15:31:23.819000,1.10055,1.10053,10180000,7070000
2020-02-12 15:31:24.173000,1.10055,1.10054,9430000,1000000
2020-02-12 15:31:24.467000,1.10056,1.10054,9430000,7820000
2020-02-12 15:31:26.101000,1.10055,1.10054,7930000,8570000
2020-02-12 15:31:28.352000,1.10054,1.10052,2250000,7070000
2020-02-12 15:31:28.405000,1.10053,1.1005,1500000,9320000
2020-02-12 15:31:28.535000,1.10053,1.10051,10180000,7070000
2020-02-12 15:31:28.732000,1.10051,1.1005,7930000,7070000
2020-02-12 15:31:28.919000,1.1005,1.10049,1000000,7820000
2020-02-12 15:31:29.331000,1.1005,1.10049,1000000,7070000
2020-02-12 15:31:29.855000,1.10049,1.10048,1500000,7820000
2020-02-12 15:31:30.026000,1.10047,1.10046,1000000,7820000
2020-02-12 15:31:30.339000,1.10047,1.10045,8680000,7070000
2020-02-12 15:31:30.741000,1.10048,1.10047,7930000,7070000
2020-02-12 15:31:30.896000,1.10049,1.10048,7930000,1000000
2020-02-12 15:31:30.977000,1.1005,1.10048,1000000,1000000
2020-02-12 15:31:31.371000,1.1005,1.10049,1000000,7070000
2020-02-12 15:31:31.978000,1.10051,1.10049,10180000,7070000
2020-02-12 15:31:32.382000,1.1005,1.10049,7930000,7070000
2020-02-12 15:31:33.193000,1.10049,1.10048,1000000,7820000
2020-02-12 15:31:33.323000,1.10049,1.10048,1000000,7820000
2020-02-12 15:31:33.999000,1.1005,1.10048,10180000,7820000
2020-02-12 15:31:34.100000,1.10049,1.10048,7930000,7820000
2020-02-12 15:31:34.391000,1.1005,1.10048,10180000,7820000
2020-02-12 15:31:34.692000,1.1005,1.10049,10180000,7070000
2020-02-12 15:31:35.830000,1.1005,1.10048,10180000,7820000
2020-02-12 15:31:36.188000,1.1005,1.10049,9430000,1000000
2020-02-12 15:31:36.289000,1.10049,1.10048,7930000,8570000
2020-02-12 15:31:36.393000,1.1005,1.10048,9430000,8570000
2020-02-12 15:31:36.510000,1.1005,1.10049,9430000,7070000
2020-02-12 15:31:38.254000,1.10049,1.10048,7930000,7820000
2020-02-12 15:31:38.416000,1.10048,1.10047,1000000,7070000
2020-02-12 15:31:38.612000,1.10047,1.10046,1000000,7070000
2020-02-12 15:31:39.091000,1.10048,1.10046,9430000,7820000
2020-02-12 15:31:39.401000,1.10048,1.10047,1000000,7070000
2020-02-12 15:31:39.645000,1.10047,1.10046,7930000,7820000
2020-02-12 15:31:40.580000,1.10048,1.10047,8680000,1000000
2020-02-12 15:31:40.804000,1.10048,1.10047,7930000,7820000
2020-02-12 15:31:40.921000,1.10049,1.10047,8680000,7070000
2020-02-12 15:31:41.072000,1.10048,1.10046,1000000,7820000
2020-02-12 15:31:41.275000,1.10047,1.10046,8680000,7820000
2020-02-12 15:31:42.094000,1.10044,1.10043,1000000,8570000
2020-02-12 15:31:42.261000,1.10045,1.10043,8680000,7070000
2020-02-12 15:31:42.540000,1.10044,1.10043,1000000,7820000
2020-02-12 15:31:43.155000,1.10045,1.10043,8680000,7070000
2020-02-12 15:31:48.421000,1.10044,1.10043,1000000,7820000
2020-02-12 15:31:48.576000,1.10044,1.10043,1000000,7820000
2020-02-12 15:31:48.673000,1.10044,1.10043,1000000,7820000
2020-02-12 15:31:48.844000,1.10045,1.10043,9430000,7070000
2020-02-12 15:31:50.289000,1.10044,1.10043,1000000,7820000
2020-02-12 15:31:50.381000,1.10044,1.10043,1000000,7820000
2020-02-12 15:31:50.710000,1.10044,1.10043,1000000,7820000
2020-02-12 15:31:51.041000,1.10044,1.10043,1000000,7820000
2020-02-12 15:31:51.384000,1.10044,1.10043,1000000,7820000
2020-02-12 15:31:52.224000,1.10045,1.10043,9430000,7070000
2020-02-12 15:31:52.522000,1.10046,1.10044,8680000,7070000
2020-02-12 15:31:53.087000,1.10045,1.10044,1500000,7070000
2020-02-12 15:31:55.293000,1.10044,1.10043,1500000,7070000
2020-02-12 15:31:55.408000,1.10045,1.10043,9430000,7070000
2020-02-12 15:31:55.504000,1.10044,1.10042,9430000,8570000
2020-02-12 15:31:56.684000,1.10044,1.10042,9430000,7070000
2020-02-12 15:31:56.802000,1.10043,1.10042,1000000,7070000
2020-02-12 15:31:56.971000,1.10043,1.10041,8680000,7820000
2020-02-12 15:31:57.072000,1.10042,1.10041,1500000,7070000
2020-02-12 15:31:57.206000,1.10042,1.1004,9430000,7070000
2020-02-12 15:31:57.764000,1.10042,1.1004,9430000,7070000
2020-02-12 15:31:57.944000,1.10042,1.1004,9430000,7070000
2020-02-12 15:31:58.207000,1.10042,1.10041,8680000,1000000
2020-02-12 15:31:58.414000,1.10043,1.10042,1000000,7070000
2020-02-12 15:31:58.738000,1.10044,1.10042,10180000,7070000
2020-02-12 15:31:59.274000,1.10044,1.10043,8680000,1000000
2020-02-12 15:31:59.404000,1.10045,1.10043,8680000,7820000
2020-02-12 15:31:59.650000,1.10045,1.10044,8680000,7070000
2020-02-12 15:31:59.906000,1.10046,1.10044,9430000,7070000
2020-02-12 15:32:00.331000,1.10045,1.10043,1000000,7820000
2020-02-12 15:32:00.913000,1.10045,1.10044,1000000,7070000
2020-02-12 15:32:02.169000,1.10044,1.10043,1500000,7070000
2020-02-12 15:32:02.270000,1.10044,1.10042,3000000,7070000
2020-02-12 15:32:02.483000,1.10043,1.10041,1000000,7070000
2020-02-12 15:32:03.748000,1.10043,1.10042,8680000,7070000
2020-02-12 15:32:04.159000,1.10043,1.10041,8680000,7070000
2020-02-12 15:32:04.289000,1.10041,1.1004,1500000,7070000
2020-02-12 15:32:04.442000,1.10043,1.10041,10180000,7070000
2020-02-12 15:32:04.564000,1.10042,1.1004,8680000,7820000
2020-02-12 15:32:04.715000,1.10042,1.10041,7930000,7070000
2020-02-12 15:32:05.398000,1.10042,1.1004,8680000,7070000
2020-02-12 15:32:05.752000,1.10041,1.1004,1000000,7070000
2020-02-12 15:32:06.124000,1.10041,1.10039,9430000,7070000
2020-02-12 15:32:06.406000,1.1004,1.10039,1000000,7070000
2020-02-12 15:32:06.734000,1.1004,1.10038,8680000,7820000
2020-02-12 15:32:06.872000,1.1004,1.10039,7930000,1000000
2020-02-12 15:32:06.973000,1.10042,1.10041,7930000,1000000
2020-02-12 15:32:07.266000,1.10043,1.10042,7930000,1000000
2020-02-12 15:32:08.122000,1.10044,1.10042,10180000,7820000
2020-02-12 15:32:08.240000,1.10043,1.10042,7930000,7820000
2020-02-12 15:32:08.412000,1.10044,1.10042,2250000,1000000
2020-02-12 15:32:08.660000,1.10044,1.10043,1500000,1000000
2020-02-12 15:32:10.173000,1.10044,1.10042,10180000,7820000
2020-02-12 15:32:10.292000,1.10044,1.10043,10180000,7070000
2020-02-12 15:32:10.411000,1.10044,1.10042,2250000,1000000
2020-02-12 15:32:11.301000,1.10044,1.10041,1500000,8570000
2020-02-12 15:32:11.789000,1.10043,1.10041,7930000,7070000
2020-02-12 15:32:12.032000,1.10042,1.10041,7930000,7820000
2020-02-12 15:32:12.177000,1.10044,1.10041,2250000,7820000
2020-02-12 15:32:12.952000,1.10042,1.10041,1000000,7070000
2020-02-12 15:32:13.473000,1.10043,1.10042,1000000,7070000
2020-02-12 15:32:13.615000,1.10043,1.10042,1000000,7070000
2020-02-12 15:32:13.762000,1.10044,1.10042,9430000,7070000
2020-02-12 15:32:16.260000,1.10043,1.10042,1000000,7070000
2020-02-12 15:32:17.020000,1.10044,1.10042,9430000,7070000
2020-02-12 15:32:17.471000,1.10043,1.10042,1000000,7070000
2020-02-12 15:32:17.747000,1.10044,1.10043,1000000,7070000
2020-02-12 15:32:18.341000,1.10045,1.10043,8680000,7070000
2020-02-12 15:32:18.609000,1.10045,1.10044,8680000,7070000
2020-02-12 15:32:19.766000,1.10044,1.10043,1000000,7070000
2020-02-12 15:32:20.086000,1.10044,1.10043,1500000,7070000
2020-02-12 15:32:20.704000,1.10044,1.10042,9430000,9320000
2020-02-12 15:32:20.887000,1.10044,1.10043,9430000,7070000
2020-02-12 15:32:21.433000,1.10044,1.10042,1500000,9320000
2020-02-12 15:32:22.162000,1.10043,1.10042,1000000,7820000
2020-02-12 15:32:22.263000,1.10042,1.10041,1500000,7070000
2020-02-12 15:32:22.484000,1.10042,1.10041,8680000,7820000
2020-02-12 15:32:23.707000,1.10043,1.10041,9430000,1500000
2020-02-12 15:32:24.144000,1.10042,1.10041,7930000,8570000
2020-02-12 15:32:24.782000,1.10043,1.10041,9430000,8570000
2020-02-12 15:32:24.883000,1.10042,1.10041,1500000,7070000
2020-02-12 15:32:25.134000,1.10041,1.10039,8680000,7820000
2020-02-12 15:32:25.382000,1.1004,1.10039,1000000,7070000
2020-02-12 15:32:25.854000,1.10041,1.10039,9430000,7820000
2020-02-12 15:32:26.031000,1.10039,1.10038,1500000,7070000
2020-02-12 15:32:26.323000,1.10039,1.10037,9430000,7820000
2020-02-12 15:32:26.689000,1.10038,1.10037,7930000,7820000
2020-02-12 15:32:26.948000,1.10039,1.10037,9430000,7820000
2020-02-12 15:32:27.163000,1.10038,1.10037,1000000,7070000
2020-02-12 15:32:27.391000,1.10038,1.10036,9430000,7070000
2020-02-12 15:32:28.114000,1.10038,1.10037,1500000,7070000
2020-02-12 15:32:29.882000,1.10038,1.10036,1500000,7820000
2020-02-12 15:32:30.280000,1.10038,1.10037,1000000,1000000
2020-02-12 15:32:30.443000,1.10039,1.10037,10180000,7070000
2020-02-12 15:32:31.099000,1.10038,1.10037,1000000,7820000
2020-02-12 15:32:31.272000,1.10039,1.10038,1500000,7070000
2020-02-12 15:32:31.592000,1.10038,1.10037,1000000,7820000
2020-02-12 15:32:32.912000,1.10039,1.10038,8680000,7070000
2020-02-12 15:32:33.016000,1.10039,1.10038,8680000,7820000
2020-02-12 15:32:33.472000,1.1004,1.10038,9430000,7070000
2020-02-12 15:32:35.299000,1.1004,1.10039,1000000,7070000
2020-02-12 15:32:35.445000,1.10041,1.10039,1500000,7070000
2020-02-12 15:32:35.651000,1.10042,1.1004,1000000,1000000
2020-02-12 15:32:35.777000,1.10042,1.10041,1000000,1000000
2020-02-12 15:32:36.731000,1.10043,1.10041,2250000,1500000
2020-02-12 15:32:36.835000,1.10043,1.10042,1000000,1000000
2020-02-12 15:32:37.428000,1.10044,1.10043,8680000,1000000
2020-02-12 15:32:37.751000,1.10045,1.10044,1000000,7070000
2020-02-12 15:32:38.254000,1.10045,1.10043,1000000,8570000
2020-02-12 15:32:38.455000,1.10046,1.10045,1500000,7070000
2020-02-12 15:32:38.890000,1.10046,1.10044,9430000,7070000
2020-02-12 15:32:39.325000,1.10046,1.10045,1500000,7070000
2020-02-12 15:32:40.312000,1.10046,1.10044,1500000,7070000
2020-02-12 15:32:40.862000,1.10046,1.10044,9430000,7070000
2020-02-12 15:32:42.850000,1.10046,1.10044,1500000,7070000
2020-02-12 15:32:43.228000,1.10046,1.10045,1500000,7070000
2020-02-12 15:32:43.472000,1.10047,1.10045,9430000,7070000
2020-02-12 15:32:43.888000,1.10046,1.10045,1500000,7070000
2020-02-12 15:32:44.763000,1.10045,1.10044,1000000,7070000
2020-02-12 15:32:44.941000,1.10045,1.10044,1000000,7070000
2020-02-12 15:32:45.539000,1.10044,1.10043,1000000,7070000
2020-02-12 15:32:45.713000,1.10044,1.10043,1000000,7070000
2020-02-12 15:32:47.632000,1.10045,1.10043,9430000,7820000
2020-02-12 15:32:47.735000,1.10045,1.10044,1500000,7070000
2020-02-12 15:32:51.579000,1.10046,1.10044,9430000,7070000
2020-02-12 15:32:52.086000,1.10045,1.10044,1000000,7820000
2020-02-12 15:32:52.292000,1.10046,1.10044,8680000,8570000
2020-02-12 15:32:52.841000,1.10045,1.10044,1000000,7820000
2020-02-12 15:32:54.533000,1.10046,1.10044,8680000,7820000
2020-02-12 15:32:54.939000,1.10046,1.10045,8680000,7070000
2020-02-12 15:32:55.750000,1.10047,1.10046,1000000,7070000
2020-02-12 15:32:56.393000,1.10048,1.10046,1500000,7070000
2020-02-12 15:32:56.543000,1.10047,1.10046,1500000,7070000
2020-02-12 15:32:57.380000,1.10046,1.10045,1000000,7820000
2020-02-12 15:32:57.536000,1.10046,1.10045,1000000,7820000
2020-02-12 15:32:58.499000,1.10046,1.10044,8680000,8570000
2020-02-12 15:32:58.984000,1.10046,1.10045,1000000,7070000
2020-02-12 15:33:00.878000,1.10046,1.10044,8680000,7820000
2020-02-12 15:33:01.303000,1.10044,1.10043,1000000,7070000
2020-02-12 15:33:01.494000,1.10045,1.10043,9430000,7820000
2020-02-12 15:33:02.048000,1.10045,1.10044,1000000,1000000
2020-02-12 15:33:02.149000,1.10047,1.10045,9430000,1000000
2020-02-12 15:33:02.911000,1.10047,1.10046,1500000,7070000
2020-02-12 15:33:03.714000,1.10046,1.10045,1000000,7070000
2020-02-12 15:33:03.899000,1.10047,1.10046,8680000,7070000
2020-02-12 15:33:04.042000,1.10045,1.10044,1500000,7070000
2020-02-12 15:33:04.244000,1.10044,1.10043,1000000,7820000
2020-02-12 15:33:04.518000,1.10043,1.10042,1000000,7070000
2020-02-12 15:33:04.817000,1.10043,1.10042,1000000,7070000
2020-02-12 15:33:04.925000,1.10042,1.10041,1000000,7070000
2020-02-12 15:33:05.112000,1.10041,1.1004,1000000,7820000
2020-02-12 15:33:05.368000,1.10041,1.10039,1500000,1000000
2020-02-12 15:33:05.537000,1.10041,1.10038,1000000,8570000
2020-02-12 15:33:05.715000,1.10041,1.1004,1500000,7070000
2020-02-12 15:33:06.021000,1.10041,1.10039,1500000,7070000
2020-02-12 15:33:06.326000,1.10041,1.1004,1000000,1000000
2020-02-12 15:33:06.427000,1.10043,1.10041,7930000,8570000
2020-02-12 15:33:06.695000,1.10044,1.10042,9430000,7820000
2020-02-12 15:33:07.012000,1.10044,1.10043,9430000,7070000
2020-02-12 15:33:07.384000,1.10045,1.10044,8680000,7070000
2020-02-12 15:33:08.102000,1.10044,1.10043,1500000,7070000
2020-02-12 15:33:08.403000,1.10044,1.10043,9430000,7070000
2020-02-12 15:33:09.265000,1.10044,1.10042,9430000,7820000
2020-02-12 15:33:09.907000,1.10043,1.10042,1000000,7820000
2020-02-12 15:33:10.008000,1.10044,1.10042,8680000,7820000
2020-02-12 15:33:10.113000,1.10043,1.10042,1000000,7070000
2020-02-12 15:33:10.225000,1.10041,1.10039,1500000,8570000
2020-02-12 15:33:10.666000,1.10041,1.1004,1000000,1000000
2020-02-12 15:33:11.300000,1.10041,1.10039,1500000,7820000
2020-02-12 15:33:11.438000,1.1004,1.10039,1000000,7820000
2020-02-12 15:33:13.558000,1.10039,1.10038,1000000,7820000
2020-02-12 15:33:13.708000,1.10039,1.10037,9430000,7820000
2020-02-12 15:33:14.396000,1.10038,1.10037,7930000,7820000
2020-02-12 15:33:14.690000,1.10039,1.10037,9430000,7820000
2020-02-12 15:33:15.086000,1.10037,1.10035,1000000,7820000
2020-02-12 15:33:16.036000,1.10037,1.10036,1000000,1000000
2020-02-12 15:33:16.137000,1.10038,1.10036,1000000,1500000
2020-02-12 15:33:16.426000,1.10037,1.10036,7930000,8570000
2020-02-12 15:33:16.756000,1.10038,1.10036,8680000,8570000
2020-02-12 15:33:17.254000,1.10038,1.10037,1000000,7070000
2020-02-12 15:33:18.262000,1.10037,1.10036,1000000,7820000
2020-02-12 15:33:18.405000,1.10038,1.10037,9430000,7070000
2020-02-12 15:33:18.707000,1.10038,1.10036,9450000,7800000
2020-02-12 15:33:20.105000,1.10038,1.10037,1000000,1000000
2020-02-12 15:33:20.227000,1.10038,1.10036,1000000,8550000
2020-02-12 15:33:20.386000,1.10038,1.10037,1500000,7050000
2020-02-12 15:33:20.643000,1.10038,1.10036,1500000,1000000
2020-02-12 15:33:21.185000,1.10038,1.10037,9450000,7050000
2020-02-12 15:33:22.758000,1.10038,1.10036,1500000,8550000
2020-02-12 15:33:22.879000,1.10037,1.10036,1000000,7800000
2020-02-12 15:33:22.980000,1.10038,1.10036,1000000,8550000
2020-02-12 15:33:23.081000,1.10037,1.10036,7950000,8550000
2020-02-12 15:33:23.588000,1.10038,1.10036,1500000,1500000
2020-02-12 15:33:23.804000,1.10037,1.10035,1500000,8550000
2020-02-12 15:33:23.905000,1.10035,1.10034,1000000,7050000
2020-02-12 15:33:24.215000,1.10034,1.10033,7950000,9300000
2020-02-12 15:33:24.456000,1.10035,1.10034,7950000,1000000
2020-02-12 15:33:24.507000,1.10036,1.10034,8700000,7800000
2020-02-12 15:33:24.726000,1.10036,1.10035,8700000,7050000
2020-02-12 15:33:24.993000,1.10035,1.10034,1000000,7800000
2020-02-12 15:33:25.098000,1.10036,1.10035,7950000,1000000
2020-02-12 15:33:25.249000,1.10037,1.10036,8700000,1000000
2020-02-12 15:33:25.490000,1.10038,1.10037,1000000,7800000
2020-02-12 15:33:25.717000,1.10038,1.10037,1000000,7800000
2020-02-12 15:33:27.655000,1.10039,1.10038,8700000,1000000
2020-02-12 15:33:29.056000,1.1004,1.10038,9450000,7800000
2020-02-12 15:33:29.225000,1.10039,1.10038,1000000,7050000
2020-02-12 15:33:29.605000,1.10039,1.10037,9450000,7800000
2020-02-12 15:33:30.868000,1.10037,1.10036,1000000,7050000
2020-02-12 15:33:31.018000,1.10037,1.10036,8700000,7800000
2020-02-12 15:33:31.119000,1.10036,1.10035,1000000,7800000
2020-02-12 15:33:31.247000,1.10036,1.10035,1000000,7800000
2020-02-12 15:33:32.127000,1.10037,1.10036,7950000,1000000
2020-02-12 15:33:32.389000,1.10038,1.10037,1500000,7050000
2020-02-12 15:33:33.588000,1.10039,1.10037,9450000,7050000
2020-02-12 15:33:35.969000,1.10038,1.10037,1000000,7800000
2020-02-12 15:33:37.541000,1.10039,1.10037,1500000,7050000
2020-02-12 15:33:39.376000,1.10038,1.10037,1000000,7050000
2020-02-12 15:33:39.740000,1.10038,1.10036,1000000,7050000
2020-02-12 15:33:40.016000,1.10038,1.10037,1000000,7050000
2020-02-12 15:33:41.777000,1.10037,1.10036,1000000,7050000
2020-02-12 15:33:41.828000,1.10037,1.10035,8700000,8550000
2020-02-12 15:33:42.905000,1.10038,1.10036,10200000,7050000
2020-02-12 15:33:43.252000,1.10037,1.10036,7950000,7800000
2020-02-12 15:33:43.615000,1.10037,1.10035,7950000,7800000
2020-02-12 15:33:45.479000,1.10035,1.10034,1000000,7050000
2020-02-12 15:33:45.787000,1.10034,1.10033,1000000,7050000
2020-02-12 15:33:46.362000,1.10035,1.10033,8700000,8050000
2020-02-12 15:33:48.051000,1.10035,1.10034,1000000,7800000
2020-02-12 15:33:48.949000,1.10036,1.10034,9450000,7050000
2020-02-12 15:33:49.097000,1.10035,1.10034,1000000,7050000
2020-02-12 15:33:49.755000,1.10034,1.10033,1000000,7050000
2020-02-12 15:33:50.087000,1.10034,1.10033,8700000,7050000
2020-02-12 15:33:51.872000,1.10034,1.10032,1000000,2250000
2020-02-12 15:33:52.215000,1.10034,1.10033,1000000,7050000
2020-02-12 15:33:53.442000,1.10034,1.10032,1000000,9300000
2020-02-12 15:33:53.629000,1.10035,1.10033,1500000,7050000
2020-02-12 15:33:53.790000,1.10034,1.10033,1000000,7050000
2020-02-12 15:33:54.182000,1.10035,1.10033,9450000,7050000
2020-02-12 15:33:54.461000,1.10034,1.10033,1000000,7050000
2020-02-12 15:33:56.275000,1.10035,1.10033,9450000,7050000
2020-02-12 15:33:57.286000,1.10036,1.10034,9450000,7800000
2020-02-12 15:33:57.427000,1.10035,1.10033,1000000,9300000
2020-02-12 15:33:57.529000,1.10036,1.10034,9450000,7050000
2020-02-12 15:33:57.809000,1.10035,1.10034,1000000,7050000
2020-02-12 15:33:58.257000,1.10036,1.10034,8700000,7050000
2020-02-12 15:33:58.532000,1.10036,1.10035,1500000,7050000
2020-02-12 15:33:59.595000,1.10036,1.10034,1000000,1000000
2020-02-12 15:34:00.519000,1.10035,1.10033,1000000,8550000
2020-02-12 15:34:00.724000,1.10035,1.10034,1000000,7050000
2020-02-12 15:34:01.226000,1.10035,1.10033,8700000,7800000
2020-02-12 15:34:01.327000,1.10035,1.10034,7950000,7800000
2020-02-12 15:34:01.491000,1.10036,1.10034,9450000,7800000
2020-02-12 15:34:01.975000,1.10035,1.10034,1000000,7050000
2020-02-12 15:34:03.429000,1.10036,1.10034,10200000,7050000
2020-02-12 15:34:04.862000,1.10036,1.10034,9450000,7050000
2020-02-12 15:34:05.059000,1.10036,1.10034,9450000,7050000
2020-02-12 15:34:05.989000,1.10035,1.10034,1000000,7050000
2020-02-12 15:34:06.121000,1.10036,1.10034,8700000,7800000
2020-02-12 15:34:06.287000,1.10036,1.10034,1000000,7050000
2020-02-12 15:34:06.580000,1.10037,1.10035,7950000,7800000
2020-02-12 15:34:06.691000,1.10038,1.10035,9450000,7800000
2020-02-12 15:34:06.867000,1.10038,1.10036,7950000,7800000
2020-02-12 15:34:06.972000,1.10038,1.10036,7950000,7800000
2020-02-12 15:34:07.114000,1.10039,1.10036,1000000,7800000
2020-02-12 15:34:08.156000,1.10039,1.10036,1000000,7050000
2020-02-12 15:34:08.320000,1.10039,1.10036,1000000,7800000
2020-02-12 15:34:09.288000,1.10039,1.10037,8700000,7050000
2020-02-12 15:34:09.688000,1.10039,1.10037,8700000,7050000
2020-02-12 15:34:10.616000,1.10039,1.10036,8700000,7800000
2020-02-12 15:34:10.798000,1.10039,1.10037,8700000,7050000
2020-02-12 15:34:11.077000,1.10038,1.10037,1000000,7050000
2020-02-12 15:34:11.406000,1.10039,1.10037,8700000,7800000
2020-02-12 15:34:11.582000,1.10039,1.10038,7950000,1000000
2020-02-12 15:34:11.738000,1.10039,1.10037,8700000,7800000
2020-02-12 15:34:12.067000,1.1004,1.10038,8700000,8550000
2020-02-12 15:34:12.397000,1.1004,1.10039,8700000,7050000
2020-02-12 15:34:12.679000,1.1004,1.10038,8700000,8550000
2020-02-12 15:34:13.251000,1.10039,1.10038,1000000,7800000
2020-02-12 15:34:15.242000,1.1004,1.10038,9450000,7050000
2020-02-12 15:34:16.283000,1.10039,1.10038,1000000,7800000
2020-02-12 15:34:16.425000,1.1004,1.10038,9450000,7050000
2020-02-12 15:34:17.600000,1.10039,1.10038,1000000,7800000
2020-02-12 15:34:19.505000,1.1004,1.10038,9450000,7050000
2020-02-12 15:34:19.740000,1.10039,1.10038,1000000,7800000
2020-02-12 15:34:20.567000,1.10039,1.10037,1500000,7800000
2020-02-12 15:34:20.718000,1.10038,1.10037,1500000,7050000
2020-02-12 15:34:20.853000,1.10038,1.10036,9450000,7800000
2020-02-12 15:34:21.681000,1.10038,1.10037,1500000,7050000
2020-02-12 15:34:22.013000,1.10038,1.10036,9450000,7800000
2020-02-12 15:34:22.899000,1.10038,1.10037,8700000,1000000
2020-02-12 15:34:25.014000,1.10039,1.10037,8700000,7800000
2020-02-12 15:34:25.200000,1.10039,1.10038,1000000,7050000
2020-02-12 15:34:25.617000,1.10038,1.10037,1000000,7800000
2020-02-12 15:34:25.741000,1.10038,1.10037,1000000,7800000
2020-02-12 15:34:26.162000,1.10039,1.10037,7950000,7800000
2020-02-12 15:34:26.393000,1.1004,1.10038,8700000,7050000
2020-02-12 15:34:26.653000,1.1004,1.10038,8700000,7050000
2020-02-12 15:34:27.274000,1.1004,1.10038,8700000,7050000
2020-02-12 15:34:27.612000,1.1004,1.10038,8700000,7050000
2020-02-12 15:34:27.771000,1.1004,1.10038,8700000,7050000
2020-02-12 15:34:27.886000,1.10041,1.10039,10200000,7050000
2020-02-12 15:34:28.431000,1.1004,1.10038,8700000,7050000
2020-02-12 15:34:28.747000,1.1004,1.10038,1000000,7050000
2020-02-12 15:34:29.106000,1.10039,1.10037,1000000,7800000
2020-02-12 15:34:29.244000,1.10038,1.10037,1000000,7800000
2020-02-12 15:34:33.313000,1.10039,1.10037,7950000,8550000
2020-02-12 15:34:33.454000,1.1004,1.10038,9450000,7050000
2020-02-12 15:34:34.470000,1.10039,1.10037,1000000,8550000
2020-02-12 15:34:35.207000,1.1004,1.10038,9450000,7050000
2020-02-12 15:34:35.499000,1.10039,1.10038,1000000,7050000
2020-02-12 15:34:38.176000,1.10039,1.10037,1000000,7800000
2020-02-12 15:34:38.330000,1.10039,1.10038,1000000,7050000
2020-02-12 15:34:38.493000,1.10038,1.10037,8700000,7800000
2020-02-12 15:34:40.047000,1.10039,1.10037,9450000,7050000
2020-02-12 15:34:40.262000,1.10038,1.10037,1000000,7800000
2020-02-12 15:34:42.349000,1.10039,1.10037,9450000,7050000
2020-02-12 15:34:42.466000,1.10039,1.10037,9450000,7800000
2020-02-12 15:34:42.765000,1.10038,1.10037,1000000,7800000
2020-02-12 15:34:43.205000,1.10038,1.10036,1000000,7800000
2020-02-12 15:34:43.296000,1.10039,1.10037,8700000,7800000
2020-02-12 15:34:43.347000,1.10037,1.10035,1000000,14770000
2020-02-12 15:34:43.583000,1.10038,1.10037,8700000,1000000
2020-02-12 15:34:46.788000,1.10039,1.10037,9450000,7800000
2020-02-12 15:34:47.356000,1.10038,1.10037,1000000,7800000
2020-02-12 15:34:47.583000,1.10039,1.10037,9450000,7800000
2020-02-12 15:34:47.741000,1.10038,1.10036,1000000,7800000
2020-02-12 15:34:47.918000,1.10038,1.10037,1000000,7800000
2020-02-12 15:34:49.949000,1.10039,1.10037,9450000,8550000
2020-02-12 15:34:50.060000,1.10039,1.10038,9450000,7050000
2020-02-12 15:34:51.010000,1.10039,1.10037,9450000,8550000
2020-02-12 15:34:51.756000,1.10038,1.10037,1000000,7800000
2020-02-12 15:34:55.449000,1.10037,1.10036,1000000,7050000
2020-02-12 15:34:55.585000,1.10037,1.10036,1000000,7050000
2020-02-12 15:34:55.703000,1.10034,1.10032,1000000,1000000
2020-02-12 15:34:55.989000,1.10034,1.10033,1500000,7050000
2020-02-12 15:34:56.090000,1.10035,1.10033,10200000,7050000
2020-02-12 15:34:56.336000,1.10034,1.10033,1500000,7050000
2020-02-12 15:34:57.105000,1.10034,1.10032,9450000,7800000
2020-02-12 15:34:57.878000,1.10034,1.10033,1500000,7050000
2020-02-12 15:34:58.460000,1.10033,1.10032,1000000,7050000
2020-02-12 15:34:58.511000,1.10032,1.10031,1000000,7800000
2020-02-12 15:34:58.612000,1.10032,1.1003,1000000,7800000
2020-02-12 15:34:58.824000,1.10029,1.10027,1000000,8550000
2020-02-12 15:34:59.132000,1.10029,1.10027,1500000,7050000
2020-02-12 15:34:59.458000,1.1003,1.10027,9450000,7050000
2020-02-12 15:34:59.650000,1.10032,1.10029,7950000,7050000
2020-02-12 15:34:59.952000,1.10031,1.10029,1500000,7800000
2020-02-12 15:35:00.272000,1.10031,1.10029,9450000,7800000
2020-02-12 15:35:01.035000,1.10031,1.1003,1500000,7050000
2020-02-12 15:35:01.293000,1.10032,1.1003,1000000,7790000
2020-02-12 15:35:02.008000,1.10033,1.10031,9460000,7040000
2020-02-12 15:35:02.789000,1.10032,1.10031,1000000,7040000
2020-02-12 15:35:04.397000,1.10033,1.10031,9460000,7040000
2020-02-12 15:35:04.931000,1.10032,1.10031,1000000,7040000
2020-02-12 15:35:07.670000,1.10033,1.10031,9460000,7040000
2020-02-12 15:35:08.746000,1.10033,1.10031,9460000,7790000
2020-02-12 15:35:08.869000,1.10033,1.10032,7960000,7790000
2020-02-12 15:35:09.020000,1.10034,1.10033,8710000,1000000
2020-02-12 15:35:09.207000,1.10034,1.10033,1000000,7790000
2020-02-12 15:35:10.664000,1.10035,1.10033,10210000,1000000
2020-02-12 15:35:10.814000,1.10035,1.10033,7960000,14250000
2020-02-12 15:35:10.991000,1.10038,1.10036,7960000,7040000
2020-02-12 15:35:11.344000,1.10038,1.10037,7960000,7040000
2020-02-12 15:35:11.951000,1.10039,1.10037,8710000,7040000
2020-02-12 15:35:12.850000,1.10038,1.10037,7960000,7040000
2020-02-12 15:35:13.025000,1.10039,1.10037,9460000,7040000
2020-02-12 15:35:13.414000,1.10038,1.10037,7960000,7040000
2020-02-12 15:35:13.893000,1.10037,1.10036,1000000,7040000
2020-02-12 15:35:13.994000,1.10038,1.10036,9460000,7790000
2020-02-12 15:35:14.171000,1.10037,1.10036,7960000,1000000
2020-02-12 15:35:14.664000,1.10038,1.10036,9460000,7790000
2020-02-12 15:35:16.237000,1.10037,1.10036,1000000,7790000
2020-02-12 15:35:20.024000,1.10038,1.10036,1000000,7790000
2020-02-12 15:35:20.316000,1.10038,1.10037,1000000,7040000
2020-02-12 15:35:21.959000,1.10038,1.10036,1000000,7790000
2020-02-12 15:35:23.171000,1.10038,1.10037,1000000,7040000
2020-02-12 15:35:23.677000,1.10038,1.10036,1000000,7790000
2020-02-12 15:35:23.914000,1.10038,1.10037,1000000,7040000
2020-02-12 15:35:24.491000,1.10038,1.10036,8710000,7790000
2020-02-12 15:35:25.058000,1.10038,1.10037,8710000,7040000
2020-02-12 15:35:25.397000,1.10038,1.10036,8710000,7790000
2020-02-12 15:35:25.687000,1.10037,1.10035,1000000,7790000
2020-02-12 15:35:25.926000,1.10036,1.10034,10210000,7040000
2020-02-12 15:35:26.090000,1.10035,1.10034,1000000,7040000
2020-02-12 15:35:26.857000,1.10035,1.10033,8710000,7790000
2020-02-12 15:35:27.032000,1.10035,1.10034,8710000,7040000
2020-02-12 15:35:27.213000,1.10034,1.10033,1000000,7040000
2020-02-12 15:35:27.371000,1.10034,1.10033,1000000,7040000
2020-02-12 15:35:27.558000,1.10034,1.10032,1000000,8540000
2020-02-12 15:35:28.265000,1.10034,1.10033,9460000,7040000
2020-02-12 15:35:28.852000,1.10034,1.10032,9460000,7790000
2020-02-12 15:35:29.226000,1.10034,1.10032,1500000,7040000
2020-02-12 15:35:29.442000,1.10034,1.10032,9460000,7040000
2020-02-12 15:35:30.480000,1.10034,1.10032,8710000,7040000
2020-02-12 15:35:30.710000,1.10035,1.10034,7960000,1000000
2020-02-12 15:35:30.848000,1.10035,1.10034,7960000,7040000
2020-02-12 15:35:31.093000,1.10036,1.10035,1000000,7040000
2020-02-12 15:35:31.236000,1.10036,1.10033,1000000,8540000
2020-02-12 15:35:31.462000,1.10036,1.10034,1000000,7040000
2020-02-12 15:35:31.962000,1.10036,1.10035,8710000,7040000
2020-02-12 15:35:32.964000,1.10037,1.10035,7960000,7040000
2020-02-12 15:35:33.065000,1.10036,1.10035,1000000,7040000
2020-02-12 15:35:33.684000,1.10035,1.10034,1500000,7040000
2020-02-12 15:35:33.829000,1.10035,1.10034,9460000,7040000
2020-02-12 15:35:35.272000,1.10036,1.10034,9460000,7040000
2020-02-12 15:35:35.544000,1.10035,1.10033,1500000,7790000
2020-02-12 15:35:35.679000,1.10034,1.10033,1000000,7790000
2020-02-12 15:35:35.935000,1.10035,1.10033,9460000,7040000
2020-02-12 15:35:36.324000,1.10034,1.10033,1000000,7790000
2020-02-12 15:35:36.646000,1.10034,1.10032,1000000,8540000
2020-02-12 15:35:36.876000,1.10033,1.10032,1000000,7790000
2020-02-12 15:35:40.138000,1.10034,1.10032,9460000,7040000
2020-02-12 15:35:40.543000,1.10033,1.10032,1000000,7790000
2020-02-12 15:35:42.578000,1.10034,1.10032,9460000,7040000
2020-02-12 15:35:43.471000,1.10033,1.10032,1000000,7790000
2020-02-12 15:35:44.926000,1.10034,1.10032,1500000,7040000
2020-02-12 15:35:45.404000,1.10033,1.10032,1000000,7790000
2020-02-12 15:35:45.780000,1.10034,1.10033,1000000,7790000
2020-02-12 15:35:45.986000,1.10035,1.10033,1000000,7040000
2020-02-12 15:35:46.090000,1.10035,1.10034,1000000,7040000
2020-02-12 15:35:47.784000,1.10036,1.10034,9460000,7040000
2020-02-12 15:35:47.900000,1.10036,1.10035,8710000,7040000
2020-02-12 15:35:48.281000,1.10037,1.10036,9460000,7040000
2020-02-12 15:35:48.995000,1.10038,1.10036,9460000,7040000
2020-02-12 15:35:49.275000,1.10037,1.10036,1500000,7040000
2020-02-12 15:35:50.167000,1.10038,1.10036,9490000,7010000
2020-02-12 15:35:50.763000,1.10037,1.10036,1500000,7010000
2020-02-12 15:35:50.924000,1.10038,1.10036,9490000,7010000
2020-02-12 15:35:51.102000,1.10037,1.10036,1500000,7010000
2020-02-12 15:35:51.359000,1.10038,1.10036,9490000,7010000
2020-02-12 15:35:53.039000,1.10037,1.10036,1500000,7010000
2020-02-12 15:35:53.404000,1.10038,1.10036,9490000,7010000
2020-02-12 15:35:56.090000,1.10037,1.10035,9490000,7760000
2020-02-12 15:35:56.230000,1.10037,1.10036,9490000,7010000
2020-02-12 15:35:56.747000,1.10038,1.10036,1500000,7010000
2020-02-12 15:35:56.848000,1.10038,1.10037,1500000,7010000
2020-02-12 15:35:57.882000,1.10039,1.10037,9490000,7010000
2020-02-12 15:35:58.026000,1.10038,1.10036,1000000,8510000
2020-02-12 15:35:58.212000,1.10039,1.10037,9490000,7010000
2020-02-12 15:35:58.407000,1.10039,1.10038,7990000,7760000
2020-02-12 15:35:58.708000,1.10041,1.10039,7990000,1500000
2020-02-12 15:35:58.826000,1.1004,1.10039,7990000,1500000
2020-02-12 15:35:58.999000,1.10041,1.1004,1000000,7010000
2020-02-12 15:35:59.876000,1.10041,1.10039,1500000,1000000
2020-02-12 15:36:00.755000,1.10041,1.10039,1000000,1000000
2020-02-12 15:36:00.936000,1.10041,1.10039,1000000,1000000
2020-02-12 15:36:01.037000,1.10042,1.1004,8740000,1000000
2020-02-12 15:36:01.250000,1.10042,1.10041,1000000,7010000
2020-02-12 15:36:01.846000,1.10043,1.10041,1500000,7010000
2020-02-12 15:36:02.259000,1.10043,1.10041,9740000,7010000
2020-02-12 15:36:02.437000,1.10043,1.1004,9740000,7760000
2020-02-12 15:36:02.708000,1.10043,1.10041,2250000,7010000
2020-02-12 15:36:02.758000,1.10042,1.1004,9490000,7010000
2020-02-12 15:36:02.892000,1.10041,1.10039,8740000,7760000
2020-02-12 15:36:03.044000,1.1004,1.10038,1000000,8510000
2020-02-12 15:36:03.195000,1.1004,1.10039,8740000,7760000
2020-02-12 15:36:03.298000,1.10042,1.10041,8740000,7010000
2020-02-12 15:36:03.865000,1.10042,1.1004,8740000,7760000
2020-02-12 15:36:04.054000,1.10041,1.1004,7990000,7760000
2020-02-12 15:36:04.184000,1.10042,1.10041,7990000,1000000
2020-02-12 15:36:04.306000,1.10042,1.10041,8740000,7760000
2020-02-12 15:36:05.177000,1.10043,1.10041,9490000,7760000
2020-02-12 15:36:05.508000,1.10042,1.10041,1500000,7010000
2020-02-12 15:36:05.619000,1.10042,1.1004,9490000,7760000
2020-02-12 15:36:05.962000,1.10042,1.10041,8740000,1000000
2020-02-12 15:36:06.680000,1.10041,1.1004,7990000,7760000
2020-02-12 15:36:06.828000,1.10042,1.10041,8740000,1000000
2020-02-12 15:36:07.457000,1.10041,1.1004,1000000,7010000
2020-02-12 15:36:07.558000,1.1004,1.10039,1000000,7760000
2020-02-12 15:36:07.767000,1.10041,1.1004,8740000,7010000
2020-02-12 15:36:08.098000,1.10041,1.10039,1000000,1000000
2020-02-12 15:36:08.240000,1.1004,1.10039,8740000,7760000
2020-02-12 15:36:08.931000,1.1004,1.10038,8740000,8510000
2020-02-12 15:36:09.824000,1.10039,1.10038,1000000,7760000
2020-02-12 15:36:10.814000,1.1004,1.10038,8740000,7760000
2020-02-12 15:36:11.297000,1.10039,1.10038,7990000,7760000
2020-02-12 15:36:11.511000,1.1004,1.10038,8740000,7760000
2020-02-12 15:36:13.734000,1.10039,1.10038,1000000,7760000
2020-02-12 15:36:16.277000,1.10039,1.10037,7990000,8510000
2020-02-12 15:36:16.426000,1.10038,1.10036,9490000,7010000
2020-02-12 15:36:16.664000,1.10037,1.10036,7990000,1000000
2020-02-12 15:36:16.765000,1.10037,1.10035,8740000,7760000
2020-02-12 15:36:17.086000,1.10036,1.10035,1000000,7760000
2020-02-12 15:36:17.460000,1.10037,1.10036,9490000,7010000
2020-02-12 15:36:18.451000,1.10037,1.10035,9490000,1000000
2020-02-12 15:36:18.663000,1.10035,1.10033,1000000,7760000
2020-02-12 15:36:18.889000,1.10036,1.10034,1000000,7010000
2020-02-12 15:36:18.985000,1.10034,1.10033,1000000,7760000
2020-02-12 15:36:19.478000,1.10035,1.10033,9490000,7010000
2020-02-12 15:36:19.704000,1.10034,1.10033,1000000,7760000
2020-02-12 15:36:20.426000,1.10035,1.10033,9490000,7010000
2020-02-12 15:36:20.705000,1.10034,1.10033,1500000,7760000
2020-02-12 15:36:22.650000,1.10034,1.10032,1500000,7010000
2020-02-12 15:36:25.379000,1.10035,1.10032,9490000,7010000
2020-02-12 15:36:25.429000,1.10034,1.10032,1500000,7010000
2020-02-12 15:36:27.136000,1.10034,1.10032,1500000,7010000
2020-02-12 15:36:28.072000,1.10034,1.10032,1500000,7010000
2020-02-12 15:36:30.052000,1.10034,1.10031,9490000,7760000
2020-02-12 15:36:31.153000,1.10034,1.10032,9490000,7010000
2020-02-12 15:36:34.047000,1.10033,1.10032,1500000,7010000
2020-02-12 15:36:34.250000,1.10032,1.10031,1000000,7760000
2020-02-12 15:36:35.341000,1.10033,1.10031,1500000,7010000
2020-02-12 15:36:36.491000,1.10033,1.10031,1500000,7010000
2020-02-12 15:36:37.138000,1.10034,1.10032,8740000,7760000
2020-02-12 15:36:37.304000,1.10034,1.10033,1000000,7010000
2020-02-12 15:36:37.783000,1.10034,1.10032,1000000,7760000
2020-02-12 15:36:38.030000,1.10035,1.10033,1500000,7010000
2020-02-12 15:36:38.224000,1.10034,1.10032,1000000,7760000
2020-02-12 15:36:38.691000,1.10035,1.10033,1000000,7010000
2020-02-12 15:36:39.748000,1.10034,1.10033,1000000,7010000
2020-02-12 15:36:39.914000,1.10035,1.10033,1500000,7010000
2020-02-12 15:36:41.452000,1.10034,1.10033,1000000,7010000
2020-02-12 15:36:41.841000,1.10034,1.10032,1000000,7760000
2020-02-12 15:36:42.327000,1.10034,1.10033,1000000,7010000
2020-02-12 15:36:42.599000,1.10035,1.10033,7990000,7760000
2020-02-12 15:36:42.725000,1.10035,1.10034,7990000,1000000
2020-02-12 15:36:42.935000,1.10037,1.10035,1000000,7010000
2020-02-12 15:36:43.446000,1.10036,1.10034,1000000,7760000
2020-02-12 15:36:44.404000,1.10037,1.10035,1000000,7010000
2020-02-12 15:36:44.578000,1.10036,1.10034,1000000,7760000
2020-02-12 15:36:45.014000,1.10037,1.10035,1500000,7010000
2020-02-12 15:36:47.327000,1.10036,1.10034,1000000,7760000
2020-02-12 15:36:48.250000,1.10037,1.10035,1500000,7010000
2020-02-12 15:36:49.322000,1.10037,1.10035,1500000,7010000
2020-02-12 15:36:51.694000,1.10038,1.10036,9490000,7010000
2020-02-12 15:36:52.955000,1.10039,1.10038,8740000,1000000
2020-02-12 15:36:53.312000,1.10041,1.10039,8740000,7010000
2020-02-12 15:36:53.495000,1.10042,1.1004,10240000,7010000
2020-02-12 15:36:53.886000,1.10041,1.1004,1000000,7010000
2020-02-12 15:36:56.230000,1.1004,1.10039,1000000,7010000
2020-02-12 15:36:56.430000,1.1004,1.10038,1500000,7760000
2020-02-12 15:36:57.538000,1.10041,1.10039,7990000,7010000
2020-02-12 15:36:57.639000,1.10042,1.10039,10240000,7010000
2020-02-12 15:36:58.401000,1.1004,1.10039,1000000,7010000
2020-02-12 15:36:58.635000,1.1004,1.10039,1000000,7010000
2020-02-12 15:36:59.350000,1.10041,1.10039,8740000,7010000
2020-02-12 15:36:59.533000,1.1004,1.10039,1000000,7010000
2020-02-12 15:36:59.979000,1.10041,1.10039,8740000,7010000
2020-02-12 15:37:00.142000,1.10043,1.10041,9490000,7010000
2020-02-12 15:37:01.244000,1.10043,1.10042,8740000,7010000
2020-02-12 15:37:01.364000,1.10044,1.10042,9490000,7010000
2020-02-12 15:37:01.608000,1.10043,1.10042,1000000,7010000
2020-02-12 15:37:02.577000,1.10043,1.10041,1000000,7760000
2020-02-12 15:37:03.252000,1.10042,1.1004,1000000,7760000
2020-02-12 15:37:03.352000,1.1004,1.10038,1000000,7010000
2020-02-12 15:37:03.453000,1.10039,1.10038,1000000,7010000
2020-02-12 15:37:03.588000,1.10039,1.10038,1000000,7010000
2020-02-12 15:37:04.056000,1.10039,1.10037,1500000,7010000
2020-02-12 15:37:04.157000,1.1004,1.10037,1000000,7760000
2020-02-12 15:37:04.258000,1.10039,1.10038,1000000,7010000
2020-02-12 15:37:04.392000,1.10038,1.10036,9490000,7010000
2020-02-12 15:37:04.556000,1.10037,1.10036,1000000,7010000
2020-02-12 15:37:05.335000,1.10037,1.10035,1000000,7760000
2020-02-12 15:37:05.527000,1.10037,1.10036,1000000,7010000
2020-02-12 15:37:12.196000,1.10039,1.10038,7990000,1000000
2020-02-12 15:37:12.296000,1.10041,1.1004,9490000,7010000
2020-02-12 15:37:12.428000,1.1004,1.10039,1000000,11510000
2020-02-12 15:37:12.584000,1.1004,1.10039,1000000,11510000
2020-02-12 15:37:12.712000,1.10041,1.1004,7990000,1500000
2020-02-12 15:37:12.850000,1.10043,1.10041,1500000,7010000
2020-02-12 15:37:13.463000,1.10044,1.10042,1500000,7010000
2020-02-12 15:37:13.694000,1.10043,1.10042,1500000,7010000
2020-02-12 15:37:14.798000,1.10043,1.10041,1500000,7760000
2020-02-12 15:37:15.107000,1.10043,1.10042,9490000,7010000
2020-02-12 15:37:15.208000,1.10043,1.10041,9490000,7760000
2020-02-12 15:37:16.106000,1.10042,1.10041,1500000,7010000
2020-02-12 15:37:16.337000,1.10042,1.1004,9490000,7010000
2020-02-12 15:37:16.734000,1.10042,1.10041,1000000,7010000
2020-02-12 15:37:16.932000,1.10043,1.10041,9490000,7010000
2020-02-12 15:37:17.311000,1.10043,1.10041,9490000,7010000
2020-02-12 15:37:17.481000,1.10044,1.10042,8740000,7010000
2020-02-12 15:37:17.600000,1.10044,1.10042,8740000,7010000
2020-02-12 15:37:18.573000,1.10044,1.10042,8740000,7010000
2020-02-12 15:37:19.393000,1.10044,1.10042,1000000,7760000
2020-02-12 15:37:19.786000,1.10043,1.10042,1000000,7760000
2020-02-12 15:37:19.964000,1.10043,1.10041,1000000,7760000
2020-02-12 15:37:20.166000,1.10043,1.10042,1000000,7010000
2020-02-12 15:37:20.432000,1.10044,1.10042,8740000,7010000
2020-02-12 15:37:21.730000,1.10043,1.10042,1000000,7010000
2020-02-12 15:37:22.244000,1.10044,1.10042,8740000,7010000
2020-02-12 15:37:22.432000,1.10043,1.10042,1000000,7010000
2020-02-12 15:37:22.916000,1.10043,1.10041,1000000,1000000
2020-02-12 15:37:23.438000,1.10043,1.10042,1500000,7010000
2020-02-12 15:37:23.868000,1.10043,1.10041,1500000,7760000
2020-02-12 15:37:24.102000,1.10043,1.10042,9490000,7010000
2020-02-12 15:37:25.506000,1.10044,1.10042,9490000,7010000
2020-02-12 15:37:25.622000,1.10044,1.10042,1500000,7010000
2020-02-12 15:37:25.835000,1.10044,1.10042,1500000,7010000
2020-02-12 15:37:26.516000,1.10044,1.10042,1500000,7010000
2020-02-12 15:37:27.562000,1.10044,1.10042,9490000,7760000
2020-02-12 15:37:27.950000,1.10043,1.10042,1000000,7010000
2020-02-12 15:37:28.912000,1.10044,1.10042,1500000,7010000
2020-02-12 15:37:29.374000,1.10044,1.10043,1500000,7010000
2020-02-12 15:37:32.384000,1.10045,1.10043,8740000,7760000
2020-02-12 15:37:32.485000,1.10045,1.10044,7990000,7010000
2020-02-12 15:37:32.643000,1.10046,1.10043,1500000,8510000
2020-02-12 15:37:33.246000,1.10046,1.10045,1500000,7010000
2020-02-12 15:37:36.233000,1.10046,1.10044,1500000,7010000
2020-02-12 15:37:36.348000,1.10046,1.10044,9490000,7010000
2020-02-12 15:37:36.872000,1.10046,1.10044,1000000,7010000
2020-02-12 15:37:37.008000,1.10046,1.10045,1000000,7010000
2020-02-12 15:37:37.744000,1.10046,1.10044,1000000,7010000
2020-02-12 15:37:38.596000,1.10047,1.10044,9490000,7010000
2020-02-12 15:37:38.721000,1.10045,1.10044,1000000,7010000
2020-02-12 15:37:38.872000,1.10045,1.10043,8740000,7010000
2020-02-12 15:37:39.051000,1.10045,1.10044,1000000,7010000
2020-02-12 15:37:39.152000,1.10044,1.10043,1000000,7010000
2020-02-12 15:37:39.253000,1.10045,1.10043,9490000,7010000
2020-02-12 15:37:39.712000,1.10044,1.10043,1000000,7010000
2020-02-12 15:37:39.847000,1.10045,1.10044,1500000,7010000
2020-02-12 15:37:41.742000,1.10046,1.10044,1500000,7010000
2020-02-12 15:37:42.206000,1.10045,1.10044,1500000,7760000
2020-02-12 15:37:42.630000,1.10044,1.10043,1000000,7010000
2020-02-12 15:37:44.070000,1.10044,1.10042,1000000,8510000
2020-02-12 15:37:45.638000,1.10044,1.10043,1000000,7010000
2020-02-12 15:37:45.968000,1.10044,1.10042,1000000,7760000
2020-02-12 15:37:46.527000,1.10044,1.10043,1000000,7010000
2020-02-12 15:37:46.862000,1.10044,1.10042,1000000,7760000
2020-02-12 15:37:47.907000,1.10043,1.10042,1000000,7010000
2020-02-12 15:37:48.023000,1.10042,1.10041,1000000,7010000
2020-02-12 15:37:48.158000,1.10042,1.10041,7990000,7010000
2020-02-12 15:37:48.353000,1.10043,1.10041,9490000,7010000
2020-02-12 15:37:50.003000,1.10043,1.10041,9490000,7010000
2020-02-12 15:37:50.147000,1.10043,1.1004,9490000,8510000
2020-02-12 15:37:51.115000,1.10043,1.10041,9490000,7010000
2020-02-12 15:37:51.477000,1.10043,1.10041,9490000,7010000
2020-02-12 15:37:52.313000,1.10044,1.10042,10240000,7010000
2020-02-12 15:37:52.504000,1.10043,1.10041,9490000,7010000
2020-02-12 15:37:52.730000,1.10042,1.10041,1000000,7010000
2020-02-12 15:37:53.435000,1.10042,1.10041,1000000,7010000
2020-02-12 15:37:54.070000,1.10042,1.1004,1000000,7760000
2020-02-12 15:37:55.460000,1.10042,1.10041,8740000,7010000
2020-02-12 15:37:55.732000,1.10042,1.1004,8740000,7760000
2020-02-12 15:37:56.194000,1.10042,1.10041,8740000,7010000
2020-02-12 15:37:56.415000,1.10042,1.1004,8740000,7760000
2020-02-12 15:37:56.830000,1.10041,1.1004,1000000,7760000
2020-02-12 15:37:57.397000,1.1004,1.10039,8700000,7010000
2020-02-12 15:37:57.448000,1.10039,1.10037,1500000,7010000
2020-02-12 15:37:57.584000,1.10038,1.10037,1000000,7010000
2020-02-12 15:37:58.272000,1.10039,1.10037,9490000,7010000
2020-02-12 15:37:58.425000,1.1004,1.10039,7990000,1000000
2020-02-12 15:37:58.535000,1.10039,1.10038,7990000,7010000
2020-02-12 15:37:58.622000,1.10042,1.1004,1000000,15260000
2020-02-12 15:37:59.295000,1.10043,1.10041,1000000,7760000
2020-02-12 15:37:59.510000,1.10043,1.10042,1000000,7010000
2020-02-12 15:37:59.698000,1.10044,1.10042,9490000,7010000
2020-02-12 15:38:00.045000,1.10043,1.10041,1000000,7760000
2020-02-12 15:38:00.535000,1.10043,1.10042,1000000,7010000
2020-02-12 15:38:01.144000,1.10043,1.10041,1500000,7760000
2020-02-12 15:38:01.371000,1.10043,1.10042,1500000,7010000
2020-02-12 15:38:01.587000,1.10043,1.10041,1500000,1000000
2020-02-12 15:38:01.648000,1.10042,1.1004,1000000,7760000
2020-02-12 15:38:01.698000,1.10043,1.1004,9820000,7010000
2020-02-12 15:38:01.804000,1.10041,1.10038,7990000,7010000
2020-02-12 15:38:01.905000,1.1004,1.10037,16200001,7010000
2020-02-12 15:38:02.200000,1.10037,1.10036,1000000,7760000
2020-02-12 15:38:04.951000,1.10038,1.10036,8740000,7010000
2020-02-12 15:38:05.230000,1.10037,1.10036,1000000,1000000
2020-02-12 15:38:05.891000,1.10038,1.10036,8740000,7010000
2020-02-12 15:38:06.172000,1.10037,1.10035,1000000,7010000
2020-02-12 15:38:06.382000,1.10037,1.10036,1000000,7010000
2020-02-12 15:38:13.371000,1.10038,1.10036,9490000,7010000
2020-02-12 15:38:13.490000,1.10037,1.10035,1000000,7010000
2020-02-12 15:38:14.408000,1.10038,1.10036,9490000,7010000
2020-02-12 15:38:14.999000,1.10038,1.10037,7990000,7010000
2020-02-12 15:38:15.049000,1.1004,1.10038,7990000,11510000
2020-02-12 15:38:15.150000,1.10041,1.10039,9490000,11510000
2020-02-12 15:38:15.358000,1.10041,1.1004,1500000,7010000
2020-02-12 15:38:15.532000,1.10041,1.10039,9490000,11510000
2020-02-12 15:38:15.995000,1.1004,1.10039,1500000,7010000
2020-02-12 15:38:16.130000,1.10039,1.10038,1000000,7010000
2020-02-12 15:38:16.181000,1.10041,1.10039,9490000,7010000
2020-02-12 15:38:16.287000,1.1004,1.10039,1000000,7010000
2020-02-12 15:38:16.388000,1.10041,1.10039,8740000,7010000
2020-02-12 15:38:17.273000,1.1004,1.10038,1000000,7010000
2020-02-12 15:38:17.386000,1.1004,1.10038,8740000,7010000
2020-02-12 15:38:17.654000,1.1004,1.10038,8740000,7010000
2020-02-12 15:38:17.832000,1.1004,1.10038,7990000,7760000
2020-02-12 15:38:17.970000,1.10041,1.10039,9490000,7010000
2020-02-12 15:38:18.295000,1.10041,1.1004,8740000,7010000
2020-02-12 15:38:19.586000,1.10042,1.1004,9490000,7010000
2020-02-12 15:38:19.701000,1.10041,1.1004,1000000,7010000
2020-02-12 15:38:19.852000,1.10043,1.10041,9490000,7010000
2020-02-12 15:38:19.964000,1.10043,1.10042,7990000,1000000
2020-02-12 15:38:20.165000,1.10044,1.10042,9490000,7760000
2020-02-12 15:38:20.451000,1.10044,1.10043,8740000,1000000
2020-02-12 15:38:20.654000,1.10045,1.10043,9490000,7760000
2020-02-12 15:38:20.968000,1.10044,1.10043,1000000,7760000
2020-02-12 15:38:22.731000,1.10044,1.10042,1000000,7010000
2020-02-12 15:38:22.899000,1.10043,1.10042,8740000,7010000
2020-02-12 15:38:24.838000,1.10044,1.10042,10240000,7760000
2020-02-12 15:38:24.986000,1.10043,1.10042,7990000,7760000
2020-02-12 15:38:25.320000,1.10044,1.10042,10240000,7760000
2020-02-12 15:38:25.461000,1.10043,1.10042,7990000,7760000
2020-02-12 15:38:26.159000,1.10044,1.10042,10240000,7760000
2020-02-12 15:38:26.342000,1.10043,1.10042,7990000,7760000
2020-02-12 15:38:26.485000,1.10042,1.10041,7990000,7760000
2020-02-12 15:38:26.675000,1.10043,1.10042,7990000,1000000
2020-02-12 15:38:26.978000,1.10042,1.10041,7990000,7760000
2020-02-12 15:38:27.089000,1.10043,1.10042,7990000,1000000
2020-02-12 15:38:28.109000,1.10043,1.10041,8740000,7760000
2020-02-12 15:38:28.331000,1.10042,1.10041,7990000,7760000
2020-02-12 15:38:28.809000,1.10043,1.10041,9490000,7010000
2020-02-12 15:38:29.071000,1.10042,1.10041,7990000,7760000
2020-02-12 15:38:29.321000,1.10043,1.10041,9490000,7760000
2020-02-12 15:38:30.120000,1.10043,1.10041,9490000,7010000
2020-02-12 15:38:30.361000,1.10042,1.10041,1000000,7760000
2020-02-12 15:38:30.574000,1.10042,1.10041,7990000,7760000
2020-02-12 15:38:30.952000,1.10043,1.10041,9490000,7760000
2020-02-12 15:38:31.352000,1.10043,1.10041,9490000,7010000
2020-02-12 15:38:31.914000,1.10043,1.10041,9490000,7760000
2020-02-12 15:38:32.611000,1.10042,1.10041,7990000,7760000
2020-02-12 15:38:33.015000,1.10043,1.10041,1500000,1000000
2020-02-12 15:38:33.695000,1.10043,1.10041,9490000,7010000
2020-02-12 15:38:34.072000,1.10042,1.10041,1000000,7760000
2020-02-12 15:38:34.250000,1.10043,1.10041,9490000,7010000
2020-02-12 15:38:34.495000,1.10043,1.10041,9490000,7760000
2020-02-12 15:38:34.780000,1.10042,1.10041,7990000,7760000
2020-02-12 15:38:35.095000,1.10043,1.10041,9490000,7010000
2020-02-12 15:38:37.309000,1.10043,1.10041,1500000,7760000
2020-02-12 15:38:39.363000,1.10043,1.10042,1000000,7010000
2020-02-12 15:38:40.384000,1.10042,1.10041,7990000,8510000
2020-02-12 15:38:40.629000,1.10043,1.10042,8740000,7010000
2020-02-12 15:38:41.950000,1.10042,1.10041,7990000,8510000
2020-02-12 15:38:42.450000,1.10043,1.10042,1000000,7010000
2020-02-12 15:38:48.737000,1.10044,1.10042,1500000,7760000
2020-02-12 15:38:49.212000,1.10045,1.10043,9490000,7010000
2020-02-12 15:38:49.491000,1.10044,1.10043,1500000,7010000
2020-02-12 15:38:49.631000,1.10044,1.10042,1500000,7760000
2020-02-12 15:38:50.829000,1.10044,1.10043,1000000,7010000
2020-02-12 15:38:56.473000,1.10044,1.10042,1500000,8510000
2020-02-12 15:38:57.712000,1.10044,1.10043,1000000,1000000
2020-02-12 15:38:57.763000,1.10046,1.10045,9490000,7010000
2020-02-12 15:38:58.125000,1.10046,1.10044,9490000,7760000
2020-02-12 15:38:58.950000,1.10045,1.10044,7990000,1000000
2020-02-12 15:38:59.077000,1.10045,1.10043,8990000,8510000
2020-02-12 15:39:02.136000,1.10045,1.10044,8740000,7760000
2020-02-12 15:39:02.746000,1.10046,1.10045,8740000,1000000
2020-02-12 15:39:03.005000,1.10047,1.10046,9490000,7010000
2020-02-12 15:39:03.356000,1.10047,1.10045,9490000,7760000
2020-02-12 15:39:03.642000,1.10046,1.10045,1000000,7760000
2020-02-12 15:39:03.860000,1.10045,1.10044,8740000,7760000
2020-02-12 15:39:04.217000,1.10046,1.10045,8740000,7010000
2020-02-12 15:39:04.330000,1.10045,1.10044,1000000,7760000
2020-02-12 15:39:04.676000,1.10045,1.10044,1000000,7760000
2020-02-12 15:39:05.928000,1.10045,1.10043,1000000,8510000
2020-02-12 15:39:05.979000,1.10046,1.10044,7990000,7760000
2020-02-12 15:39:06.266000,1.10045,1.10044,1000000,7010000
2020-02-12 15:39:07.368000,1.10045,1.10043,7990000,8510000
2020-02-12 15:39:07.809000,1.10045,1.10044,1000000,7010000
2020-02-12 15:39:07.975000,1.10045,1.10043,1000000,8510000
2020-02-12 15:39:08.181000,1.10044,1.10043,1000000,1500000
2020-02-12 15:39:08.918000,1.10045,1.10044,9490000,7010000
2020-02-12 15:39:09.051000,1.10044,1.10043,1000000,8510000
2020-02-12 15:39:09.926000,1.10045,1.10044,9490000,7010000
2020-02-12 15:39:10.117000,1.10044,1.10043,1000000,8510000
2020-02-12 15:39:12.199000,1.10045,1.10043,1500000,8510000
2020-02-12 15:39:12.394000,1.10045,1.10044,1500000,7010000
2020-02-12 15:39:13.216000,1.10045,1.10043,9490000,8510000
2020-02-12 15:39:13.409000,1.10044,1.10043,1000000,8510000
2020-02-12 15:39:15.021000,1.10045,1.10044,9490000,7010000
2020-02-12 15:39:15.731000,1.10045,1.10043,9490000,7760000
2020-02-12 15:39:17.557000,1.10044,1.10043,1000000,7760000
2020-02-12 15:39:17.835000,1.10043,1.10042,1000000,7760000
2020-02-12 15:39:18.058000,1.10043,1.10041,1000000,8510000
2020-02-12 15:39:18.224000,1.10043,1.10041,10240000,7760000
2020-02-12 15:39:18.396000,1.10042,1.10041,7990000,7760000
2020-02-12 15:39:18.855000,1.10043,1.10041,10240000,7010000
2020-02-12 15:39:20.737000,1.10044,1.10042,9490000,7010000
2020-02-12 15:39:21.192000,1.10043,1.10042,1500000,7010000
2020-02-12 15:39:21.357000,1.10044,1.10042,9490000,7010000
2020-02-12 15:39:21.465000,1.10043,1.10042,1500000,7010000
2020-02-12 15:39:21.817000,1.10044,1.10042,9490000,7010000
2020-02-12 15:39:22.803000,1.10044,1.10043,1500000,7010000
2020-02-12 15:39:27.594000,1.10044,1.10042,9490000,7760000
2020-02-12 15:39:27.770000,1.10044,1.10043,8740000,7010000
2020-02-12 15:39:28.787000,1.10044,1.10042,8740000,7760000
2020-02-12 15:39:29.422000,1.10044,1.10043,8740000,7010000
2020-02-12 15:39:29.538000,1.10044,1.10042,8740000,7760000
2020-02-12 15:39:29.765000,1.10044,1.10043,8740000,7010000
2020-02-12 15:39:31.286000,1.10043,1.10042,7990000,7760000
2020-02-12 15:39:31.732000,1.10044,1.10043,1500000,7010000
2020-02-12 15:39:31.833000,1.10043,1.10042,1000000,7760000
2020-02-12 15:39:32.039000,1.10043,1.10042,8740000,1000000
2020-02-12 15:39:34.131000,1.10042,1.10041,7990000,7760000
2020-02-12 15:39:34.920000,1.10043,1.10042,8740000,1000000
2020-02-12 15:39:36.256000,1.10042,1.10041,1000000,7760000
2020-02-12 15:39:36.358000,1.10042,1.10041,7990000,7010000
2020-02-12 15:39:39.186000,1.10043,1.10041,9490000,7010000
2020-02-12 15:39:39.358000,1.10042,1.10041,7990000,7010000
2020-02-12 15:39:39.606000,1.10042,1.1004,8740000,7760000
2020-02-12 15:39:39.752000,1.10042,1.10041,7990000,7010000
2020-02-12 15:39:40.167000,1.10043,1.10041,9490000,7010000
2020-02-12 15:39:40.274000,1.10042,1.10041,7990000,7010000
2020-02-12 15:39:40.391000,1.10043,1.10041,9490000,7010000
2020-02-12 15:39:40.610000,1.10042,1.10041,7990000,7010000
2020-02-12 15:39:40.889000,1.10043,1.10041,9490000,7010000
2020-02-12 15:39:41.502000,1.10042,1.10041,7990000,7010000
2020-02-12 15:39:42.305000,1.10043,1.10041,9490000,7010000
2020-02-12 15:39:42.433000,1.10043,1.10041,9490000,7010000
2020-02-12 15:39:42.539000,1.10042,1.10041,7990000,7010000
2020-02-12 15:39:42.939000,1.10043,1.10041,9490000,7010000
2020-02-12 15:39:43.038000,1.10042,1.1004,1000000,7760000
2020-02-12 15:39:43.189000,1.10041,1.1004,9490000,7010000
2020-02-12 15:39:43.290000,1.1004,1.10039,7990000,7760000
2020-02-12 15:39:43.699000,1.10041,1.10039,9490000,7760000
2020-02-12 15:39:44.459000,1.10041,1.1004,1500000,7010000
2020-02-12 15:39:44.611000,1.10041,1.10039,1500000,7760000
2020-02-12 15:39:44.850000,1.1004,1.10039,7990000,7760000
2020-02-12 15:39:45.143000,1.10041,1.10039,9490000,7760000
2020-02-12 15:39:46.946000,1.1004,1.10039,7990000,7760000
2020-02-12 15:39:47.758000,1.10041,1.1004,1500000,7010000
2020-02-12 15:39:49.383000,1.10041,1.10039,9490000,7760000
2020-02-12 15:39:50.887000,1.10042,1.1004,8740000,1000000
2020-02-12 15:39:50.994000,1.10042,1.10041,7990000,7760000
2020-02-12 15:39:51.170000,1.10043,1.10041,10240000,7760000
2020-02-12 15:39:51.385000,1.10042,1.10041,7990000,7760000
2020-02-12 15:39:51.495000,1.10043,1.10041,9490000,7760000
2020-02-12 15:39:51.948000,1.10043,1.10042,9490000,7010000
2020-02-12 15:39:53.587000,1.10044,1.10042,9490000,7760000
2020-02-12 15:39:53.742000,1.10044,1.10042,9490000,7010000
2020-02-12 15:39:53.843000,1.10043,1.10042,7990000,7760000
2020-02-12 15:39:53.982000,1.10044,1.10042,1500000,1000000
2020-02-12 15:39:54.166000,1.10043,1.10042,7990000,7760000
2020-02-12 15:39:54.345000,1.10044,1.10042,9490000,7760000
2020-02-12 15:39:54.472000,1.10043,1.10042,1000000,7760000
2020-02-12 15:39:55.999000,1.10044,1.10042,9490000,7760000
2020-02-12 15:39:56.268000,1.10043,1.10042,7990000,7760000
2020-02-12 15:39:56.382000,1.10044,1.10042,9490000,7760000
2020-02-12 15:39:56.519000,1.10044,1.10043,9490000,7010000
2020-02-12 15:39:56.723000,1.10044,1.10042,9490000,7760000
2020-02-12 15:39:56.878000,1.10044,1.10043,9490000,7010000
2020-02-12 15:39:57.051000,1.10044,1.10042,9490000,7760000
2020-02-12 15:39:57.314000,1.10044,1.10043,9490000,7010000
2020-02-12 15:39:58.296000,1.10045,1.10043,9490000,7010000
2020-02-12 15:39:58.484000,1.10044,1.10043,1000000,7010000
2020-02-12 15:39:59.127000,1.10046,1.10044,7990000,8510000
2020-02-12 15:39:59.247000,1.10047,1.10046,8740000,1000000
2020-02-12 15:40:01.886000,1.10046,1.10045,7990000,7760000
2020-02-12 15:40:01.987000,1.10047,1.10046,8740000,7760000
2020-02-12 15:40:02.643000,1.10046,1.10045,7990000,7760000
2020-02-12 15:40:03.127000,1.10047,1.10046,8740000,1000000
2020-02-12 15:40:04.116000,1.10046,1.10045,7990000,7760000
2020-02-12 15:40:04.966000,1.10047,1.10046,8740000,1000000
2020-02-12 15:40:05.150000,1.10046,1.10045,1000000,7760000
2020-02-12 15:40:05.270000,1.10047,1.10046,8740000,1000000
2020-02-12 15:40:06.773000,1.10047,1.10045,8990000,7760000
2020-02-12 15:40:07.729000,1.10048,1.10045,7990000,10350000
2020-02-12 15:40:07.903000,1.10049,1.10048,8740000,42709999
2020-02-12 15:40:10.617000,1.1005,1.10048,9490000,1000000
2020-02-12 15:40:10.768000,1.1005,1.10049,7990000,7010000
2020-02-12 15:40:10.883000,1.1005,1.10049,9490000,7010000
2020-02-12 15:40:11.021000,1.10048,1.10047,7990000,7760000
2020-02-12 15:40:11.234000,1.10049,1.10048,9490000,7010000
2020-02-12 15:40:11.336000,1.10049,1.10047,9490000,7760000
2020-02-12 15:40:11.752000,1.10048,1.10046,1000000,8510000
2020-02-12 15:40:11.857000,1.10049,1.10047,9490000,7010000
2020-02-12 15:40:12.013000,1.10048,1.10047,7990000,1000000
2020-02-12 15:40:12.203000,1.10049,1.10047,9490000,7760000
2020-02-12 15:40:12.462000,1.10048,1.10047,7990000,7760000
2020-02-12 15:40:12.683000,1.10049,1.10047,9490000,7760000
2020-02-12 15:40:15.061000,1.10049,1.10048,8740000,7010000
2020-02-12 15:40:17.025000,1.10048,1.10047,1000000,7010000
2020-02-12 15:40:17.355000,1.10048,1.10047,8740000,7010000
2020-02-12 15:40:21.193000,1.10049,1.10047,9490000,7010000
2020-02-12 15:40:21.351000,1.10048,1.10047,1000000,7760000
2020-02-12 15:40:21.759000,1.10049,1.10047,9490000,7010000
2020-02-12 15:40:21.866000,1.10048,1.10047,8740000,7760000
2020-02-12 15:40:22.341000,1.10049,1.10048,8740000,7010000
2020-02-12 15:40:23.661000,1.10049,1.10047,8740000,8510000
2020-02-12 15:40:24.041000,1.10048,1.10047,1500000,7010000
2020-02-12 15:40:24.161000,1.10048,1.10046,8740000,8510000
2020-02-12 15:40:24.321000,1.10048,1.10047,8740000,7010000
2020-02-12 15:40:25.553000,1.10049,1.10047,9490000,7010000
2020-02-12 15:40:26.110000,1.10048,1.10047,1000000,7010000
2020-02-12 15:40:26.305000,1.10048,1.10046,1000000,8510000
2020-02-12 15:40:26.546000,1.10048,1.10047,1000000,7010000
2020-02-12 15:40:27.082000,1.10047,1.10046,1000000,7010000
2020-02-12 15:40:27.320000,1.10046,1.10044,8740000,7760000
2020-02-12 15:40:27.626000,1.10045,1.10044,1000000,7010000
2020-02-12 15:40:27.804000,1.10045,1.10043,8740000,9260000
2020-02-12 15:40:28.401000,1.10045,1.10044,8740000,7010000
2020-02-12 15:40:28.927000,1.10045,1.10043,8740000,9260000
2020-02-12 15:40:29.349000,1.10045,1.10044,8740000,7010000
2020-02-12 15:40:29.915000,1.10046,1.10045,8740000,7010000
2020-02-12 15:40:30.020000,1.10045,1.10044,1000000,7760000
2020-02-12 15:40:30.213000,1.10046,1.10045,1000000,7010000
2020-02-12 15:40:31.221000,1.10045,1.10044,1000000,7760000
2020-02-12 15:40:33.142000,1.10046,1.10044,8740000,7760000
2020-02-12 15:40:33.252000,1.10045,1.10044,1000000,7010000
2020-02-12 15:40:33.549000,1.10045,1.10043,8740000,7760000
2020-02-12 15:40:34.260000,1.10045,1.10044,8740000,7010000
2020-02-12 15:40:34.489000,1.10045,1.10043,8740000,7760000
2020-02-12 15:40:34.714000,1.10045,1.10044,8740000,7010000
2020-02-12 15:40:35.527000,1.10047,1.10045,7990000,8470000
2020-02-12 15:40:35.851000,1.10049,1.10047,9490000,7010000
2020-02-12 15:40:36.070000,1.10048,1.10047,1000000,7010000
2020-02-12 15:40:36.303000,1.10049,1.10047,9490000,7010000
2020-02-12 15:40:36.657000,1.10048,1.10047,7990000,7010000
2020-02-12 15:40:37.487000,1.10049,1.10047,9490000,7010000
2020-02-12 15:40:38.166000,1.10048,1.10047,7990000,7010000
2020-02-12 15:40:38.329000,1.10047,1.10046,1000000,7010000
2020-02-12 15:40:38.511000,1.10047,1.10045,9490000,7010000
2020-02-12 15:40:38.637000,1.10046,1.10044,8740000,8510000
2020-02-12 15:40:38.942000,1.10047,1.10044,9490000,9260000
2020-02-12 15:40:39.124000,1.10047,1.10045,9490000,7010000
2020-02-12 15:40:39.552000,1.10047,1.10046,9490000,7010000
2020-02-12 15:40:40.541000,1.10046,1.10045,1000000,7010000
2020-02-12 15:40:40.642000,1.10047,1.10044,1500000,9260000
2020-02-12 15:40:40.771000,1.10047,1.10045,7990000,8510000
2020-02-12 15:40:40.990000,1.10047,1.10046,7990000,7010000
2020-02-12 15:40:41.954000,1.10047,1.10045,7990000,8510000
2020-02-12 15:40:42.600000,1.10047,1.10046,7990000,7010000
2020-02-12 15:40:43.315000,1.10048,1.10046,7990000,8510000
2020-02-12 15:40:43.440000,1.10048,1.10047,7990000,7010000
2020-02-12 15:40:43.571000,1.10049,1.10047,9490000,7010000
2020-02-12 15:40:43.917000,1.10049,1.10047,9490000,7010000
2020-02-12 15:40:46.349000,1.1005,1.10048,9490000,7010000
2020-02-12 15:40:46.472000,1.10049,1.10048,1500000,7010000
2020-02-12 15:40:46.686000,1.10049,1.10047,8740000,7010000
2020-02-12 15:40:47.339000,1.10049,1.10047,9490000,7010000
2020-02-12 15:40:47.799000,1.10049,1.10047,9490000,7010000
2020-02-12 15:40:48.583000,1.10049,1.10047,9490000,7010000
2020-02-12 15:40:49.001000,1.10049,1.10047,9490000,7010000
2020-02-12 15:40:49.220000,1.10049,1.10047,9490000,7010000
2020-02-12 15:40:51.622000,1.10048,1.10047,7990000,7010000
2020-02-12 15:40:52.948000,1.10049,1.10047,9490000,7010000
2020-02-12 15:40:53.297000,1.10048,1.10046,1000000,8510000
2020-02-12 15:40:53.360000,1.10049,1.10047,8740000,7010000
2020-02-12 15:40:53.470000,1.10048,1.10046,10990000,7010000
2020-02-12 15:40:53.521000,1.10047,1.10046,8740000,7010000
2020-02-12 15:40:53.791000,1.10046,1.10045,1000000,1000000
2020-02-12 15:40:54.677000,1.10047,1.10045,8740000,1000000
2020-02-12 15:40:55.077000,1.10046,1.10045,1000000,1000000
2020-02-12 15:40:57.171000,1.10045,1.10044,1000000,7760000
2020-02-12 15:40:59.567000,1.10045,1.10044,8740000,7760000
2020-02-12 15:40:59.723000,1.10045,1.10043,1000000,7760000
2020-02-12 15:40:59.824000,1.10044,1.10043,7990000,7760000
2020-02-12 15:41:00.026000,1.10045,1.10044,8740000,7010000
2020-02-12 15:41:00.188000,1.10045,1.10043,8740000,7760000
2020-02-12 15:41:00.629000,1.10044,1.10043,7990000,7760000
2020-02-12 15:41:00.822000,1.10045,1.10044,8740000,7010000
2020-02-12 15:41:00.946000,1.10045,1.10043,8740000,7760000
2020-02-12 15:41:01.146000,1.10044,1.10043,7990000,7760000
2020-02-12 15:41:03.143000,1.10045,1.10043,8740000,7760000
2020-02-12 15:41:04.221000,1.10045,1.10044,8740000,7010000
2020-02-12 15:41:06.890000,1.10045,1.10043,1000000,8510000
2020-02-12 15:41:07.147000,1.10044,1.10043,1000000,7760000
2020-02-12 15:41:10.374000,1.10045,1.10044,8740000,7010000
2020-02-12 15:41:10.618000,1.10044,1.10043,8740000,7760000
2020-02-12 15:41:10.894000,1.10045,1.10044,1000000,7010000
2020-02-12 15:41:11.030000,1.10044,1.10043,8740000,7760000
2020-02-12 15:41:11.628000,1.10044,1.10042,1500000,7760000
2020-02-12 15:41:13.863000,1.10043,1.10042,1000000,7010000
2020-02-12 15:41:14.141000,1.10043,1.1004,1000000,8510000
2020-02-12 15:41:14.402000,1.10042,1.10041,7990000,7010000
2020-02-12 15:41:14.732000,1.10043,1.10041,8740000,7010000
2020-02-12 15:41:15.065000,1.1004,1.10038,1500000,7760000
2020-02-12 15:41:15.176000,1.10039,1.10038,1000000,7760000
2020-02-12 15:41:15.425000,1.10039,1.10037,9490000,7760000
2020-02-12 15:41:15.721000,1.10039,1.10038,9490000,7010000
2020-02-12 15:41:16.052000,1.10038,1.10037,7990000,7760000
2020-02-12 15:41:16.436000,1.10039,1.10037,1500000,7760000
2020-02-12 15:41:17.603000,1.1004,1.10038,9490000,7010000
2020-02-12 15:41:18.140000,1.10037,1.10035,1000000,1000000
2020-02-12 15:41:18.191000,1.10038,1.10036,9490000,7010000
2020-02-12 15:41:18.393000,1.10037,1.10036,8740000,7010000
2020-02-12 15:41:19.542000,1.10038,1.10036,1500000,7760000
2020-02-12 15:41:20.115000,1.10038,1.10037,9490000,7010000
2020-02-12 15:41:21.683000,1.10038,1.10036,1500000,1000000
2020-02-12 15:41:27.672000,1.10038,1.10037,1500000,7010000
2020-02-12 15:41:27.817000,1.10038,1.10036,9490000,7760000
2020-02-12 15:41:28.100000,1.10038,1.10037,9490000,7010000
2020-02-12 15:41:28.470000,1.10038,1.10036,9490000,7760000
2020-02-12 15:41:29.462000,1.10038,1.10037,1500000,7010000
2020-02-12 15:41:29.854000,1.10038,1.10036,9490000,7760000
2020-02-12 15:41:34.266000,1.10038,1.10037,1000000,7010000
2020-02-12 15:41:34.505000,1.10038,1.10036,1000000,1500000
2020-02-12 15:41:35.074000,1.10038,1.10037,8740000,7010000
2020-02-12 15:41:35.546000,1.10038,1.10036,8740000,8510000
2020-02-12 15:41:35.667000,1.10038,1.10037,8740000,7010000
2020-02-12 15:41:35.826000,1.10038,1.10036,8740000,8510000
2020-02-12 15:41:36.236000,1.10037,1.10035,1000000,7760000
2020-02-12 15:41:36.287000,1.10034,1.10033,1000000,1000000
2020-02-12 15:41:36.365000,1.10035,1.10034,1000000,7760000
2020-02-12 15:41:36.475000,1.10035,1.10034,8740000,7760000
2020-02-12 15:41:37.223000,1.10035,1.10033,8740000,8510000
2020-02-12 15:41:37.458000,1.10035,1.10034,8740000,7010000
2020-02-12 15:41:37.857000,1.10034,1.10033,1000000,7010000
2020-02-12 15:41:38.209000,1.10034,1.10032,1500000,1000000
2020-02-12 15:41:38.758000,1.10033,1.10032,7990000,7760000
2020-02-12 15:41:40.124000,1.10034,1.10032,10240000,1000000
2020-02-12 15:41:40.432000,1.10033,1.10032,1000000,7760000
2020-02-12 15:41:40.969000,1.10033,1.10031,9490000,7760000
2020-02-12 15:41:41.151000,1.10032,1.10031,1500000,7010000
2020-02-12 15:41:41.345000,1.10031,1.1003,7990000,7760000
2020-02-12 15:41:42.449000,1.10031,1.10029,10240000,8510000
2020-02-12 15:41:42.499000,1.10029,1.10028,1000000,7010000
2020-02-12 15:41:42.696000,1.1003,1.10028,10240000,7010000
2020-02-12 15:41:42.956000,1.1003,1.10029,7990000,1000000
2020-02-12 15:41:43.130000,1.10031,1.1003,10240000,7010000
2020-02-12 15:41:44.331000,1.1003,1.10029,1000000,7010000
2020-02-12 15:41:44.536000,1.10029,1.10028,8740000,7010000
2020-02-12 15:41:44.798000,1.10028,1.10027,9490000,7010000
2020-02-12 15:41:45.178000,1.10028,1.10026,9490000,7760000
2020-02-12 15:41:45.331000,1.10028,1.10027,1500000,7010000
2020-02-12 15:41:45.442000,1.10028,1.10026,9490000,7760000
2020-02-12 15:41:45.838000,1.10028,1.10027,1500000,7010000
2020-02-12 15:41:45.972000,1.10029,1.10027,7990000,8510000
2020-02-12 15:41:46.022000,1.1003,1.10029,8740000,1500000
2020-02-12 15:41:46.073000,1.10031,1.10029,9490000,8510000
2020-02-12 15:41:46.235000,1.1003,1.10029,1500000,7010000
2020-02-12 15:41:46.336000,1.10029,1.10028,2250000,7010000
2020-02-12 15:41:46.425000,1.10028,1.10027,7990000,7760000
2020-02-12 15:41:46.755000,1.10029,1.10027,10240000,1000000
2020-02-12 15:41:46.806000,1.10029,1.10025,10240000,9260000
2020-02-12 15:41:47.173000,1.10027,1.10026,7990000,7010000
2020-02-12 15:41:47.886000,1.10027,1.10025,7990000,8510000
2020-02-12 15:41:48.107000,1.10027,1.10026,8740000,1000000
2020-02-12 15:41:48.207000,1.10027,1.10026,8740000,7760000
2020-02-12 15:41:48.482000,1.10028,1.10027,9490000,7010000
2020-02-12 15:41:48.682000,1.10028,1.10026,9490000,7760000
2020-02-12 15:41:49.610000,1.10028,1.10027,1000000,7010000
2020-02-12 15:41:50.454000,1.10029,1.10028,7990000,1000000
2020-02-12 15:41:50.566000,1.1003,1.10029,8740000,1000000
2020-02-12 15:41:50.725000,1.10031,1.10029,8740000,8010000
2020-02-12 15:41:51.245000,1.10032,1.1003,10240000,7010000
2020-02-12 15:41:51.413000,1.10032,1.1003,16920000,7010000
2020-02-12 15:41:51.800000,1.10032,1.1003,1000000,1000000
2020-02-12 15:41:52.989000,1.10032,1.10031,8740000,7010000
2020-02-12 15:41:53.124000,1.10032,1.1003,8740000,7760000
2020-02-12 15:41:54.720000,1.10032,1.10031,8740000,7010000
2020-02-12 15:41:54.847000,1.10032,1.1003,8740000,7760000
2020-02-12 15:41:55.562000,1.10031,1.1003,1000000,7010000
2020-02-12 15:41:55.705000,1.10032,1.1003,8740000,7010000
2020-02-12 15:41:55.888000,1.10031,1.1003,1000000,7010000
2020-02-12 15:41:56.331000,1.10028,1.10027,1000000,1000000
2020-02-12 15:41:56.434000,1.10027,1.10026,1000000,1000000
2020-02-12 15:41:56.595000,1.10028,1.10026,1500000,1500000
2020-02-12 15:41:56.759000,1.10027,1.10026,1000000,1000000
2020-02-12 15:41:56.860000,1.10028,1.10026,1500000,1500000
2020-02-12 15:41:59.153000,1.10027,1.10025,1000000,7010000
2020-02-12 15:41:59.448000,1.10027,1.10026,8740000,7010000
2020-02-12 15:41:59.924000,1.10027,1.10025,9490000,7010000
2020-02-12 15:42:00.102000,1.10026,1.10024,1000000,7760000
2020-02-12 15:42:00.544000,1.10025,1.10024,8740000,1000000
2020-02-12 15:42:02.215000,1.10025,1.10023,1500000,7010000
2020-02-12 15:42:03.459000,1.10025,1.10024,1000000,7010000
2020-02-12 15:42:05.121000,1.10025,1.10023,1500000,7010000
2020-02-12 15:42:06.369000,1.10026,1.10024,9490000,7010000
2020-02-12 15:42:06.803000,1.10025,1.10024,1000000,7010000
2020-02-12 15:42:08.864000,1.10026,1.10024,9490000,7010000
2020-02-12 15:42:09.575000,1.10025,1.10024,1000000,7010000
2020-02-12 15:42:10.765000,1.10026,1.10024,9490000,7010000
2020-02-12 15:42:11.247000,1.10026,1.10025,8740000,7010000
2020-02-12 15:42:11.446000,1.10027,1.10025,9490000,7010000
2020-02-12 15:42:11.556000,1.10026,1.10025,8740000,7010000
2020-02-12 15:42:12.502000,1.10027,1.10025,9490000,7010000
2020-02-12 15:42:12.974000,1.10026,1.10025,1000000,7010000
2020-02-12 15:42:17.698000,1.10026,1.10024,8740000,8510000
2020-02-12 15:42:18.167000,1.10026,1.10025,8740000,7010000
2020-02-12 15:42:18.553000,1.10026,1.10024,8740000,8510000
2020-02-12 15:42:18.701000,1.10026,1.10025,8740000,7010000
2020-02-12 15:42:18.853000,1.10026,1.10024,8740000,8510000
2020-02-12 15:42:19.173000,1.10026,1.10025,8740000,7010000
2020-02-12 15:42:21.661000,1.10025,1.10024,1000000,7760000
2020-02-12 15:42:21.842000,1.10024,1.10023,1000000,7010000
2020-02-12 15:42:21.892000,1.10022,1.1002,1000000,8510000
2020-02-12 15:42:22.001000,1.10023,1.1002,1500000,22520000
2020-02-12 15:42:22.127000,1.10021,1.1002,7990000,9260000
2020-02-12 15:42:22.490000,1.10022,1.10021,9490000,7010000
2020-02-12 15:42:22.736000,1.10021,1.1002,8740000,8510000
2020-02-12 15:42:22.869000,1.10022,1.10021,9490000,7010000
2020-02-12 15:42:24.364000,1.10021,1.1002,8740000,8510000
2020-02-12 15:42:24.946000,1.10022,1.10021,9490000,7010000
2020-02-12 15:42:25.376000,1.10022,1.1002,1000000,8510000
2020-02-12 15:42:25.680000,1.10022,1.10021,1000000,7010000
2020-02-12 15:42:25.980000,1.10022,1.1002,1000000,8510000
2020-02-12 15:42:29.758000,1.10022,1.1002,7990000,7760000
2020-02-12 15:42:30.005000,1.10022,1.10021,7990000,7010000
2020-02-12 15:42:30.164000,1.10022,1.1002,7990000,7760000
2020-02-12 15:42:30.336000,1.10021,1.1002,1000000,7010000
2020-02-12 15:42:31.045000,1.10022,1.1002,9490000,7010000
2020-02-12 15:42:31.397000,1.10023,1.10021,1500000,7010000
2020-02-12 15:42:32.047000,1.10022,1.10021,1500000,7010000
2020-02-12 15:42:32.377000,1.10022,1.1002,9490000,7010000
2020-02-12 15:42:32.558000,1.10022,1.1002,9490000,7010000
2020-02-12 15:42:32.802000,1.10022,1.1002,9490000,7010000
2020-02-12 15:42:33.038000,1.10022,1.1002,9490000,7010000
2020-02-12 15:42:33.261000,1.10022,1.1002,9490000,7010000
2020-02-12 15:42:33.709000,1.10022,1.10021,1500000,7010000
2020-02-12 15:42:33.870000,1.10023,1.10021,9490000,7010000
2020-02-12 15:42:34.079000,1.10021,1.1002,1000000,7010000
2020-02-12 15:42:34.182000,1.10021,1.10019,1500000,8510000
2020-02-12 15:42:35.531000,1.1002,1.10019,1000000,7760000
2020-02-12 15:42:35.632000,1.10019,1.10018,1500000,7010000
2020-02-12 15:42:35.736000,1.10019,1.10018,1500000,7010000
2020-02-12 15:42:35.787000,1.10017,1.10015,1500000,8510000
2020-02-12 15:42:35.892000,1.10018,1.10017,1000000,7010000
2020-02-12 15:42:36.009000,1.10018,1.10017,8740000,7010000
2020-02-12 15:42:36.582000,1.10018,1.10015,1500000,8510000
2020-02-12 15:42:36.733000,1.10017,1.10015,1000000,7760000
2020-02-12 15:42:36.949000,1.10016,1.10015,1500000,7010000
