time,ask,bid,ask_volume,bid_volume
2022-10-12 12:25:00.145000,1.46645,1.46639,5400000,3600000
2022-10-12 12:25:00.247000,1.46644,1.46638,4500000,3600000
2022-10-12 12:25:00.349000,1.46645,1.46639,4940000,3600000
2022-10-12 12:25:00.451000,1.46646,1.46641,1200000,3600000
2022-10-12 12:25:00.502000,1.46647,1.46641,3600000,4040000
2022-10-12 12:25:00.604000,1.46648,1.46642,6080000,3600000
2022-10-12 12:25:00.655000,1.46646,1.4664,4500000,3600000
2022-10-12 12:25:01.372000,1.46646,1.46641,3600000,1320000
2022-10-12 12:25:01.474000,1.46649,1.46642,1940000,3600000
2022-10-12 12:25:01.627000,1.4665,1.46642,8240000,3830000
2022-10-12 12:25:01.678000,1.46649,1.46642,1800000,3900000
2022-10-12 12:25:01.729000,1.46652,1.46644,3600000,3600000
2022-10-12 12:25:01.831000,1.46653,1.46645,4320000,3600000
2022-10-12 12:25:01.933000,1.46652,1.46646,3680000,3600000
2022-10-12 12:25:02.086000,1.46653,1.46647,3600000,3600000
2022-10-12 12:25:02.188000,1.46655,1.46648,5040000,3600000
2022-10-12 12:25:02.290000,1.46657,1.46648,6420000,3600000
2022-10-12 12:25:02.392000,1.46656,1.4665,5060000,3600000
2022-10-12 12:25:02.494000,1.46656,1.4665,4140000,3600000
2022-10-12 12:25:02.596000,1.46655,1.46649,3600000,3600000
2022-10-12 12:25:03.070000,1.4665,1.46645,1200000,4640000
2022-10-12 12:25:03.172000,1.46651,1.46644,1200000,3600000
2022-10-12 12:25:03.435000,1.46648,1.46642,4500000,3680000
2022-10-12 12:25:03.486000,1.46649,1.46644,1200000,3600000
2022-10-12 12:25:03.588000,1.46651,1.46645,3600000,3600000
2022-10-12 12:25:03.690000,1.46653,1.46644,5840000,3600000
2022-10-12 12:25:03.893000,1.46651,1.46645,3600000,3600000
2022-10-12 12:25:03.995000,1.46652,1.46645,5400000,3600000
2022-10-12 12:25:04.305000,1.46649,1.46643,4500000,3600000
2022-10-12 12:25:04.408000,1.46649,1.46645,2700000,3600000
2022-10-12 12:25:04.459000,1.46651,1.46645,3600000,3600000
2022-10-12 12:25:04.510000,1.46653,1.46647,4500000,3600000
2022-10-12 12:25:04.612000,1.46651,1.46644,3600000,3600000
2022-10-12 12:25:04.714000,1.46652,1.46646,3680000,3600000
2022-10-12 12:25:04.816000,1.46651,1.46645,3600000,3600000
2022-10-12 12:25:05.859000,1.46653,1.46646,6980000,3600000
2022-10-12 12:25:06.725000,1.46651,1.46645,3600000,3600000
2022-10-12 12:25:06.878000,1.46652,1.46646,4640000,3600000
2022-10-12 12:25:07.030000,1.46652,1.46646,4040000,3600000
2022-10-12 12:25:07.361000,1.46654,1.46648,4040000,3600000
2022-10-12 12:25:07.463000,1.46655,1.46649,3600000,3600000
2022-10-12 12:25:07.869000,1.46656,1.4665,1320000,3600000
2022-10-12 12:25:08.022000,1.46655,1.46649,3600000,3600000
2022-10-12 12:25:08.123000,1.46657,1.46649,4580000,3600000
2022-10-12 12:25:08.225000,1.46655,1.46649,3600000,3600000
2022-10-12 12:25:08.908000,1.46656,1.4665,5480000,3600000
2022-10-12 12:25:10.101000,1.46654,1.46646,3600000,4320000
2022-10-12 12:25:10.203000,1.46654,1.46648,3840000,3600000
2022-10-12 12:25:10.305000,1.46654,1.46648,5480000,3600000
2022-10-12 12:25:10.917000,1.46656,1.46649,4500000,3600000
2022-10-12 12:25:10.968000,1.46656,1.46651,1200000,3600000
2022-10-12 12:25:11.070000,1.46656,1.46652,1200000,3600000
2022-10-12 12:25:11.121000,1.46659,1.46652,2400000,4040000
2022-10-12 12:25:11.172000,1.46661,1.46653,7800000,3600000
2022-10-12 12:25:11.325000,1.46659,1.46653,4500000,3600000
2022-10-12 12:25:11.427000,1.4666,1.46654,3600000,3600000
2022-10-12 12:25:11.530000,1.46663,1.46657,3600000,3600000
2022-10-12 12:25:11.632000,1.46664,1.46658,4500000,3600000
2022-10-12 12:25:11.734000,1.46664,1.46659,1320000,3600000
2022-10-12 12:25:11.887000,1.46667,1.46659,5960000,3600000
2022-10-12 12:25:11.988000,1.46666,1.4666,3680000,3600000
2022-10-12 12:25:12.090000,1.46667,1.4666,3680000,3600000
2022-10-12 12:25:12.648000,1.46666,1.4666,3600000,3600000
2022-10-12 12:25:12.934000,1.46668,1.46659,4580000,3600000
2022-10-12 12:25:13.036000,1.46667,1.46661,4580000,3600000
2022-10-12 12:25:13.138000,1.46667,1.4666,1320000,3600000
2022-10-12 12:25:13.465000,1.46668,1.46661,5960000,3600000
2022-10-12 12:25:14.157000,1.46666,1.4666,1200000,3600000
2022-10-12 12:25:14.325000,1.46667,1.4666,4580000,3600000
2022-10-12 12:25:15.545000,1.46666,1.4666,1200000,3600000
2022-10-12 12:25:15.813000,1.46668,1.4666,1440000,3830000
2022-10-12 12:25:15.871000,1.46668,1.46662,3600000,3600000
2022-10-12 12:25:15.972000,1.46667,1.46661,3600000,3600000
2022-10-12 12:25:16.075000,1.46665,1.46659,1200000,3600000
2022-10-12 12:25:16.227000,1.46665,1.46658,4500000,3600000
2022-10-12 12:25:16.404000,1.46664,1.46658,3600000,3600000
2022-10-12 12:25:16.810000,1.46661,1.46654,1800000,4560000
2022-10-12 12:25:16.912000,1.46662,1.46654,6840000,3600000
2022-10-12 12:25:17.115000,1.46663,1.46656,1200000,3600000
2022-10-12 12:25:17.230000,1.46665,1.46659,4500000,3600000
2022-10-12 12:25:17.332000,1.46665,1.46658,1200000,3600000
2022-10-12 12:25:17.535000,1.46665,1.46658,2060000,3600000
2022-10-12 12:25:17.637000,1.46662,1.46656,3600000,3600000
2022-10-12 12:25:17.757000,1.46663,1.46656,1200000,3600000
2022-10-12 12:25:18.080000,1.46663,1.46657,3600000,3600000
2022-10-12 12:25:18.875000,1.46664,1.46656,5480000,3600000
2022-10-12 12:25:18.997000,1.46663,1.46657,3600000,3600000
2022-10-12 12:25:19.099000,1.46662,1.46656,3600000,3600000
2022-10-12 12:25:19.206000,1.46661,1.46655,5840000,3600000
2022-10-12 12:25:19.308000,1.46661,1.46654,1940000,3600000
2022-10-12 12:25:19.410000,1.46663,1.46655,4040000,4500000
2022-10-12 12:25:19.512000,1.46663,1.46657,4200000,3600000
2022-10-12 12:25:19.614000,1.46664,1.46656,6000000,3600000
2022-10-12 12:25:19.716000,1.46664,1.46656,4200000,3600000
2022-10-12 12:25:20.004000,1.46665,1.46657,1320000,3600000
2022-10-12 12:25:20.106000,1.46665,1.46658,4580000,3600000
2022-10-12 12:25:20.539000,1.46666,1.46658,4500000,3600000
2022-10-12 12:25:20.590000,1.46664,1.46658,3600000,3600000
2022-10-12 12:25:20.691000,1.46666,1.46658,3600000,3600000
2022-10-12 12:25:21.046000,1.46665,1.46658,4500000,3600000
2022-10-12 12:25:21.623000,1.46664,1.46658,3600000,3600000
2022-10-12 12:25:21.727000,1.46665,1.46658,3600000,3600000
2022-10-12 12:25:21.937000,1.46664,1.46658,1800000,3600000
2022-10-12 12:25:22.039000,1.46657,1.46652,1800000,4040000
2022-10-12 12:25:22.090000,1.46657,1.4665,5100000,3600000
2022-10-12 12:25:23.699000,1.46656,1.46648,1200000,3600000
2022-10-12 12:25:23.801000,1.46655,1.46648,1200000,3600000
2022-10-12 12:25:23.903000,1.46654,1.46648,1200000,3600000
2022-10-12 12:25:25.609000,1.46651,1.46644,1200000,6740000
2022-10-12 12:25:25.710000,1.46652,1.46644,1200000,3600000
2022-10-12 12:25:25.813000,1.46653,1.46647,1200000,3600000
2022-10-12 12:25:26.168000,1.46653,1.46649,1200000,3600000
2022-10-12 12:25:26.219000,1.46655,1.46649,1200000,3600000
2022-10-12 12:25:26.321000,1.46656,1.4665,1340000,3600000
2022-10-12 12:25:26.423000,1.46656,1.46649,1340000,3600000
2022-10-12 12:25:26.555000,1.46656,1.4665,4940000,3600000
2022-10-12 12:25:26.716000,1.46656,1.46651,1340000,3600000
2022-10-12 12:25:26.971000,1.46658,1.46651,1200000,3600000
2022-10-12 12:25:27.072000,1.46658,1.46652,3600000,3600000
2022-10-12 12:25:27.174000,1.46657,1.46651,3600000,3600000
2022-10-12 12:25:27.276000,1.46655,1.46649,3600000,3600000
2022-10-12 12:25:27.581000,1.46653,1.46647,1200000,4040000
2022-10-12 12:25:27.683000,1.46652,1.46648,1200000,3600000
2022-10-12 12:25:27.790000,1.46653,1.46646,1200000,3600000
2022-10-12 12:25:27.892000,1.46653,1.46647,4500000,3600000
2022-10-12 12:25:28.059000,1.46652,1.46647,1200000,3600000
2022-10-12 12:25:28.517000,1.46652,1.46646,1200000,3600000
2022-10-12 12:25:28.644000,1.46652,1.46647,1200000,3600000
2022-10-12 12:25:28.847000,1.46652,1.46646,1200000,3600000
2022-10-12 12:25:28.949000,1.46652,1.46647,1200000,3600000
2022-10-12 12:25:29.051000,1.46653,1.46647,1200000,3680000
2022-10-12 12:25:29.153000,1.46655,1.4665,1200000,3600000
2022-10-12 12:25:29.255000,1.46656,1.4665,4500000,3600000
2022-10-12 12:25:29.407000,1.46656,1.46649,2240000,3600000
2022-10-12 12:25:29.509000,1.46655,1.4665,1200000,3600000
2022-10-12 12:25:30.249000,1.4665,1.46646,1340000,1200000
2022-10-12 12:25:30.301000,1.46649,1.46644,1200000,3600000
2022-10-12 12:25:30.453000,1.46649,1.46643,6300000,3600000
2022-10-12 12:25:30.606000,1.46649,1.46644,1200000,3600000
2022-10-12 12:25:31.066000,1.46649,1.46645,1200000,3600000
2022-10-12 12:25:31.269000,1.46649,1.46644,1200000,3600000
2022-10-12 12:25:31.371000,1.46647,1.46642,1200000,4340000
2022-10-12 12:25:31.473000,1.46647,1.46641,5840000,3830000
2022-10-12 12:25:31.778000,1.46647,1.4664,1200000,3830000
2022-10-12 12:25:31.880000,1.46648,1.46641,1200000,3600000
2022-10-12 12:25:31.981000,1.46648,1.4664,4500000,3830000
2022-10-12 12:25:32.083000,1.46647,1.46642,1200000,3600000
2022-10-12 12:25:32.847000,1.46645,1.46639,4500000,5100000
2022-10-12 12:25:32.949000,1.46645,1.46639,4940000,3600000
2022-10-12 12:25:33.253000,1.46644,1.46638,3600000,3600000
2022-10-12 12:25:33.456000,1.46646,1.46638,5840000,3600000
2022-10-12 12:25:33.933000,1.46645,1.46639,7340000,3600000
2022-10-12 12:25:34.436000,1.46645,1.46639,4500000,3600000
2022-10-12 12:25:35.047000,1.46644,1.46639,1200000,3600000
2022-10-12 12:25:35.149000,1.46643,1.46637,4040000,4940000
2022-10-12 12:25:35.353000,1.46644,1.46638,3600000,3600000
2022-10-12 12:25:35.506000,1.46642,1.46638,2340000,3600000
2022-10-12 12:25:35.760000,1.46642,1.46635,4730000,3600000
2022-10-12 12:25:35.811000,1.46642,1.46633,4730000,3680000
2022-10-12 12:25:35.863000,1.46642,1.46636,3830000,3600000
2022-10-12 12:25:36.004000,1.4664,1.46634,3600000,3600000
2022-10-12 12:25:36.635000,1.46642,1.46634,1200000,3600000
2022-10-12 12:25:36.686000,1.4664,1.46634,3600000,3600000
2022-10-12 12:25:36.839000,1.46637,1.46631,3600000,4200000
2022-10-12 12:25:36.941000,1.46638,1.46632,3600000,3600000
2022-10-12 12:25:37.364000,1.4664,1.46633,3600000,3600000
2022-10-12 12:25:37.466000,1.46641,1.46633,5840000,3600000
2022-10-12 12:25:37.570000,1.46641,1.46632,1200000,4580000
2022-10-12 12:25:37.621000,1.4664,1.46634,3600000,3600000
2022-10-12 12:25:37.723000,1.46636,1.46631,1200000,3600000
2022-10-12 12:25:37.825000,1.46639,1.46631,5840000,3600000
2022-10-12 12:25:38.287000,1.4664,1.46632,4040000,3600000
2022-10-12 12:25:38.390000,1.4664,1.46634,4040000,3600000
2022-10-12 12:25:38.722000,1.46643,1.46635,5100000,3600000
2022-10-12 12:25:38.824000,1.46643,1.46638,1200000,3600000
2022-10-12 12:25:38.925000,1.46645,1.46638,1200000,3600000
2022-10-12 12:25:39.027000,1.46645,1.46639,3600000,3600000
2022-10-12 12:25:39.282000,1.46644,1.46638,3600000,3600000
2022-10-12 12:25:39.536000,1.46643,1.46635,1460000,3600000
2022-10-12 12:25:39.638000,1.46638,1.46632,1200000,4040000
2022-10-12 12:25:39.740000,1.46637,1.46631,4040000,3830000
2022-10-12 12:25:40.053000,1.46639,1.46633,4940000,4500000
2022-10-12 12:25:40.156000,1.4664,1.46634,4040000,3600000
2022-10-12 12:25:40.258000,1.46643,1.46635,3680000,3600000
2022-10-12 12:25:40.360000,1.46641,1.46635,3600000,3600000
2022-10-12 12:25:40.462000,1.4664,1.46634,3600000,3600000
2022-10-12 12:25:40.581000,1.46641,1.46635,3600000,3600000
2022-10-12 12:25:42.212000,1.46645,1.46637,3600000,3600000
2022-10-12 12:25:42.314000,1.46645,1.46639,3600000,3600000
2022-10-12 12:25:42.603000,1.46644,1.46638,3600000,3600000
2022-10-12 12:25:42.654000,1.46645,1.46636,4940000,3600000
2022-10-12 12:25:42.756000,1.46645,1.46639,3600000,3600000
2022-10-12 12:25:43.578000,1.46646,1.4664,3600000,3600000
2022-10-12 12:25:43.680000,1.46649,1.46643,2240000,3600000
2022-10-12 12:25:43.732000,1.46648,1.46641,3910000,3600000
2022-10-12 12:25:43.834000,1.46647,1.46641,4040000,3600000
2022-10-12 12:25:43.936000,1.46646,1.4664,3600000,3600000
2022-10-12 12:25:44.038000,1.46647,1.46641,4040000,3600000
2022-10-12 12:25:44.140000,1.46648,1.46641,3680000,3600000
2022-10-12 12:25:44.191000,1.46646,1.4664,3600000,3600000
2022-10-12 12:25:44.293000,1.46646,1.46638,3600000,3600000
2022-10-12 12:25:44.537000,1.46647,1.4664,4140000,3600000
2022-10-12 12:25:44.588000,1.46645,1.46639,3600000,3600000
2022-10-12 12:25:44.690000,1.46644,1.46638,3600000,3600000
2022-10-12 12:25:45.218000,1.46646,1.46638,5540000,3600000
2022-10-12 12:25:45.319000,1.46645,1.46639,4040000,3600000
2022-10-12 12:25:45.523000,1.46647,1.46639,4640000,3600000
2022-10-12 12:25:45.625000,1.46645,1.46639,4040000,3600000
2022-10-12 12:25:46.058000,1.46646,1.4664,4500000,3600000
2022-10-12 12:25:46.176000,1.46645,1.46639,3600000,3600000
2022-10-12 12:25:46.780000,1.46646,1.4664,4500000,3600000
2022-10-12 12:25:46.933000,1.46646,1.46638,3600000,3600000
2022-10-12 12:25:47.269000,1.46647,1.46639,4040000,3600000
2022-10-12 12:25:47.371000,1.46647,1.4664,3680000,3600000
2022-10-12 12:25:47.472000,1.46645,1.46639,3600000,3600000
2022-10-12 12:25:47.524000,1.46647,1.4664,3680000,3600000
2022-10-12 12:25:47.626000,1.46645,1.46639,3600000,3600000
2022-10-12 12:25:47.728000,1.4664,1.46632,1880000,4940000
2022-10-12 12:25:47.779000,1.46638,1.46632,4040000,4940000
2022-10-12 12:25:47.830000,1.46637,1.46631,3600000,3720000
2022-10-12 12:25:47.932000,1.46638,1.46632,4940000,3600000
2022-10-12 12:25:48.058000,1.46636,1.4663,3600000,3600000
2022-10-12 12:25:48.363000,1.46636,1.4663,3600000,3900000
2022-10-12 12:25:48.465000,1.46638,1.4663,4040000,3830000
2022-10-12 12:25:48.567000,1.46636,1.4663,3600000,3900000
2022-10-12 12:25:48.669000,1.46638,1.4663,3600000,3830000
2022-10-12 12:25:49.734000,1.46638,1.46632,3600000,3600000
2022-10-12 12:25:50.065000,1.46637,1.46631,4040000,3830000
2022-10-12 12:25:50.502000,1.46632,1.46627,1200000,4870000
2022-10-12 12:25:50.605000,1.46634,1.46629,1200000,1880000
2022-10-12 12:25:50.656000,1.46637,1.46632,1500000,3600000
2022-10-12 12:25:50.758000,1.46638,1.46632,4340000,3600000
2022-10-12 12:25:50.860000,1.46637,1.46631,3600000,3600000
2022-10-12 12:25:50.962000,1.46639,1.46631,3600000,3600000
2022-10-12 12:25:51.699000,1.46637,1.46631,3600000,3600000
2022-10-12 12:25:51.852000,1.46638,1.46632,3600000,3600000
2022-10-12 12:25:52.007000,1.46632,1.4663,2700000,1500000
2022-10-12 12:25:52.058000,1.46625,1.4662,4500000,1800000
2022-10-12 12:25:52.160000,1.46626,1.4662,5100000,3600000
2022-10-12 12:25:52.212000,1.46625,1.46622,3600000,1500000
2022-10-12 12:25:52.263000,1.46625,1.46619,5040000,3600000
2022-10-12 12:25:52.467000,1.46627,1.46619,4500000,3600000
2022-10-12 12:25:52.670000,1.46626,1.4662,5220000,3600000
2022-10-12 12:25:53.005000,1.46626,1.46618,4140000,3600000
2022-10-12 12:25:54.068000,1.46625,1.46618,4140000,3600000
2022-10-12 12:25:54.286000,1.46627,1.46622,5540000,1200000
2022-10-12 12:25:54.338000,1.46628,1.46623,2260000,3600000
2022-10-12 12:25:54.440000,1.46628,1.46622,3600000,3600000
2022-10-12 12:25:54.542000,1.4663,1.46622,4940000,3600000
2022-10-12 12:25:55.201000,1.46628,1.46622,3600000,3600000
2022-10-12 12:25:55.303000,1.46631,1.46622,5840000,1200000
2022-10-12 12:25:55.354000,1.46629,1.46623,3600000,3600000
2022-10-12 12:25:55.609000,1.46631,1.46623,1200000,3600000
2022-10-12 12:25:55.710000,1.46632,1.46623,5940000,3600000
2022-10-12 12:25:55.913000,1.4663,1.46623,1200000,3600000
2022-10-12 12:25:56.073000,1.46631,1.46623,1200000,3600000
2022-10-12 12:25:56.798000,1.46631,1.46625,4500000,3600000
2022-10-12 12:25:56.900000,1.46633,1.46624,4940000,3600000
2022-10-12 12:25:57.213000,1.4663,1.46625,1200000,3600000
2022-10-12 12:25:57.314000,1.46631,1.46625,4500000,3600000
2022-10-12 12:25:57.467000,1.46632,1.46626,4500000,3600000
2022-10-12 12:25:57.569000,1.46631,1.46625,3600000,3600000
2022-10-12 12:25:57.620000,1.46633,1.46625,1800000,3600000
2022-10-12 12:25:58.072000,1.46632,1.46626,3600000,3600000
2022-10-12 12:26:00.040000,1.46632,1.46627,1200000,3600000
2022-10-12 12:26:00.142000,1.46634,1.46629,1200000,3600000
2022-10-12 12:26:00.244000,1.46636,1.46629,5940000,3600000
2022-10-12 12:26:00.346000,1.46637,1.46629,5480000,3600000
2022-10-12 12:26:00.557000,1.46637,1.4663,4580000,1200000
2022-10-12 12:26:01.312000,1.46636,1.4663,3680000,4500000
2022-10-12 12:26:01.414000,1.46635,1.46629,4140000,3600000
2022-10-12 12:26:02.436000,1.46634,1.46628,3600000,3600000
2022-10-12 12:26:02.588000,1.46635,1.46629,3600000,3600000
2022-10-12 12:26:02.909000,1.46635,1.46629,4160000,3600000
2022-10-12 12:26:03.142000,1.46635,1.46629,4140000,3600000
2022-10-12 12:26:03.244000,1.46636,1.4663,4040000,3600000
2022-10-12 12:26:03.673000,1.46635,1.46629,3600000,3600000
2022-10-12 12:26:04.157000,1.46634,1.46628,3600000,3600000
2022-10-12 12:26:04.208000,1.46633,1.46626,4580000,3600000
2022-10-12 12:26:04.259000,1.46631,1.46625,3600000,3600000
2022-10-12 12:26:04.484000,1.46632,1.46626,3600000,3600000
2022-10-12 12:26:04.624000,1.46634,1.46624,5040000,3600000
2022-10-12 12:26:04.726000,1.46632,1.46626,3600000,3600000
2022-10-12 12:26:04.845000,1.46631,1.46625,3680000,3600000
2022-10-12 12:26:04.947000,1.4663,1.46624,3600000,3600000
2022-10-12 12:26:06.048000,1.46631,1.46625,3600000,3600000
2022-10-12 12:26:06.353000,1.4663,1.46624,3600000,3600000
2022-10-12 12:26:06.557000,1.46631,1.46624,3600000,3600000
2022-10-12 12:26:07.033000,1.46632,1.46624,2780000,3600000
2022-10-12 12:26:07.135000,1.46632,1.46625,5400000,3600000
2022-10-12 12:26:07.237000,1.46631,1.46625,3600000,3600000
2022-10-12 12:26:07.339000,1.46634,1.46628,3600000,3600000
2022-10-12 12:26:07.390000,1.46634,1.46626,4940000,3600000
2022-10-12 12:26:07.492000,1.46633,1.46627,3600000,3830000
2022-10-12 12:26:07.594000,1.46634,1.46628,3600000,3600000
2022-10-12 12:26:08.416000,1.46635,1.46628,4040000,3900000
2022-10-12 12:26:08.670000,1.46634,1.46628,4160000,3600000
2022-10-12 12:26:08.773000,1.46632,1.46626,3600000,3600000
2022-10-12 12:26:08.976000,1.46634,1.46628,4500000,3600000
2022-10-12 12:26:09.180000,1.46634,1.46629,1200000,3600000
2022-10-12 12:26:09.435000,1.46635,1.46629,3600000,3830000
2022-10-12 12:26:09.740000,1.46636,1.4663,4140000,3600000
2022-10-12 12:26:09.842000,1.46636,1.46631,3600000,2340000
2022-10-12 12:26:09.944000,1.4664,1.46634,4040000,3600000
2022-10-12 12:26:10.569000,1.46642,1.46635,5400000,4500000
2022-10-12 12:26:10.621000,1.46645,1.46637,5540000,4500000
2022-10-12 12:26:10.723000,1.46645,1.46639,3600000,4040000
2022-10-12 12:26:11.129000,1.46645,1.46638,3680000,3600000
2022-10-12 12:26:11.180000,1.46643,1.46637,3600000,3600000
2022-10-12 12:26:11.232000,1.46645,1.46638,4500000,3600000
2022-10-12 12:26:11.333000,1.46645,1.46636,3600000,3600000
2022-10-12 12:26:11.435000,1.46643,1.46637,3600000,3600000
2022-10-12 12:26:11.537000,1.46642,1.46636,3600000,3600000
2022-10-12 12:26:12.944000,1.46642,1.46634,4140000,3600000
2022-10-12 12:26:12.995000,1.46639,1.46633,3600000,3600000
2022-10-12 12:26:13.097000,1.46636,1.4663,3600000,3900000
2022-10-12 12:26:13.199000,1.46638,1.4663,4040000,4640000
2022-10-12 12:26:13.301000,1.46638,1.46632,4040000,3600000
2022-10-12 12:26:13.827000,1.46637,1.46631,3600000,3830000
2022-10-12 12:26:14.233000,1.46638,1.46632,3600000,3600000
2022-10-12 12:26:14.437000,1.46637,1.46631,3600000,3830000
2022-10-12 12:26:14.539000,1.46636,1.4663,3600000,3900000
2022-10-12 12:26:14.640000,1.46638,1.4663,3600000,3830000
2022-10-12 12:26:14.747000,1.46636,1.4663,4940000,3600000
2022-10-12 12:26:14.849000,1.46635,1.46629,4040000,3600000
2022-10-12 12:26:15.454000,1.46636,1.4663,4040000,3600000
2022-10-12 12:26:15.609000,1.46637,1.46631,3600000,3600000
2022-10-12 12:26:15.711000,1.46636,1.4663,3600000,3600000
2022-10-12 12:26:15.825000,1.46637,1.46631,3600000,3600000
2022-10-12 12:26:15.978000,1.46636,1.4663,3600000,3600000
2022-10-12 12:26:16.079000,1.46635,1.46629,3600000,3830000
2022-10-12 12:26:16.204000,1.46636,1.4663,4040000,3600000
2022-10-12 12:26:16.557000,1.46635,1.46629,3600000,3830000
2022-10-12 12:26:16.659000,1.46636,1.4663,3600000,3600000
2022-10-12 12:26:16.988000,1.46637,1.46631,4040000,3600000
2022-10-12 12:26:17.327000,1.46636,1.4663,3600000,3600000
2022-10-12 12:26:17.429000,1.46637,1.46631,4040000,3600000
2022-10-12 12:26:17.532000,1.46636,1.4663,4500000,3600000
2022-10-12 12:26:17.939000,1.46636,1.46631,1200000,3600000
2022-10-12 12:26:18.426000,1.46636,1.46632,1200000,3600000
2022-10-12 12:26:18.529000,1.46636,1.4663,5400000,3600000
2022-10-12 12:26:18.650000,1.46635,1.46628,4500000,3830000
2022-10-12 12:26:18.752000,1.46636,1.46628,4500000,3600000
2022-10-12 12:26:19.006000,1.46635,1.4663,1200000,3600000
2022-10-12 12:26:19.108000,1.46636,1.46631,1200000,3600000
2022-10-12 12:26:19.209000,1.46636,1.4663,4640000,3600000
2022-10-12 12:26:19.368000,1.46636,1.46631,1200000,3600000
2022-10-12 12:26:19.772000,1.46638,1.46632,5540000,3600000
2022-10-12 12:26:19.875000,1.46637,1.46631,3600000,3600000
2022-10-12 12:26:20.740000,1.46639,1.46633,3600000,3600000
2022-10-12 12:26:20.943000,1.46638,1.46632,3600000,3600000
2022-10-12 12:26:21.313000,1.46637,1.46629,4500000,3600000
2022-10-12 12:26:21.415000,1.46636,1.46629,6440000,3600000
2022-10-12 12:26:21.517000,1.46636,1.4663,1800000,3600000
2022-10-12 12:26:21.619000,1.46635,1.46629,3600000,3600000
2022-10-12 12:26:21.721000,1.46636,1.4663,4940000,3600000
2022-10-12 12:26:22.231000,1.46636,1.4663,5520000,3600000
2022-10-12 12:26:22.333000,1.46635,1.46629,3600000,3600000
2022-10-12 12:26:23.677000,1.46633,1.46627,3600000,3600000
2022-10-12 12:26:23.863000,1.46633,1.46628,5100000,1500000
2022-10-12 12:26:23.914000,1.46634,1.4663,1200000,4040000
2022-10-12 12:26:23.965000,1.46637,1.46631,3600000,1200000
2022-10-12 12:26:24.068000,1.4664,1.46634,4040000,3600000
2022-10-12 12:26:24.169000,1.46639,1.46634,1200000,3600000
2022-10-12 12:26:24.271000,1.46638,1.46632,4040000,3600000
2022-10-12 12:26:24.323000,1.46638,1.4663,2340000,3600000
2022-10-12 12:26:24.425000,1.46637,1.46631,1440000,3600000
2022-10-12 12:26:24.628000,1.46638,1.46629,5400000,3600000
2022-10-12 12:26:24.679000,1.46637,1.46632,1200000,3600000
2022-10-12 12:26:24.781000,1.46637,1.46633,1200000,3600000
2022-10-12 12:26:24.883000,1.46637,1.46632,1200000,3600000
2022-10-12 12:26:25.036000,1.46639,1.46633,7340000,3600000
2022-10-12 12:26:25.138000,1.46638,1.46632,4040000,3600000
2022-10-12 12:26:25.240000,1.4664,1.46634,3600000,3600000
2022-10-12 12:26:25.341000,1.46642,1.46636,4640000,3600000
2022-10-12 12:26:25.486000,1.46641,1.46635,4040000,3600000
2022-10-12 12:26:25.675000,1.46642,1.46636,4640000,3600000
2022-10-12 12:26:26.047000,1.46641,1.46635,4040000,3600000
2022-10-12 12:26:26.511000,1.46637,1.46633,1200000,3600000
2022-10-12 12:26:26.562000,1.46636,1.4663,4040000,3830000
2022-10-12 12:26:26.664000,1.46637,1.46631,5540000,3600000
2022-10-12 12:26:27.625000,1.46637,1.46631,4040000,3600000
2022-10-12 12:26:28.435000,1.46638,1.46632,5540000,3600000
2022-10-12 12:26:28.486000,1.46641,1.46632,4640000,5940000
2022-10-12 12:26:28.537000,1.46642,1.46634,3600000,3600000
2022-10-12 12:26:28.690000,1.46642,1.46635,1200000,3600000
2022-10-12 12:26:28.792000,1.46643,1.46637,3600000,3600000
2022-10-12 12:26:28.894000,1.46644,1.46636,5540000,3600000
2022-10-12 12:26:29.047000,1.46643,1.46637,3600000,3600000
2022-10-12 12:26:29.148000,1.46643,1.46636,3600000,3600000
2022-10-12 12:26:29.250000,1.46641,1.46635,3600000,3600000
2022-10-12 12:26:29.454000,1.46639,1.46633,3600000,3600000
2022-10-12 12:26:30.824000,1.46638,1.46632,3600000,3600000
2022-10-12 12:26:30.926000,1.4664,1.46632,3600000,3600000
2022-10-12 12:26:31.028000,1.46638,1.46632,3600000,3600000
2022-10-12 12:26:31.152000,1.46639,1.46633,3600000,3600000
2022-10-12 12:26:31.826000,1.46642,1.46636,5400000,3600000
2022-10-12 12:26:31.928000,1.46643,1.46637,3600000,3600000
2022-10-12 12:26:32.030000,1.46644,1.46638,3600000,3600000
2022-10-12 12:26:32.669000,1.46645,1.46639,3600000,3600000
2022-10-12 12:26:32.924000,1.46647,1.46639,5040000,3600000
2022-10-12 12:26:33.025000,1.46645,1.46637,3600000,3600000
2022-10-12 12:26:33.127000,1.46645,1.46639,4500000,3600000
2022-10-12 12:26:33.684000,1.46643,1.46638,1200000,3600000
2022-10-12 12:26:33.786000,1.46643,1.46637,4500000,3600000
2022-10-12 12:26:33.888000,1.46643,1.46636,4500000,3600000
2022-10-12 12:26:33.990000,1.46642,1.46636,3600000,3600000
2022-10-12 12:26:34.597000,1.46641,1.46635,5040000,3600000
2022-10-12 12:26:34.699000,1.46639,1.46632,1800000,3600000
2022-10-12 12:26:34.801000,1.46638,1.46635,1340000,3600000
2022-10-12 12:26:34.853000,1.46641,1.46635,3600000,3600000
2022-10-12 12:26:35.157000,1.46642,1.46635,4500000,3600000
2022-10-12 12:26:35.208000,1.4664,1.46634,3600000,3600000
2022-10-12 12:26:35.310000,1.46641,1.46635,3600000,3600000
2022-10-12 12:26:35.507000,1.4664,1.46634,3600000,3600000
2022-10-12 12:26:37.245000,1.46639,1.46633,3600000,3600000
2022-10-12 12:26:37.979000,1.4664,1.46634,3600000,3600000
2022-10-12 12:26:38.628000,1.46639,1.46633,3600000,3600000
2022-10-12 12:26:39.906000,1.4664,1.46634,4040000,3600000
2022-10-12 12:26:40.717000,1.4664,1.46634,4640000,3600000
2022-10-12 12:26:40.897000,1.4664,1.46634,3600000,3600000
2022-10-12 12:26:40.999000,1.46641,1.46634,3600000,4580000
2022-10-12 12:26:41.101000,1.46644,1.46635,4500000,3600000
2022-10-12 12:26:41.203000,1.46642,1.46636,3600000,3600000
2022-10-12 12:26:41.626000,1.46643,1.46636,4500000,3600000
2022-10-12 12:26:42.272000,1.46644,1.46638,3600000,3600000
2022-10-12 12:26:42.374000,1.46645,1.46639,3600000,3600000
2022-10-12 12:26:42.627000,1.46644,1.46638,3600000,3600000
2022-10-12 12:26:42.729000,1.46645,1.46639,3600000,3600000
2022-10-12 12:26:42.835000,1.46644,1.46636,3680000,3600000
2022-10-12 12:26:43.038000,1.46643,1.46636,3600000,3600000
2022-10-12 12:26:43.190000,1.46644,1.46638,3600000,3600000
2022-10-12 12:26:43.292000,1.46645,1.46639,3600000,3600000
2022-10-12 12:26:43.647000,1.46646,1.4664,4500000,3600000
2022-10-12 12:26:43.749000,1.46645,1.46639,3600000,3600000
2022-10-12 12:26:43.962000,1.46646,1.4664,4500000,3600000
2022-10-12 12:26:44.317000,1.46645,1.46639,3600000,3600000
2022-10-12 12:26:44.419000,1.46646,1.4664,4500000,3600000
2022-10-12 12:26:44.521000,1.46645,1.46639,3600000,3600000
2022-10-12 12:26:44.623000,1.46644,1.46638,4500000,3600000
2022-10-12 12:26:44.725000,1.46641,1.46635,3600000,3600000
2022-10-12 12:26:44.827000,1.46642,1.46636,3600000,3600000
2022-10-12 12:26:45.262000,1.46641,1.46635,3600000,3600000
2022-10-12 12:26:45.465000,1.46642,1.46634,4140000,3600000
2022-10-12 12:26:45.656000,1.46641,1.46635,3600000,3600000
2022-10-12 12:26:46.049000,1.4664,1.46634,4580000,3600000
2022-10-12 12:26:46.151000,1.46636,1.4663,3600000,3900000
2022-10-12 12:26:46.253000,1.46636,1.4663,3600000,3900000
2022-10-12 12:26:46.355000,1.46636,1.4663,3600000,3600000
2022-10-12 12:26:48.158000,1.46636,1.46628,3600000,3600000
2022-10-12 12:26:48.310000,1.46629,1.46624,3600000,1340000
2022-10-12 12:26:48.362000,1.46628,1.46622,3600000,3600000
2022-10-12 12:26:48.464000,1.46627,1.46621,4040000,3600000
2022-10-12 12:26:48.515000,1.46628,1.46625,1940000,3600000
2022-10-12 12:26:48.566000,1.46631,1.46625,4500000,3600000
2022-10-12 12:26:48.618000,1.46633,1.46625,4940000,3600000
2022-10-12 12:26:48.669000,1.46631,1.46625,3600000,3600000
2022-10-12 12:26:49.511000,1.46629,1.46622,1920000,3900000
2022-10-12 12:26:49.613000,1.46625,1.46619,4500000,3900000
2022-10-12 12:26:49.664000,1.46625,1.46619,3600000,3900000
2022-10-12 12:26:49.766000,1.46628,1.46618,1440000,3900000
2022-10-12 12:26:49.817000,1.46627,1.46618,5270000,4500000
2022-10-12 12:26:49.868000,1.46626,1.4662,3600000,3600000
2022-10-12 12:26:50.021000,1.46627,1.4662,5040000,3600000
2022-10-12 12:26:50.318000,1.46625,1.46619,3600000,3600000
2022-10-12 12:26:50.521000,1.46626,1.46619,4040000,3600000
2022-10-12 12:26:50.798000,1.46626,1.4662,4040000,3600000
2022-10-12 12:26:50.996000,1.46625,1.46619,3600000,3600000
2022-10-12 12:26:51.098000,1.46626,1.4662,4040000,3600000
2022-10-12 12:26:51.307000,1.46625,1.46619,3600000,3600000
2022-10-12 12:26:51.733000,1.46624,1.46618,3600000,3600000
2022-10-12 12:26:52.138000,1.46623,1.46617,3600000,4500000
2022-10-12 12:26:52.240000,1.46624,1.46618,5400000,3600000
2022-10-12 12:26:52.393000,1.46624,1.46618,6440000,3600000
2022-10-12 12:26:52.495000,1.46618,1.46612,3600000,4500000
2022-10-12 12:26:52.597000,1.46619,1.46613,3600000,4500000
2022-10-12 12:26:52.750000,1.4662,1.46614,3600000,3600000
2022-10-12 12:26:52.852000,1.46621,1.46615,3600000,1200000
2022-10-12 12:26:52.995000,1.46622,1.46615,4040000,1200000
2022-10-12 12:26:53.147000,1.46622,1.46615,2040000,4500000
2022-10-12 12:26:53.249000,1.46621,1.46613,5180000,4500000
2022-10-12 12:26:53.452000,1.46621,1.46615,4280000,3600000
2022-10-12 12:26:53.554000,1.4662,1.46614,4040000,4500000
2022-10-12 12:26:53.707000,1.46622,1.46616,6000000,3600000
2022-10-12 12:26:53.859000,1.46622,1.46616,4500000,3600000
2022-10-12 12:26:54.012000,1.46618,1.46613,5400000,1200000
2022-10-12 12:26:54.114000,1.4662,1.46614,3600000,4500000
2022-10-12 12:26:54.216000,1.4662,1.46615,3600000,1200000
2022-10-12 12:26:54.419000,1.46619,1.46613,4500000,3600000
2022-10-12 12:26:54.521000,1.4662,1.46614,3600000,3600000
2022-10-12 12:26:54.740000,1.46621,1.46615,4040000,3600000
2022-10-12 12:26:54.944000,1.46617,1.46611,4500000,4730000
2022-10-12 12:26:55.046000,1.46619,1.46611,3600000,4500000
2022-10-12 12:26:55.148000,1.4662,1.46614,5400000,3600000
2022-10-12 12:26:55.250000,1.46622,1.46615,5540000,4500000
2022-10-12 12:26:55.352000,1.46623,1.46615,3600000,4500000
2022-10-12 12:26:55.687000,1.46623,1.46617,5480000,4500000
2022-10-12 12:26:55.789000,1.46623,1.46616,3600000,1200000
2022-10-12 12:26:56.245000,1.46622,1.46616,3680000,4500000
2022-10-12 12:26:56.798000,1.46622,1.46615,2340000,3600000
2022-10-12 12:26:56.900000,1.46621,1.46613,3600000,4500000
2022-10-12 12:26:57.727000,1.46621,1.46615,4140000,3600000
2022-10-12 12:26:57.829000,1.46621,1.46615,3600000,4640000
2022-10-12 12:26:57.880000,1.46624,1.46615,5840000,4040000
2022-10-12 12:26:58.134000,1.46621,1.46615,3600000,4640000
2022-10-12 12:26:58.235000,1.46623,1.46616,5840000,4040000
2022-10-12 12:26:58.337000,1.46623,1.46617,3600000,4640000
2022-10-12 12:26:58.440000,1.46625,1.46619,4740000,4500000
2022-10-12 12:26:58.541000,1.46626,1.46619,1920000,1200000
2022-10-12 12:26:58.959000,1.46625,1.46619,3600000,4640000
2022-10-12 12:26:59.215000,1.46625,1.46619,3600000,4500000
2022-10-12 12:26:59.645000,1.46627,1.4662,4040000,3600000
2022-10-12 12:27:00.052000,1.46625,1.46619,3600000,4500000
2022-10-12 12:27:00.155000,1.46629,1.46625,1980000,4500000
2022-10-12 12:27:00.206000,1.46631,1.46625,1200000,1200000
2022-10-12 12:27:00.257000,1.46633,1.46625,1200000,1200000
2022-10-12 12:27:00.309000,1.46632,1.46627,3600000,1200000
2022-10-12 12:27:00.410000,1.46632,1.46626,3600000,3600000
2022-10-12 12:27:00.512000,1.4663,1.46624,3600000,3600000
2022-10-12 12:27:00.845000,1.46631,1.46625,4040000,3600000
2022-10-12 12:27:00.947000,1.46633,1.46625,3600000,3600000
2022-10-12 12:27:01.100000,1.46636,1.46625,6420000,1200000
2022-10-12 12:27:01.252000,1.46632,1.46626,3600000,3600000
2022-10-12 12:27:01.456000,1.46629,1.46623,3600000,4500000
2022-10-12 12:27:01.558000,1.46632,1.46625,4940000,3600000
2022-10-12 12:27:01.660000,1.46631,1.46625,3600000,3600000
2022-10-12 12:27:02.208000,1.4663,1.46624,3600000,3600000
2022-10-12 12:27:02.330000,1.46632,1.46624,4500000,3600000
2022-10-12 12:27:02.381000,1.46629,1.46623,4500000,3600000
2022-10-12 12:27:02.534000,1.4663,1.46624,1200000,3600000
2022-10-12 12:27:02.788000,1.46632,1.46626,4500000,3600000
2022-10-12 12:27:03.245000,1.46629,1.46623,4500000,3600000
2022-10-12 12:27:03.448000,1.4663,1.46624,3600000,3600000
2022-10-12 12:27:03.752000,1.46631,1.46625,4500000,3600000
2022-10-12 12:27:03.905000,1.46633,1.46625,4040000,3600000
2022-10-12 12:27:04.007000,1.46632,1.46627,1200000,3600000
2022-10-12 12:27:04.160000,1.46632,1.46626,1200000,1200000
2022-10-12 12:27:05.162000,1.46634,1.46628,3600000,3600000
2022-10-12 12:27:05.416000,1.46633,1.46627,4500000,3600000
2022-10-12 12:27:05.559000,1.46632,1.46626,3600000,4500000
2022-10-12 12:27:06.149000,1.46634,1.46626,3600000,3600000
2022-10-12 12:27:08.672000,1.46636,1.46627,3600000,3600000
2022-10-12 12:27:08.724000,1.46636,1.4663,4040000,3600000
2022-10-12 12:27:08.826000,1.46637,1.46631,4140000,3600000
2022-10-12 12:27:08.928000,1.46636,1.4663,3600000,3600000
2022-10-12 12:27:09.881000,1.46637,1.46631,3600000,3600000
2022-10-12 12:27:09.983000,1.46636,1.4663,3600000,3600000
2022-10-12 12:27:10.186000,1.46635,1.46629,3600000,3600000
2022-10-12 12:27:10.677000,1.46636,1.4663,4140000,3600000
2022-10-12 12:27:10.779000,1.46635,1.46629,3600000,3600000
2022-10-12 12:27:11.084000,1.46637,1.46629,4940000,3600000
2022-10-12 12:27:11.135000,1.46636,1.46628,3600000,3600000
2022-10-12 12:27:12.914000,1.46636,1.46628,4500000,3600000
2022-10-12 12:27:13.067000,1.46635,1.46629,3600000,3600000
2022-10-12 12:27:13.948000,1.46636,1.46632,1200000,3600000
2022-10-12 12:27:13.999000,1.46639,1.46633,3600000,4500000
2022-10-12 12:27:14.050000,1.46641,1.46635,4640000,3600000
2022-10-12 12:27:14.153000,1.46636,1.46632,3600000,1340000
2022-10-12 12:27:14.204000,1.46635,1.46629,4040000,3600000
2022-10-12 12:27:14.306000,1.46636,1.4663,4640000,3600000
2022-10-12 12:27:14.408000,1.46636,1.4663,3600000,3600000
2022-10-12 12:27:14.510000,1.46637,1.46628,1200000,3600000
2022-10-12 12:27:15.306000,1.46634,1.46628,3600000,3600000
2022-10-12 12:27:16.077000,1.46635,1.46629,1340000,3600000
2022-10-12 12:27:16.295000,1.46636,1.46628,5100000,3600000
2022-10-12 12:27:16.675000,1.46634,1.46628,3600000,3600000
2022-10-12 12:27:17.918000,1.46636,1.46628,6000000,3600000
2022-10-12 12:27:18.020000,1.46634,1.46628,3600000,3600000
2022-10-12 12:27:18.122000,1.46635,1.46629,1800000,3600000
2022-10-12 12:27:18.173000,1.46641,1.46636,1200000,3600000
2022-10-12 12:27:18.275000,1.46642,1.46636,4040000,3600000
2022-10-12 12:27:18.377000,1.46643,1.46638,1320000,3600000
2022-10-12 12:27:18.530000,1.46643,1.46638,1200000,3600000
2022-10-12 12:27:18.632000,1.46644,1.46638,4140000,3600000
2022-10-12 12:27:18.927000,1.46643,1.46637,3600000,3600000
2022-10-12 12:27:19.029000,1.46643,1.46636,3600000,3600000
2022-10-12 12:27:19.511000,1.46643,1.46637,4500000,3600000
2022-10-12 12:27:20.626000,1.46642,1.46636,3600000,3600000
2022-10-12 12:27:21.820000,1.46643,1.46637,3600000,3600000
2022-10-12 12:27:22.084000,1.46643,1.46636,3600000,3600000
2022-10-12 12:27:22.935000,1.46643,1.46637,4500000,3600000
2022-10-12 12:27:23.499000,1.4664,1.46635,1920000,3600000
2022-10-12 12:27:23.550000,1.46638,1.46632,4580000,4200000
2022-10-12 12:27:23.601000,1.46638,1.4663,4640000,4430000
2022-10-12 12:27:23.653000,1.46636,1.4663,4040000,3900000
2022-10-12 12:27:23.976000,1.46638,1.46634,1200000,3600000
2022-10-12 12:27:24.027000,1.4664,1.46634,4040000,3600000
2022-10-12 12:27:24.130000,1.46642,1.46636,3600000,4500000
2022-10-12 12:27:24.231000,1.46644,1.46636,5040000,3600000
2022-10-12 12:27:24.554000,1.46642,1.46636,3600000,3600000
2022-10-12 12:27:24.970000,1.46643,1.46636,4500000,3600000
2022-10-12 12:27:25.288000,1.46642,1.46636,3600000,3600000
2022-10-12 12:27:25.408000,1.46644,1.46635,4500000,3600000
2022-10-12 12:27:25.650000,1.46643,1.46637,3600000,3600000
2022-10-12 12:27:25.752000,1.46646,1.46639,3600000,3600000
2022-10-12 12:27:25.853000,1.46645,1.46639,3600000,3600000
2022-10-12 12:27:25.955000,1.46644,1.46638,3600000,3600000
2022-10-12 12:27:26.057000,1.46643,1.46637,3600000,3600000
2022-10-12 12:27:26.514000,1.46644,1.46638,3600000,3600000
2022-10-12 12:27:28.251000,1.46645,1.46639,3600000,3600000
2022-10-12 12:27:28.455000,1.46644,1.46638,3600000,3600000
2022-10-12 12:27:28.506000,1.46646,1.46639,4040000,3600000
2022-10-12 12:27:28.608000,1.46644,1.46638,3600000,3830000
2022-10-12 12:27:28.659000,1.46646,1.46639,4040000,3600000
2022-10-12 12:27:28.761000,1.46646,1.4664,4040000,4800000
2022-10-12 12:27:29.470000,1.46646,1.4664,4040000,3830000
2022-10-12 12:27:29.665000,1.46647,1.46641,4640000,3600000
2022-10-12 12:27:31.880000,1.46647,1.46644,1200000,3830000
2022-10-12 12:27:31.934000,1.4665,1.46644,4040000,3600000
2022-10-12 12:27:32.036000,1.46651,1.46645,3600000,3600000
2022-10-12 12:27:32.138000,1.46652,1.46646,3600000,3600000
2022-10-12 12:27:32.443000,1.46654,1.46648,4500000,3600000
2022-10-12 12:27:32.596000,1.46655,1.46649,3600000,3600000
2022-10-12 12:27:32.748000,1.46654,1.46648,3600000,3600000
2022-10-12 12:27:32.901000,1.46657,1.46649,4500000,3830000
2022-10-12 12:27:33.002000,1.46657,1.4665,1200000,3600000
2022-10-12 12:27:33.338000,1.46656,1.4665,4500000,3830000
2022-10-12 12:27:33.440000,1.46656,1.46651,1200000,3830000
2022-10-12 12:27:33.582000,1.46656,1.4665,5400000,3830000
2022-10-12 12:27:34.476000,1.46655,1.46649,4500000,3600000
2022-10-12 12:27:34.578000,1.46656,1.4665,8400000,3600000
2022-10-12 12:27:34.629000,1.46656,1.4665,5630000,3830000
2022-10-12 12:27:35.035000,1.46656,1.4665,4640000,3600000
2022-10-12 12:27:35.137000,1.46656,1.4665,4500000,3600000
2022-10-12 12:27:35.420000,1.46655,1.46649,4500000,3600000
2022-10-12 12:27:35.997000,1.46656,1.4665,6440000,3830000
2022-10-12 12:27:38.507000,1.46656,1.46651,1200000,3600000
2022-10-12 12:27:39.047000,1.46658,1.4665,4500000,3600000
2022-10-12 12:27:39.747000,1.46656,1.4665,3600000,3600000
2022-10-12 12:27:39.899000,1.46655,1.4665,1200000,3600000
2022-10-12 12:27:40.228000,1.46656,1.46651,1200000,3600000
2022-10-12 12:27:40.330000,1.46656,1.4665,4500000,3600000
2022-10-12 12:27:41.432000,1.46655,1.4665,1200000,3600000
2022-10-12 12:27:41.635000,1.46655,1.46651,1200000,3600000
2022-10-12 12:27:42.093000,1.46656,1.46651,1200000,3600000
2022-10-12 12:27:42.195000,1.46656,1.4665,5540000,3600000
2022-10-12 12:27:42.298000,1.4665,1.46647,1880000,1500000
2022-10-12 12:27:42.350000,1.46647,1.46641,4580000,3600000
2022-10-12 12:27:42.401000,1.46645,1.46637,3600000,3600000
2022-10-12 12:27:42.554000,1.46644,1.46636,3600000,3600000
2022-10-12 12:27:42.707000,1.46642,1.46636,3600000,3600000
2022-10-12 12:27:43.117000,1.46643,1.46637,4500000,3600000
2022-10-12 12:27:43.321000,1.46644,1.46635,3600000,3600000
2022-10-12 12:27:43.422000,1.46643,1.46637,4500000,3600000
2022-10-12 12:27:43.524000,1.46646,1.46638,3600000,3600000
2022-10-12 12:27:43.880000,1.46646,1.4664,3600000,3600000
2022-10-12 12:27:44.703000,1.46648,1.46642,4500000,3600000
2022-10-12 12:27:44.805000,1.46649,1.46643,3600000,4500000
2022-10-12 12:27:45.445000,1.4665,1.46644,3600000,3600000
2022-10-12 12:27:45.597000,1.46649,1.46643,3600000,3600000
2022-10-12 12:27:45.703000,1.4665,1.46644,4160000,3600000
2022-10-12 12:27:45.805000,1.46649,1.46643,3600000,3600000
2022-10-12 12:27:45.909000,1.4665,1.46644,3600000,3600000
2022-10-12 12:27:46.259000,1.46652,1.46647,3600000,1200000
2022-10-12 12:27:46.311000,1.46654,1.46648,3600000,3600000
2022-10-12 12:27:46.412000,1.46655,1.46649,3600000,3600000
2022-10-12 12:27:50.554000,1.46654,1.46648,3600000,3600000
2022-10-12 12:27:51.112000,1.46649,1.46645,3600000,1200000
2022-10-12 12:27:51.163000,1.46648,1.46642,3600000,3600000
2022-10-12 12:27:51.265000,1.46646,1.46639,2400000,4500000
2022-10-12 12:27:51.367000,1.46645,1.46637,3600000,3600000
2022-10-12 12:27:51.418000,1.46646,1.46639,5400000,3600000
2022-10-12 12:27:53.572000,1.46645,1.46639,3600000,3600000
2022-10-12 12:27:53.703000,1.46646,1.4664,1340000,3600000
2022-10-12 12:27:53.805000,1.46646,1.46637,1340000,5400000
2022-10-12 12:27:53.907000,1.46646,1.46638,1340000,3600000
2022-10-12 12:27:54.009000,1.46646,1.4664,4940000,3600000
2022-10-12 12:27:54.231000,1.46646,1.4664,6440000,3600000
2022-10-12 12:27:54.333000,1.46644,1.46638,3600000,3600000
2022-10-12 12:27:54.536000,1.46646,1.46637,1940000,4940000
2022-10-12 12:27:55.039000,1.4664,1.46635,3600000,1200000
2022-10-12 12:27:55.090000,1.4664,1.46633,3600000,3600000
2022-10-12 12:27:55.192000,1.46639,1.46633,3600000,3600000
2022-10-12 12:27:55.354000,1.4664,1.46633,3600000,3600000
2022-10-12 12:27:55.456000,1.46639,1.46633,3600000,3600000
2022-10-12 12:27:56.360000,1.4664,1.46633,4500000,3600000
2022-10-12 12:27:56.462000,1.46639,1.46633,3600000,3600000
2022-10-12 12:27:56.804000,1.46638,1.46632,4500000,3600000
2022-10-12 12:27:57.797000,1.46638,1.46634,1200000,3600000
2022-10-12 12:27:57.848000,1.4664,1.46634,3600000,4040000
2022-10-12 12:27:58.048000,1.46639,1.46633,3600000,3600000
2022-10-12 12:27:58.953000,1.4664,1.46634,4040000,3600000
2022-10-12 12:27:59.055000,1.46641,1.46634,3600000,3600000
2022-10-12 12:27:59.106000,1.46642,1.46636,3600000,3600000
2022-10-12 12:27:59.208000,1.46644,1.46636,3600000,3600000
2022-10-12 12:27:59.513000,1.46644,1.46635,4940000,4500000
2022-10-12 12:27:59.564000,1.46642,1.46636,3600000,3600000
2022-10-12 12:28:00.393000,1.46643,1.46638,1200000,3600000
2022-10-12 12:28:00.444000,1.46646,1.46639,5400000,3600000
2022-10-12 12:28:00.546000,1.46645,1.46639,3600000,4500000
2022-10-12 12:28:01.411000,1.46645,1.46639,4640000,3600000
2022-10-12 12:28:01.549000,1.46644,1.46638,4500000,3600000
2022-10-12 12:28:02.223000,1.46642,1.46636,4500000,3600000
2022-10-12 12:28:02.327000,1.46644,1.46634,1200000,4040000
2022-10-12 12:28:02.429000,1.46642,1.46636,3600000,3600000
2022-10-12 12:28:02.531000,1.46643,1.46637,3600000,3600000
2022-10-12 12:28:02.954000,1.46645,1.46637,3680000,3600000
2022-10-12 12:28:03.353000,1.46643,1.46637,3600000,3600000
2022-10-12 12:28:03.455000,1.46642,1.46636,3600000,3600000
2022-10-12 12:28:03.905000,1.46644,1.46636,1200000,4500000
2022-10-12 12:28:03.957000,1.46644,1.46638,4500000,3600000
2022-10-12 12:28:04.191000,1.46642,1.46636,3600000,3600000
2022-10-12 12:28:05.124000,1.46643,1.46637,3600000,3600000
2022-10-12 12:28:05.797000,1.46644,1.46638,3600000,3600000
2022-10-12 12:28:05.950000,1.46645,1.46639,3600000,3600000
2022-10-12 12:28:06.052000,1.46644,1.46638,3600000,3600000
2022-10-12 12:28:06.458000,1.46644,1.46636,3600000,3600000
2022-10-12 12:28:06.559000,1.46642,1.46636,3600000,3600000
2022-10-12 12:28:06.661000,1.46643,1.46637,3600000,3600000
2022-10-12 12:28:07.044000,1.46644,1.46638,3600000,3600000
2022-10-12 12:28:08.179000,1.46645,1.46639,3600000,3600000
2022-10-12 12:28:08.445000,1.46644,1.46638,3600000,3600000
2022-10-12 12:28:09.802000,1.46645,1.46639,3600000,3600000
2022-10-12 12:28:09.905000,1.46649,1.46639,1200000,3600000
2022-10-12 12:28:09.956000,1.46648,1.46642,4500000,3600000
2022-10-12 12:28:10.058000,1.46647,1.46641,3600000,3600000
2022-10-12 12:28:10.226000,1.46647,1.4664,3600000,3600000
2022-10-12 12:28:10.328000,1.46646,1.4664,3600000,3600000
2022-10-12 12:28:10.785000,1.46647,1.4664,3600000,3600000
2022-10-12 12:28:10.947000,1.46646,1.4664,3600000,3600000
2022-10-12 12:28:11.248000,1.46646,1.46639,1200000,3600000
2022-10-12 12:28:11.856000,1.46643,1.46637,4040000,3600000
2022-10-12 12:28:11.958000,1.46642,1.46636,3600000,3600000
2022-10-12 12:28:12.177000,1.46641,1.46635,3600000,3600000
2022-10-12 12:28:12.303000,1.46642,1.46636,3600000,3600000
2022-10-12 12:28:12.938000,1.46643,1.46637,3600000,3600000
2022-10-12 12:28:13.040000,1.46644,1.46638,4500000,3600000
2022-10-12 12:28:13.174000,1.46643,1.46637,4500000,3600000
2022-10-12 12:28:13.276000,1.46642,1.46636,3600000,3600000
2022-10-12 12:28:14.275000,1.46643,1.46637,3600000,3600000
2022-10-12 12:28:14.529000,1.46646,1.46638,1340000,3600000
2022-10-12 12:28:14.631000,1.46646,1.4664,4140000,3600000
2022-10-12 12:28:14.734000,1.46645,1.46639,3600000,3600000
2022-10-12 12:28:14.835000,1.46644,1.46638,3600000,3600000
2022-10-12 12:28:15.039000,1.46647,1.46638,4040000,3600000
2022-10-12 12:28:15.141000,1.46645,1.46639,3600000,3600000
2022-10-12 12:28:15.708000,1.46643,1.46637,3600000,3600000
2022-10-12 12:28:15.810000,1.4664,1.46634,3600000,3600000
2022-10-12 12:28:16.095000,1.46642,1.46634,6300000,3600000
2022-10-12 12:28:16.197000,1.46641,1.46634,1200000,3600000
2022-10-12 12:28:16.248000,1.46639,1.46633,3600000,3600000
2022-10-12 12:28:16.525000,1.4664,1.46634,3600000,3600000
2022-10-12 12:28:16.627000,1.46643,1.46634,1340000,3680000
2022-10-12 12:28:16.678000,1.46642,1.46637,1200000,3600000
2022-10-12 12:28:16.780000,1.46644,1.46638,3600000,3600000
2022-10-12 12:28:17.059000,1.46643,1.46637,3600000,3600000
2022-10-12 12:28:17.162000,1.46643,1.46635,3600000,4500000
2022-10-12 12:28:17.869000,1.46645,1.46634,7320000,3830000
2022-10-12 12:28:17.971000,1.46642,1.46636,3600000,3600000
2022-10-12 12:28:18.073000,1.46643,1.46637,3680000,3600000
2022-10-12 12:28:18.175000,1.46642,1.46636,3600000,3600000
2022-10-12 12:28:19.265000,1.46641,1.46635,3600000,3600000
2022-10-12 12:28:19.367000,1.46642,1.46636,3600000,3600000
2022-10-12 12:28:19.822000,1.46641,1.46635,4040000,3600000
2022-10-12 12:28:20.321000,1.46643,1.46637,4500000,3600000
2022-10-12 12:28:22.343000,1.46644,1.46638,3600000,4500000
2022-10-12 12:28:22.445000,1.46646,1.46638,3600000,3600000
2022-10-12 12:28:23.607000,1.46646,1.4664,3680000,3600000
2022-10-12 12:28:23.988000,1.46648,1.46642,3600000,3600000
2022-10-12 12:28:24.090000,1.46645,1.46639,4040000,3600000
2022-10-12 12:28:24.192000,1.46644,1.46638,3600000,4040000
2022-10-12 12:28:24.294000,1.46643,1.46637,3600000,3600000
2022-10-12 12:28:24.498000,1.46644,1.46638,3600000,3600000
2022-10-12 12:28:24.684000,1.46645,1.46638,4500000,3600000
2022-10-12 12:28:24.785000,1.46644,1.46638,3600000,3600000
2022-10-12 12:28:25.157000,1.46643,1.46637,3600000,3600000
2022-10-12 12:28:25.310000,1.46642,1.46636,1200000,3600000
2022-10-12 12:28:25.411000,1.46641,1.46635,3600000,3600000
2022-10-12 12:28:27.568000,1.4664,1.46634,3600000,3600000
2022-10-12 12:28:27.670000,1.46637,1.46629,1320000,4800000
2022-10-12 12:28:27.772000,1.46634,1.4663,1200000,1500000
2022-10-12 12:28:27.924000,1.46634,1.46628,4580000,3600000
2022-10-12 12:28:28.026000,1.46635,1.46626,6120000,3600000
2022-10-12 12:28:28.449000,1.46635,1.46629,4040000,3600000
2022-10-12 12:28:28.500000,1.46638,1.46628,4500000,3600000
2022-10-12 12:28:28.552000,1.46636,1.46628,3600000,3600000
2022-10-12 12:28:28.653000,1.46634,1.46628,3600000,3600000
2022-10-12 12:28:28.838000,1.46636,1.46628,4160000,3600000
2022-10-12 12:28:29.167000,1.46634,1.46628,3600000,3600000
2022-10-12 12:28:29.720000,1.46637,1.46632,1800000,4040000
2022-10-12 12:28:29.771000,1.4664,1.46632,3600000,4500000
2022-10-12 12:28:29.823000,1.4664,1.46634,3600000,3600000
2022-10-12 12:28:29.925000,1.46641,1.46635,4500000,3600000
2022-10-12 12:28:30.641000,1.4664,1.46634,3600000,3600000
2022-10-12 12:28:31.816000,1.46639,1.46633,3600000,3600000
2022-10-12 12:28:32.385000,1.46637,1.46629,5480000,4040000
2022-10-12 12:28:32.436000,1.46634,1.46628,3600000,3600000
2022-10-12 12:28:32.770000,1.46636,1.46631,1200000,3600000
2022-10-12 12:28:32.872000,1.46637,1.46631,3600000,3600000
2022-10-12 12:28:32.994000,1.46639,1.46635,1200000,4500000
2022-10-12 12:28:33.097000,1.46645,1.46638,3600000,3600000
2022-10-12 12:28:33.275000,1.46645,1.46639,3600000,3600000
2022-10-12 12:28:33.326000,1.46644,1.46636,3600000,3600000
2022-10-12 12:28:33.479000,1.46646,1.46638,3600000,3600000
2022-10-12 12:28:33.592000,1.46645,1.46639,3600000,3600000
2022-10-12 12:28:33.694000,1.46646,1.4664,3680000,3600000
2022-10-12 12:28:34.022000,1.46644,1.46638,3600000,3600000
2022-10-12 12:28:34.179000,1.46645,1.46639,3600000,3600000
2022-10-12 12:28:35.219000,1.46646,1.4664,3600000,3600000
2022-10-12 12:28:35.658000,1.46645,1.46639,3600000,3600000
2022-10-12 12:28:36.719000,1.4664,1.46636,1920000,2840000
2022-10-12 12:28:36.770000,1.46639,1.46633,5940000,4500000
2022-10-12 12:28:36.821000,1.46637,1.46633,3600000,1200000
2022-10-12 12:28:36.873000,1.46637,1.46631,3600000,3600000
2022-10-12 12:28:36.975000,1.46638,1.46632,3600000,3600000
2022-10-12 12:28:37.649000,1.46641,1.46635,4040000,3600000
2022-10-12 12:28:37.852000,1.46642,1.46636,4040000,3600000
2022-10-12 12:28:37.954000,1.46641,1.46635,3600000,3600000
2022-10-12 12:28:38.056000,1.46643,1.46635,1920000,3600000
2022-10-12 12:28:38.158000,1.46641,1.46635,3600000,3600000
2022-10-12 12:28:38.274000,1.46643,1.46635,3600000,3600000
2022-10-12 12:28:38.434000,1.46643,1.46637,3600000,3600000
2022-10-12 12:28:38.893000,1.46645,1.46639,3600000,4500000
2022-10-12 12:28:38.944000,1.46647,1.46639,1200000,4500000
2022-10-12 12:28:39.046000,1.46647,1.46641,4500000,3600000
2022-10-12 12:28:40.420000,1.46646,1.4664,3600000,3600000
2022-10-12 12:28:40.813000,1.46645,1.46639,3600000,3600000
2022-10-12 12:28:41.361000,1.46644,1.46638,3600000,3600000
2022-10-12 12:28:41.713000,1.46643,1.46637,3600000,4500000
2022-10-12 12:28:44.853000,1.46644,1.46638,3600000,3600000
2022-10-12 12:28:45.194000,1.46643,1.46637,3600000,4040000
2022-10-12 12:28:46.050000,1.46644,1.46638,3600000,3600000
2022-10-12 12:28:46.330000,1.46643,1.46637,3600000,3600000
2022-10-12 12:28:46.445000,1.46644,1.46638,3600000,3600000
2022-10-12 12:28:46.547000,1.46644,1.46636,3600000,3600000
2022-10-12 12:28:46.649000,1.46644,1.46638,3600000,3600000
2022-10-12 12:28:47.101000,1.46644,1.46637,3600000,3600000
2022-10-12 12:28:47.220000,1.46644,1.46638,3600000,3600000
2022-10-12 12:28:47.468000,1.46638,1.46634,3600000,1200000
2022-10-12 12:28:47.569000,1.46638,1.46632,3600000,3600000
2022-10-12 12:28:47.620000,1.4664,1.46633,5040000,3600000
2022-10-12 12:28:47.750000,1.46639,1.46633,3600000,3600000
2022-10-12 12:28:48.371000,1.46641,1.46635,3600000,3600000
2022-10-12 12:28:48.473000,1.4664,1.46634,3600000,3600000
2022-10-12 12:28:48.590000,1.46641,1.46635,3600000,3600000
2022-10-12 12:28:49.152000,1.4664,1.46634,3600000,3600000
2022-10-12 12:28:49.306000,1.46641,1.46635,3600000,3600000
2022-10-12 12:28:49.636000,1.4664,1.46634,3600000,3600000
2022-10-12 12:28:49.789000,1.46642,1.46636,3600000,3600000
2022-10-12 12:28:49.890000,1.4664,1.46634,3600000,3600000
2022-10-12 12:28:50.526000,1.46643,1.46637,4500000,4500000
2022-10-12 12:28:50.777000,1.46644,1.46638,3600000,3600000
2022-10-12 12:28:51.031000,1.46641,1.46635,3600000,4500000
2022-10-12 12:28:51.133000,1.46641,1.46633,3600000,4500000
2022-10-12 12:28:51.858000,1.46641,1.46635,3600000,3600000
2022-10-12 12:28:52.061000,1.46642,1.46635,4500000,3600000
2022-10-12 12:28:52.163000,1.4664,1.46634,3600000,3600000
2022-10-12 12:28:52.315000,1.46641,1.46635,3600000,3600000
2022-10-12 12:28:52.547000,1.46643,1.46638,1200000,3600000
2022-10-12 12:28:52.648000,1.46644,1.46638,3600000,3600000
2022-10-12 12:28:52.913000,1.46643,1.46637,3600000,3600000
2022-10-12 12:28:53.343000,1.46644,1.46638,3600000,3600000
2022-10-12 12:28:54.551000,1.46643,1.46637,3600000,3600000
2022-10-12 12:28:54.653000,1.46642,1.46636,3600000,3600000
2022-10-12 12:28:54.880000,1.46643,1.46637,3600000,3600000
2022-10-12 12:28:55.273000,1.46642,1.46636,3600000,3600000
2022-10-12 12:28:55.458000,1.46643,1.46637,4040000,3600000
2022-10-12 12:28:55.776000,1.46644,1.46638,3600000,3600000
2022-10-12 12:28:56.974000,1.46646,1.46637,3600000,3600000
2022-10-12 12:28:57.101000,1.46645,1.46637,3600000,3600000
2022-10-12 12:28:57.203000,1.46645,1.46638,3600000,3600000
2022-10-12 12:28:57.355000,1.46644,1.46638,3600000,3600000
2022-10-12 12:28:57.719000,1.46645,1.46638,3600000,3600000
2022-10-12 12:28:57.838000,1.46643,1.46637,3600000,3600000
2022-10-12 12:28:57.941000,1.46645,1.46637,3600000,4040000
2022-10-12 12:28:58.043000,1.46645,1.46639,3600000,3600000
2022-10-12 12:28:58.331000,1.46644,1.46638,3600000,4500000
2022-10-12 12:28:58.649000,1.46646,1.46638,3600000,3600000
2022-10-12 12:28:58.801000,1.46646,1.4664,4040000,4500000
2022-10-12 12:28:58.954000,1.46647,1.46641,4140000,3600000
2022-10-12 12:28:59.056000,1.46647,1.46642,4140000,1200000
2022-10-12 12:28:59.158000,1.46645,1.46642,3600000,1200000
2022-10-12 12:28:59.209000,1.46646,1.4664,3600000,3600000
2022-10-12 12:28:59.506000,1.46647,1.46641,4140000,3600000
2022-10-12 12:28:59.746000,1.46649,1.46643,4500000,3600000
2022-10-12 12:28:59.797000,1.46653,1.46644,3600000,3600000
2022-10-12 12:28:59.899000,1.46652,1.46646,3600000,3600000
2022-10-12 12:29:00.103000,1.46655,1.46651,3600000,1200000
2022-10-12 12:29:00.154000,1.46657,1.4665,3600000,4040000
2022-10-12 12:29:00.256000,1.46657,1.46651,3600000,4500000
2022-10-12 12:29:00.358000,1.46658,1.46652,4500000,3600000
2022-10-12 12:29:00.475000,1.46657,1.46651,3600000,3600000
2022-10-12 12:29:00.527000,1.46659,1.46653,3600000,5400000
2022-10-12 12:29:00.629000,1.46659,1.46653,3600000,4800000
2022-10-12 12:29:00.782000,1.46659,1.46653,5400000,3830000
2022-10-12 12:29:00.885000,1.46659,1.46654,1200000,3600000
2022-10-12 12:29:00.986000,1.46659,1.46653,3600000,3830000
2022-10-12 12:29:01.088000,1.46659,1.46654,1200000,3600000
2022-10-12 12:29:01.190000,1.46659,1.46653,5400000,3600000
2022-10-12 12:29:02.306000,1.46659,1.46651,3600000,4500000
2022-10-12 12:29:02.408000,1.46659,1.46653,6530000,3600000
2022-10-12 12:29:03.075000,1.46655,1.46652,4580000,1200000
2022-10-12 12:29:03.127000,1.46652,1.46647,1200000,3600000
2022-10-12 12:29:03.178000,1.46651,1.46645,3600000,3600000
2022-10-12 12:29:03.958000,1.46652,1.46644,3600000,3600000
2022-10-12 12:29:04.009000,1.46653,1.46647,4500000,3600000
2022-10-12 12:29:04.111000,1.46653,1.46646,3600000,3600000
2022-10-12 12:29:04.213000,1.46652,1.46646,3600000,3600000
2022-10-12 12:29:04.315000,1.46654,1.46648,3600000,3600000
2022-10-12 12:29:04.417000,1.46655,1.46649,3600000,3600000
2022-10-12 12:29:04.947000,1.46652,1.46646,3600000,3600000
2022-10-12 12:29:05.150000,1.46654,1.46647,3600000,5840000
2022-10-12 12:29:05.201000,1.46655,1.46649,4040000,3600000
2022-10-12 12:29:06.096000,1.46654,1.46648,3600000,3600000
2022-10-12 12:29:06.303000,1.46655,1.46649,3600000,3600000
2022-10-12 12:29:06.455000,1.46654,1.46648,3600000,3600000
2022-10-12 12:29:06.927000,1.46657,1.46649,5400000,3600000
2022-10-12 12:29:07.079000,1.46655,1.46649,3600000,3600000
2022-10-12 12:29:07.181000,1.46654,1.46648,3600000,4140000
2022-10-12 12:29:07.448000,1.46656,1.4665,3600000,3600000
2022-10-12 12:29:07.550000,1.46657,1.46651,5400000,3600000
2022-10-12 12:29:07.703000,1.46656,1.4665,3600000,3600000
2022-10-12 12:29:08.018000,1.46656,1.4665,3600000,4200000
2022-10-12 12:29:08.120000,1.46659,1.46654,1200000,2060000
2022-10-12 12:29:08.222000,1.46665,1.46658,5400000,3600000
2022-10-12 12:29:08.324000,1.46665,1.46656,3600000,3600000
2022-10-12 12:29:08.426000,1.46663,1.46657,3600000,3600000
2022-10-12 12:29:10.176000,1.46662,1.46656,3600000,3600000
2022-10-12 12:29:10.278000,1.46661,1.46654,4500000,3600000
2022-10-12 12:29:10.329000,1.46659,1.46653,3600000,3600000
2022-10-12 12:29:10.618000,1.46661,1.46653,3600000,3600000
2022-10-12 12:29:10.996000,1.46661,1.46655,3600000,4940000
2022-10-12 12:29:11.098000,1.46662,1.46656,3600000,3600000
2022-10-12 12:29:11.200000,1.46664,1.46656,1200000,3600000
2022-10-12 12:29:11.251000,1.46664,1.46658,3600000,3600000
2022-10-12 12:29:11.556000,1.46663,1.46657,3600000,3600000
2022-10-12 12:29:11.710000,1.46663,1.46656,3600000,3600000
2022-10-12 12:29:11.812000,1.46664,1.46657,3600000,3600000
2022-10-12 12:29:11.914000,1.46661,1.46654,3600000,1200000
2022-10-12 12:29:12.016000,1.46664,1.46655,4940000,1200000
2022-10-12 12:29:12.118000,1.46663,1.46655,3600000,4500000
2022-10-12 12:29:12.220000,1.46662,1.46656,3600000,3600000
2022-10-12 12:29:14.609000,1.46664,1.46658,3600000,3600000
2022-10-12 12:29:15.079000,1.46665,1.46659,3600000,3600000
2022-10-12 12:29:15.585000,1.46666,1.4666,3600000,3600000
2022-10-12 12:29:19.827000,1.46664,1.46658,3600000,3600000
2022-10-12 12:29:19.929000,1.46664,1.46655,1200000,1200000
2022-10-12 12:29:19.980000,1.46662,1.46655,4040000,1200000
2022-10-12 12:29:20.082000,1.46662,1.46653,4500000,3600000
2022-10-12 12:29:20.234000,1.46659,1.46653,4500000,3600000
2022-10-12 12:29:21.075000,1.4666,1.46651,1200000,3600000
2022-10-12 12:29:21.177000,1.4666,1.46652,4500000,3600000
2022-10-12 12:29:21.279000,1.46659,1.46651,1200000,3600000
2022-10-12 12:29:21.405000,1.46658,1.46651,1200000,3600000
2022-10-12 12:29:21.456000,1.4666,1.46651,1800000,3600000
2022-10-12 12:29:21.677000,1.46659,1.46651,1200000,3600000
2022-10-12 12:29:21.779000,1.46659,1.46653,3600000,3600000
2022-10-12 12:29:21.881000,1.46665,1.46656,1500000,3600000
2022-10-12 12:29:21.932000,1.46663,1.46657,3600000,3600000
2022-10-12 12:29:21.983000,1.46665,1.46655,5170000,3600000
2022-10-12 12:29:22.035000,1.46663,1.46653,2340000,1200000
2022-10-12 12:29:22.137000,1.4666,1.46654,3600000,3600000
2022-10-12 12:29:22.239000,1.46665,1.46658,2030000,4580000
2022-10-12 12:29:22.290000,1.46667,1.4666,3900000,3600000
2022-10-12 12:29:22.392000,1.46667,1.46661,3830000,3600000
2022-10-12 12:29:22.544000,1.46669,1.46658,4940000,5940000
2022-10-12 12:29:22.646000,1.4667,1.46658,4940000,3600000
2022-10-12 12:29:22.748000,1.46669,1.46658,4040000,5940000
2022-10-12 12:29:22.799000,1.46667,1.46661,3600000,3600000
2022-10-12 12:29:22.850000,1.46668,1.46658,3600000,1440000
2022-10-12 12:29:22.901000,1.46665,1.46659,3600000,3600000
2022-10-12 12:29:23.003000,1.46663,1.46657,3600000,3600000
2022-10-12 12:29:23.105000,1.46662,1.46656,3600000,3600000
2022-10-12 12:29:23.207000,1.46663,1.46657,3600000,3600000
2022-10-12 12:29:23.411000,1.46662,1.46656,3600000,3600000
2022-10-12 12:29:24.408000,1.46661,1.46655,3600000,3600000
2022-10-12 12:29:24.459000,1.46663,1.46652,4940000,6740000
2022-10-12 12:29:24.561000,1.46662,1.46652,1200000,3600000
2022-10-12 12:29:24.612000,1.4666,1.46654,3600000,3600000
2022-10-12 12:29:24.857000,1.46659,1.46652,2240000,3600000
2022-10-12 12:29:24.908000,1.46657,1.46651,3600000,3600000
2022-10-12 12:29:25.061000,1.46658,1.46649,4200000,3900000
2022-10-12 12:29:25.213000,1.46658,1.46648,1200000,3600000
2022-10-12 12:29:25.315000,1.46656,1.46649,1200000,3600000
2022-10-12 12:29:25.805000,1.46658,1.46648,3600000,3600000
2022-10-12 12:29:26.149000,1.46657,1.46649,3600000,3900000
2022-10-12 12:29:26.266000,1.46658,1.46649,5840000,3900000
2022-10-12 12:29:26.588000,1.46658,1.46648,4940000,3900000
2022-10-12 12:29:26.693000,1.46658,1.46649,1340000,3900000
2022-10-12 12:29:27.940000,1.46658,1.46651,3600000,3600000
2022-10-12 12:29:28.143000,1.46657,1.46651,3600000,3600000
2022-10-12 12:29:28.245000,1.46656,1.4665,3600000,3600000
2022-10-12 12:29:28.906000,1.46658,1.46651,3600000,3600000
2022-10-12 12:29:29.059000,1.46656,1.4665,3600000,3830000
2022-10-12 12:29:30.401000,1.46656,1.4665,3600000,4390000
2022-10-12 12:29:30.668000,1.46656,1.4665,3600000,3910000
2022-10-12 12:29:32.501000,1.46654,1.46648,3600000,5060000
2022-10-12 12:29:32.603000,1.46654,1.46649,3600000,1460000
2022-10-12 12:29:32.655000,1.46657,1.46649,3600000,5710000
2022-10-12 12:29:33.112000,1.46656,1.46651,3600000,1200000
2022-10-12 12:29:33.510000,1.46658,1.46653,3600000,1320000
2022-10-12 12:29:33.561000,1.4666,1.46654,3600000,4500000
2022-10-12 12:29:33.612000,1.46658,1.46654,3600000,1200000
2022-10-12 12:29:33.714000,1.46658,1.46653,3600000,1320000
2022-10-12 12:29:34.019000,1.46658,1.46652,3600000,4500000
2022-10-12 12:29:34.121000,1.46656,1.46651,3600000,1200000
2022-10-12 12:29:34.223000,1.46656,1.4665,3600000,3600000
2022-10-12 12:29:35.292000,1.46656,1.4665,3600000,4320000
2022-10-12 12:29:35.343000,1.46658,1.46651,3600000,5040000
2022-10-12 12:29:35.762000,1.46658,1.46652,3600000,3600000
2022-10-12 12:29:36.016000,1.46666,1.4666,3600000,4880000
2022-10-12 12:29:36.118000,1.46667,1.46662,3600000,1200000
2022-10-12 12:29:36.220000,1.46669,1.46663,3600000,3600000
2022-10-12 12:29:36.322000,1.4667,1.46666,1200000,4640000
2022-10-12 12:29:36.424000,1.46673,1.46669,4620000,1200000
2022-10-12 12:29:36.475000,1.46675,1.46668,3600000,1200000
2022-10-12 12:29:36.577000,1.46674,1.46668,3600000,3600000
2022-10-12 12:29:36.832000,1.46675,1.46669,3830000,3680000
2022-10-12 12:29:38.263000,1.46667,1.46661,3600000,4140000
2022-10-12 12:29:38.365000,1.46666,1.4666,3600000,3600000
2022-10-12 12:29:38.720000,1.46666,1.46658,3600000,4500000
2022-10-12 12:29:38.822000,1.46663,1.46657,3600000,3600000
2022-10-12 12:29:38.924000,1.46659,1.46653,1200000,4500000
2022-10-12 12:29:39.026000,1.46665,1.46659,3600000,4500000
2022-10-12 12:29:39.128000,1.46666,1.4666,3600000,3600000
2022-10-12 12:29:40.086000,1.4667,1.46661,7460000,1200000
2022-10-12 12:29:40.188000,1.4667,1.4666,6120000,1640000
2022-10-12 12:29:40.291000,1.4667,1.4666,6380000,1920000
2022-10-12 12:29:40.495000,1.46669,1.46663,3600000,3600000
2022-10-12 12:29:40.597000,1.46668,1.46662,3600000,3600000
2022-10-12 12:29:40.816000,1.46668,1.4666,4040000,3600000
2022-10-12 12:29:41.659000,1.46669,1.46659,4640000,6120000
2022-10-12 12:29:41.792000,1.46667,1.46661,3600000,3600000
2022-10-12 12:29:42.807000,1.46666,1.4666,4500000,3600000
2022-10-12 12:29:42.909000,1.46665,1.4666,1200000,4500000
2022-10-12 12:29:43.649000,1.46663,1.4666,1800000,3600000
2022-10-12 12:29:43.700000,1.46663,1.46657,4500000,4500000
2022-10-12 12:29:43.751000,1.46656,1.4665,1200000,3680000
2022-10-12 12:29:43.803000,1.46658,1.4665,4500000,3680000
2022-10-12 12:29:44.083000,1.46654,1.46649,1200000,3680000
2022-10-12 12:29:44.185000,1.46657,1.46648,3600000,6120000
2022-10-12 12:29:44.287000,1.46656,1.4665,3600000,3600000
2022-10-12 12:29:44.807000,1.46657,1.46648,3600000,5060000
2022-10-12 12:29:44.960000,1.46656,1.46648,1200000,4160000
2022-10-12 12:29:45.062000,1.46655,1.46649,3600000,3680000
2022-10-12 12:29:45.164000,1.46656,1.46647,4500000,1920000
2022-10-12 12:29:45.266000,1.4665,1.46645,1200000,4140000
2022-10-12 12:29:45.368000,1.46652,1.46644,3600000,4140000
2022-10-12 12:29:45.470000,1.46652,1.46648,3600000,1200000
2022-10-12 12:29:45.521000,1.46656,1.46648,4040000,4140000
2022-10-12 12:29:46.130000,1.46657,1.46648,5040000,3680000
2022-10-12 12:29:46.386000,1.46645,1.4664,3600000,2100000
2022-10-12 12:29:46.488000,1.46628,1.46624,1200000,3600000
2022-10-12 12:29:46.539000,1.46625,1.46621,1200000,1200000
2022-10-12 12:29:46.641000,1.46625,1.46623,1200000,1200000
2022-10-12 12:29:46.692000,1.46624,1.46618,3600000,3600000
2022-10-12 12:29:46.794000,1.46625,1.46619,3600000,3600000
2022-10-12 12:29:46.947000,1.46624,1.46618,3600000,4800000
2022-10-12 12:29:46.998000,1.46621,1.46616,1200000,3600000
2022-10-12 12:29:47.115000,1.46622,1.46616,3600000,3900000
2022-10-12 12:29:47.270000,1.46623,1.46615,3600000,3600000
2022-10-12 12:29:48.223000,1.46621,1.46616,1200000,3600000
2022-10-12 12:29:50.603000,1.46618,1.46612,3600000,1200000
2022-10-12 12:29:50.705000,1.46619,1.46609,2700000,4320000
2022-10-12 12:29:50.817000,1.46619,1.46609,2700000,3600000
2022-10-12 12:29:51.017000,1.46619,1.46616,1200000,3600000
2022-10-12 12:29:51.069000,1.46626,1.46623,1500000,4270000
2022-10-12 12:29:51.171000,1.4663,1.46625,1200000,1800000
2022-10-12 12:29:51.273000,1.46635,1.4663,1500000,4500000
2022-10-12 12:29:51.324000,1.46636,1.46626,1620000,1200000
2022-10-12 12:29:51.376000,1.46637,1.46626,5960000,1200000
2022-10-12 12:29:51.528000,1.46637,1.46625,5060000,5400000
2022-10-12 12:29:51.733000,1.46633,1.46623,1460000,3600000
2022-10-12 12:29:51.835000,1.46634,1.46623,1440000,1200000
2022-10-12 12:29:51.886000,1.46632,1.46626,3600000,3600000
2022-10-12 12:29:52.140000,1.46635,1.46623,1800000,4800000
2022-10-12 12:29:52.191000,1.46632,1.46626,3600000,3600000
2022-10-12 12:29:52.634000,1.46633,1.46627,3600000,3600000
2022-10-12 12:29:53.449000,1.4663,1.46624,3600000,3600000
2022-10-12 12:29:53.551000,1.46624,1.46618,3600000,3600000
2022-10-12 12:29:53.653000,1.46623,1.46617,3600000,3600000
2022-10-12 12:29:53.806000,1.46624,1.46616,5220000,3600000
2022-10-12 12:29:53.908000,1.46617,1.46611,3600000,3600000
2022-10-12 12:29:54.671000,1.46616,1.4661,3600000,4320000
2022-10-12 12:29:54.773000,1.46618,1.46608,1440000,3420000
2022-10-12 12:29:54.875000,1.46617,1.46611,3600000,4140000
2022-10-12 12:29:55.067000,1.46617,1.46611,4160000,3600000
2022-10-12 12:29:55.169000,1.46618,1.46612,4160000,3600000
2022-10-12 12:29:55.294000,1.46617,1.46611,3680000,3600000
2022-10-12 12:29:55.817000,1.46619,1.46613,4320000,3600000
2022-10-12 12:29:55.868000,1.46618,1.4661,4160000,3600000
2022-10-12 12:29:55.982000,1.46617,1.46611,3680000,3600000
2022-10-12 12:29:57.230000,1.46616,1.4661,3600000,3600000
2022-10-12 12:29:57.332000,1.46617,1.46611,3600000,3600000
2022-10-12 12:29:57.434000,1.46621,1.46611,4500000,3600000
2022-10-12 12:29:57.485000,1.46618,1.46612,3600000,3600000
2022-10-12 12:29:57.738000,1.46621,1.46611,4500000,3600000
2022-10-12 12:29:57.789000,1.4662,1.46614,3600000,3600000
2022-10-12 12:29:57.893000,1.46621,1.46615,3600000,3600000
2022-10-12 12:29:57.995000,1.46628,1.46621,2750000,3600000
2022-10-12 12:29:58.046000,1.46625,1.46619,3600000,3600000
2022-10-12 12:29:58.199000,1.46623,1.46617,3600000,3600000
2022-10-12 12:29:58.417000,1.46625,1.46614,5400000,3600000
2022-10-12 12:29:58.673000,1.46624,1.46612,4500000,1800000
2022-10-12 12:29:58.998000,1.46625,1.46612,7200000,1200000
2022-10-12 12:29:59.176000,1.46624,1.46612,3600000,1200000
2022-10-12 12:29:59.590000,1.46624,1.46613,3600000,1200000
2022-10-12 12:29:59.641000,1.46624,1.46618,3600000,4500000
2022-10-12 12:29:59.743000,1.46627,1.46621,5400000,3600000
2022-10-12 12:29:59.795000,1.46624,1.46613,3600000,1200000
2022-10-12 12:29:59.896000,1.46624,1.46612,3600000,1200000
2022-10-12 12:30:00.049000,1.46621,1.46615,3600000,3600000
2022-10-12 12:30:00.100000,1.46625,1.46615,1500000,1200000
2022-10-12 12:30:00.151000,1.46625,1.46619,3600000,3600000
2022-10-12 12:30:00.253000,1.46627,1.46621,3600000,3600000
2022-10-12 12:30:00.305000,1.46633,1.4663,1200000,1200000
2022-10-12 12:30:00.356000,1.46634,1.46628,3600000,4500000
2022-10-12 12:30:00.407000,1.46636,1.4663,3600000,1200000
2022-10-12 12:30:00.509000,1.46641,1.46635,3600000,3600000
2022-10-12 12:30:00.613000,1.46641,1.46633,3600000,3600000
2022-10-12 12:30:00.664000,1.46642,1.46635,3600000,3600000
2022-10-12 12:30:00.715000,1.46642,1.46633,3600000,1200000
2022-10-12 12:30:00.766000,1.46643,1.46637,3600000,3600000
2022-10-12 12:30:00.868000,1.46641,1.46635,3600000,3600000
2022-10-12 12:30:00.970000,1.46639,1.46632,3600000,3600000
2022-10-12 12:30:01.071000,1.46639,1.46633,3600000,3600000
2022-10-12 12:30:01.224000,1.46639,1.46632,3600000,3600000
2022-10-12 12:30:01.275000,1.46653,1.46642,3680000,1200000
2022-10-12 12:30:01.326000,1.46655,1.46642,3600000,1800000
2022-10-12 12:30:01.378000,1.46656,1.46649,3600000,3600000
2022-10-12 12:30:01.646000,1.46659,1.46646,5400000,1200000
2022-10-12 12:30:01.748000,1.46657,1.46646,1200000,1200000
2022-10-12 12:30:01.799000,1.46659,1.46646,4500000,1200000
2022-10-12 12:30:01.951000,1.46655,1.46649,3600000,3600000
2022-10-12 12:30:02.053000,1.46659,1.46646,5400000,1200000
2022-10-12 12:30:02.206000,1.46659,1.4665,3600000,3600000
2022-10-12 12:30:02.310000,1.46652,1.46645,3600000,3600000
2022-10-12 12:30:02.412000,1.46648,1.46641,3600000,3600000
2022-10-12 12:30:02.514000,1.46654,1.46648,1200000,3600000
2022-10-12 12:30:02.616000,1.46652,1.46645,3600000,3600000
2022-10-12 12:30:02.668000,1.46655,1.46641,5400000,1200000
2022-10-12 12:30:02.770000,1.46652,1.46645,3600000,3600000
2022-10-12 12:30:02.821000,1.46657,1.46645,3600000,4940000
2022-10-12 12:30:02.872000,1.46656,1.46649,3600000,3600000
2022-10-12 12:30:03.024000,1.46658,1.46644,1800000,4940000
2022-10-12 12:30:03.076000,1.46655,1.46648,3600000,3600000
2022-10-12 12:30:03.591000,1.46651,1.46642,3600000,4500000
2022-10-12 12:30:03.692000,1.46649,1.46642,3600000,3600000
2022-10-12 12:30:03.794000,1.46648,1.46641,4200000,3600000
2022-10-12 12:30:03.846000,1.46647,1.46636,1800000,1800000
2022-10-12 12:30:03.897000,1.46645,1.46638,5400000,3600000
2022-10-12 12:30:03.999000,1.46645,1.46636,4430000,3600000
2022-10-12 12:30:04.119000,1.46645,1.46638,3900000,3600000
2022-10-12 12:30:04.171000,1.46651,1.46647,1500000,3600000
2022-10-12 12:30:04.222000,1.46656,1.46649,4500000,3600000
2022-10-12 12:30:04.273000,1.46655,1.46648,4020000,3600000
2022-10-12 12:30:04.375000,1.46656,1.46649,3720000,3600000
2022-10-12 12:30:04.426000,1.46656,1.46651,3600000,1500000
2022-10-12 12:30:04.478000,1.46659,1.46653,1200000,3600000
2022-10-12 12:30:04.529000,1.46662,1.46651,1800000,3600000
2022-10-12 12:30:04.580000,1.46661,1.46649,1200000,3600000
2022-10-12 12:30:04.682000,1.46661,1.46647,1200000,5400000
2022-10-12 12:30:04.735000,1.46658,1.46651,3600000,3600000
2022-10-12 12:30:04.836000,1.46659,1.46652,3600000,3600000
2022-10-12 12:30:04.938000,1.46658,1.46651,3600000,3600000
2022-10-12 12:30:05.099000,1.4666,1.46653,3600000,3600000
2022-10-12 12:30:05.156000,1.46663,1.46655,3600000,3600000
2022-10-12 12:30:05.258000,1.46666,1.46662,3600000,1200000
2022-10-12 12:30:05.360000,1.4667,1.46664,1800000,5400000
2022-10-12 12:30:05.412000,1.46675,1.46673,1200000,1200000
2022-10-12 12:30:05.514000,1.46686,1.46682,1200000,4500000
2022-10-12 12:30:05.616000,1.46684,1.46679,1500000,1200000
2022-10-12 12:30:05.667000,1.467,1.46691,1800000,1800000
2022-10-12 12:30:05.718000,1.46694,1.46689,1500000,1200000
2022-10-12 12:30:05.820000,1.46702,1.46696,2240000,3600000
2022-10-12 12:30:05.871000,1.46701,1.46695,4800000,3600000
2022-10-12 12:30:05.974000,1.46704,1.46698,2100000,3600000
2022-10-12 12:30:06.025000,1.46706,1.467,1200000,3600000
2022-10-12 12:30:06.077000,1.46708,1.46702,5400000,3600000
2022-10-12 12:30:06.128000,1.46712,1.46706,4500000,3600000
2022-10-12 12:30:06.230000,1.46715,1.4671,4500000,1200000
2022-10-12 12:30:06.332000,1.46714,1.4671,3600000,1200000
2022-10-12 12:30:06.434000,1.46716,1.46711,1200000,3600000
2022-10-12 12:30:06.486000,1.46713,1.46709,1200000,1800000
2022-10-12 12:30:06.537000,1.46715,1.4671,1200000,1200000
2022-10-12 12:30:06.588000,1.46717,1.46711,1200000,3600000
2022-10-12 12:30:06.639000,1.46718,1.46711,4040000,3600000
2022-10-12 12:30:06.690000,1.46722,1.46717,1800000,2240000
2022-10-12 12:30:06.792000,1.46728,1.46722,4500000,3600000
2022-10-12 12:30:06.844000,1.4673,1.46724,1800000,1200000
2022-10-12 12:30:06.945000,1.46729,1.46723,4200000,3600000
2022-10-12 12:30:07.058000,1.46728,1.46724,1800000,3600000
2022-10-12 12:30:07.110000,1.46729,1.46724,3600000,1200000
2022-10-12 12:30:07.163000,1.46731,1.46726,4320000,1200000
2022-10-12 12:30:07.214000,1.46723,1.4672,3600000,1500000
2022-10-12 12:30:07.266000,1.46721,1.46717,3600000,1200000
2022-10-12 12:30:07.317000,1.46726,1.4672,3600000,3600000
2022-10-12 12:30:07.419000,1.4673,1.46726,3600000,1200000
2022-10-12 12:30:07.674000,1.46727,1.46722,1500000,3600000
2022-10-12 12:30:07.725000,1.46727,1.46722,3600000,1200000
2022-10-12 12:30:07.827000,1.46728,1.46722,3600000,4500000
2022-10-12 12:30:07.878000,1.4673,1.46724,3600000,3600000
2022-10-12 12:30:07.981000,1.46731,1.46725,3600000,1200000
2022-10-12 12:30:08.134000,1.4673,1.46724,3600000,4040000
2022-10-12 12:30:08.236000,1.46729,1.46723,3600000,4200000
2022-10-12 12:30:08.339000,1.46726,1.46718,3600000,4500000
2022-10-12 12:30:08.390000,1.46728,1.46721,4500000,3600000
2022-10-12 12:30:08.492000,1.46731,1.46724,4800000,1320000
2022-10-12 12:30:08.594000,1.46737,1.46732,1500000,1200000
2022-10-12 12:30:08.646000,1.46733,1.46721,1200000,1320000
2022-10-12 12:30:08.697000,1.46732,1.46726,1200000,1200000
2022-10-12 12:30:08.799000,1.46729,1.46719,1200000,1200000
2022-10-12 12:30:08.901000,1.46728,1.46717,3600000,4500000
2022-10-12 12:30:08.953000,1.46725,1.46717,3600000,3600000
2022-10-12 12:30:09.004000,1.46727,1.46716,4580000,4500000
2022-10-12 12:30:09.057000,1.46724,1.46716,3600000,1320000
2022-10-12 12:30:09.108000,1.46726,1.46715,1200000,4800000
2022-10-12 12:30:09.159000,1.46725,1.46713,4500000,5040000
2022-10-12 12:30:09.261000,1.46727,1.46713,3600000,4580000
2022-10-12 12:30:09.389000,1.46725,1.4671,4320000,3600000
2022-10-12 12:30:09.491000,1.46722,1.46716,1200000,1920000
2022-10-12 12:30:09.542000,1.4673,1.46724,1500000,1320000
2022-10-12 12:30:09.644000,1.46729,1.46722,1500000,3600000
2022-10-12 12:30:09.746000,1.46729,1.4672,1500000,1320000
2022-10-12 12:30:10,1.4673,1.46722,1500000,1920000
2022-10-12 12:30:10.102000,1.4673,1.46723,1500000,4200000
2022-10-12 12:30:10.204000,1.46733,1.46723,1200000,1200000
2022-10-12 12:30:10.306000,1.46734,1.46719,2100000,4760000
2022-10-12 12:30:10.358000,1.46734,1.46721,3600000,4140000
2022-10-12 12:30:10.409000,1.46731,1.4672,3900000,4140000
2022-10-12 12:30:10.511000,1.46732,1.46719,1200000,4760000
2022-10-12 12:30:10.562000,1.46729,1.4672,2040000,3600000
2022-10-12 12:30:10.664000,1.46724,1.46709,3240000,4680000
2022-10-12 12:30:10.716000,1.46721,1.46711,1500000,1200000
2022-10-12 12:30:10.767000,1.4672,1.4671,1200000,1200000
2022-10-12 12:30:10.869000,1.4672,1.4671,1200000,1460000
2022-10-12 12:30:11.022000,1.4672,1.46708,1200000,5660000
2022-10-12 12:30:11.073000,1.4672,1.46711,1200000,1200000
2022-10-12 12:30:11.175000,1.4672,1.46709,1200000,1880000
2022-10-12 12:30:11.334000,1.46721,1.46707,2540000,3600000
2022-10-12 12:30:11.436000,1.4672,1.4671,1500000,2040000
2022-10-12 12:30:11.538000,1.46717,1.46708,1200000,3600000
2022-10-12 12:30:11.640000,1.4671,1.46703,1200000,1200000
2022-10-12 12:30:11.774000,1.46704,1.467,1200000,1500000
2022-10-12 12:30:11.838000,1.46699,1.46694,1200000,1200000
2022-10-12 12:30:11.889000,1.46698,1.46692,3600000,1200000
2022-10-12 12:30:11.940000,1.467,1.4669,3600000,4320000
2022-10-12 12:30:12.042000,1.46698,1.46686,1500000,9240000
2022-10-12 12:30:12.093000,1.46699,1.46689,1500000,1320000
2022-10-12 12:30:12.144000,1.46697,1.4669,1200000,1200000
2022-10-12 12:30:12.195000,1.46696,1.46688,3600000,3600000
2022-10-12 12:30:12.246000,1.46694,1.46688,3600000,3600000
2022-10-12 12:30:12.348000,1.46689,1.46681,1200000,1200000
2022-10-12 12:30:12.399000,1.46684,1.46677,1920000,1200000
2022-10-12 12:30:12.450000,1.46685,1.46677,1440000,1800000
2022-10-12 12:30:12.502000,1.46681,1.46671,1440000,1200000
2022-10-12 12:30:12.553000,1.46686,1.46677,1460000,1800000
2022-10-12 12:30:12.655000,1.46687,1.46676,1200000,3600000
2022-10-12 12:30:12.757000,1.46686,1.46678,3600000,1200000
2022-10-12 12:30:12.809000,1.46694,1.46688,1200000,1320000
2022-10-12 12:30:12.861000,1.46699,1.46687,1320000,2240000
2022-10-12 12:30:12.963000,1.467,1.46691,1200000,1920000
2022-10-12 12:30:13.065000,1.46701,1.46695,1200000,1920000
2022-10-12 12:30:13.116000,1.46711,1.46701,1200000,4500000
2022-10-12 12:30:13.167000,1.46715,1.46702,3720000,3600000
2022-10-12 12:30:13.219000,1.46713,1.46701,1920000,1200000
2022-10-12 12:30:13.320000,1.46713,1.46698,3420000,5040000
2022-10-12 12:30:13.422000,1.46711,1.46699,3600000,4500000
2022-10-12 12:30:13.473000,1.46711,1.46705,3600000,1200000
2022-10-12 12:30:13.575000,1.46715,1.46708,1500000,1920000
2022-10-12 12:30:13.677000,1.46717,1.4671,1200000,2520000
2022-10-12 12:30:13.728000,1.46722,1.4671,1920000,6120000
2022-10-12 12:30:13.779000,1.46721,1.46712,1800000,3420000
2022-10-12 12:30:13.830000,1.46723,1.46714,1200000,4320000
2022-10-12 12:30:13.932000,1.46724,1.46717,3600000,1920000
2022-10-12 12:30:13.983000,1.4673,1.46721,6020000,5220000
2022-10-12 12:30:14.034000,1.46731,1.46724,1980000,1200000
2022-10-12 12:30:14.086000,1.46734,1.46723,4320000,1920000
2022-10-12 12:30:14.188000,1.46733,1.46722,1920000,4320000
2022-10-12 12:30:14.290000,1.46734,1.46726,1440000,1440000
2022-10-12 12:30:14.392000,1.4674,1.46735,1200000,1920000
2022-10-12 12:30:14.443000,1.46742,1.46736,1200000,1200000
2022-10-12 12:30:14.545000,1.46747,1.46738,3830000,1200000
2022-10-12 12:30:14.596000,1.46744,1.46735,1200000,1320000
2022-10-12 12:30:14.647000,1.46745,1.46731,4500000,4320000
2022-10-12 12:30:14.698000,1.46742,1.46731,1200000,4320000
2022-10-12 12:30:14.800000,1.46744,1.46731,1200000,4760000
2022-10-12 12:30:14.851000,1.4674,1.46728,4160000,1200000
2022-10-12 12:30:14.953000,1.46742,1.46723,5000000,1320000
2022-10-12 12:30:15.055000,1.46738,1.46727,3600000,1200000
2022-10-12 12:30:15.106000,1.46737,1.46725,1200000,1200000
2022-10-12 12:30:15.208000,1.46737,1.46729,3600000,1920000
2022-10-12 12:30:15.310000,1.46745,1.46736,1200000,3600000
2022-10-12 12:30:15.362000,1.46749,1.46736,1200000,5180000
2022-10-12 12:30:15.413000,1.46752,1.46748,2270000,1200000
2022-10-12 12:30:15.464000,1.46755,1.46749,4500000,7640000
2022-10-12 12:30:15.517000,1.46761,1.46759,1200000,1800000
2022-10-12 12:30:15.568000,1.46769,1.4676,1440000,1920000
2022-10-12 12:30:15.619000,1.4677,1.46762,1440000,1200000
2022-10-12 12:30:15.721000,1.46767,1.46758,1200000,3600000
2022-10-12 12:30:15.772000,1.46755,1.46752,1200000,1200000
2022-10-12 12:30:15.824000,1.46755,1.46746,1200000,3340000
2022-10-12 12:30:15.875000,1.46753,1.46745,1440000,3340000
2022-10-12 12:30:15.977000,1.46745,1.46741,1320000,1200000
2022-10-12 12:30:16.079000,1.46743,1.46735,3600000,3340000
2022-10-12 12:30:16.130000,1.46737,1.46733,1800000,3600000
2022-10-12 12:30:16.233000,1.46734,1.46721,1200000,1200000
2022-10-12 12:30:16.284000,1.46726,1.46721,1200000,3340000
2022-10-12 12:30:16.386000,1.46762,1.46751,1200000,1200000
2022-10-12 12:30:16.489000,1.46778,1.46757,4760000,2220000
2022-10-12 12:30:16.591000,1.46779,1.46771,1760000,4240000
2022-10-12 12:30:16.661000,1.46776,1.46771,1200000,1200000
2022-10-12 12:30:16.720000,1.46769,1.46764,1500000,1500000
2022-10-12 12:30:16.773000,1.46769,1.46764,1440000,1200000
2022-10-12 12:30:16.824000,1.46767,1.46764,1200000,1200000
2022-10-12 12:30:16.926000,1.46757,1.46754,3600000,1200000
2022-10-12 12:30:16.977000,1.4675,1.46746,1200000,3340000
2022-10-12 12:30:17.029000,1.4675,1.46741,1500000,3640000
2022-10-12 12:30:17.131000,1.46751,1.46745,1200000,2030000
2022-10-12 12:30:17.182000,1.46757,1.46753,3680000,1200000
2022-10-12 12:30:17.233000,1.46757,1.46749,3680000,1200000
2022-10-12 12:30:17.285000,1.46758,1.46749,4740000,1200000
2022-10-12 12:30:17.336000,1.46759,1.46749,4880000,1200000
2022-10-12 12:30:17.387000,1.46756,1.46749,2820000,1200000
2022-10-12 12:30:17.490000,1.46762,1.46754,1800000,1200000
2022-10-12 12:30:17.592000,1.46763,1.46753,5700000,3340000
2022-10-12 12:30:17.694000,1.46762,1.46752,1800000,3340000
2022-10-12 12:30:17.745000,1.46763,1.46755,2100000,3780000
2022-10-12 12:30:17.796000,1.46765,1.46752,2820000,3340000
2022-10-12 12:30:17.898000,1.46763,1.46752,1200000,1440000
2022-10-12 12:30:18,1.46763,1.46752,3900000,3880000
2022-10-12 12:30:18.102000,1.46763,1.46752,4500000,4060000
2022-10-12 12:30:18.205000,1.46763,1.46754,1200000,3340000
2022-10-12 12:30:18.256000,1.46765,1.46754,3600000,3340000
2022-10-12 12:30:18.358000,1.46763,1.46752,1200000,4240000
2022-10-12 12:30:18.460000,1.46764,1.46754,3680000,3340000
2022-10-12 12:30:18.562000,1.46765,1.46751,1320000,1440000
2022-10-12 12:30:18.613000,1.46761,1.4675,1920000,4680000
2022-10-12 12:30:18.766000,1.4676,1.46749,8450000,3340000
2022-10-12 12:30:18.868000,1.46764,1.46758,1500000,1670000
2022-10-12 12:30:18.920000,1.46768,1.46758,1200000,1440000
2022-10-12 12:30:18.971000,1.46767,1.4676,1500000,3340000
2022-10-12 12:30:19.022000,1.46768,1.46758,3600000,6120000
2022-10-12 12:30:19.074000,1.4677,1.46764,3600000,1200000
2022-10-12 12:30:19.125000,1.46775,1.46768,4270000,3340000
2022-10-12 12:30:19.227000,1.46777,1.46769,1500000,1200000
2022-10-12 12:30:19.298000,1.46781,1.46767,5700000,3340000
2022-10-12 12:30:19.405000,1.46776,1.46761,1800000,4740000
2022-10-12 12:30:19.456000,1.46777,1.46763,3680000,4480000
2022-10-12 12:30:19.558000,1.46777,1.46764,4200000,3340000
2022-10-12 12:30:19.660000,1.46777,1.46764,3600000,3340000
2022-10-12 12:30:19.813000,1.46777,1.46768,3600000,1920000
2022-10-12 12:30:19.915000,1.46777,1.46765,3600000,2840000
2022-10-12 12:30:20.018000,1.46777,1.46764,3600000,4240000
2022-10-12 12:30:20.120000,1.46774,1.46762,1200000,6720000
2022-10-12 12:30:20.221000,1.46775,1.46764,1200000,3780000
2022-10-12 12:30:20.425000,1.46775,1.46768,1200000,3340000
2022-10-12 12:30:20.476000,1.46778,1.46767,1200000,1340000
2022-10-12 12:30:20.527000,1.46778,1.46774,1200000,3340000
2022-10-12 12:30:20.579000,1.46781,1.46772,2330000,3340000
2022-10-12 12:30:20.681000,1.46777,1.46769,1200000,3340000
2022-10-12 12:30:20.732000,1.46774,1.46766,1500000,1260000
2022-10-12 12:30:20.783000,1.46768,1.46764,1200000,3340000
2022-10-12 12:30:20.835000,1.46768,1.46761,1200000,4240000
2022-10-12 12:30:20.937000,1.46768,1.4676,5060000,1800000
2022-10-12 12:30:21.038000,1.46766,1.46755,1500000,1200000
2022-10-12 12:30:21.141000,1.46758,1.46753,1800000,1800000
2022-10-12 12:30:21.193000,1.46754,1.46746,1200000,4500000
2022-10-12 12:30:21.245000,1.46745,1.46742,1500000,1200000
2022-10-12 12:30:21.296000,1.46747,1.46742,1200000,1320000
2022-10-12 12:30:21.347000,1.46753,1.46748,3600000,1200000
2022-10-12 12:30:21.399000,1.46761,1.46754,3600000,3340000
2022-10-12 12:30:21.450000,1.46758,1.46752,1200000,3340000
2022-10-12 12:30:21.552000,1.46764,1.46759,1200000,1320000
2022-10-12 12:30:21.603000,1.46772,1.46762,3600000,3340000
2022-10-12 12:30:21.654000,1.46773,1.46762,4040000,3340000
2022-10-12 12:30:21.705000,1.46772,1.46762,2930000,3340000
2022-10-12 12:30:21.808000,1.46763,1.46755,1200000,1200000
2022-10-12 12:30:21.859000,1.46761,1.46753,4500000,3340000
2022-10-12 12:30:21.910000,1.4676,1.46749,1200000,3420000
2022-10-12 12:30:21.961000,1.46762,1.46756,2700000,3340000
2022-10-12 12:30:22.094000,1.46767,1.4676,3600000,3340000
2022-10-12 12:30:22.146000,1.46761,1.46755,1320000,1200000
2022-10-12 12:30:22.197000,1.46758,1.46751,3600000,3640000
2022-10-12 12:30:22.248000,1.46757,1.4675,3600000,3340000
2022-10-12 12:30:22.302000,1.46757,1.46746,1200000,3340000
2022-10-12 12:30:22.353000,1.46758,1.4675,3830000,3340000
2022-10-12 12:30:22.455000,1.4676,1.46754,1200000,3340000
2022-10-12 12:30:22.557000,1.46765,1.46757,3600000,4960000
2022-10-12 12:30:22.609000,1.46767,1.46758,1640000,1200000
2022-10-12 12:30:22.711000,1.46764,1.4676,1200000,1200000
2022-10-12 12:30:22.762000,1.46771,1.46764,3600000,3340000
2022-10-12 12:30:22.864000,1.46769,1.46765,1200000,3340000
2022-10-12 12:30:22.966000,1.46772,1.46761,1620000,1800000
2022-10-12 12:30:23.017000,1.46765,1.46757,1320000,1200000
2022-10-12 12:30:23.120000,1.46765,1.46758,1340000,1920000
2022-10-12 12:30:23.222000,1.46763,1.46756,1500000,3340000
2022-10-12 12:30:23.324000,1.46765,1.46754,4160000,3340000
2022-10-12 12:30:23.375000,1.46765,1.46752,4140000,4240000
2022-10-12 12:30:23.427000,1.46765,1.46753,4200000,1920000
2022-10-12 12:30:23.529000,1.46768,1.46756,3600000,1320000
2022-10-12 12:30:23.580000,1.46769,1.46758,5580000,3340000
2022-10-12 12:30:23.682000,1.4677,1.46764,2280000,3340000
2022-10-12 12:30:23.784000,1.46772,1.46764,1500000,3340000
2022-10-12 12:30:23.886000,1.46776,1.46765,2220000,3340000
2022-10-12 12:30:23.938000,1.46772,1.46763,3900000,1200000
2022-10-12 12:30:24.040000,1.46771,1.4676,3900000,1200000
2022-10-12 12:30:24.091000,1.4677,1.46767,1200000,3780000
2022-10-12 12:30:24.142000,1.46776,1.4677,3600000,3340000
2022-10-12 12:30:24.194000,1.46775,1.46766,1500000,1200000
2022-10-12 12:30:24.245000,1.46778,1.46765,1200000,3420000
2022-10-12 12:30:24.296000,1.46778,1.46767,1440000,3340000
2022-10-12 12:30:24.398000,1.46775,1.46769,1500000,5580000
2022-10-12 12:30:24.449000,1.46775,1.46769,1200000,3340000
2022-10-12 12:30:24.501000,1.46781,1.46769,5520000,3340000
2022-10-12 12:30:24.603000,1.46775,1.46767,1500000,4240000
2022-10-12 12:30:24.654000,1.46777,1.46765,4580000,1200000
2022-10-12 12:30:24.783000,1.46777,1.46763,4580000,4240000
2022-10-12 12:30:24.836000,1.46772,1.46763,1800000,3340000
2022-10-12 12:30:24.938000,1.46781,1.46771,1940000,3940000
2022-10-12 12:30:25.041000,1.46776,1.46764,1200000,3420000
2022-10-12 12:30:25.092000,1.46776,1.46766,1200000,3340000
2022-10-12 12:30:25.143000,1.46779,1.46766,4640000,3340000
2022-10-12 12:30:25.448000,1.46779,1.46766,5180000,3640000
2022-10-12 12:30:25.550000,1.46779,1.46771,4640000,1320000
2022-10-12 12:30:25.653000,1.46786,1.46773,4430000,2040000
2022-10-12 12:30:25.704000,1.46786,1.46773,1620000,1340000
2022-10-12 12:30:25.755000,1.46784,1.46775,2060000,3340000
2022-10-12 12:30:25.806000,1.46783,1.46772,1320000,4240000
2022-10-12 12:30:25.857000,1.46781,1.46772,3600000,1200000
2022-10-12 12:30:25.959000,1.46787,1.46773,1620000,3340000
2022-10-12 12:30:26.062000,1.46787,1.46774,4440000,4920000
2022-10-12 12:30:26.113000,1.46787,1.46774,4140000,4320000
2022-10-12 12:30:26.215000,1.46786,1.46775,3600000,3340000
2022-10-12 12:30:26.317000,1.46787,1.46774,5480000,5220000
2022-10-12 12:30:26.368000,1.46783,1.46775,3600000,3340000
2022-10-12 12:30:26.470000,1.46783,1.46774,3600000,3420000
2022-10-12 12:30:26.573000,1.46783,1.46779,3600000,1200000
2022-10-12 12:30:26.624000,1.46791,1.46778,4500000,4240000
2022-10-12 12:30:26.675000,1.46791,1.4678,1920000,3340000
2022-10-12 12:30:26.778000,1.46791,1.46777,4760000,3340000
2022-10-12 12:30:26.829000,1.46785,1.46775,1200000,3340000
2022-10-12 12:30:26.931000,1.46779,1.46773,1800000,3340000
2022-10-12 12:30:27.034000,1.46782,1.46772,3600000,3340000
2022-10-12 12:30:27.085000,1.46783,1.46772,3600000,4060000
2022-10-12 12:30:27.136000,1.46786,1.46773,4500000,3900000
2022-10-12 12:30:27.238000,1.46789,1.46776,4040000,4380000
2022-10-12 12:30:27.340000,1.4679,1.46777,3680000,3340000
2022-10-12 12:30:27.474000,1.46791,1.46783,5660000,3340000
2022-10-12 12:30:27.525000,1.46792,1.46781,4160000,4240000
2022-10-12 12:30:27.580000,1.46792,1.46788,4200000,1200000
2022-10-12 12:30:27.631000,1.46795,1.46787,1200000,1500000
2022-10-12 12:30:27.682000,1.46795,1.46785,4500000,3880000
2022-10-12 12:30:27.785000,1.46794,1.46785,2100000,3940000
2022-10-12 12:30:27.887000,1.46798,1.46792,4200000,1200000
2022-10-12 12:30:27.938000,1.468,1.4679,4940000,3420000
2022-10-12 12:30:28.040000,1.468,1.46792,4040000,4240000
2022-10-12 12:30:28.142000,1.46797,1.46788,1200000,4240000
2022-10-12 12:30:28.244000,1.46794,1.46783,1200000,4080000
2022-10-12 12:30:28.295000,1.4679,1.46783,1200000,3340000
2022-10-12 12:30:28.397000,1.46791,1.46785,3600000,1200000
2022-10-12 12:30:28.449000,1.46793,1.46783,1200000,3340000
2022-10-12 12:30:28.500000,1.46795,1.46785,1880000,1500000
2022-10-12 12:30:28.602000,1.46795,1.46784,2780000,3340000
2022-10-12 12:30:28.654000,1.46795,1.46785,1200000,1760000
2022-10-12 12:30:28.756000,1.46794,1.46782,1940000,1740000
2022-10-12 12:30:28.807000,1.46793,1.46783,3600000,5480000
2022-10-12 12:30:28.858000,1.46795,1.46783,1200000,4800000
2022-10-12 12:30:28.910000,1.46792,1.46783,1920000,3640000
2022-10-12 12:30:28.961000,1.46795,1.46788,1200000,1320000
2022-10-12 12:30:29.012000,1.46795,1.46787,4940000,4240000
2022-10-12 12:30:29.064000,1.46789,1.46784,1200000,4780000
2022-10-12 12:30:29.115000,1.46788,1.46782,1200000,3880000
2022-10-12 12:30:29.167000,1.46793,1.46783,1940000,3640000
2022-10-12 12:30:29.218000,1.46792,1.46781,1200000,4240000
2022-10-12 12:30:29.320000,1.46791,1.46778,1200000,4960000
2022-10-12 12:30:29.473000,1.46792,1.46779,4500000,1500000
2022-10-12 12:30:29.575000,1.46792,1.46779,6120000,4460000
2022-10-12 12:30:29.677000,1.46788,1.46777,3600000,1500000
2022-10-12 12:30:29.779000,1.46786,1.46776,4580000,1500000
2022-10-12 12:30:29.881000,1.46785,1.46776,1200000,1500000
2022-10-12 12:30:30.017000,1.46787,1.46775,3600000,5260000
2022-10-12 12:30:30.068000,1.4679,1.46782,2240000,1340000
2022-10-12 12:30:30.170000,1.46787,1.46776,4040000,3560000
2022-10-12 12:30:30.323000,1.46787,1.46776,3600000,1460000
2022-10-12 12:30:30.426000,1.46791,1.46778,7640000,3900000
2022-10-12 12:30:30.528000,1.46786,1.46777,5400000,1500000
2022-10-12 12:30:30.579000,1.46786,1.46774,3260000,3780000
2022-10-12 12:30:30.630000,1.46787,1.4678,2540000,2060000
2022-10-12 12:30:30.681000,1.46791,1.46783,1800000,3340000
2022-10-12 12:30:30.783000,1.46789,1.4678,4040000,4480000
2022-10-12 12:30:30.886000,1.46781,1.46775,1200000,3780000
2022-10-12 12:30:30.937000,1.4678,1.46774,4200000,3340000
2022-10-12 12:30:31.039000,1.46778,1.46773,2100000,3780000
2022-10-12 12:30:31.090000,1.46781,1.46773,1800000,3780000
2022-10-12 12:30:31.142000,1.46778,1.46773,1500000,3340000
2022-10-12 12:30:31.193000,1.4678,1.46773,4200000,3340000
2022-10-12 12:30:31.295000,1.46782,1.46774,1200000,3780000
2022-10-12 12:30:31.346000,1.46785,1.46773,4580000,3780000
2022-10-12 12:30:31.448000,1.46787,1.46781,4800000,6580000
2022-10-12 12:30:31.499000,1.46789,1.46781,1640000,5680000
2022-10-12 12:30:31.551000,1.46788,1.46783,1200000,3340000
2022-10-12 12:30:31.602000,1.46785,1.46777,4040000,1200000
2022-10-12 12:30:31.704000,1.46786,1.46778,1200000,1320000
2022-10-12 12:30:31.756000,1.4679,1.46779,2240000,1200000
2022-10-12 12:30:31.858000,1.46785,1.46777,3600000,3340000
2022-10-12 12:30:31.909000,1.46786,1.46773,3600000,1320000
2022-10-12 12:30:32.062000,1.46789,1.46777,4940000,1200000
2022-10-12 12:30:32.164000,1.46788,1.46776,1970000,4240000
2022-10-12 12:30:32.266000,1.46787,1.46776,3900000,3340000
2022-10-12 12:30:32.368000,1.46784,1.46775,2040000,3340000
2022-10-12 12:30:32.419000,1.46785,1.46773,1640000,3340000
2022-10-12 12:30:32.521000,1.46782,1.46772,5040000,3340000
2022-10-12 12:30:32.573000,1.46781,1.4677,4200000,4240000
2022-10-12 12:30:32.675000,1.46781,1.46771,1500000,1200000
2022-10-12 12:30:32.777000,1.46781,1.4677,3600000,1340000
2022-10-12 12:30:32.849000,1.46782,1.4677,4730000,5820000
2022-10-12 12:30:32.952000,1.46786,1.4678,1640000,3340000
2022-10-12 12:30:33.003000,1.46789,1.46782,1500000,3880000
2022-10-12 12:30:33.054000,1.46789,1.46782,1500000,3340000
2022-10-12 12:30:33.105000,1.46791,1.46783,1200000,3340000
2022-10-12 12:30:33.157000,1.46791,1.46785,1200000,3340000
2022-10-12 12:30:33.209000,1.46791,1.46783,1200000,3340000
2022-10-12 12:30:33.311000,1.46791,1.46782,1200000,3880000
2022-10-12 12:30:33.362000,1.46791,1.46781,1500000,3340000
2022-10-12 12:30:33.413000,1.46791,1.4678,1200000,4020000
2022-10-12 12:30:33.516000,1.46789,1.46782,1200000,3780000
2022-10-12 12:30:33.618000,1.46786,1.46777,5400000,2840000
2022-10-12 12:30:33.720000,1.46785,1.46773,4800000,3780000
2022-10-12 12:30:33.822000,1.46785,1.46773,4800000,4360000
2022-10-12 12:30:33.924000,1.46786,1.46774,4730000,1320000
2022-10-12 12:30:34.025000,1.46785,1.46772,3600000,5860000
2022-10-12 12:30:34.180000,1.46785,1.46773,4500000,4320000
2022-10-12 12:30:34.282000,1.46787,1.46776,2540000,1320000
2022-10-12 12:30:34.384000,1.46788,1.46775,3600000,4380000
2022-10-12 12:30:34.486000,1.46788,1.46775,4500000,3940000
2022-10-12 12:30:34.538000,1.46786,1.46773,1200000,4500000
2022-10-12 12:30:34.640000,1.46787,1.46776,3900000,1200000
2022-10-12 12:30:34.691000,1.46787,1.46774,4640000,3780000
2022-10-12 12:30:34.742000,1.46785,1.46774,3600000,4380000
2022-10-12 12:30:34.844000,1.4679,1.46778,2360000,3780000
2022-10-12 12:30:34.896000,1.46788,1.46778,1500000,1200000
2022-10-12 12:30:34.947000,1.4679,1.46779,1920000,3940000
2022-10-12 12:30:34.998000,1.4678,1.46773,4040000,3420000
2022-10-12 12:30:35.100000,1.46777,1.46772,3600000,1460000
2022-10-12 12:30:35.203000,1.46776,1.4677,1200000,1920000
2022-10-12 12:30:35.305000,1.46778,1.4677,1200000,2520000
2022-10-12 12:30:35.407000,1.46775,1.4677,4500000,1200000
2022-10-12 12:30:35.458000,1.46777,1.4677,4500000,1200000
2022-10-12 12:30:35.590000,1.46775,1.4677,1200000,1200000
2022-10-12 12:30:35.642000,1.46775,1.46762,4500000,1320000
2022-10-12 12:30:35.795000,1.46777,1.46766,3440000,3880000
2022-10-12 12:30:35.897000,1.46776,1.46762,1200000,3900000
2022-10-12 12:30:35.999000,1.46775,1.46763,4500000,3340000
2022-10-12 12:30:36.101000,1.46777,1.46764,4500000,4320000
2022-10-12 12:30:36.152000,1.46777,1.46768,3600000,1320000
2022-10-12 12:30:36.255000,1.46777,1.46769,4040000,1200000
2022-10-12 12:30:36.306000,1.46777,1.46765,1200000,1200000
2022-10-12 12:30:36.459000,1.46777,1.46768,3830000,1320000
2022-10-12 12:30:36.561000,1.46777,1.46769,1200000,1200000
2022-10-12 12:30:36.612000,1.46776,1.46764,1200000,1200000
2022-10-12 12:30:36.714000,1.46776,1.46763,4640000,3880000
2022-10-12 12:30:36.765000,1.46769,1.46761,1500000,2520000
2022-10-12 12:30:36.867000,1.46768,1.46758,1200000,1200000
2022-10-12 12:30:36.919000,1.46769,1.46756,5040000,1200000
2022-10-12 12:30:37.021000,1.46768,1.46756,3830000,1460000
2022-10-12 12:30:37.072000,1.4677,1.46765,4430000,1200000
2022-10-12 12:30:37.123000,1.46774,1.46764,3830000,2480000
2022-10-12 12:30:37.326000,1.46776,1.46764,4800000,1800000
2022-10-12 12:30:37.378000,1.46775,1.46764,5240000,1800000
2022-10-12 12:30:37.429000,1.46777,1.46764,6140000,2480000
2022-10-12 12:30:37.480000,1.46775,1.46763,1500000,3420000
2022-10-12 12:30:37.532000,1.46775,1.46766,4800000,3340000
2022-10-12 12:30:37.634000,1.46775,1.46764,1640000,2400000
2022-10-12 12:30:37.736000,1.46775,1.46763,6900000,3340000
2022-10-12 12:30:37.788000,1.4677,1.46761,3600000,3780000
2022-10-12 12:30:37.889000,1.4677,1.46758,4800000,3340000
2022-10-12 12:30:37.991000,1.4677,1.46759,4800000,1320000
2022-10-12 12:30:38.043000,1.4677,1.46763,3900000,3340000
2022-10-12 12:30:38.094000,1.46772,1.4676,1200000,4800000
2022-10-12 12:30:38.196000,1.46774,1.46764,4270000,2040000
2022-10-12 12:30:38.298000,1.46777,1.46772,2540000,4240000
2022-10-12 12:30:38.400000,1.46777,1.46765,3830000,4960000
2022-10-12 12:30:38.536000,1.46775,1.46766,3600000,3880000
2022-10-12 12:30:38.587000,1.46781,1.46771,3600000,1200000
2022-10-12 12:30:38.689000,1.46783,1.46774,1200000,1340000
2022-10-12 12:30:38.741000,1.46785,1.46774,4500000,1200000
2022-10-12 12:30:38.843000,1.46787,1.46777,4040000,3340000
2022-10-12 12:30:38.945000,1.46781,1.46777,3370000,5140000
2022-10-12 12:30:38.996000,1.46785,1.46775,4280000,1200000
2022-10-12 12:30:39.098000,1.46785,1.46775,3600000,1200000
2022-10-12 12:30:39.200000,1.46786,1.46774,5220000,1200000
2022-10-12 12:30:39.302000,1.46786,1.46772,4320000,4240000
2022-10-12 12:30:39.742000,1.46785,1.46773,6560000,3780000
2022-10-12 12:30:40.030000,1.46778,1.4677,3600000,3880000
2022-10-12 12:30:40.132000,1.46782,1.4677,1920000,3880000
2022-10-12 12:30:40.234000,1.46781,1.46769,2520000,3420000
2022-10-12 12:30:40.286000,1.46784,1.46773,1320000,3900000
2022-10-12 12:30:40.388000,1.46785,1.46772,2220000,1920000
2022-10-12 12:30:40.490000,1.46785,1.46772,3720000,4840000
2022-10-12 12:30:40.592000,1.46783,1.46772,2060000,3940000
2022-10-12 12:30:40.694000,1.46783,1.46772,3900000,5860000
2022-10-12 12:30:40.796000,1.46789,1.46781,4040000,1800000
2022-10-12 12:30:40.898000,1.46788,1.46781,1500000,2060000
2022-10-12 12:30:41,1.46786,1.4678,1500000,1320000
2022-10-12 12:30:41.103000,1.46793,1.46779,5520000,1320000
2022-10-12 12:30:41.205000,1.46794,1.46783,4330000,3340000
2022-10-12 12:30:41.307000,1.46791,1.4678,7020000,4380000
2022-10-12 12:30:41.358000,1.46792,1.46778,6560000,3780000
2022-10-12 12:30:41.511000,1.46785,1.46775,3650000,4380000
2022-10-12 12:30:41.565000,1.46783,1.46775,1320000,3340000
2022-10-12 12:30:41.667000,1.46782,1.46773,1500000,2480000
2022-10-12 12:30:41.718000,1.46786,1.46775,1620000,1200000
2022-10-12 12:30:41.820000,1.46789,1.46777,4990000,1200000
2022-10-12 12:30:41.922000,1.46789,1.46776,5520000,1200000
2022-10-12 12:30:42.024000,1.46786,1.46775,2820000,3340000
2022-10-12 12:30:42.126000,1.46777,1.46766,4140000,1640000
2022-10-12 12:30:42.177000,1.46778,1.46766,3680000,1500000
2022-10-12 12:30:42.229000,1.46779,1.46767,4320000,1200000
2022-10-12 12:30:42.432000,1.46778,1.46766,4320000,1200000
2022-10-12 12:30:42.483000,1.46779,1.46766,4320000,1200000
2022-10-12 12:30:42.586000,1.4678,1.46767,3860000,5140000
2022-10-12 12:30:42.688000,1.46778,1.46768,4320000,3340000
2022-10-12 12:30:42.739000,1.46778,1.46766,1320000,3780000
2022-10-12 12:30:42.790000,1.46779,1.46772,4500000,1460000
2022-10-12 12:30:42.842000,1.46784,1.46774,4200000,3340000
2022-10-12 12:30:42.893000,1.46783,1.46774,1640000,3340000
2022-10-12 12:30:42.944000,1.46783,1.46774,1620000,3340000
2022-10-12 12:30:43.046000,1.46783,1.46774,1320000,3340000
2022-10-12 12:30:43.148000,1.46787,1.46777,1320000,3340000
2022-10-12 12:30:43.301000,1.46786,1.46775,1920000,1200000
2022-10-12 12:30:43.403000,1.46783,1.46774,1440000,3340000
2022-10-12 12:30:43.505000,1.46785,1.46774,1920000,3340000
2022-10-12 12:30:43.606000,1.46784,1.46773,1320000,3880000
2022-10-12 12:30:43.863000,1.46783,1.46772,1440000,1320000
2022-10-12 12:30:44.016000,1.46785,1.46773,1320000,5220000
2022-10-12 12:30:44.117000,1.46786,1.46773,5040000,7480000
2022-10-12 12:30:44.169000,1.46787,1.46775,1320000,3780000
2022-10-12 12:30:44.271000,1.4679,1.46776,1320000,1200000
2022-10-12 12:30:44.373000,1.46787,1.46775,6560000,4240000
2022-10-12 12:30:44.526000,1.46786,1.46775,2520000,3340000
2022-10-12 12:30:44.683000,1.46787,1.46774,4140000,4240000
2022-10-12 12:30:44.785000,1.46786,1.46775,1620000,3340000
2022-10-12 12:30:44.938000,1.46783,1.46774,1320000,3340000
2022-10-12 12:30:45.041000,1.46778,1.46769,1920000,1200000
2022-10-12 12:30:45.143000,1.46778,1.46764,1920000,3340000
2022-10-12 12:30:45.759000,1.46777,1.46767,1200000,2520000
2022-10-12 12:30:45.861000,1.46784,1.46774,2040000,3340000
2022-10-12 12:30:45.912000,1.46786,1.46774,5660000,3880000
2022-10-12 12:30:46.014000,1.46787,1.46774,4760000,3340000
2022-10-12 12:30:46.116000,1.46784,1.46774,1440000,3340000
2022-10-12 12:30:46.370000,1.46784,1.46774,1320000,3340000
2022-10-12 12:30:46.471000,1.46784,1.46774,1440000,3340000
2022-10-12 12:30:46.574000,1.46786,1.46774,1320000,3340000
2022-10-12 12:30:46.676000,1.46785,1.46775,7020000,3340000
2022-10-12 12:30:46.778000,1.46785,1.46775,5450000,3340000
2022-10-12 12:30:47.038000,1.46785,1.46776,4320000,3340000
2022-10-12 12:30:47.140000,1.46788,1.46776,5220000,3340000
2022-10-12 12:30:47.489000,1.46784,1.46774,1920000,4240000
2022-10-12 12:30:47.540000,1.46785,1.46774,4500000,4240000
2022-10-12 12:30:47.673000,1.46785,1.46775,4620000,3340000
2022-10-12 12:30:47.775000,1.46785,1.46774,4620000,3340000
2022-10-12 12:30:47.826000,1.46787,1.46777,1320000,4240000
2022-10-12 12:30:47.928000,1.4679,1.46776,5220000,3340000
2022-10-12 12:30:48.490000,1.46787,1.46775,1620000,4840000
2022-10-12 12:30:48.643000,1.46788,1.46776,4760000,3340000
2022-10-12 12:30:48.745000,1.46786,1.46774,1620000,4920000
2022-10-12 12:30:49.027000,1.46785,1.46775,4620000,3340000
2022-10-12 12:30:49.129000,1.46782,1.46774,5290000,3340000
2022-10-12 12:30:49.180000,1.46782,1.46769,2290000,7060000
2022-10-12 12:30:49.282000,1.46782,1.46771,1920000,3420000
2022-10-12 12:30:49.384000,1.46782,1.46772,6350000,3340000
2022-10-12 12:30:49.587000,1.4678,1.4677,2360000,3340000
2022-10-12 12:30:49.689000,1.46782,1.46774,5220000,3340000
2022-10-12 12:30:49.791000,1.46777,1.46771,4040000,3340000
2022-10-12 12:30:49.842000,1.46777,1.46769,1320000,1200000
2022-10-12 12:30:49.893000,1.46778,1.46772,1800000,1200000
2022-10-12 12:30:49.995000,1.46782,1.46773,5220000,3340000
2022-10-12 12:30:50.046000,1.46782,1.46775,4140000,1200000
2022-10-12 12:30:50.149000,1.46782,1.46775,4550000,3340000
2022-10-12 12:30:50.200000,1.46781,1.46771,3420000,3780000
2022-10-12 12:30:50.251000,1.46775,1.4677,2520000,1200000
2022-10-12 12:30:50.353000,1.46773,1.46763,4550000,3780000
2022-10-12 12:30:50.405000,1.46775,1.46763,1210000,4380000
2022-10-12 12:30:50.506000,1.46774,1.46762,8220000,1800000
2022-10-12 12:30:50.608000,1.46773,1.46761,6350000,4680000
2022-10-12 12:30:50.710000,1.46767,1.4676,1320000,1200000
2022-10-12 12:30:50.762000,1.46758,1.46755,4140000,1200000
2022-10-12 12:30:50.915000,1.4676,1.46751,5340000,1500000
2022-10-12 12:30:50.992000,1.4676,1.46753,5040000,1200000
2022-10-12 12:30:51.046000,1.46761,1.46748,5520000,3940000
2022-10-12 12:30:51.099000,1.4676,1.46749,5520000,3340000
2022-10-12 12:30:51.150000,1.46759,1.46749,1920000,3340000
2022-10-12 12:30:51.252000,1.46753,1.46747,1200000,1200000
2022-10-12 12:30:51.354000,1.46754,1.46744,1440000,1200000
2022-10-12 12:30:51.609000,1.46755,1.46746,1200000,4240000
2022-10-12 12:30:51.660000,1.46755,1.46748,1200000,3340000
2022-10-12 12:30:51.711000,1.46758,1.46749,4140000,1200000
2022-10-12 12:30:51.813000,1.46759,1.4675,4320000,3340000
2022-10-12 12:30:51.864000,1.46759,1.46748,7020000,4240000
2022-10-12 12:30:52.017000,1.46757,1.46748,1920000,3340000
2022-10-12 12:30:52.068000,1.46757,1.46745,1920000,2360000
2022-10-12 12:30:52.170000,1.46758,1.4675,4140000,3340000
2022-10-12 12:30:52.273000,1.46762,1.46754,4200000,3880000
2022-10-12 12:30:52.324000,1.46765,1.46755,4760000,4240000
2022-10-12 12:30:52.426000,1.46767,1.46757,2520000,3340000
2022-10-12 12:30:52.578000,1.46766,1.46755,1920000,3880000
2022-10-12 12:30:52.731000,1.46765,1.46755,2520000,3340000
2022-10-12 12:30:52.782000,1.46758,1.46746,1320000,1320000
2022-10-12 12:30:52.884000,1.46757,1.46744,1320000,2040000
