time,ask,bid,ask_volume,bid_volume
2019-10-24 12:25:00.067000,1.08593,1.0859,3000000,3250000
2019-10-24 12:25:00.169000,1.08593,1.0859,2250000,4000000
2019-10-24 12:25:00.322000,1.08593,1.08592,1500000,1250000
2019-10-24 12:25:00.423000,1.08593,1.08591,1500000,1250000
2019-10-24 12:25:00.525000,1.08592,1.0859,1000000,2440000
2019-10-24 12:25:00.939000,1.08593,1.0859,2250000,2870000
2019-10-24 12:25:01.041000,1.08592,1.08591,1000000,1690000
2019-10-24 12:25:01.142000,1.08592,1.0859,1000000,3190000
2019-10-24 12:25:02.964000,1.0859,1.08589,1000000,1690000
2019-10-24 12:25:03.105000,1.0859,1.08588,1000000,2060000
2019-10-24 12:25:04.176000,1.08589,1.08588,1000000,1000000
2019-10-24 12:25:04.277000,1.08588,1.08587,1500000,1120000
2019-10-24 12:25:07.266000,1.08589,1.08586,2250000,3450000
2019-10-24 12:25:07.418000,1.08588,1.08587,1000000,1310000
2019-10-24 12:25:11.310000,1.08588,1.08585,1000000,2950000
2019-10-24 12:25:12.815000,1.08587,1.08585,1000000,1250000
2019-10-24 12:25:13.388000,1.08588,1.08586,3750000,1250000
2019-10-24 12:25:13.743000,1.08587,1.08585,1500000,1250000
2019-10-24 12:25:13.879000,1.08586,1.08584,1000000,3310000
2019-10-24 12:25:14.154000,1.08587,1.08584,3000000,4370000
2019-10-24 12:25:14.255000,1.08586,1.08584,1000000,2870000
2019-10-24 12:25:14.663000,1.08585,1.08583,1500000,2890000
2019-10-24 12:25:15.139000,1.08586,1.08583,2440000,2440000
2019-10-24 12:25:15.241000,1.08585,1.08583,1000000,1690000
2019-10-24 12:25:16.740000,1.08585,1.08583,1000000,1690000
2019-10-24 12:25:16.791000,1.08587,1.08584,4450000,1500000
2019-10-24 12:25:16.892000,1.08587,1.08585,1500000,1250000
2019-10-24 12:25:17.025000,1.08586,1.08584,1000000,2440000
2019-10-24 12:25:17.126000,1.08586,1.08584,1000000,1250000
2019-10-24 12:25:18.784000,1.08584,1.08582,1000000,3570000
2019-10-24 12:25:18.886000,1.08584,1.08582,1000000,3370000
2019-10-24 12:25:22.489000,1.08583,1.08581,1000000,3640000
2019-10-24 12:25:22.862000,1.08583,1.08581,1120000,3010000
2019-10-24 12:25:25.835000,1.08583,1.08581,1000000,2140000
2019-10-24 12:25:28.053000,1.08583,1.08581,1000000,4370000
2019-10-24 12:25:28.205000,1.08584,1.08581,1000000,4450000
2019-10-24 12:25:29.132000,1.08583,1.08581,1000000,4450000
2019-10-24 12:25:30.600000,1.08584,1.08581,1000000,2950000
2019-10-24 12:25:32.978000,1.08584,1.08583,1500000,1000000
2019-10-24 12:25:33.084000,1.08586,1.08583,5320000,2250000
2019-10-24 12:25:33.236000,1.08584,1.08583,1000000,1500000
2019-10-24 12:25:33.338000,1.08585,1.08583,1310000,1500000
2019-10-24 12:25:34.004000,1.08584,1.08583,1000000,1000000
2019-10-24 12:25:36.876000,1.08584,1.08581,1690000,5640000
2019-10-24 12:25:39.159000,1.08584,1.08583,1690000,1000000
2019-10-24 12:25:39.747000,1.08584,1.08582,2440000,1310000
2019-10-24 12:25:42.589000,1.08584,1.08583,1690000,1000000
2019-10-24 12:25:43.878000,1.08584,1.08582,1250000,1120000
2019-10-24 12:25:43.980000,1.08584,1.08581,2440000,4870000
2019-10-24 12:25:45.028000,1.08584,1.08582,1690000,1690000
2019-10-24 12:25:48.535000,1.08584,1.08583,1500000,1000000
2019-10-24 12:26:02.472000,1.08585,1.08583,2060000,1000000
2019-10-24 12:26:04.579000,1.08586,1.08585,1000000,1000000
2019-10-24 12:26:04.629000,1.08588,1.08587,1120000,1250000
2019-10-24 12:26:04.731000,1.08589,1.08587,2440000,1690000
2019-10-24 12:26:16.796000,1.0859,1.08587,2620000,3700000
2019-10-24 12:26:37.920000,1.0859,1.08587,1690000,2810000
2019-10-24 12:26:41.679000,1.0859,1.08588,1690000,1000000
2019-10-24 12:26:47.864000,1.08591,1.08589,1500000,1250000
2019-10-24 12:26:48.016000,1.08591,1.08589,1500000,1750000
2019-10-24 12:26:49.106000,1.08592,1.08591,1500000,1250000
2019-10-24 12:26:49.157000,1.08593,1.08591,2440000,1250000
2019-10-24 12:26:55.726000,1.08593,1.08592,1000000,1250000
2019-10-24 12:26:55.828000,1.08593,1.0859,1000000,2620000
2019-10-24 12:26:55.929000,1.08594,1.0859,3340000,1870000
2019-10-24 12:26:56.284000,1.08593,1.08591,1250000,1690000
2019-10-24 12:26:59.772000,1.08595,1.08592,4150000,2440000
2019-10-24 12:27:00.085000,1.08595,1.08593,1500000,1250000
2019-10-24 12:27:00.187000,1.08595,1.08594,1000000,1000000
2019-10-24 12:27:00.443000,1.08595,1.08593,1000000,1690000
2019-10-24 12:27:11.382000,1.08597,1.08595,4570000,1690000
2019-10-24 12:27:11.484000,1.08601,1.086,1570000,1000000
2019-10-24 12:27:11.586000,1.08603,1.08602,2440000,1000000
2019-10-24 12:27:13.393000,1.08603,1.08601,1690000,2440000
2019-10-24 12:27:14.992000,1.08603,1.08602,1690000,1000000
2019-10-24 12:27:18.370000,1.08604,1.08602,1000000,2440000
2019-10-24 12:27:18.481000,1.08604,1.08603,1250000,1000000
2019-10-24 12:27:19.391000,1.08604,1.08602,1250000,1690000
2019-10-24 12:27:21.380000,1.08604,1.08601,3250000,2940000
2019-10-24 12:27:21.481000,1.08604,1.08601,3250000,3190000
2019-10-24 12:27:21.717000,1.08604,1.08602,3940000,1250000
2019-10-24 12:27:22.504000,1.08604,1.08601,4750000,3190000
2019-10-24 12:27:22.606000,1.08604,1.08602,3940000,1250000
2019-10-24 12:27:24.390000,1.08603,1.08602,1000000,1250000
2019-10-24 12:27:24.440000,1.08603,1.086,2500000,4310000
2019-10-24 12:27:24.542000,1.08603,1.086,1690000,3190000
2019-10-24 12:27:24.643000,1.08603,1.086,1690000,2940000
2019-10-24 12:27:24.930000,1.08603,1.08602,1690000,1000000
2019-10-24 12:27:25.386000,1.08604,1.08602,4390000,1000000
2019-10-24 12:27:25.871000,1.08604,1.08602,4450000,1000000
2019-10-24 12:27:27.091000,1.08602,1.08601,1000000,1000000
2019-10-24 12:27:27.328000,1.08602,1.086,1000000,1870000
2019-10-24 12:27:27.438000,1.08603,1.086,1690000,2620000
2019-10-24 12:27:29.296000,1.08602,1.086,1000000,2620000
2019-10-24 12:27:32.175000,1.08603,1.086,1690000,2060000
2019-10-24 12:27:37.179000,1.08603,1.08601,1690000,1000000
2019-10-24 12:27:37.280000,1.08603,1.086,1690000,2440000
2019-10-24 12:27:38.811000,1.08603,1.08601,1310000,1000000
2019-10-24 12:27:53.071000,1.08604,1.08603,1000000,1000000
2019-10-24 12:27:53.170000,1.08606,1.08604,1310000,1500000
2019-10-24 12:27:53.448000,1.08607,1.08604,2140000,1250000
2019-10-24 12:27:53.700000,1.08607,1.08605,2140000,1000000
2019-10-24 12:28:00.130000,1.08606,1.08604,3250000,1000000
2019-10-24 12:28:00.232000,1.08605,1.08603,3250000,1000000
2019-10-24 12:28:01.135000,1.08605,1.08603,1500000,1000000
2019-10-24 12:28:02.131000,1.08606,1.08604,2250000,2060000
2019-10-24 12:28:03.442000,1.08606,1.08604,1000000,3250000
2019-10-24 12:28:07.165000,1.08607,1.08604,1870000,3250000
2019-10-24 12:28:11.520000,1.08608,1.08605,1310000,1250000
2019-10-24 12:28:15.405000,1.08608,1.08606,1690000,1310000
2019-10-24 12:28:15.563000,1.08609,1.08606,2440000,1500000
2019-10-24 12:28:22.508000,1.08608,1.08605,1000000,2950000
2019-10-24 12:28:22.610000,1.08608,1.08604,2510000,4370000
2019-10-24 12:28:24.561000,1.08608,1.08604,3390000,3620000
2019-10-24 12:28:26.794000,1.08607,1.08604,2620000,1500000
2019-10-24 12:28:26.896000,1.08605,1.08602,2950000,1000000
2019-10-24 12:28:26.946000,1.08604,1.08601,1750000,2290000
2019-10-24 12:28:28.855000,1.08603,1.086,1600000,2500000
2019-10-24 12:28:29.025000,1.08603,1.086,2250000,2870000
2019-10-24 12:28:31.028000,1.08603,1.086,2890000,2060000
2019-10-24 12:29:00.127000,1.08604,1.086,4040000,1250000
2019-10-24 12:29:00.229000,1.08604,1.086,4000000,1690000
2019-10-24 12:29:01.154000,1.08604,1.086,3070000,3070000
2019-10-24 12:29:07.923000,1.08604,1.086,3360000,2200000
2019-10-24 12:29:08.024000,1.08604,1.086,4170000,2140000
2019-10-24 12:29:12.866000,1.08604,1.08601,2200000,1120000
2019-10-24 12:29:12.968000,1.08605,1.08603,1040000,1500000
2019-10-24 12:29:13.082000,1.08609,1.08606,5980000,1250000
2019-10-24 12:29:17.884000,1.08609,1.08605,1970000,1690000
2019-10-24 12:29:24.302000,1.08609,1.08607,1100000,1250000
2019-10-24 12:29:24.404000,1.08609,1.08606,1820000,1000000
2019-10-24 12:29:25.307000,1.08609,1.08605,2970000,1250000
2019-10-24 12:29:25.564000,1.08609,1.08606,1410000,1250000
2019-10-24 12:29:25.665000,1.08609,1.08606,1010000,1250000
2019-10-24 12:29:30.081000,1.0861,1.08606,1760000,2200000
2019-10-24 12:29:33.609000,1.08609,1.08606,1310000,1820000
2019-10-24 12:29:33.710000,1.08609,1.08606,1450000,1000000
2019-10-24 12:29:36.993000,1.08609,1.08605,2220000,1250000
2019-10-24 12:29:45.299000,1.08609,1.08603,1850000,1350000
2019-10-24 12:29:46.845000,1.08609,1.08603,1450000,1450000
2019-10-24 12:29:46.946000,1.08611,1.08604,1350000,3070000
2019-10-24 12:29:48.003000,1.08611,1.08604,1470000,2600000
2019-10-24 12:29:48.983000,1.08612,1.08603,1850000,1470000
2019-10-24 12:29:49.541000,1.08612,1.08603,1970000,1700000
2019-10-24 12:29:49.749000,1.08611,1.08603,1470000,1470000
2019-10-24 12:29:49.850000,1.0861,1.08604,1350000,2970000
2019-10-24 12:29:49.901000,1.08611,1.08603,1250000,1250000
2019-10-24 12:29:49.952000,1.08611,1.08603,1750000,1250000
2019-10-24 12:29:50.104000,1.08612,1.08602,1750000,1750000
2019-10-24 12:29:50.618000,1.0861,1.08602,1250000,1250000
2019-10-24 12:29:50.771000,1.08611,1.08603,1250000,1750000
2019-10-24 12:29:50.822000,1.08613,1.08605,4310000,1250000
2019-10-24 12:29:51.329000,1.08612,1.08606,1250000,1050000
2019-10-24 12:29:51.532000,1.08611,1.08605,1250000,1250000
2019-10-24 12:29:51.636000,1.08613,1.08605,4380000,1250000
2019-10-24 12:29:51.738000,1.08611,1.08604,1250000,1000000
2019-10-24 12:29:51.840000,1.08605,1.08603,1250000,1000000
2019-10-24 12:29:51.891000,1.08606,1.08601,1250000,1050000
2019-10-24 12:29:52.015000,1.08607,1.08601,3250000,2050000
2019-10-24 12:29:52.117000,1.08607,1.08601,1250000,1250000
2019-10-24 12:29:52.261000,1.08606,1.08598,1250000,1750000
2019-10-24 12:29:52.362000,1.08607,1.08598,1250000,1750000
2019-10-24 12:29:52.567000,1.08606,1.08598,1250000,1250000
2019-10-24 12:29:52.713000,1.08605,1.08599,1250000,1000000
2019-10-24 12:29:52.960000,1.08605,1.08598,1250000,1050000
2019-10-24 12:29:53.293000,1.08605,1.08596,1250000,1250000
2019-10-24 12:29:54.161000,1.08607,1.086,1250000,1250000
2019-10-24 12:29:54.212000,1.0861,1.086,1250000,1250000
2019-10-24 12:29:55.139000,1.08604,1.08599,1690000,1000000
2019-10-24 12:29:55.248000,1.08602,1.08599,1500000,1000000
2019-10-24 12:29:55.307000,1.08611,1.086,1250000,1000000
2019-10-24 12:29:55.625000,1.08607,1.08599,1000000,1500000
2019-10-24 12:29:55.676000,1.08611,1.08599,1250000,1750000
2019-10-24 12:29:55.828000,1.08609,1.08598,1750000,1250000
2019-10-24 12:29:56.142000,1.08611,1.08595,1000000,3750000
2019-10-24 12:29:57.068000,1.08611,1.086,1000000,1000000
2019-10-24 12:29:57.220000,1.08612,1.08604,1000000,1000000
2019-10-24 12:29:57.321000,1.08615,1.08606,1000000,1000000
2019-10-24 12:29:57.422000,1.08616,1.08606,1000000,1000000
2019-10-24 12:29:57.473000,1.08611,1.08605,1000000,1500000
2019-10-24 12:29:59.631000,1.08612,1.08605,1000000,1000000
2019-10-24 12:30:00.067000,1.08617,1.08606,1000000,1000000
2019-10-24 12:30:00.226000,1.08604,1.08599,1000000,1000000
2019-10-24 12:30:00.277000,1.08603,1.08595,4500000,1000000
2019-10-24 12:30:00.378000,1.08603,1.08593,3750000,1500000
2019-10-24 12:30:00.480000,1.08603,1.08591,3000000,1000000
2019-10-24 12:30:00.531000,1.08603,1.08595,3000000,1000000
2019-10-24 12:30:00.733000,1.08601,1.08594,1000000,1500000
2019-10-24 12:30:00.904000,1.08603,1.08599,2250000,1000000
2019-10-24 12:30:01.006000,1.08603,1.08593,2250000,1000000
2019-10-24 12:30:01.107000,1.08603,1.08595,3000000,1500000
2019-10-24 12:30:01.259000,1.08603,1.08596,2250000,1000000
2019-10-24 12:30:01.310000,1.08605,1.08597,1000000,1000000
2019-10-24 12:30:01.362000,1.08607,1.086,3300000,1000000
2019-10-24 12:30:01.413000,1.08611,1.086,1500000,1500000
2019-10-24 12:30:02.030000,1.08611,1.08599,1500000,1000000
2019-10-24 12:30:02.132000,1.08611,1.08598,1500000,1000000
2019-10-24 12:30:02.441000,1.08603,1.08595,1000000,1500000
2019-10-24 12:30:02.542000,1.08601,1.08594,1500000,1500000
2019-10-24 12:30:02.593000,1.08604,1.08595,1000000,2250000
2019-10-24 12:30:02.644000,1.08602,1.08595,1500000,2250000
2019-10-24 12:30:02.695000,1.08602,1.08592,1500000,1000000
2019-10-24 12:30:02.746000,1.086,1.08589,1000000,1500000
2019-10-24 12:30:02.797000,1.08601,1.08591,1000000,1500000
2019-10-24 12:30:02.898000,1.08602,1.08598,1000000,1050000
2019-10-24 12:30:02.949000,1.08604,1.08598,1500000,1050000
2019-10-24 12:30:03.068000,1.08603,1.08594,1000000,1500000
2019-10-24 12:30:03.119000,1.08601,1.08591,1120000,1500000
2019-10-24 12:30:03.221000,1.08601,1.08591,1000000,1000000
2019-10-24 12:30:03.575000,1.086,1.08591,1500000,1000000
2019-10-24 12:30:03.626000,1.08601,1.08594,1200000,1000000
2019-10-24 12:30:03.728000,1.08605,1.08596,1000000,1180000
2019-10-24 12:30:03.822000,1.08606,1.08596,1250000,1100000
2019-10-24 12:30:03.924000,1.08605,1.08595,1500000,1000000
2019-10-24 12:30:04.025000,1.08605,1.08594,1500000,1690000
2019-10-24 12:30:04.305000,1.08605,1.08594,1750000,2690000
2019-10-24 12:30:04.407000,1.08602,1.0859,1250000,2440000
2019-10-24 12:30:04.457000,1.08603,1.08593,1750000,1250000
2019-10-24 12:30:04.559000,1.08603,1.08593,1250000,1250000
2019-10-24 12:30:05.192000,1.08601,1.08592,1000000,4300000
2019-10-24 12:30:05.344000,1.086,1.08592,1000000,1750000
2019-10-24 12:30:05.721000,1.08599,1.08591,1500000,1250000
2019-10-24 12:30:05.772000,1.08601,1.08592,1120000,1250000
2019-10-24 12:30:05.823000,1.08603,1.08595,1570000,1750000
2019-10-24 12:30:05.873000,1.08603,1.08595,1750000,1300000
2019-10-24 12:30:05.924000,1.08597,1.08591,1000000,1250000
2019-10-24 12:30:05.975000,1.08602,1.08591,1500000,1750000
2019-10-24 12:30:06.026000,1.08601,1.08593,1000000,1400000
2019-10-24 12:30:06.127000,1.086,1.08592,1000000,1250000
2019-10-24 12:30:07.541000,1.08597,1.08594,1000000,1150000
2019-10-24 12:30:07.643000,1.08594,1.08587,1000000,1650000
2019-10-24 12:30:07.695000,1.08592,1.08586,1000000,1750000
2019-10-24 12:30:07.746000,1.08592,1.08585,1690000,1370000
2019-10-24 12:30:08.049000,1.08591,1.08585,1000000,1250000
2019-10-24 12:30:08.212000,1.08591,1.08584,1250000,1750000
2019-10-24 12:30:08.313000,1.08592,1.08585,1750000,1250000
2019-10-24 12:30:08.465000,1.08587,1.08584,1000000,1250000
2019-10-24 12:30:08.566000,1.08587,1.08579,1750000,1250000
2019-10-24 12:30:09.057000,1.08587,1.0858,1750000,1250000
2019-10-24 12:30:09.274000,1.08587,1.0858,1690000,2500000
2019-10-24 12:30:10.746000,1.08585,1.0858,1000000,3370000
2019-10-24 12:30:12.025000,1.08585,1.0858,1000000,6100000
2019-10-24 12:30:12.135000,1.08585,1.0858,1000000,4870000
2019-10-24 12:30:12.378000,1.08585,1.08581,1000000,1370000
2019-10-24 12:30:12.631000,1.08585,1.0858,1000000,4120000
2019-10-24 12:30:14.296000,1.08585,1.08579,4000000,1500000
2019-10-24 12:30:14.347000,1.08578,1.08575,1000000,1250000
2019-10-24 12:30:14.449000,1.08576,1.08573,1690000,1220000
2019-10-24 12:30:14.500000,1.08574,1.0857,1250000,1250000
2019-10-24 12:30:14.550000,1.08573,1.08567,1250000,3250000
2019-10-24 12:30:14.652000,1.08573,1.08569,1310000,3050000
2019-10-24 12:30:14.753000,1.08574,1.0857,1390000,1820000
2019-10-24 12:30:15.685000,1.08575,1.0857,1100000,1350000
2019-10-24 12:30:17.717000,1.08576,1.08572,1760000,1520000
2019-10-24 12:30:17.818000,1.08578,1.08573,1600000,2670000
2019-10-24 12:30:17.920000,1.08578,1.08573,1500000,2880000
2019-10-24 12:30:18.880000,1.08579,1.08577,2140000,1250000
2019-10-24 12:30:18.981000,1.0858,1.08577,1690000,1350000
2019-10-24 12:30:19.083000,1.08579,1.08575,4120000,1350000
2019-10-24 12:30:19.184000,1.08577,1.08572,1690000,4900000
2019-10-24 12:30:22.733000,1.08578,1.08576,3820000,1000000
2019-10-24 12:30:22.784000,1.08577,1.08573,1000000,2300000
2019-10-24 12:30:22.885000,1.08577,1.08572,1250000,5820000
2019-10-24 12:30:24.337000,1.08579,1.08573,5790000,2800000
2019-10-24 12:30:24.521000,1.08577,1.08573,1690000,1450000
2019-10-24 12:30:25.031000,1.08575,1.0857,3940000,3470000
2019-10-24 12:30:25.082000,1.08574,1.08569,1250000,3740000
2019-10-24 12:30:26.850000,1.08574,1.08569,1570000,3550000
2019-10-24 12:30:28.104000,1.08575,1.08572,1250000,1960000
2019-10-24 12:30:28.206000,1.08576,1.08573,1000000,1370000
2019-10-24 12:30:29.248000,1.08577,1.08574,2440000,1870000
2019-10-24 12:30:29.299000,1.08578,1.08575,1250000,2660000
2019-10-24 12:30:29.401000,1.08578,1.08576,1120000,1250000
2019-10-24 12:30:29.452000,1.08577,1.08574,1690000,1510000
2019-10-24 12:30:29.554000,1.08577,1.08573,1690000,2600000
2019-10-24 12:30:29.777000,1.08574,1.08571,1500000,1310000
2019-10-24 12:30:29.879000,1.08575,1.08571,2510000,1440000
2019-10-24 12:30:29.980000,1.08575,1.08572,1000000,1370000
2019-10-24 12:30:30.031000,1.08575,1.08571,1000000,1380000
2019-10-24 12:30:30.133000,1.08575,1.08573,1000000,1250000
2019-10-24 12:30:30.275000,1.08576,1.08573,1000000,1750000
2019-10-24 12:30:30.477000,1.08577,1.08573,1010000,1750000
2019-10-24 12:30:30.578000,1.08577,1.08574,1690000,1370000
2019-10-24 12:30:30.815000,1.08577,1.08572,1870000,3920000
2019-10-24 12:30:34.654000,1.08575,1.08573,1250000,1100000
2019-10-24 12:30:34.755000,1.08574,1.08571,1250000,1100000
2019-10-24 12:30:34.856000,1.08575,1.08571,1760000,1280000
2019-10-24 12:30:34.958000,1.08574,1.08569,1250000,1380000
2019-10-24 12:30:35.266000,1.08573,1.08569,1250000,1510000
2019-10-24 12:30:35.597000,1.08567,1.08564,2600000,1010000
2019-10-24 12:30:35.698000,1.08566,1.08563,2440000,1690000
2019-10-24 12:30:36.012000,1.08566,1.08563,1500000,1350000
2019-10-24 12:30:36.411000,1.08568,1.08563,6140000,2020000
2019-10-24 12:30:36.513000,1.08568,1.08563,5390000,2280000
2019-10-24 12:30:36.772000,1.08568,1.08563,4640000,2770000
2019-10-24 12:30:37.358000,1.08567,1.08563,1250000,1390000
2019-10-24 12:30:38.142000,1.08564,1.08562,1690000,1200000
2019-10-24 12:30:38.279000,1.08565,1.0856,1690000,4700000
2019-10-24 12:30:41.737000,1.08566,1.08561,1750000,1970000
2019-10-24 12:30:42.838000,1.08567,1.08563,1250000,2770000
2019-10-24 12:30:42.939000,1.08568,1.08564,1500000,1010000
2019-10-24 12:30:43.115000,1.08569,1.08563,1750000,3150000
2019-10-24 12:30:43.216000,1.08569,1.08563,1250000,3920000
2019-10-24 12:30:44.210000,1.0857,1.08567,1760000,1200000
2019-10-24 12:30:44.311000,1.08571,1.08567,1250000,1390000
2019-10-24 12:30:47.433000,1.08569,1.08567,1250000,1870000
2019-10-24 12:30:47.535000,1.08568,1.08567,1500000,1250000
2019-10-24 12:30:47.738000,1.08569,1.08565,1250000,2590000
2019-10-24 12:30:47.952000,1.08569,1.08564,1000000,3170000
2019-10-24 12:30:48.054000,1.08571,1.08567,1100000,1250000
2019-10-24 12:30:48.155000,1.08571,1.08567,1010000,1250000
2019-10-24 12:30:48.257000,1.0857,1.08565,1120000,1850000
2019-10-24 12:30:48.434000,1.0857,1.08564,1010000,3420000
2019-10-24 12:30:52.723000,1.08569,1.08565,1250000,1100000
2019-10-24 12:30:52.825000,1.08568,1.08564,1750000,1200000
2019-10-24 12:30:53.029000,1.08566,1.08563,1000000,1350000
2019-10-24 12:30:53.282000,1.08566,1.08562,1690000,1970000
2019-10-24 12:30:55.651000,1.08564,1.0856,1000000,2720000
2019-10-24 12:30:55.752000,1.08562,1.0856,1000000,1670000
2019-10-24 12:30:55.955000,1.08564,1.0856,3190000,1450000
2019-10-24 12:30:56.326000,1.08563,1.08559,1000000,1950000
2019-10-24 12:30:57.716000,1.08563,1.08559,1690000,1470000
2019-10-24 12:31:00.072000,1.08564,1.0856,1000000,4650000
2019-10-24 12:31:00.276000,1.08564,1.08559,1690000,2720000
2019-10-24 12:31:01.465000,1.08565,1.0856,2440000,3920000
2019-10-24 12:31:01.566000,1.08565,1.0856,1500000,5800000
2019-10-24 12:31:01.994000,1.08564,1.0856,1000000,5800000
2019-10-24 12:31:02.375000,1.08565,1.08562,1000000,1850000
2019-10-24 12:31:03.119000,1.08565,1.08562,1000000,2950000
2019-10-24 12:31:04.250000,1.08566,1.08561,1250000,1470000
2019-10-24 12:31:04.351000,1.08565,1.08561,1000000,1850000
2019-10-24 12:31:04.487000,1.08565,1.08561,1690000,1850000
2019-10-24 12:31:04.694000,1.08565,1.08562,1000000,1820000
2019-10-24 12:31:05.322000,1.08565,1.08563,1000000,2200000
2019-10-24 12:31:05.373000,1.08567,1.08565,1000000,1250000
2019-10-24 12:31:05.474000,1.08567,1.08565,1000000,1250000
2019-10-24 12:31:05.575000,1.08567,1.08564,1250000,1390000
2019-10-24 12:31:05.677000,1.08567,1.08562,1250000,1970000
2019-10-24 12:31:05.778000,1.08567,1.08562,1250000,2720000
2019-10-24 12:31:05.973000,1.08566,1.08563,1000000,1350000
2019-10-24 12:31:07.203000,1.08566,1.08562,1250000,1720000
2019-10-24 12:31:07.356000,1.08568,1.08565,1870000,1690000
2019-10-24 12:31:07.458000,1.0857,1.08566,1820000,1690000
2019-10-24 12:31:07.559000,1.0857,1.08566,1000000,2950000
2019-10-24 12:31:07.763000,1.0857,1.08567,1000000,1010000
2019-10-24 12:31:07.934000,1.08571,1.08567,1500000,1010000
2019-10-24 12:31:09.047000,1.0857,1.08567,1250000,1010000
2019-10-24 12:31:09.274000,1.08569,1.08567,1000000,1010000
2019-10-24 12:31:10.315000,1.0857,1.08566,1000000,3470000
2019-10-24 12:31:11.179000,1.0857,1.08566,1120000,2200000
2019-10-24 12:31:12.694000,1.08571,1.08566,1690000,3470000
2019-10-24 12:31:18.025000,1.08574,1.08572,2060000,1500000
2019-10-24 12:31:18.076000,1.08577,1.08575,1600000,1000000
2019-10-24 12:31:18.178000,1.08579,1.08575,1390000,3620000
2019-10-24 12:31:18.307000,1.08579,1.08577,1000000,1690000
2019-10-24 12:31:18.458000,1.08581,1.08577,1350000,1250000
2019-10-24 12:31:18.559000,1.08581,1.08578,1350000,1000000
2019-10-24 12:31:19.144000,1.08582,1.08578,2570000,1250000
2019-10-24 12:31:20.405000,1.08582,1.08579,2570000,1000000
2019-10-24 12:31:22.322000,1.08582,1.0858,1760000,1000000
2019-10-24 12:31:22.474000,1.08583,1.0858,1250000,1690000
2019-10-24 12:31:22.576000,1.08583,1.08581,1250000,1000000
2019-10-24 12:31:23.565000,1.08586,1.08581,3470000,1750000
2019-10-24 12:31:25.726000,1.08586,1.08583,3720000,1000000
2019-10-24 12:31:26.804000,1.08585,1.08582,1250000,1000000
2019-10-24 12:31:27.300000,1.08587,1.08585,2970000,1250000
2019-10-24 12:31:27.402000,1.08589,1.08586,2200000,1000000
2019-10-24 12:31:27.710000,1.08591,1.08588,2600000,1000000
2019-10-24 12:31:29.842000,1.08593,1.08589,3720000,1000000
2019-10-24 12:31:30.107000,1.08592,1.08589,2120000,1000000
2019-10-24 12:31:32.258000,1.08594,1.08591,6470000,1000000
2019-10-24 12:31:32.375000,1.08595,1.08592,1790000,1250000
2019-10-24 12:31:32.427000,1.08596,1.08593,1350000,1000000
2019-10-24 12:31:34.921000,1.08595,1.08591,2950000,1570000
2019-10-24 12:31:35.022000,1.08594,1.08591,1000000,1370000
2019-10-24 12:31:35.124000,1.08596,1.08593,1450000,1000000
2019-10-24 12:31:37.443000,1.08592,1.0859,1250000,1570000
2019-10-24 12:31:37.601000,1.08592,1.08589,1820000,2250000
2019-10-24 12:31:38.120000,1.08592,1.08589,2570000,1000000
2019-10-24 12:31:39.115000,1.08592,1.08589,2890000,1000000
2019-10-24 12:31:39.217000,1.08594,1.08591,4970000,1000000
2019-10-24 12:31:39.318000,1.08594,1.08591,2320000,1000000
2019-10-24 12:31:39.524000,1.08594,1.08591,3070000,1000000
2019-10-24 12:31:43.922000,1.08596,1.08594,1250000,1500000
2019-10-24 12:31:43.973000,1.08597,1.08595,1690000,2250000
2019-10-24 12:31:44.075000,1.08599,1.08594,4300000,1690000
2019-10-24 12:31:44.176000,1.08599,1.08595,4820000,1250000
2019-10-24 12:31:45.627000,1.08599,1.08595,4300000,1000000
2019-10-24 12:31:46.805000,1.08598,1.08595,3170000,1000000
2019-10-24 12:31:53.445000,1.08598,1.08594,2970000,1000000
2019-10-24 12:31:59.793000,1.08596,1.08593,2950000,1500000
2019-10-24 12:32:00.127000,1.08596,1.08593,2140000,1690000
2019-10-24 12:32:00.335000,1.08595,1.08592,2500000,1000000
2019-10-24 12:32:00.451000,1.08594,1.0859,4200000,1250000
2019-10-24 12:32:00.552000,1.08594,1.08591,4120000,1000000
2019-10-24 12:32:01.191000,1.08594,1.08591,1250000,1250000
2019-10-24 12:32:03.142000,1.08594,1.0859,2200000,2440000
2019-10-24 12:32:03.346000,1.08591,1.08588,1390000,1790000
2019-10-24 12:32:03.448000,1.08588,1.08586,1310000,1000000
2019-10-24 12:32:03.550000,1.08589,1.08587,1620000,1310000
2019-10-24 12:32:03.651000,1.0859,1.08587,1350000,1310000
2019-10-24 12:32:03.753000,1.0859,1.08587,1010000,1310000
2019-10-24 12:32:04.057000,1.08589,1.08587,1370000,1000000
2019-10-24 12:32:04.209000,1.0859,1.08587,1010000,1310000
2019-10-24 12:32:04.724000,1.08589,1.08585,1870000,2510000
2019-10-24 12:32:04.826000,1.08589,1.08586,2200000,1000000
2019-10-24 12:32:04.978000,1.08589,1.08586,1310000,1250000
2019-10-24 12:32:05.665000,1.08589,1.08586,1370000,1000000
2019-10-24 12:32:05.815000,1.08589,1.08586,1250000,1250000
2019-10-24 12:32:06.777000,1.08589,1.08587,1450000,1000000
2019-10-24 12:32:06.828000,1.08589,1.08585,1450000,2440000
2019-10-24 12:32:06.929000,1.08589,1.08585,1100000,2500000
2019-10-24 12:32:08.047000,1.08588,1.08585,1000000,2570000
2019-10-24 12:32:08.098000,1.08587,1.08584,1750000,1100000
2019-10-24 12:32:10.405000,1.08586,1.08583,1250000,2250000
2019-10-24 12:32:15.062000,1.08586,1.08582,1350000,2440000
2019-10-24 12:32:15.714000,1.08586,1.08583,2200000,1000000
2019-10-24 12:32:15.815000,1.08586,1.08582,2200000,2250000
2019-10-24 12:32:15.949000,1.08584,1.08582,1250000,1000000
2019-10-24 12:32:16.493000,1.08584,1.0858,3400000,2620000
2019-10-24 12:32:16.544000,1.08582,1.08579,1250000,2320000
2019-10-24 12:32:16.651000,1.08581,1.08579,1250000,1000000
2019-10-24 12:32:16.804000,1.08581,1.08578,1250000,2440000
2019-10-24 12:32:17.006000,1.08581,1.08579,1010000,1000000
2019-10-24 12:32:17.158000,1.0858,1.08578,1250000,2060000
2019-10-24 12:32:17.209000,1.08581,1.08579,1010000,1000000
2019-10-24 12:32:18.010000,1.0858,1.08579,1250000,1500000
2019-10-24 12:32:18.148000,1.0858,1.08577,1250000,1940000
2019-10-24 12:32:18.547000,1.08582,1.0858,4070000,1000000
2019-10-24 12:32:18.649000,1.08582,1.08581,1870000,2440000
2019-10-24 12:32:18.776000,1.08583,1.08581,3190000,1000000
2019-10-24 12:32:19.085000,1.08582,1.08579,1750000,2250000
2019-10-24 12:32:19.187000,1.08581,1.08578,3250000,2440000
2019-10-24 12:32:19.288000,1.08581,1.08578,3250000,1750000
2019-10-24 12:32:19.428000,1.08581,1.08578,3190000,1500000
2019-10-24 12:32:19.681000,1.08581,1.0858,2440000,1000000
2019-10-24 12:32:20.715000,1.08582,1.0858,1250000,1250000
2019-10-24 12:32:20.917000,1.08584,1.08582,4470000,1500000
2019-10-24 12:32:21.018000,1.08584,1.08581,3190000,1690000
2019-10-24 12:32:21.120000,1.08583,1.08581,3190000,1000000
2019-10-24 12:32:21.430000,1.08582,1.08579,2250000,1620000
2019-10-24 12:32:23.482000,1.0858,1.08578,2950000,1100000
2019-10-24 12:32:23.584000,1.08579,1.08577,2010000,1940000
2019-10-24 12:32:24.964000,1.08578,1.08577,2440000,1000000
2019-10-24 12:32:25.067000,1.08579,1.08576,2440000,1870000
2019-10-24 12:32:25.170000,1.08579,1.08577,2440000,1000000
2019-10-24 12:32:25.423000,1.08581,1.0858,1010000,1000000
2019-10-24 12:32:25.474000,1.08583,1.08581,4010000,1120000
2019-10-24 12:32:25.576000,1.08583,1.0858,3250000,1000000
2019-10-24 12:32:25.678000,1.08582,1.08579,2440000,1690000
2019-10-24 12:32:27.687000,1.08582,1.0858,2440000,1000000
2019-10-24 12:32:28.997000,1.08582,1.0858,2440000,1000000
2019-10-24 12:32:32.460000,1.08582,1.0858,2440000,1250000
2019-10-24 12:32:32.778000,1.08583,1.08581,2510000,1000000
2019-10-24 12:32:32.936000,1.08584,1.08582,1000000,1000000
2019-10-24 12:32:33.037000,1.08584,1.08582,4000000,1000000
2019-10-24 12:32:34.078000,1.08584,1.08582,1250000,1690000
2019-10-24 12:32:34.853000,1.08584,1.08582,1250000,1000000
2019-10-24 12:32:35.206000,1.08585,1.08582,1820000,1690000
2019-10-24 12:32:35.959000,1.08587,1.08585,3720000,1000000
2019-10-24 12:32:36.061000,1.08588,1.08586,1250000,1120000
2019-10-24 12:32:36.281000,1.08589,1.08586,1750000,1500000
2019-10-24 12:32:36.382000,1.08589,1.08586,1690000,1310000
2019-10-24 12:32:36.534000,1.08587,1.08584,1120000,3080000
2019-10-24 12:32:36.636000,1.08587,1.08583,2200000,3060000
2019-10-24 12:32:36.738000,1.08587,1.08584,2140000,1120000
2019-10-24 12:32:36.930000,1.08587,1.08584,1010000,2750000
2019-10-24 12:32:37.031000,1.0859,1.08587,4070000,1000000
2019-10-24 12:32:37.133000,1.0859,1.08586,4070000,1690000
2019-10-24 12:32:37.238000,1.0859,1.08588,1250000,1690000
2019-10-24 12:32:37.340000,1.0859,1.08588,1250000,1000000
2019-10-24 12:32:37.514000,1.0859,1.08587,1250000,4690000
2019-10-24 12:32:37.565000,1.0859,1.08589,1250000,1000000
2019-10-24 12:32:37.670000,1.0859,1.08588,1250000,1250000
2019-10-24 12:32:37.772000,1.08592,1.0859,3450000,1250000
2019-10-24 12:32:37.920000,1.08592,1.08589,1000000,1250000
2019-10-24 12:32:38.122000,1.08592,1.08589,1500000,1560000
2019-10-24 12:32:38.224000,1.08592,1.08589,2140000,1500000
2019-10-24 12:32:39.064000,1.08592,1.08589,1500000,1250000
2019-10-24 12:32:39.418000,1.08592,1.08589,1690000,1120000
2019-10-24 12:32:40.349000,1.08591,1.08589,1250000,1000000
2019-10-24 12:32:40.450000,1.08591,1.08589,1750000,1000000
2019-10-24 12:32:40.653000,1.0859,1.08588,1250000,1000000
2019-10-24 12:32:40.703000,1.08588,1.08586,3260000,1870000
2019-10-24 12:32:40.807000,1.08587,1.08585,2440000,1000000
2019-10-24 12:32:40.909000,1.08586,1.08585,1000000,1000000
2019-10-24 12:32:41.112000,1.08586,1.08584,1500000,1250000
2019-10-24 12:32:41.539000,1.08587,1.08584,3260000,1250000
2019-10-24 12:32:41.641000,1.08586,1.08583,2060000,1500000
2019-10-24 12:32:41.692000,1.08585,1.08583,1250000,1000000
2019-10-24 12:32:43.997000,1.08586,1.08583,1500000,2640000
2019-10-24 12:32:44.545000,1.08585,1.08583,1250000,1250000
2019-10-24 12:32:45.108000,1.08586,1.08583,1690000,1890000
2019-10-24 12:32:45.210000,1.08586,1.08584,1690000,1000000
2019-10-24 12:32:45.311000,1.08586,1.08583,1690000,2440000
2019-10-24 12:32:45.927000,1.08586,1.08583,2940000,1690000
2019-10-24 12:32:46.261000,1.08586,1.08583,3190000,1690000
2019-10-24 12:32:47.139000,1.08585,1.08583,2060000,1000000
2019-10-24 12:32:50.668000,1.08585,1.08582,2060000,1690000
2019-10-24 12:32:51.453000,1.08585,1.08583,2060000,1000000
2019-10-24 12:32:51.504000,1.08584,1.08581,1250000,3000000
2019-10-24 12:32:52.110000,1.08581,1.08579,1690000,1100000
2019-10-24 12:32:52.212000,1.08581,1.08578,1000000,2000000
2019-10-24 12:32:52.314000,1.08584,1.08581,5570000,1000000
2019-10-24 12:32:54.853000,1.08584,1.0858,3250000,3050000
2019-10-24 12:32:54.955000,1.0858,1.08579,1250000,1000000
2019-10-24 12:32:55.006000,1.0858,1.08577,1310000,3300000
2019-10-24 12:32:55.158000,1.0858,1.08577,1250000,2990000
2019-10-24 12:32:55.589000,1.08579,1.08576,1690000,3940000
2019-10-24 12:32:55.706000,1.08578,1.08576,1310000,3000000
2019-10-24 12:32:55.807000,1.08579,1.08576,1310000,3730000
2019-10-24 12:32:55.908000,1.08579,1.08577,1250000,1000000
2019-10-24 12:32:56.249000,1.08579,1.08577,1000000,1500000
2019-10-24 12:32:56.618000,1.08579,1.08577,1250000,1250000
2019-10-24 12:32:56.719000,1.08579,1.08577,1750000,1250000
2019-10-24 12:32:56.916000,1.08579,1.08576,2500000,1250000
2019-10-24 12:32:57.952000,1.08578,1.08575,1250000,1250000
2019-10-24 12:32:59.039000,1.08578,1.08575,2200000,1000000
2019-10-24 12:33:00.143000,1.08577,1.08575,1250000,1000000
2019-10-24 12:33:00.244000,1.08577,1.08574,3250000,1250000
2019-10-24 12:33:00.397000,1.08575,1.08572,1250000,2220000
2019-10-24 12:33:00.448000,1.08574,1.08571,2190000,3160000
2019-10-24 12:33:00.550000,1.08573,1.08571,1250000,1500000
2019-10-24 12:33:00.825000,1.08573,1.0857,1750000,2140000
2019-10-24 12:33:02.068000,1.08573,1.0857,1250000,1760000
2019-10-24 12:33:02.549000,1.08575,1.08572,2120000,1250000
2019-10-24 12:33:02.650000,1.08575,1.08573,1250000,1000000
2019-10-24 12:33:02.954000,1.08576,1.08573,1310000,1250000
2019-10-24 12:33:03.055000,1.08576,1.08573,1000000,1250000
2019-10-24 12:33:03.623000,1.08577,1.08575,1870000,1250000
2019-10-24 12:33:04.028000,1.08577,1.08575,1000000,1250000
2019-10-24 12:33:05.558000,1.08577,1.08575,1000000,1250000
2019-10-24 12:33:05.673000,1.08577,1.08575,1000000,1250000
2019-10-24 12:33:06.516000,1.08576,1.08574,1000000,1750000
2019-10-24 12:33:06.630000,1.08574,1.08572,1250000,1100000
2019-10-24 12:33:07.161000,1.08574,1.08571,1310000,3450000
2019-10-24 12:33:07.823000,1.08574,1.08572,1310000,1000000
2019-10-24 12:33:08.452000,1.08576,1.08575,2250000,1000000
2019-10-24 12:33:08.554000,1.08577,1.08575,1000000,1250000
2019-10-24 12:33:09.089000,1.08577,1.08575,1000000,1250000
2019-10-24 12:33:10.223000,1.08577,1.08575,1000000,1250000
2019-10-24 12:33:11.475000,1.08577,1.08574,2440000,2140000
2019-10-24 12:33:11.577000,1.08576,1.08573,2960000,1120000
2019-10-24 12:33:11.678000,1.08576,1.08574,2140000,1000000
2019-10-24 12:33:11.881000,1.08577,1.08574,1200000,1500000
2019-10-24 12:33:11.982000,1.08578,1.08574,2890000,1600000
2019-10-24 12:33:13.327000,1.08579,1.08576,2140000,1250000
2019-10-24 12:33:13.429000,1.08577,1.08576,1000000,1250000
2019-10-24 12:33:13.494000,1.08577,1.08574,1000000,3540000
2019-10-24 12:33:13.596000,1.08577,1.08574,1250000,1760000
2019-10-24 12:33:13.847000,1.08577,1.08575,1250000,1000000
2019-10-24 12:33:15.760000,1.08577,1.08574,1250000,1690000
2019-10-24 12:33:15.912000,1.08577,1.08574,1000000,1750000
2019-10-24 12:33:16.013000,1.08577,1.08574,1000000,3250000
2019-10-24 12:33:16.392000,1.08577,1.08574,1120000,1750000
2019-10-24 12:33:16.541000,1.08577,1.08573,1390000,3200000
2019-10-24 12:33:17.884000,1.08576,1.08573,1250000,1390000
2019-10-24 12:33:18.184000,1.08578,1.08576,3070000,1250000
2019-10-24 12:33:18.286000,1.08578,1.08576,1000000,1250000
2019-10-24 12:33:18.490000,1.08578,1.08575,1010000,1250000
2019-10-24 12:33:18.642000,1.08578,1.08574,1820000,2390000
2019-10-24 12:33:18.857000,1.08578,1.08574,2950000,1760000
2019-10-24 12:33:19.217000,1.08576,1.08573,2750000,1350000
2019-10-24 12:33:19.318000,1.08576,1.08573,4140000,1250000
2019-10-24 12:33:19.546000,1.08575,1.08571,2200000,2890000
2019-10-24 12:33:19.647000,1.08575,1.08571,2700000,2140000
2019-10-24 12:33:19.752000,1.08575,1.08571,4070000,1950000
2019-10-24 12:33:20.413000,1.08574,1.08571,1250000,1250000
2019-10-24 12:33:20.717000,1.08574,1.0857,4550000,1250000
2019-10-24 12:33:20.819000,1.08573,1.0857,1250000,2320000
2019-10-24 12:33:24.517000,1.08574,1.0857,2950000,2510000
2019-10-24 12:33:24.568000,1.08574,1.0857,1100000,5520000
2019-10-24 12:33:24.669000,1.08575,1.08572,2890000,1250000
2019-10-24 12:33:24.771000,1.08575,1.08572,1950000,1750000
2019-10-24 12:33:25.008000,1.08576,1.08573,1570000,1750000
2019-10-24 12:33:25.110000,1.08577,1.08573,2890000,2570000
2019-10-24 12:33:25.263000,1.08577,1.08573,2500000,1940000
2019-10-24 12:33:25.859000,1.08577,1.08573,1390000,2070000
2019-10-24 12:33:26.733000,1.08578,1.08574,5610000,1500000
2019-10-24 12:33:26.834000,1.08578,1.08574,6340000,1260000
2019-10-24 12:33:27.037000,1.08578,1.08574,5610000,1500000
2019-10-24 12:33:27.161000,1.08577,1.08574,2200000,1250000
2019-10-24 12:33:27.634000,1.08576,1.08573,1510000,1120000
2019-10-24 12:33:29.437000,1.08576,1.08573,1690000,3260000
2019-10-24 12:33:29.784000,1.08576,1.08574,1250000,1000000
2019-10-24 12:33:29.886000,1.08578,1.08575,1010000,1120000
2019-10-24 12:33:30.267000,1.08577,1.08575,1500000,1250000
2019-10-24 12:33:30.418000,1.08578,1.08575,2890000,1250000
2019-10-24 12:33:32.902000,1.08577,1.08575,1500000,1000000
2019-10-24 12:33:33.104000,1.08578,1.08575,4840000,1000000
2019-10-24 12:33:33.560000,1.08578,1.08575,4590000,1000000
2019-10-24 12:33:35.838000,1.08578,1.08575,4840000,1000000
2019-10-24 12:33:36.177000,1.08577,1.08575,1120000,1000000
2019-10-24 12:33:36.278000,1.08577,1.08573,1200000,2570000
2019-10-24 12:33:36.846000,1.08577,1.08573,3000000,1940000
2019-10-24 12:33:36.972000,1.08577,1.08573,3320000,1570000
2019-10-24 12:33:37.326000,1.08575,1.08571,1500000,5390000
2019-10-24 12:33:37.451000,1.08575,1.08571,1690000,3270000
2019-10-24 12:33:38.328000,1.08576,1.08572,1390000,2320000
2019-10-24 12:33:38.429000,1.08577,1.08573,4200000,1390000
2019-10-24 12:33:38.581000,1.08577,1.08573,2700000,1510000
2019-10-24 12:33:38.783000,1.08577,1.08573,1570000,4200000
2019-10-24 12:33:38.884000,1.08578,1.08575,1690000,1250000
2019-10-24 12:33:39.049000,1.08577,1.08575,1100000,1250000
2019-10-24 12:33:39.252000,1.08577,1.08573,1760000,1950000
2019-10-24 12:33:39.739000,1.08577,1.08574,1100000,2120000
2019-10-24 12:33:40.722000,1.08578,1.08575,1000000,2570000
2019-10-24 12:33:40.823000,1.08578,1.08575,1390000,1250000
2019-10-24 12:33:41.511000,1.08578,1.08575,2200000,1000000
2019-10-24 12:33:41.651000,1.08578,1.08575,1200000,1000000
2019-10-24 12:33:42.681000,1.08578,1.08575,2200000,1000000
2019-10-24 12:33:42.783000,1.08578,1.08575,1010000,1250000
2019-10-24 12:33:42.884000,1.08578,1.08576,1000000,1500000
2019-10-24 12:33:43.086000,1.08579,1.08576,2510000,1940000
2019-10-24 12:33:45.057000,1.08579,1.08576,1570000,1310000
2019-10-24 12:33:46.357000,1.08578,1.08575,2440000,1120000
2019-10-24 12:33:46.459000,1.08578,1.08575,1750000,1250000
2019-10-24 12:33:46.676000,1.08578,1.08575,1010000,1120000
2019-10-24 12:33:48.031000,1.08578,1.08575,2570000,1250000
2019-10-24 12:33:49.851000,1.08578,1.08575,1390000,1120000
2019-10-24 12:33:50.476000,1.08578,1.08575,1000000,2570000
2019-10-24 12:33:50.738000,1.08579,1.08575,2970000,1690000
2019-10-24 12:33:51.525000,1.08578,1.08575,1350000,1000000
2019-10-24 12:33:51.992000,1.08577,1.08574,1250000,2510000
2019-10-24 12:33:53.545000,1.08576,1.08573,2440000,1390000
2019-10-24 12:33:53.646000,1.08576,1.08573,1510000,1250000
2019-10-24 12:33:53.747000,1.08576,1.08573,1760000,1250000
2019-10-24 12:33:53.950000,1.08576,1.08573,2570000,1000000
2019-10-24 12:33:54.051000,1.08576,1.08573,1760000,1250000
2019-10-24 12:33:55.126000,1.08576,1.08573,2570000,1000000
2019-10-24 12:33:55.723000,1.08576,1.08573,2060000,1690000
2019-10-24 12:33:55.934000,1.08576,1.08573,2870000,1500000
2019-10-24 12:33:56.727000,1.08576,1.08573,1390000,1250000
2019-10-24 12:33:57.109000,1.08576,1.08573,1100000,1750000
2019-10-24 12:33:57.996000,1.08577,1.08574,1500000,2320000
2019-10-24 12:33:59.272000,1.08579,1.08577,2890000,1250000
2019-10-24 12:34:00.255000,1.08578,1.08575,1250000,1200000
2019-10-24 12:34:00.398000,1.08577,1.08574,1500000,1950000
2019-10-24 12:34:00.601000,1.08576,1.08573,1000000,1760000
2019-10-24 12:34:00.804000,1.08576,1.08572,3700000,1570000
2019-10-24 12:34:00.905000,1.08576,1.08573,3700000,1000000
2019-10-24 12:34:01.321000,1.08576,1.08573,1100000,2500000
2019-10-24 12:34:01.423000,1.08576,1.08573,1250000,2510000
2019-10-24 12:34:01.915000,1.08576,1.08573,1000000,1820000
2019-10-24 12:34:02.271000,1.08576,1.08573,1250000,1760000
2019-10-24 12:34:03.876000,1.08576,1.08572,4450000,2510000
2019-10-24 12:34:04.128000,1.08575,1.08571,1820000,1640000
2019-10-24 12:34:04.280000,1.08576,1.08572,5290000,1940000
2019-10-24 12:34:04.556000,1.08576,1.08573,1010000,1250000
2019-10-24 12:34:04.709000,1.08577,1.08574,1390000,2440000
2019-10-24 12:34:05.224000,1.08577,1.08574,1000000,2570000
2019-10-24 12:34:05.526000,1.08577,1.08574,1250000,2890000
2019-10-24 12:34:06.494000,1.08576,1.08573,1500000,1350000
2019-10-24 12:34:06.596000,1.08576,1.08572,1500000,4410000
2019-10-24 12:34:06.697000,1.08576,1.08572,2570000,2890000
2019-10-24 12:34:07.184000,1.08576,1.08572,1760000,2950000
2019-10-24 12:34:07.515000,1.08576,1.08572,2570000,2890000
2019-10-24 12:34:07.690000,1.08576,1.08572,2510000,2950000
2019-10-24 12:34:08.076000,1.08576,1.08572,2570000,2890000
2019-10-24 12:34:08.183000,1.08576,1.08572,1760000,2950000
2019-10-24 12:34:08.369000,1.08576,1.08573,1570000,1250000
2019-10-24 12:34:08.470000,1.08577,1.08574,1390000,1250000
2019-10-24 12:34:08.572000,1.08577,1.08574,1000000,1350000
2019-10-24 12:34:08.674000,1.08577,1.08574,1250000,1010000
2019-10-24 12:34:08.775000,1.08577,1.08574,1000000,1350000
2019-10-24 12:34:08.985000,1.08577,1.08574,1250000,1760000
2019-10-24 12:34:10.092000,1.08577,1.08574,1000000,1820000
2019-10-24 12:34:10.294000,1.08576,1.08573,1250000,2540000
2019-10-24 12:34:10.396000,1.08576,1.08573,1760000,1120000
2019-10-24 12:34:10.497000,1.08576,1.08573,2500000,1250000
2019-10-24 12:34:11.275000,1.08575,1.08572,1250000,1690000
2019-10-24 12:34:11.470000,1.08574,1.08571,2440000,3250000
2019-10-24 12:34:12.159000,1.08573,1.08571,1000000,1350000
2019-10-24 12:34:15.200000,1.08573,1.0857,2510000,1750000
2019-10-24 12:34:16.440000,1.08572,1.0857,1000000,1820000
2019-10-24 12:34:16.592000,1.08573,1.0857,2510000,2120000
2019-10-24 12:34:16.845000,1.08573,1.08572,1000000,1000000
2019-10-24 12:34:16.897000,1.08575,1.08572,1010000,1690000
2019-10-24 12:34:16.998000,1.08574,1.08572,1690000,1010000
2019-10-24 12:34:17.099000,1.08575,1.08572,1250000,1760000
2019-10-24 12:34:17.321000,1.08575,1.08573,1000000,1750000
2019-10-24 12:34:17.422000,1.08577,1.08574,3640000,1250000
2019-10-24 12:34:17.524000,1.08577,1.08574,4450000,1000000
2019-10-24 12:34:17.625000,1.08577,1.08574,1010000,1690000
2019-10-24 12:34:19.091000,1.08576,1.08573,2440000,2320000
2019-10-24 12:34:19.465000,1.08576,1.08573,1500000,1750000
2019-10-24 12:34:19.567000,1.08575,1.08573,1000000,1250000
2019-10-24 12:34:19.719000,1.08576,1.08573,1760000,1250000
2019-10-24 12:34:22.069000,1.08574,1.08572,1250000,1010000
2019-10-24 12:34:22.171000,1.08576,1.08572,3720000,2440000
2019-10-24 12:34:22.784000,1.08576,1.08572,4200000,1760000
2019-10-24 12:34:23.221000,1.08576,1.08572,4820000,2510000
2019-10-24 12:34:24.061000,1.08576,1.08572,4010000,2570000
2019-10-24 12:34:24.213000,1.08576,1.08573,4450000,1000000
2019-10-24 12:34:25.057000,1.08576,1.08573,2890000,1250000
2019-10-24 12:34:25.216000,1.08576,1.08573,3700000,1000000
2019-10-24 12:34:25.824000,1.08575,1.08573,1250000,1000000
2019-10-24 12:34:26.188000,1.08575,1.08572,1250000,1570000
2019-10-24 12:34:26.306000,1.08576,1.08572,4820000,1760000
2019-10-24 12:34:26.508000,1.08574,1.08571,1760000,1750000
2019-10-24 12:34:26.618000,1.08573,1.0857,2440000,2950000
2019-10-24 12:34:26.721000,1.08573,1.08571,1500000,1250000
2019-10-24 12:34:26.990000,1.08572,1.08571,1000000,1250000
2019-10-24 12:34:27.091000,1.08573,1.08571,1870000,1250000
2019-10-24 12:34:34.871000,1.08574,1.08572,1100000,1250000
2019-10-24 12:34:34.972000,1.08576,1.08573,4820000,1000000
2019-10-24 12:34:35.075000,1.08576,1.08574,1000000,3000000
2019-10-24 12:34:35.176000,1.08577,1.08575,1010000,1000000
2019-10-24 12:34:35.327000,1.08578,1.08575,1390000,2250000
2019-10-24 12:34:35.796000,1.08578,1.08575,1200000,1750000
2019-10-24 12:34:35.897000,1.08578,1.08575,1010000,2060000
2019-10-24 12:34:37.586000,1.08578,1.08575,1950000,1370000
2019-10-24 12:34:37.687000,1.08578,1.08575,1250000,1310000
2019-10-24 12:34:38.973000,1.08578,1.08575,1000000,1370000
2019-10-24 12:34:39.805000,1.08578,1.08575,1000000,1120000
2019-10-24 12:34:39.906000,1.08578,1.08574,1000000,3000000
2019-10-24 12:34:40.165000,1.08579,1.08574,4010000,3750000
2019-10-24 12:34:41.854000,1.08579,1.08574,4070000,3120000
2019-10-24 12:34:42.630000,1.08579,1.08574,4070000,3120000
2019-10-24 12:34:47.558000,1.08576,1.08573,1250000,2410000
2019-10-24 12:34:47.660000,1.08574,1.08572,1250000,5700000
2019-10-24 12:34:48.164000,1.08573,1.08571,1000000,1250000
2019-10-24 12:34:49.144000,1.08573,1.0857,1870000,1200000
2019-10-24 12:34:49.820000,1.08572,1.0857,1690000,1250000
2019-10-24 12:34:49.941000,1.0857,1.08568,1250000,1570000
2019-10-24 12:34:50.043000,1.08569,1.08567,1250000,3260000
2019-10-24 12:34:50.146000,1.0857,1.08568,1310000,1120000
2019-10-24 12:34:50.349000,1.08571,1.08569,1250000,1200000
2019-10-24 12:34:50.962000,1.08572,1.08569,3370000,1200000
2019-10-24 12:34:52.993000,1.08572,1.08569,2440000,1390000
2019-10-24 12:34:56.741000,1.08572,1.08569,3250000,1950000
2019-10-24 12:34:56.892000,1.08572,1.08569,2440000,2140000
2019-10-24 12:34:57.444000,1.08572,1.08569,3250000,1950000
2019-10-24 12:34:58.479000,1.08571,1.08568,1310000,2890000
2019-10-24 12:34:58.580000,1.08569,1.08567,1250000,4410000
2019-10-24 12:34:58.783000,1.0857,1.08567,2640000,1250000
2019-10-24 12:34:58.935000,1.08569,1.08566,1120000,2890000
2019-10-24 12:34:59.037000,1.08569,1.08566,2060000,1100000
2019-10-24 12:34:59.138000,1.08567,1.08564,1310000,2100000
2019-10-24 12:34:59.240000,1.08567,1.08564,1310000,2170000
2019-10-24 12:34:59.863000,1.08566,1.08563,1250000,1720000
2019-10-24 12:35:00.141000,1.08567,1.08563,4310000,1600000
2019-10-24 12:35:00.242000,1.08566,1.08563,1000000,1700000
2019-10-24 12:35:00.383000,1.08567,1.08563,3940000,1720000
2019-10-24 12:35:00.485000,1.08566,1.08563,1250000,1640000
2019-10-24 12:35:00.648000,1.08566,1.08563,1250000,2140000
2019-10-24 12:35:01.574000,1.08566,1.08563,1310000,2160000
2019-10-24 12:35:01.728000,1.08566,1.08563,1310000,2140000
2019-10-24 12:35:01.830000,1.08564,1.08562,1690000,1850000
2019-10-24 12:35:01.931000,1.08564,1.08561,1690000,4470000
2019-10-24 12:35:02.366000,1.08563,1.08561,1000000,2140000
2019-10-24 12:35:03.488000,1.08563,1.08561,1000000,1350000
2019-10-24 12:35:03.739000,1.08563,1.08561,1000000,1250000
2019-10-24 12:35:04.655000,1.08564,1.08562,1500000,3790000
2019-10-24 12:35:04.793000,1.08564,1.08562,1000000,3040000
2019-10-24 12:35:05.046000,1.08564,1.08562,1000000,1390000
2019-10-24 12:35:05.249000,1.08564,1.08562,1690000,1890000
2019-10-24 12:35:05.350000,1.08564,1.08562,1690000,1390000
2019-10-24 12:35:05.612000,1.08565,1.08562,2250000,1820000
2019-10-24 12:35:05.714000,1.08563,1.08562,1000000,1390000
2019-10-24 12:35:06.260000,1.08564,1.08563,1000000,1310000
2019-10-24 12:35:06.365000,1.08564,1.08563,1000000,1690000
2019-10-24 12:35:09.041000,1.08565,1.08563,1000000,2950000
2019-10-24 12:35:09.315000,1.08565,1.08563,1000000,2890000
2019-10-24 12:35:09.605000,1.08567,1.08565,1000000,2060000
2019-10-24 12:35:09.707000,1.08568,1.08566,1250000,1000000
2019-10-24 12:35:09.808000,1.08567,1.08565,1250000,1790000
2019-10-24 12:35:09.909000,1.08567,1.08565,1250000,1390000
2019-10-24 12:35:11.590000,1.08567,1.08565,1310000,1500000
2019-10-24 12:35:12.101000,1.08567,1.08565,1310000,1250000
2019-10-24 12:35:16.031000,1.08568,1.08566,1000000,1250000
2019-10-24 12:35:16.152000,1.08568,1.08567,1000000,1100000
2019-10-24 12:35:16.455000,1.08567,1.08565,1000000,1100000
2019-10-24 12:35:16.557000,1.08568,1.08565,1500000,1500000
2019-10-24 12:35:16.658000,1.08567,1.08565,1000000,2200000
2019-10-24 12:35:16.990000,1.08568,1.08565,1000000,2200000
2019-10-24 12:35:17.618000,1.08568,1.08565,1120000,2950000
2019-10-24 12:35:18.329000,1.08569,1.08566,1120000,1820000
2019-10-24 12:35:18.785000,1.08568,1.08565,1000000,4600000
2019-10-24 12:35:18.886000,1.08568,1.08565,1000000,3470000
2019-10-24 12:35:18.987000,1.08568,1.08566,1000000,1470000
2019-10-24 12:35:19.764000,1.08568,1.08565,1000000,2600000
2019-10-24 12:35:19.916000,1.08568,1.08566,1000000,2200000
2019-10-24 12:35:20.325000,1.08567,1.08565,1000000,1100000
2019-10-24 12:35:20.426000,1.08567,1.08565,1000000,2140000
2019-10-24 12:35:20.528000,1.08568,1.08565,1000000,3850000
2019-10-24 12:35:21.049000,1.08569,1.08566,2810000,2950000
2019-10-24 12:35:21.201000,1.08568,1.08566,1000000,2200000
2019-10-24 12:35:21.350000,1.08568,1.08566,1000000,2140000
2019-10-24 12:35:21.451000,1.08568,1.08566,1000000,2200000
2019-10-24 12:35:21.779000,1.08568,1.08566,1250000,1000000
2019-10-24 12:35:21.881000,1.08568,1.08566,1000000,1820000
2019-10-24 12:35:21.983000,1.08569,1.08567,1000000,2390000
2019-10-24 12:35:22.085000,1.08569,1.08566,1500000,1700000
2019-10-24 12:35:22.186000,1.08569,1.08566,1250000,1100000
2019-10-24 12:35:22.389000,1.08569,1.08566,1000000,1700000
2019-10-24 12:35:22.491000,1.08569,1.08567,1000000,1570000
2019-10-24 12:35:23.194000,1.08568,1.08565,1690000,2100000
2019-10-24 12:35:23.295000,1.08568,1.08565,1690000,1100000
2019-10-24 12:35:23.396000,1.08567,1.08564,1250000,1640000
2019-10-24 12:35:23.518000,1.08566,1.08564,1000000,1200000
2019-10-24 12:35:25.106000,1.08566,1.08563,1250000,1250000
2019-10-24 12:35:25.627000,1.08566,1.08564,1250000,1000000
2019-10-24 12:35:25.728000,1.08567,1.08564,2510000,1690000
2019-10-24 12:35:25.879000,1.08567,1.08565,1000000,1250000
2019-10-24 12:35:25.980000,1.08567,1.08565,1000000,1250000
2019-10-24 12:35:26.354000,1.08568,1.08565,1100000,1750000
2019-10-24 12:35:26.456000,1.08568,1.08565,1390000,1250000
2019-10-24 12:35:26.557000,1.08568,1.08564,1450000,2510000
2019-10-24 12:35:27.045000,1.08568,1.08564,1390000,2570000
2019-10-24 12:35:27.147000,1.08567,1.08564,1250000,1690000
2019-10-24 12:35:27.350000,1.08567,1.08564,2160000,1120000
2019-10-24 12:35:27.507000,1.08567,1.08564,1760000,1120000
2019-10-24 12:35:29.773000,1.08567,1.08564,1200000,1750000
2019-10-24 12:35:30.524000,1.08567,1.08564,1390000,1690000
2019-10-24 12:35:31.104000,1.08567,1.08564,2200000,1500000
2019-10-24 12:35:31.205000,1.08567,1.08564,2140000,1690000
2019-10-24 12:35:31.306000,1.08567,1.08564,1100000,2500000
2019-10-24 12:35:32.074000,1.08567,1.08564,1690000,1760000
2019-10-24 12:35:32.378000,1.08566,1.08564,1010000,1000000
2019-10-24 12:35:32.479000,1.08566,1.08563,2200000,1500000
2019-10-24 12:35:32.620000,1.08564,1.08563,1250000,1000000
2019-10-24 12:35:32.722000,1.08565,1.08563,1000000,1250000
2019-10-24 12:35:32.823000,1.08566,1.08563,2890000,1310000
2019-10-24 12:35:33.227000,1.08566,1.08563,3320000,1120000
2019-10-24 12:35:33.640000,1.08565,1.08563,1250000,1000000
2019-10-24 12:35:33.843000,1.08566,1.08563,3700000,1000000
2019-10-24 12:35:34.829000,1.08566,1.08563,1760000,2440000
2019-10-24 12:35:34.930000,1.08566,1.08564,1250000,1500000
2019-10-24 12:35:37.746000,1.08566,1.08563,1250000,3640000
2019-10-24 12:35:37.890000,1.08566,1.08564,1250000,1000000
2019-10-24 12:35:38.042000,1.08566,1.08563,1250000,3640000
2019-10-24 12:35:38.795000,1.08566,1.08564,1250000,1000000
2019-10-24 12:35:39.934000,1.08566,1.08564,1750000,1000000
2019-10-24 12:35:40.136000,1.08566,1.08564,1250000,1000000
2019-10-24 12:35:42.511000,1.08566,1.08563,1250000,2890000
2019-10-24 12:35:42.985000,1.08566,1.08564,1250000,1000000
2019-10-24 12:35:44.706000,1.08567,1.08565,1350000,1500000
2019-10-24 12:35:44.808000,1.0857,1.08567,2290000,1690000
2019-10-24 12:35:44.858000,1.08571,1.08567,2140000,2510000
2019-10-24 12:35:44.960000,1.08571,1.08567,1690000,3790000
2019-10-24 12:35:45.061000,1.08571,1.08567,1690000,5290000
2019-10-24 12:35:45.162000,1.08571,1.08567,1690000,5290000
2019-10-24 12:35:45.263000,1.08571,1.08567,1690000,5290000
2019-10-24 12:35:45.414000,1.08571,1.08568,2440000,1390000
2019-10-24 12:35:45.515000,1.08571,1.08568,2440000,2160000
2019-10-24 12:35:45.843000,1.0857,1.08568,1250000,2100000
2019-10-24 12:35:45.994000,1.08571,1.08568,2440000,2290000
2019-10-24 12:35:46.146000,1.08569,1.08567,1690000,1250000
2019-10-24 12:35:46.257000,1.08568,1.08566,1690000,1570000
2019-10-24 12:35:46.360000,1.08567,1.08565,1690000,2360000
2019-10-24 12:35:46.462000,1.08566,1.08564,1690000,1010000
2019-10-24 12:35:46.825000,1.08566,1.08563,1690000,2890000
2019-10-24 12:35:47.429000,1.08566,1.08563,1250000,2910000
2019-10-24 12:35:47.530000,1.08566,1.08563,1250000,2890000
2019-10-24 12:35:48.898000,1.08566,1.08563,1250000,2910000
2019-10-24 12:35:49.033000,1.08566,1.08563,1250000,2890000
2019-10-24 12:35:49.135000,1.08566,1.08564,1000000,1200000
2019-10-24 12:35:49.488000,1.08566,1.08563,1500000,3450000
2019-10-24 12:35:49.590000,1.08565,1.08563,1250000,1390000
2019-10-24 12:35:53.942000,1.08565,1.08562,1750000,2970000
2019-10-24 12:35:54.043000,1.08565,1.08562,1250000,3160000
2019-10-24 12:35:55.834000,1.08567,1.08564,3320000,1000000
2019-10-24 12:35:56.382000,1.08567,1.08564,1500000,1950000
2019-10-24 12:35:56.483000,1.08567,1.08565,1000000,1500000
2019-10-24 12:35:57.097000,1.08567,1.08564,1750000,1450000
2019-10-24 12:35:58.376000,1.08567,1.08564,1250000,1100000
2019-10-24 12:35:58.884000,1.08567,1.08564,1750000,1450000
2019-10-24 12:35:59.543000,1.08567,1.08564,1750000,1390000
2019-10-24 12:35:59.645000,1.08569,1.08566,3260000,2500000
2019-10-24 12:35:59.952000,1.08568,1.08565,1690000,2950000
2019-10-24 12:36:00.055000,1.08567,1.08565,1250000,1220000
2019-10-24 12:36:00.156000,1.08567,1.08565,1250000,1000000
2019-10-24 12:36:00.666000,1.08568,1.08565,1310000,1760000
2019-10-24 12:36:00.817000,1.08568,1.08565,2500000,1200000
2019-10-24 12:36:01.257000,1.08567,1.08565,1250000,1000000
2019-10-24 12:36:01.470000,1.08567,1.08564,1250000,2700000
2019-10-24 12:36:03.124000,1.08566,1.08563,1750000,1750000
2019-10-24 12:36:03.276000,1.08566,1.08563,1250000,1940000
2019-10-24 12:36:03.599000,1.08566,1.08563,2500000,1870000
2019-10-24 12:36:04.510000,1.08565,1.08562,1250000,3640000
2019-10-24 12:36:04.712000,1.08564,1.08562,1250000,1950000
2019-10-24 12:36:04.813000,1.08564,1.08561,2440000,3000000
2019-10-24 12:36:05.118000,1.08565,1.08563,1250000,1200000
2019-10-24 12:36:05.394000,1.08566,1.08563,1690000,2890000
2019-10-24 12:36:05.578000,1.08566,1.08563,1690000,4540000
2019-10-24 12:36:05.894000,1.08567,1.08564,2440000,2890000
2019-10-24 12:36:06.328000,1.08566,1.08564,1250000,2700000
2019-10-24 12:36:06.429000,1.08567,1.08564,1000000,2700000
2019-10-24 12:36:06.685000,1.08566,1.08564,1250000,1950000
2019-10-24 12:36:07.397000,1.08566,1.08564,1250000,1570000
2019-10-24 12:36:07.537000,1.08566,1.08564,1690000,1200000
2019-10-24 12:36:08.587000,1.08566,1.08564,1250000,1100000
2019-10-24 12:36:08.689000,1.08566,1.08564,1690000,1100000
2019-10-24 12:36:09.928000,1.08565,1.08564,1250000,1000000
2019-10-24 12:36:10.079000,1.08566,1.08564,1690000,1000000
2019-10-24 12:36:10.535000,1.08565,1.08563,1750000,1200000
2019-10-24 12:36:10.637000,1.08564,1.08562,2440000,1390000
2019-10-24 12:36:10.835000,1.08563,1.08562,1000000,1250000
2019-10-24 12:36:11.291000,1.08564,1.08561,2440000,4070000
2019-10-24 12:36:11.393000,1.08562,1.0856,1000000,1750000
2019-10-24 12:36:11.506000,1.08562,1.0856,1690000,2140000
2019-10-24 12:36:11.608000,1.08563,1.0856,2440000,2200000
2019-10-24 12:36:14.436000,1.08564,1.08562,1250000,1500000
2019-10-24 12:36:14.639000,1.08565,1.08564,1000000,1000000
2019-10-24 12:36:14.690000,1.08566,1.08564,1690000,1000000
2019-10-24 12:36:15.312000,1.08565,1.08564,1250000,1000000
2019-10-24 12:36:15.414000,1.08564,1.08561,2440000,6470000
2019-10-24 12:36:17.135000,1.08564,1.08562,1000000,1450000
2019-10-24 12:36:17.287000,1.08563,1.08562,1690000,1000000
2019-10-24 12:36:17.692000,1.08563,1.08561,1690000,1690000
2019-10-24 12:36:17.793000,1.08563,1.08561,1000000,1750000
2019-10-24 12:36:17.973000,1.08563,1.08561,1250000,3450000
2019-10-24 12:36:19.566000,1.08564,1.08562,1500000,1690000
2019-10-24 12:36:20.173000,1.08563,1.08562,1000000,1690000
2019-10-24 12:36:20.275000,1.08563,1.08561,1250000,1500000
2019-10-24 12:36:20.414000,1.08563,1.08561,1690000,1760000
2019-10-24 12:36:20.515000,1.08563,1.08562,1250000,1000000
2019-10-24 12:36:20.617000,1.08564,1.08562,1500000,1250000
2019-10-24 12:36:20.718000,1.08563,1.08562,1250000,1000000
2019-10-24 12:36:20.819000,1.08564,1.08562,2440000,1000000
2019-10-24 12:36:20.920000,1.08563,1.08562,1000000,1000000
2019-10-24 12:36:21.102000,1.08564,1.08562,1690000,1000000
2019-10-24 12:36:21.898000,1.08563,1.08562,1250000,1500000
2019-10-24 12:36:22.021000,1.08563,1.08561,1250000,1250000
2019-10-24 12:36:22.224000,1.08561,1.0856,1690000,1570000
2019-10-24 12:36:22.376000,1.0856,1.08559,1250000,1000000
2019-10-24 12:36:22.477000,1.08561,1.0856,1000000,1250000
2019-10-24 12:36:23.260000,1.08562,1.08559,2440000,1250000
2019-10-24 12:36:23.362000,1.08561,1.08559,1000000,1250000
2019-10-24 12:36:24.494000,1.08561,1.08558,1690000,2970000
2019-10-24 12:36:24.904000,1.08559,1.08557,2440000,2450000
2019-10-24 12:36:25.057000,1.08559,1.08557,2440000,1970000
2019-10-24 12:36:25.688000,1.0856,1.08557,2440000,1690000
2019-10-24 12:36:26.474000,1.08559,1.08557,1250000,1500000
2019-10-24 12:36:26.576000,1.0856,1.08557,2440000,1690000
2019-10-24 12:36:26.980000,1.08559,1.08557,1250000,1500000
2019-10-24 12:36:27.132000,1.0856,1.08557,2440000,1690000
2019-10-24 12:36:27.893000,1.08559,1.08557,1250000,1500000
2019-10-24 12:36:28.070000,1.0856,1.08557,1500000,1500000
2019-10-24 12:36:28.373000,1.08558,1.08557,1250000,1500000
2019-10-24 12:36:28.475000,1.0856,1.08557,1750000,1000000
2019-10-24 12:36:31.177000,1.08558,1.08557,1000000,1500000
2019-10-24 12:36:31.282000,1.08558,1.08556,2440000,1250000
2019-10-24 12:36:31.384000,1.08557,1.08555,1250000,1870000
2019-10-24 12:36:32.614000,1.08558,1.08556,1000000,1690000
2019-10-24 12:36:32.721000,1.08559,1.08557,1250000,1000000
2019-10-24 12:36:33.853000,1.0856,1.08556,2500000,4390000
2019-10-24 12:36:34.787000,1.0856,1.08557,2500000,1000000
2019-10-24 12:36:35.609000,1.0856,1.08557,1500000,2120000
2019-10-24 12:36:37.617000,1.08559,1.08558,1000000,1250000
2019-10-24 12:36:37.718000,1.08559,1.08557,1250000,1690000
2019-10-24 12:36:37.870000,1.08558,1.08557,1050000,1250000
2019-10-24 12:36:38.123000,1.08559,1.08557,1250000,1690000
2019-10-24 12:36:38.224000,1.0856,1.08558,1000000,1250000
2019-10-24 12:36:38.733000,1.0856,1.08557,1000000,3320000
2019-10-24 12:36:38.960000,1.0856,1.08557,1250000,1690000
2019-10-24 12:36:40.085000,1.08559,1.08557,1000000,1690000
2019-10-24 12:36:44.677000,1.08558,1.08555,1000000,4450000
2019-10-24 12:36:44.779000,1.08558,1.08556,1000000,1370000
2019-10-24 12:36:46.050000,1.08558,1.08556,1000000,1310000
2019-10-24 12:36:46.152000,1.08557,1.08555,1000000,1370000
2019-10-24 12:36:46.318000,1.08556,1.08554,1250000,2890000
2019-10-24 12:36:46.420000,1.08555,1.08554,1000000,2510000
2019-10-24 12:36:46.521000,1.08556,1.08553,1250000,4030000
2019-10-24 12:36:46.622000,1.08555,1.08553,1000000,5200000
2019-10-24 12:36:47.161000,1.08556,1.08553,1250000,3700000
2019-10-24 12:36:47.263000,1.08555,1.08554,1000000,1250000
2019-10-24 12:36:48.637000,1.08555,1.08552,1690000,2940000
2019-10-24 12:36:53.135000,1.08554,1.08552,1000000,3260000
2019-10-24 12:36:53.288000,1.08555,1.08552,2440000,3260000
2019-10-24 12:36:53.541000,1.08555,1.08553,2440000,1500000
2019-10-24 12:36:54.566000,1.08554,1.08553,1000000,1500000
2019-10-24 12:36:55.846000,1.08555,1.08553,1690000,1500000
2019-10-24 12:37:02.724000,1.08555,1.08552,1690000,3190000
2019-10-24 12:37:05.837000,1.08556,1.08553,1120000,4750000
2019-10-24 12:37:05.938000,1.08555,1.08552,1250000,4390000
2019-10-24 12:37:18.143000,1.08555,1.08552,1000000,2570000
2019-10-24 12:37:18.521000,1.08555,1.08552,1000000,2250000
2019-10-24 12:37:19.656000,1.08555,1.08553,1000000,1250000
2019-10-24 12:37:19.758000,1.08555,1.08552,1250000,3260000
2019-10-24 12:37:24.743000,1.08555,1.08553,1000000,1250000
2019-10-24 12:37:24.794000,1.08557,1.08554,1500000,1750000
2019-10-24 12:37:24.898000,1.08558,1.08556,1500000,1250000
2019-10-24 12:37:25.050000,1.08558,1.08555,1690000,1250000
2019-10-24 12:37:25.100000,1.08558,1.08556,1000000,1250000
2019-10-24 12:37:25.308000,1.08559,1.08556,3260000,2120000
2019-10-24 12:37:26.575000,1.08559,1.08556,1690000,2510000
2019-10-24 12:37:26.716000,1.08559,1.08557,1250000,1000000
2019-10-24 12:37:26.818000,1.0856,1.08557,1690000,1250000
2019-10-24 12:37:29.977000,1.08559,1.08557,1000000,2440000
2019-10-24 12:37:31.167000,1.08558,1.08556,1250000,1250000
2019-10-24 12:37:32.063000,1.08559,1.08557,1500000,1690000
2019-10-24 12:37:32.164000,1.08559,1.08556,1690000,3260000
2019-10-24 12:37:32.564000,1.08559,1.08556,1000000,4070000
2019-10-24 12:37:32.665000,1.0856,1.08556,1690000,4070000
2019-10-24 12:37:32.766000,1.0856,1.08556,2500000,4010000
2019-10-24 12:37:32.874000,1.0856,1.08556,1500000,4010000
2019-10-24 12:37:32.992000,1.0856,1.08556,1690000,4520000
2019-10-24 12:37:33.194000,1.0856,1.08556,1690000,3820000
2019-10-24 12:37:33.356000,1.0856,1.08556,2440000,4070000
2019-10-24 12:37:33.460000,1.08559,1.08556,1250000,4750000
2019-10-24 12:37:33.914000,1.0856,1.08556,3190000,4820000
2019-10-24 12:37:34.031000,1.0856,1.08556,4000000,3940000
2019-10-24 12:37:34.132000,1.0856,1.08556,3000000,4460000
2019-10-24 12:37:34.234000,1.0856,1.08557,1500000,1000000
2019-10-24 12:37:34.705000,1.0856,1.08557,1750000,1000000
2019-10-24 12:37:38.173000,1.08561,1.08557,6770000,2440000
2019-10-24 12:37:39.649000,1.0856,1.08557,1250000,1000000
2019-10-24 12:37:44.034000,1.0856,1.08557,1100000,1120000
2019-10-24 12:37:44.464000,1.0856,1.08557,1750000,1120000
2019-10-24 12:37:49.169000,1.0856,1.08557,2510000,1310000
2019-10-24 12:37:49.321000,1.0856,1.08557,3700000,1120000
2019-10-24 12:37:49.422000,1.0856,1.08557,2510000,1310000
2019-10-24 12:37:49.524000,1.0856,1.08557,2570000,1120000
2019-10-24 12:37:49.675000,1.0856,1.08557,1760000,1310000
2019-10-24 12:37:50.214000,1.0856,1.08557,1820000,1120000
2019-10-24 12:37:50.417000,1.0856,1.08557,1760000,1310000
2019-10-24 12:37:50.750000,1.0856,1.08557,2500000,1120000
2019-10-24 12:37:54.553000,1.08559,1.08556,1250000,3190000
2019-10-24 12:37:54.923000,1.08559,1.08556,1250000,2940000
2019-10-24 12:37:55.785000,1.08559,1.08557,1250000,1500000
2019-10-24 12:37:57.178000,1.08559,1.08557,1250000,1500000
2019-10-24 12:37:58.021000,1.08559,1.08556,1250000,4390000
2019-10-24 12:38:00.104000,1.08558,1.08556,1250000,1690000
2019-10-24 12:38:00.206000,1.08556,1.08555,1000000,1720000
2019-10-24 12:38:00.308000,1.08557,1.08555,3190000,1050000
2019-10-24 12:38:00.511000,1.08557,1.08555,4000000,1050000
2019-10-24 12:38:00.612000,1.08556,1.08552,1250000,2810000
2019-10-24 12:38:00.726000,1.08556,1.08553,1250000,1500000
2019-10-24 12:38:01.275000,1.08556,1.08552,1250000,2370000
2019-10-24 12:38:03.040000,1.08556,1.08552,1750000,1260000
2019-10-24 12:38:05.298000,1.08554,1.08551,1250000,2500000
2019-10-24 12:38:08.080000,1.08553,1.08551,1250000,1250000
2019-10-24 12:38:08.182000,1.08554,1.08551,1690000,1750000
2019-10-24 12:38:19.689000,1.08554,1.08551,1000000,3450000
2019-10-24 12:38:19.891000,1.08554,1.08552,1000000,1000000
2019-10-24 12:38:23.250000,1.08553,1.08552,1000000,1250000
2019-10-24 12:38:23.604000,1.08554,1.08553,1500000,1250000
2019-10-24 12:38:25.640000,1.08554,1.08552,2440000,1120000
2019-10-24 12:38:27.105000,1.08553,1.08552,1000000,1120000
2019-10-24 12:38:28.693000,1.08554,1.08552,2440000,1120000
2019-10-24 12:38:29.314000,1.08554,1.08553,1000000,1250000
2019-10-24 12:38:29.466000,1.08554,1.08552,1250000,2440000
2019-10-24 12:38:29.567000,1.08555,1.08552,1570000,2440000
2019-10-24 12:38:29.719000,1.08555,1.08552,2250000,3250000
2019-10-24 12:38:38.344000,1.08556,1.08553,4760000,1250000
2019-10-24 12:38:40.412000,1.08555,1.08552,1000000,1850000
2019-10-24 12:38:41.497000,1.08555,1.08552,1820000,2060000
2019-10-24 12:38:45.645000,1.08554,1.08551,2500000,3940000
2019-10-24 12:38:45.746000,1.08554,1.08552,1690000,1250000
2019-10-24 12:38:48.925000,1.08555,1.08552,2950000,2190000
2019-10-24 12:38:49.026000,1.08555,1.08552,1250000,1690000
2019-10-24 12:38:49.503000,1.08555,1.08552,1000000,3250000
2019-10-24 12:38:50.208000,1.08555,1.08552,1250000,2440000
2019-10-24 12:38:50.461000,1.08555,1.08552,1000000,3250000
2019-10-24 12:38:50.606000,1.08555,1.08552,1250000,2440000
2019-10-24 12:38:50.707000,1.08555,1.08552,1000000,3250000
2019-10-24 12:38:50.814000,1.08555,1.08552,1250000,2440000
2019-10-24 12:38:50.915000,1.08555,1.08552,1000000,3250000
2019-10-24 12:38:51.227000,1.08555,1.08552,1250000,2440000
2019-10-24 12:38:51.567000,1.08555,1.08552,2570000,1690000
2019-10-24 12:38:52.988000,1.08554,1.08552,2500000,1000000
2019-10-24 12:38:53.090000,1.08554,1.08551,3320000,3190000
2019-10-24 12:38:53.242000,1.08554,1.08552,1690000,1250000
2019-10-24 12:38:56.939000,1.08554,1.08551,3320000,2440000
2019-10-24 12:38:57.091000,1.08552,1.08551,1500000,2440000
2019-10-24 12:38:57.193000,1.08551,1.08549,1500000,1250000
2019-10-24 12:38:57.398000,1.08552,1.0855,1500000,1000000
2019-10-24 12:38:57.510000,1.08552,1.0855,1500000,1250000
2019-10-24 12:38:57.717000,1.08552,1.0855,3000000,1250000
2019-10-24 12:38:58.071000,1.08552,1.0855,3190000,1120000
2019-10-24 12:38:58.172000,1.08553,1.08551,2810000,1690000
2019-10-24 12:38:58.274000,1.08553,1.08552,1250000,1500000
2019-10-24 12:38:59.169000,1.08554,1.08551,2500000,3940000
2019-10-24 12:38:59.632000,1.08552,1.0855,1000000,4950000
2019-10-24 12:38:59.734000,1.08552,1.08551,1500000,1250000
2019-10-24 12:38:59.836000,1.08553,1.08551,1120000,1250000
2019-10-24 12:39:00.227000,1.08554,1.08552,4310000,1250000
2019-10-24 12:39:01.474000,1.08553,1.08552,1000000,2440000
2019-10-24 12:39:01.576000,1.08552,1.08551,1000000,2440000
2019-10-24 12:39:01.677000,1.08553,1.08552,1500000,1250000
2019-10-24 12:39:07.603000,1.08552,1.08551,1000000,1120000
2019-10-24 12:39:07.654000,1.08552,1.0855,1690000,2620000
2019-10-24 12:39:07.755000,1.08552,1.08551,1000000,1250000
2019-10-24 12:39:08.029000,1.08552,1.0855,1690000,2620000
2019-10-24 12:39:08.220000,1.08552,1.0855,1500000,1370000
2019-10-24 12:39:08.322000,1.08553,1.08551,2250000,1250000
2019-10-24 12:39:10.022000,1.08553,1.0855,3000000,1870000
2019-10-24 12:39:10.175000,1.08552,1.08549,1250000,3760000
2019-10-24 12:39:10.277000,1.08551,1.08549,1000000,2690000
2019-10-24 12:39:10.599000,1.08552,1.0855,1000000,1370000
2019-10-24 12:39:10.700000,1.0855,1.08548,1500000,1950000
2019-10-24 12:39:10.802000,1.08548,1.08546,2120000,4760000
2019-10-24 12:39:10.852000,1.08544,1.08543,2060000,1000000
2019-10-24 12:39:10.904000,1.08544,1.08541,4810000,1500000
2019-10-24 12:39:11.005000,1.0854,1.08538,1250000,2720000
2019-10-24 12:39:11.143000,1.08539,1.08538,2440000,1500000
2019-10-24 12:39:11.194000,1.08538,1.08535,3250000,1870000
2019-10-24 12:39:11.349000,1.08538,1.08535,1690000,1910000
2019-10-24 12:39:11.400000,1.08538,1.08535,1870000,3100000
2019-10-24 12:39:11.501000,1.08538,1.08535,1120000,3250000
2019-10-24 12:39:11.654000,1.08537,1.08535,1250000,1000000
2019-10-24 12:39:11.799000,1.08536,1.08534,1000000,1250000
2019-10-24 12:39:12.102000,1.08537,1.08534,3000000,1250000
2019-10-24 12:39:13.741000,1.08538,1.08534,3260000,1370000
2019-10-24 12:39:13.843000,1.08537,1.08535,1000000,1250000
2019-10-24 12:39:13.893000,1.08537,1.08534,1250000,2440000
2019-10-24 12:39:14.096000,1.08537,1.08534,1000000,1750000
2019-10-24 12:39:15.544000,1.08537,1.08534,1250000,1250000
2019-10-24 12:39:17.882000,1.08535,1.08533,1000000,2500000
2019-10-24 12:39:19.604000,1.08535,1.08533,1000000,2440000
2019-10-24 12:39:19.756000,1.08534,1.08533,2440000,1500000
2019-10-24 12:39:20.077000,1.08534,1.08532,2440000,1250000
2019-10-24 12:39:20.607000,1.08535,1.08533,1500000,1250000
2019-10-24 12:39:20.708000,1.08535,1.08533,1000000,1250000
2019-10-24 12:39:20.809000,1.08536,1.08534,1000000,1250000
2019-10-24 12:39:22.309000,1.08535,1.08533,1000000,1750000
2019-10-24 12:39:22.966000,1.08536,1.08534,1000000,1250000
2019-10-24 12:39:23.426000,1.08537,1.08534,2250000,1250000
2019-10-24 12:39:27.395000,1.08537,1.08533,2890000,2570000
2019-10-24 12:39:27.496000,1.08536,1.08533,1690000,1390000
2019-10-24 12:39:27.597000,1.08536,1.08532,3770000,3260000
2019-10-24 12:39:27.749000,1.08534,1.08531,1250000,4070000
2019-10-24 12:39:28.091000,1.08533,1.08531,1500000,1750000
2019-10-24 12:39:29.247000,1.08533,1.0853,2440000,1820000
2019-10-24 12:39:31.977000,1.08534,1.08532,5510000,1250000
2019-10-24 12:39:32.103000,1.08535,1.08532,1220000,1250000
2019-10-24 12:39:32.205000,1.08536,1.08531,4820000,7220000
2019-10-24 12:39:34.269000,1.08536,1.08533,1970000,3250000
2019-10-24 12:39:34.320000,1.08537,1.08533,2510000,3320000
2019-10-24 12:39:34.371000,1.08537,1.08535,1100000,1250000
2019-10-24 12:39:34.473000,1.08538,1.08536,2510000,1250000
2019-10-24 12:39:34.575000,1.08537,1.08536,1000000,1250000
2019-10-24 12:39:35.181000,1.08537,1.08535,1000000,2060000
2019-10-24 12:39:35.334000,1.08537,1.08536,2320000,1250000
2019-10-24 12:39:36.503000,1.08538,1.08536,1250000,1690000
2019-10-24 12:39:36.664000,1.08539,1.08537,3400000,1000000
2019-10-24 12:39:36.715000,1.08542,1.0854,1750000,2250000
2019-10-24 12:39:36.816000,1.08543,1.0854,2250000,4570000
2019-10-24 12:39:37.285000,1.08543,1.08542,1100000,1250000
2019-10-24 12:39:37.386000,1.08543,1.08541,1250000,2250000
2019-10-24 12:39:37.487000,1.08544,1.08542,2160000,1250000
2019-10-24 12:39:37.591000,1.08544,1.08542,2140000,1250000
2019-10-24 12:39:42.974000,1.08542,1.08541,1000000,1000000
2019-10-24 12:39:43.103000,1.08541,1.0854,1000000,1100000
2019-10-24 12:39:43.534000,1.08542,1.08539,2320000,1120000
2019-10-24 12:39:43.636000,1.08542,1.08539,2250000,1450000
2019-10-24 12:39:43.838000,1.08542,1.08539,2440000,1390000
2019-10-24 12:39:47.096000,1.08541,1.08539,1000000,1250000
2019-10-24 12:39:47.198000,1.08539,1.08537,2250000,2720000
2019-10-24 12:39:47.249000,1.08538,1.08536,1690000,2290000
2019-10-24 12:39:47.503000,1.08539,1.08536,3260000,2120000
2019-10-24 12:39:47.684000,1.08538,1.08536,1250000,1250000
2019-10-24 12:39:47.837000,1.08538,1.08534,1690000,2750000
2019-10-24 12:39:47.988000,1.08538,1.08535,2890000,1370000
2019-10-24 12:39:48.089000,1.08538,1.08534,2200000,3010000
2019-10-24 12:39:48.292000,1.08537,1.08534,2510000,1310000
2019-10-24 12:39:50.435000,1.08537,1.08533,2320000,1310000
2019-10-24 12:39:51.280000,1.08536,1.08532,1000000,4150000
2019-10-24 12:39:52.203000,1.08535,1.08532,1000000,2200000
2019-10-24 12:39:52.356000,1.08534,1.08533,1250000,1000000
2019-10-24 12:39:52.458000,1.08535,1.08532,2540000,2440000
2019-10-24 12:39:52.610000,1.08536,1.08533,4750000,1000000
2019-10-24 12:39:52.711000,1.08536,1.08533,2320000,1000000
2019-10-24 12:39:56.127000,1.08534,1.08532,3190000,1390000
2019-10-24 12:39:57.704000,1.08535,1.08532,3070000,1750000
2019-10-24 12:39:57.930000,1.08537,1.08534,3290000,1250000
2019-10-24 12:39:58.133000,1.08537,1.08534,3260000,1250000
2019-10-24 12:39:58.234000,1.08537,1.08534,2320000,1250000
2019-10-24 12:39:59.484000,1.08537,1.08535,1000000,1250000
2019-10-24 12:40:00.197000,1.08538,1.08537,1000000,1250000
2019-10-24 12:40:00.248000,1.0854,1.08538,2100000,1250000
2019-10-24 12:40:00.349000,1.08539,1.08538,1000000,1000000
2019-10-24 12:40:00.400000,1.08539,1.08536,3750000,3710000
2019-10-24 12:40:00.564000,1.08538,1.08536,1000000,1820000
2019-10-24 12:40:00.918000,1.08538,1.08535,3190000,3320000
2019-10-24 12:40:01.067000,1.08538,1.08536,1570000,1250000
2019-10-24 12:40:01.834000,1.0854,1.08539,1200000,1250000
2019-10-24 12:40:01.935000,1.08542,1.08541,1100000,1250000
2019-10-24 12:40:02.037000,1.08542,1.08541,1000000,1690000
2019-10-24 12:40:02.139000,1.08543,1.08541,1250000,1690000
2019-10-24 12:40:02.342000,1.08543,1.0854,1250000,2140000
2019-10-24 12:40:02.872000,1.08543,1.08542,1000000,1250000
2019-10-24 12:40:04.391000,1.08543,1.0854,1000000,3250000
2019-10-24 12:40:04.545000,1.08543,1.0854,1250000,2060000
2019-10-24 12:40:04.646000,1.08543,1.08542,1000000,1250000
2019-10-24 12:40:05.576000,1.08543,1.0854,1000000,4370000
2019-10-24 12:40:05.829000,1.08543,1.0854,1120000,1000000
2019-10-24 12:40:06.024000,1.08543,1.08541,1000000,1250000
2019-10-24 12:40:06.472000,1.08543,1.0854,1250000,1250000
2019-10-24 12:40:06.749000,1.08543,1.08542,1000000,1250000
2019-10-24 12:40:06.851000,1.08543,1.0854,1250000,1690000
2019-10-24 12:40:08.390000,1.08542,1.0854,1000000,1250000
2019-10-24 12:40:08.498000,1.0854,1.08539,1690000,1000000
2019-10-24 12:40:08.701000,1.0854,1.08538,1000000,2440000
2019-10-24 12:40:08.853000,1.0854,1.08538,1000000,2500000
2019-10-24 12:40:09.007000,1.08539,1.08537,1250000,1990000
2019-10-24 12:40:09.108000,1.08538,1.08536,1000000,1690000
2019-10-24 12:40:09.361000,1.08538,1.08537,1000000,1250000
2019-10-24 12:40:09.516000,1.08538,1.08536,1690000,1690000
2019-10-24 12:40:14.676000,1.08537,1.08536,1000000,1250000
2019-10-24 12:40:14.777000,1.08537,1.08535,1000000,1690000
2019-10-24 12:40:15.522000,1.08538,1.08535,3640000,1310000
2019-10-24 12:40:15.624000,1.08537,1.08536,1000000,1250000
2019-10-24 12:40:16.896000,1.08538,1.08536,1690000,1690000
2019-10-24 12:40:16.997000,1.08537,1.08536,1000000,1690000
2019-10-24 12:40:17.342000,1.08537,1.08535,2250000,1250000
2019-10-24 12:40:17.845000,1.08537,1.08536,1000000,1250000
2019-10-24 12:40:18.699000,1.08537,1.08535,1500000,1250000
2019-10-24 12:40:19.953000,1.08536,1.08534,1000000,2500000
2019-10-24 12:40:20.055000,1.08536,1.08534,1500000,1690000
2019-10-24 12:40:21.018000,1.08535,1.08533,1000000,3320000
2019-10-24 12:40:21.773000,1.08535,1.08532,1000000,2220000
2019-10-24 12:40:26.045000,1.08536,1.08532,3260000,3700000
2019-10-24 12:40:26.199000,1.08535,1.08532,1000000,3720000
2019-10-24 12:40:26.801000,1.08536,1.08532,2510000,2200000
2019-10-24 12:40:28.274000,1.08535,1.08532,1000000,2970000
2019-10-24 12:40:28.913000,1.08533,1.08531,1500000,2970000
2019-10-24 12:40:30.108000,1.08532,1.0853,2440000,1010000
2019-10-24 12:40:30.236000,1.08531,1.08529,1000000,1390000
2019-10-24 12:40:30.338000,1.08531,1.08529,1000000,2160000
2019-10-24 12:40:30.738000,1.08531,1.08529,1000000,1390000
2019-10-24 12:40:30.845000,1.08532,1.0853,2250000,1250000
2019-10-24 12:40:30.946000,1.08532,1.0853,1500000,1750000
2019-10-24 12:40:33.833000,1.08531,1.0853,1000000,1250000
2019-10-24 12:40:33.944000,1.08531,1.08529,1690000,1760000
2019-10-24 12:40:34.096000,1.0853,1.08528,1000000,1950000
2019-10-24 12:40:34.147000,1.08529,1.08527,2500000,1570000
2019-10-24 12:40:34.249000,1.08528,1.08527,2250000,1100000
2019-10-24 12:40:34.388000,1.08528,1.08525,1500000,6800000
2019-10-24 12:40:34.489000,1.08528,1.08527,1000000,1000000
2019-10-24 12:40:34.914000,1.08528,1.08526,1000000,2140000
2019-10-24 12:40:35.338000,1.08529,1.08526,1250000,2140000
2019-10-24 12:40:36.064000,1.08529,1.08527,1250000,1000000
2019-10-24 12:40:36.444000,1.08529,1.08527,1000000,1350000
2019-10-24 12:40:38.048000,1.08529,1.08527,1500000,1000000
2019-10-24 12:40:40.063000,1.08529,1.08527,1000000,1250000
2019-10-24 12:40:40.468000,1.08529,1.08527,1000000,1250000
2019-10-24 12:40:50.063000,1.0853,1.08527,1310000,2440000
2019-10-24 12:40:50.855000,1.08529,1.08527,1690000,1250000
2019-10-24 12:40:51.100000,1.08528,1.08527,1250000,1000000
2019-10-24 12:40:51.205000,1.0853,1.08527,4000000,1500000
2019-10-24 12:40:51.357000,1.0853,1.08527,3190000,1690000
2019-10-24 12:40:51.458000,1.08529,1.08527,1000000,1690000
2019-10-24 12:40:51.660000,1.08528,1.08527,1000000,1250000
2019-10-24 12:40:52.951000,1.08529,1.08527,1690000,1120000
2019-10-24 12:40:54.513000,1.0853,1.08527,2870000,2720000
2019-10-24 12:40:54.967000,1.0853,1.08527,2870000,1950000
2019-10-24 12:40:56.816000,1.0853,1.08527,2870000,2720000
2019-10-24 12:40:57.685000,1.08529,1.08527,1250000,1950000
2019-10-24 12:40:58.002000,1.08529,1.08527,1000000,2910000
2019-10-24 12:40:58.154000,1.08529,1.08527,1000000,2140000
2019-10-24 12:40:58.661000,1.0853,1.08527,1690000,2140000
2019-10-24 12:41:00.351000,1.0853,1.08527,2570000,1500000
2019-10-24 12:41:00.655000,1.0853,1.08527,1690000,1010000
2019-10-24 12:41:01.548000,1.08529,1.08527,1000000,1760000
2019-10-24 12:41:01.955000,1.08528,1.08527,1250000,1000000
2019-10-24 12:41:02.116000,1.08529,1.08527,1690000,1000000
2019-10-24 12:41:02.369000,1.08528,1.08526,2440000,1760000
2019-10-24 12:41:02.471000,1.08527,1.08524,1750000,1100000
2019-10-24 12:41:03.067000,1.08526,1.08523,3250000,1970000
2019-10-24 12:41:03.588000,1.08526,1.08523,2700000,1550000
2019-10-24 12:41:05.940000,1.08526,1.08523,1250000,1030000
2019-10-24 12:41:06.062000,1.08526,1.08524,1200000,1750000
2019-10-24 12:41:06.163000,1.08526,1.08523,2120000,1120000
2019-10-24 12:41:07.064000,1.08526,1.08524,1000000,2140000
2019-10-24 12:41:07.165000,1.08526,1.08524,1000000,1000000
2019-10-24 12:41:07.267000,1.08527,1.08525,1950000,1750000
2019-10-24 12:41:07.369000,1.08528,1.08526,1690000,1690000
2019-10-24 12:41:07.933000,1.08528,1.08525,1500000,2440000
2019-10-24 12:41:08.643000,1.08528,1.08525,2510000,2500000
2019-10-24 12:41:10.195000,1.08527,1.08525,1250000,1250000
2019-10-24 12:41:10.297000,1.08526,1.08524,1370000,1100000
2019-10-24 12:41:10.500000,1.08525,1.08522,1250000,4390000
2019-10-24 12:41:16.365000,1.08525,1.08522,2870000,1000000
2019-10-24 12:41:17.134000,1.08524,1.08522,1250000,1100000
2019-10-24 12:41:17.246000,1.08524,1.08522,1250000,1100000
2019-10-24 12:41:17.348000,1.08524,1.08522,1250000,1100000
2019-10-24 12:41:17.652000,1.08524,1.08522,1250000,1000000
2019-10-24 12:41:18.334000,1.08525,1.08522,2060000,1250000
2019-10-24 12:41:18.656000,1.08525,1.08522,2870000,1000000
2019-10-24 12:41:19.300000,1.08524,1.08521,1250000,2440000
2019-10-24 12:41:19.401000,1.08523,1.0852,2440000,4450000
2019-10-24 12:41:22.325000,1.08523,1.08521,1500000,1370000
2019-10-24 12:41:22.701000,1.08522,1.0852,1500000,1350000
2019-10-24 12:41:23.005000,1.08523,1.08521,1870000,1250000
2019-10-24 12:41:23.230000,1.08522,1.08521,1000000,1250000
2019-10-24 12:41:23.331000,1.08523,1.08521,2620000,1250000
2019-10-24 12:41:23.833000,1.08523,1.0852,3190000,2570000
2019-10-24 12:41:24.131000,1.08523,1.08521,2250000,1250000
2019-10-24 12:41:24.183000,1.08521,1.08519,1500000,2570000
2019-10-24 12:41:25.069000,1.08521,1.08519,1000000,2510000
2019-10-24 12:41:25.221000,1.08521,1.0852,1000000,1000000
2019-10-24 12:41:25.489000,1.08521,1.08519,1000000,11890000
2019-10-24 12:41:25.591000,1.0852,1.08518,3750000,1970000
2019-10-24 12:41:25.693000,1.08519,1.08516,1690000,1250000
2019-10-24 12:41:27.394000,1.08518,1.08514,2060000,6700000
2019-10-24 12:41:27.496000,1.08517,1.08515,1000000,1250000
2019-10-24 12:41:28.763000,1.08518,1.08514,2440000,4820000
2019-10-24 12:41:29.175000,1.08517,1.08514,1000000,4070000
2019-10-24 12:41:36.725000,1.08518,1.08515,3000000,1250000
2019-10-24 12:41:37.487000,1.08518,1.08515,2250000,4070000
2019-10-24 12:41:41.035000,1.08519,1.08518,1000000,1250000
2019-10-24 12:41:41.086000,1.0852,1.08518,1690000,1250000
2019-10-24 12:41:41.137000,1.08522,1.08519,2700000,3250000
2019-10-24 12:41:41.347000,1.08522,1.08519,1690000,1690000
2019-10-24 12:41:42.638000,1.08521,1.08519,1000000,1250000
2019-10-24 12:41:42.740000,1.08521,1.08519,1000000,1250000
2019-10-24 12:41:43.992000,1.08519,1.08517,1750000,4200000
2019-10-24 12:41:44.093000,1.08518,1.08516,1250000,2440000
2019-10-24 12:41:45.300000,1.08519,1.08516,2440000,4000000
2019-10-24 12:41:46.887000,1.08521,1.08518,1390000,1250000
2019-10-24 12:41:47.022000,1.08522,1.08519,2140000,1690000
2019-10-24 12:41:47.708000,1.08523,1.08521,2140000,1310000
2019-10-24 12:41:47.882000,1.08524,1.08521,3190000,1250000
2019-10-24 12:41:47.984000,1.08524,1.08522,2440000,1250000
2019-10-24 12:41:49.738000,1.08524,1.08521,3250000,3190000
2019-10-24 12:41:50.145000,1.08523,1.0852,1760000,1250000
2019-10-24 12:41:50.763000,1.08519,1.08518,1000000,2890000
2019-10-24 12:41:50.972000,1.08518,1.08517,1000000,1250000
2019-10-24 12:41:52.872000,1.08518,1.08517,1000000,1000000
2019-10-24 12:41:55.359000,1.08519,1.08517,1690000,2440000
2019-10-24 12:41:55.511000,1.08519,1.08518,1250000,1000000
2019-10-24 12:41:57.484000,1.08519,1.08516,2440000,3250000
2019-10-24 12:42:00.754000,1.08518,1.08516,1000000,1250000
2019-10-24 12:42:00.855000,1.08519,1.08516,3190000,1250000
2019-10-24 12:42:01.007000,1.08518,1.08516,1000000,1250000
2019-10-24 12:42:02.153000,1.08519,1.08516,5810000,1750000
2019-10-24 12:42:03.470000,1.08518,1.08516,1000000,1250000
2019-10-24 12:42:03.571000,1.08518,1.08515,1250000,2500000
2019-10-24 12:42:03.673000,1.08519,1.08516,6640000,1250000
2019-10-24 12:42:03.980000,1.08518,1.08515,1250000,3250000
2019-10-24 12:42:06.971000,1.08518,1.08516,1000000,2500000
2019-10-24 12:42:07.455000,1.08519,1.08517,2440000,1250000
2019-10-24 12:42:08.447000,1.08518,1.08516,1690000,1000000
2019-10-24 12:42:08.498000,1.08515,1.08514,1500000,1870000
2019-10-24 12:42:08.600000,1.08516,1.08514,1570000,2500000
2019-10-24 12:42:09.827000,1.08514,1.08513,1250000,1500000
2019-10-24 12:42:09.929000,1.08514,1.08512,1690000,2440000
2019-10-24 12:42:10.183000,1.08513,1.08511,1000000,2290000
2019-10-24 12:42:10.285000,1.08513,1.0851,1690000,2440000
2019-10-24 12:42:11.340000,1.08513,1.0851,2440000,2500000
2019-10-24 12:42:15.694000,1.08514,1.08512,1690000,1690000
2019-10-24 12:42:16.149000,1.08515,1.08512,1690000,2060000
2019-10-24 12:42:17.489000,1.08514,1.08512,1250000,2440000
2019-10-24 12:42:17.911000,1.08515,1.08512,1250000,2440000
2019-10-24 12:42:18.041000,1.08516,1.08513,4070000,1500000
2019-10-24 12:42:18.462000,1.08517,1.08515,2570000,1500000
2019-10-24 12:42:18.564000,1.08518,1.08516,1000000,1250000
2019-10-24 12:42:18.665000,1.08519,1.08516,1000000,1690000
2019-10-24 12:42:19.614000,1.08519,1.08517,1500000,1500000
2019-10-24 12:42:20.328000,1.08518,1.08517,1500000,1120000
2019-10-24 12:42:20.429000,1.08518,1.08516,1500000,1310000
2019-10-24 12:42:20.961000,1.08519,1.08516,1000000,1250000
2019-10-24 12:42:21.379000,1.08519,1.08517,1000000,1750000
2019-10-24 12:42:21.481000,1.08519,1.08517,1690000,1250000
2019-10-24 12:42:22.259000,1.08519,1.08516,2940000,3250000
2019-10-24 12:42:22.749000,1.08519,1.08516,2440000,1750000
2019-10-24 12:42:30.551000,1.08518,1.08516,1000000,2500000
2019-10-24 12:42:31.942000,1.08519,1.08516,2440000,3250000
2019-10-24 12:42:36.669000,1.08519,1.08517,1500000,1250000
2019-10-24 12:42:38.144000,1.0852,1.08517,1870000,2200000
2019-10-24 12:42:40.284000,1.0852,1.08517,1690000,1250000
2019-10-24 12:42:40.675000,1.0852,1.08518,1690000,1570000
2019-10-24 12:42:40.807000,1.0852,1.08518,1000000,1820000
2019-10-24 12:42:40.858000,1.08522,1.0852,1250000,1000000
2019-10-24 12:42:42.117000,1.08523,1.08521,1690000,1250000
2019-10-24 12:42:43.181000,1.08525,1.08523,3000000,1250000
2019-10-24 12:42:43.232000,1.08524,1.08522,1250000,1390000
2019-10-24 12:42:44.190000,1.08525,1.08523,2750000,1250000
2019-10-24 12:42:44.241000,1.08524,1.0852,1250000,8350000
2019-10-24 12:42:45.260000,1.08524,1.08521,1000000,1450000
2019-10-24 12:42:45.412000,1.08525,1.08522,3370000,1250000
2019-10-24 12:42:45.514000,1.08525,1.08522,1870000,1750000
2019-10-24 12:42:45.615000,1.08524,1.08522,1250000,1250000
2019-10-24 12:42:45.716000,1.08525,1.08522,2440000,3700000
2019-10-24 12:42:45.852000,1.08528,1.08525,1570000,5870000
2019-10-24 12:42:45.953000,1.0853,1.08526,3840000,1000000
2019-10-24 12:42:46.055000,1.08526,1.08525,1000000,1950000
2019-10-24 12:42:46.156000,1.08526,1.08524,1750000,1350000
2019-10-24 12:42:46.257000,1.08526,1.08524,1690000,1050000
2019-10-24 12:42:46.465000,1.08526,1.08523,1690000,4760000
2019-10-24 12:42:46.920000,1.08525,1.08523,1250000,1200000
2019-10-24 12:42:47.022000,1.08526,1.08523,1500000,4450000
2019-10-24 12:42:47.174000,1.08526,1.08524,1000000,1570000
2019-10-24 12:42:47.499000,1.08526,1.08523,1120000,3000000
2019-10-24 12:42:47.600000,1.08527,1.08524,1690000,2510000
2019-10-24 12:42:47.702000,1.08528,1.08525,4000000,2320000
2019-10-24 12:42:47.804000,1.08529,1.08526,3940000,1250000
2019-10-24 12:42:47.905000,1.08528,1.08525,1690000,1500000
2019-10-24 12:42:48.158000,1.08529,1.08526,2950000,1000000
2019-10-24 12:42:48.260000,1.08529,1.08527,1690000,1310000
2019-10-24 12:42:48.384000,1.08529,1.08526,3000000,1950000
2019-10-24 12:42:48.486000,1.08528,1.08525,1690000,3640000
2019-10-24 12:42:48.632000,1.08527,1.08525,1000000,3640000
2019-10-24 12:42:50.190000,1.08528,1.08526,1690000,1690000
2019-10-24 12:42:50.393000,1.08528,1.08526,1250000,4140000
2019-10-24 12:42:50.742000,1.08528,1.08526,1310000,2960000
2019-10-24 12:42:51.207000,1.08529,1.08526,1750000,4890000
2019-10-24 12:42:51.388000,1.0853,1.08527,2500000,1690000
2019-10-24 12:42:53.524000,1.08532,1.08529,6270000,2250000
2019-10-24 12:42:53.778000,1.08532,1.08529,1690000,2140000
2019-10-24 12:42:54.112000,1.08532,1.08529,2500000,1200000
2019-10-24 12:42:54.467000,1.08532,1.08529,2440000,2140000
2019-10-24 12:42:54.569000,1.08533,1.0853,4000000,1000000
2019-10-24 12:42:58.190000,1.08531,1.0853,1000000,1000000
2019-10-24 12:42:58.392000,1.08531,1.08529,1250000,1200000
2019-10-24 12:42:58.749000,1.08532,1.0853,1500000,1750000
2019-10-24 12:42:58.850000,1.08532,1.0853,1690000,1250000
2019-10-24 12:42:59.398000,1.08533,1.0853,1250000,2950000
2019-10-24 12:42:59.500000,1.08534,1.08531,2060000,1250000
2019-10-24 12:42:59.804000,1.08534,1.08532,1500000,1250000
2019-10-24 12:42:59.906000,1.08536,1.08533,3260000,1250000
2019-10-24 12:42:59.958000,1.08534,1.08533,1250000,1000000
2019-10-24 12:43:00.146000,1.08534,1.08531,2440000,2290000
2019-10-24 12:43:00.248000,1.08535,1.08532,3520000,1000000
2019-10-24 12:43:00.451000,1.08534,1.08532,2440000,1250000
2019-10-24 12:43:00.655000,1.08534,1.0853,1500000,4140000
2019-10-24 12:43:00.757000,1.08534,1.08532,1250000,1310000
2019-10-24 12:43:00.865000,1.08534,1.0853,2190000,4450000
2019-10-24 12:43:00.967000,1.08535,1.08533,1120000,1690000
2019-10-24 12:43:01.070000,1.08537,1.08533,3310000,2500000
2019-10-24 12:43:01.272000,1.08537,1.08533,2810000,2500000
2019-10-24 12:43:01.580000,1.08537,1.08534,2620000,1250000
2019-10-24 12:43:01.814000,1.08538,1.08535,1000000,4650000
2019-10-24 12:43:02.429000,1.08538,1.08535,1250000,1250000
2019-10-24 12:43:02.530000,1.08538,1.08535,1690000,2500000
2019-10-24 12:43:02.790000,1.08538,1.08535,1250000,2140000
2019-10-24 12:43:03.143000,1.08538,1.08535,1250000,1100000
2019-10-24 12:43:03.245000,1.08538,1.08535,1690000,1250000
2019-10-24 12:43:03.559000,1.08537,1.08535,1000000,1250000
2019-10-24 12:43:04.575000,1.08536,1.08535,1500000,1000000
2019-10-24 12:43:06.291000,1.08537,1.08535,1250000,1120000
2019-10-24 12:43:07.368000,1.08538,1.08536,1000000,2500000
2019-10-24 12:43:07.470000,1.08538,1.08536,1690000,1760000
2019-10-24 12:43:07.603000,1.08538,1.08536,1000000,2200000
2019-10-24 12:43:07.705000,1.08539,1.08538,1000000,1500000
2019-10-24 12:43:07.756000,1.08542,1.08538,5250000,2140000
2019-10-24 12:43:07.858000,1.08542,1.08538,4500000,3640000
2019-10-24 12:43:07.960000,1.08542,1.08538,4000000,2140000
2019-10-24 12:43:08.062000,1.08541,1.08538,1250000,1950000
2019-10-24 12:43:08.163000,1.08541,1.08539,1500000,1000000
2019-10-24 12:43:08.214000,1.08542,1.0854,1250000,1000000
2019-10-24 12:43:08.325000,1.08543,1.08539,3370000,1010000
2019-10-24 12:43:08.477000,1.08542,1.08538,2870000,2140000
2019-10-24 12:43:08.528000,1.0854,1.08538,1250000,1570000
2019-10-24 12:43:08.629000,1.08539,1.08537,1690000,2890000
2019-10-24 12:43:08.731000,1.08538,1.08537,1000000,1250000
2019-10-24 12:43:09.239000,1.08538,1.08536,1690000,1390000
2019-10-24 12:43:09.716000,1.08538,1.08536,1000000,2570000
2019-10-24 12:43:09.868000,1.08538,1.08536,1000000,1950000
2019-10-24 12:43:10.439000,1.08538,1.08535,1750000,3450000
2019-10-24 12:43:10.692000,1.08538,1.08535,1250000,2140000
2019-10-24 12:43:11.804000,1.08538,1.08535,2440000,3700000
2019-10-24 12:43:12.159000,1.08538,1.08536,1000000,1820000
2019-10-24 12:43:12.315000,1.08539,1.08537,3940000,2060000
2019-10-24 12:43:12.669000,1.0854,1.08538,1250000,1250000
2019-10-24 12:43:13.460000,1.0854,1.08538,1750000,1120000
2019-10-24 12:43:13.561000,1.08538,1.08537,1000000,2140000
2019-10-24 12:43:13.662000,1.08539,1.08537,1310000,1690000
2019-10-24 12:43:13.814000,1.08538,1.08537,1000000,1690000
2019-10-24 12:43:13.916000,1.08539,1.08537,2810000,1690000
2019-10-24 12:43:14.017000,1.08539,1.08537,3620000,1000000
2019-10-24 12:43:14.169000,1.08539,1.08537,2810000,2140000
2019-10-24 12:43:14.270000,1.0854,1.08539,1870000,1250000
2019-10-24 12:43:15.664000,1.08539,1.08538,1000000,1250000
2019-10-24 12:43:15.766000,1.0854,1.08538,1250000,1250000
2019-10-24 12:43:15.918000,1.08541,1.08539,1250000,1250000
2019-10-24 12:43:16.070000,1.08543,1.08541,2320000,1250000
2019-10-24 12:43:16.171000,1.08543,1.08542,1000000,1250000
2019-10-24 12:43:16.273000,1.08545,1.08542,5120000,1250000
2019-10-24 12:43:17.425000,1.08544,1.08541,1000000,3260000
2019-10-24 12:43:18.330000,1.08545,1.08543,1870000,1250000
2019-10-24 12:43:18.434000,1.08546,1.08543,2810000,1760000
2019-10-24 12:43:18.535000,1.08546,1.08544,1120000,2870000
2019-10-24 12:43:18.637000,1.08548,1.08546,1500000,1250000
2019-10-24 12:43:19.590000,1.08548,1.08546,1000000,3640000
2019-10-24 12:43:19.691000,1.08547,1.08546,1000000,1310000
2019-10-24 12:43:19.793000,1.08548,1.08546,1000000,1250000
2019-10-24 12:43:19.894000,1.08548,1.08546,1000000,2750000
2019-10-24 12:43:19.995000,1.08548,1.08546,1000000,1300000
2019-10-24 12:43:20.097000,1.08549,1.08546,2440000,1300000
2019-10-24 12:43:20.268000,1.08548,1.08546,1000000,1250000
2019-10-24 12:43:20.648000,1.08548,1.08546,1000000,4950000
2019-10-24 12:43:20.900000,1.08549,1.08546,2250000,3320000
2019-10-24 12:43:21.002000,1.08549,1.08546,1750000,1990000
2019-10-24 12:43:22.024000,1.08546,1.08545,1500000,1390000
2019-10-24 12:43:22.126000,1.08546,1.08544,2250000,1500000
2019-10-24 12:43:22.177000,1.08545,1.08543,1250000,3640000
2019-10-24 12:43:22.328000,1.08545,1.08544,1250000,1000000
2019-10-24 12:43:22.583000,1.08547,1.08545,1250000,1250000
2019-10-24 12:43:22.684000,1.08549,1.08545,9010000,4200000
2019-10-24 12:43:22.958000,1.08549,1.08545,2060000,4200000
2019-10-24 12:43:23.915000,1.08549,1.08547,1690000,1250000
2019-10-24 12:43:26.996000,1.0855,1.08547,1310000,1250000
2019-10-24 12:43:27.097000,1.0855,1.08547,1810000,1250000
2019-10-24 12:43:27.148000,1.0855,1.08547,2060000,1250000
2019-10-24 12:43:28.285000,1.0855,1.08547,2870000,1690000
2019-10-24 12:43:41.095000,1.08548,1.08547,1000000,1310000
2019-10-24 12:43:43.337000,1.08546,1.08544,1250000,4100000
2019-10-24 12:43:43.439000,1.08545,1.08543,1250000,2140000
2019-10-24 12:43:43.540000,1.08546,1.08544,1690000,1250000
2019-10-24 12:43:43.869000,1.08545,1.08543,2310000,1760000
2019-10-24 12:43:43.971000,1.08545,1.08544,1000000,1250000
2019-10-24 12:43:44.072000,1.08545,1.08544,1000000,1250000
2019-10-24 12:43:44.351000,1.08545,1.08543,1690000,1250000
2019-10-24 12:43:45.852000,1.08544,1.08543,1000000,1250000
2019-10-24 12:43:46.333000,1.08544,1.08542,1690000,2060000
2019-10-24 12:43:47.335000,1.08544,1.08542,1000000,2250000
2019-10-24 12:43:47.887000,1.08545,1.08542,1690000,4450000
2019-10-24 12:43:49.846000,1.08544,1.08543,1000000,1250000
2019-10-24 12:43:57.229000,1.08545,1.08544,1000000,1690000
2019-10-24 12:43:57.281000,1.08549,1.08547,1730000,1250000
2019-10-24 12:43:57.382000,1.08549,1.08548,1000000,1500000
2019-10-24 12:43:57.483000,1.08553,1.0855,1570000,2870000
2019-10-24 12:43:57.585000,1.08553,1.08551,1000000,1250000
2019-10-24 12:43:58.241000,1.08553,1.0855,1000000,4570000
2019-10-24 12:43:58.343000,1.08555,1.08551,3320000,1310000
2019-10-24 12:43:58.444000,1.08552,1.0855,2250000,2570000
2019-10-24 12:43:58.545000,1.08553,1.0855,2620000,1970000
2019-10-24 12:43:59.586000,1.08553,1.0855,1500000,2100000
2019-10-24 12:44:00.070000,1.08552,1.0855,1000000,1120000
2019-10-24 12:44:00.343000,1.08553,1.0855,2250000,1000000
2019-10-24 12:44:00.967000,1.08553,1.0855,1500000,2000000
2019-10-24 12:44:01.119000,1.08553,1.0855,2250000,1920000
2019-10-24 12:44:01.220000,1.08552,1.0855,1000000,1620000
2019-10-24 12:44:01.322000,1.08553,1.0855,1500000,1120000
2019-10-24 12:44:02.445000,1.08551,1.08549,2440000,1000000
2019-10-24 12:44:02.546000,1.08549,1.08548,1000000,1390000
2019-10-24 12:44:02.795000,1.08549,1.08547,1500000,1150000
2019-10-24 12:44:02.897000,1.08549,1.08546,1500000,5140000
2019-10-24 12:44:02.998000,1.08549,1.08546,1500000,4140000
2019-10-24 12:44:08.646000,1.08548,1.08546,1250000,2140000
2019-10-24 12:44:08.747000,1.08549,1.08546,2440000,3700000
2019-10-24 12:44:09.319000,1.08549,1.08546,1690000,1760000
2019-10-24 12:44:10.467000,1.08548,1.08546,1000000,1250000
2019-10-24 12:44:11.192000,1.08548,1.08545,2250000,1200000
2019-10-24 12:44:14.031000,1.08548,1.08545,1500000,1820000
2019-10-24 12:44:14.361000,1.08548,1.08546,1500000,1250000
2019-10-24 12:44:14.463000,1.08548,1.08545,1690000,3410000
2019-10-24 12:44:14.885000,1.08547,1.08545,1000000,3410000
2019-10-24 12:44:15.037000,1.08547,1.08545,1000000,3260000
2019-10-24 12:44:15.189000,1.08548,1.08545,1690000,2510000
2019-10-24 12:44:16.746000,1.08547,1.08545,1000000,3390000
2019-10-24 12:44:17.170000,1.08547,1.08545,1500000,1690000
2019-10-24 12:44:19.649000,1.08548,1.08545,2440000,1100000
2019-10-24 12:44:19.804000,1.08545,1.08544,1000000,1500000
2019-10-24 12:44:19.906000,1.08544,1.08542,1690000,1390000
2019-10-24 12:44:20.159000,1.08544,1.08542,1500000,1750000
2019-10-24 12:44:21.254000,1.08546,1.08545,3000000,1500000
2019-10-24 12:44:21.305000,1.08547,1.08545,1120000,5090000
2019-10-24 12:44:21.407000,1.08548,1.08546,1690000,1350000
2019-10-24 12:44:21.508000,1.08548,1.08546,1000000,1450000
2019-10-24 12:44:22.258000,1.08548,1.08546,1500000,2510000
2019-10-24 12:44:22.411000,1.08548,1.08546,1120000,2200000
2019-10-24 12:44:22.946000,1.08549,1.08547,3000000,1750000
2019-10-24 12:44:23.048000,1.08549,1.08547,1500000,1250000
2019-10-24 12:44:29.385000,1.08549,1.08548,1250000,1500000
2019-10-24 12:44:29.506000,1.08551,1.08549,2000000,1250000
2019-10-24 12:44:29.557000,1.08549,1.08548,1690000,1000000
2019-10-24 12:44:29.658000,1.08549,1.08546,3190000,3700000
2019-10-24 12:44:29.810000,1.08548,1.08546,1000000,3170000
2019-10-24 12:44:32.420000,1.08549,1.08547,1500000,1250000
2019-10-24 12:44:33.978000,1.0855,1.08549,1000000,1250000
2019-10-24 12:44:34.163000,1.08551,1.08549,1120000,1750000
2019-10-24 12:44:34.264000,1.0855,1.08549,1250000,1000000
2019-10-24 12:44:34.416000,1.08551,1.08549,1120000,1750000
2019-10-24 12:44:35.124000,1.0855,1.08549,2440000,1000000
2019-10-24 12:44:35.272000,1.08549,1.08546,3000000,4070000
2019-10-24 12:44:35.852000,1.08549,1.08548,1000000,1000000
2019-10-24 12:44:36.415000,1.0855,1.08548,1120000,1500000
2019-10-24 12:44:36.523000,1.08551,1.08549,1000000,1000000
2019-10-24 12:44:36.574000,1.08553,1.08551,2250000,1250000
2019-10-24 12:44:36.877000,1.08551,1.08549,2250000,1850000
2019-10-24 12:44:36.979000,1.08552,1.0855,1000000,1370000
2019-10-24 12:44:37.131000,1.08552,1.0855,1000000,1390000
2019-10-24 12:44:37.181000,1.08553,1.08551,3940000,1370000
2019-10-24 12:44:38.159000,1.08552,1.0855,1500000,2200000
2019-10-24 12:44:38.311000,1.08553,1.08551,3190000,1250000
2019-10-24 12:44:39.053000,1.08553,1.08551,1500000,1250000
2019-10-24 12:44:39.256000,1.08556,1.08554,2250000,11890000
2019-10-24 12:44:39.308000,1.08561,1.08559,12600000,1750000
2019-10-24 12:44:39.409000,1.08562,1.0856,1690000,1310000
2019-10-24 12:44:39.594000,1.08561,1.08558,1250000,2450000
2019-10-24 12:44:39.696000,1.08561,1.08558,1500000,2570000
2019-10-24 12:44:40.804000,1.08561,1.08559,1000000,1350000
2019-10-24 12:44:41.694000,1.08561,1.08558,1500000,1390000
2019-10-24 12:44:43.182000,1.08561,1.08558,1500000,2500000
2019-10-24 12:44:44.200000,1.08561,1.08559,1000000,1250000
2019-10-24 12:44:50.872000,1.08561,1.08558,1250000,4390000
2019-10-24 12:44:56.165000,1.08561,1.08559,1250000,1000000
2019-10-24 12:44:56.353000,1.08561,1.08559,1370000,1000000
2019-10-24 12:45:01.851000,1.08562,1.08561,1000000,1250000
