time,ask,bid,ask_volume,bid_volume
2020-06-05 13:25:00.008000,1.09622,1.09619,1000000,1500000
2020-06-05 13:25:02.846000,1.09622,1.09618,1000000,5810000
2020-06-05 13:25:02.948000,1.09625,1.09622,1390000,1500000
2020-06-05 13:25:03.656000,1.09623,1.09621,1000000,3000000
2020-06-05 13:25:03.707000,1.09623,1.09619,3000000,5250000
2020-06-05 13:25:03.808000,1.09624,1.09619,3640000,5250000
2020-06-05 13:25:04.062000,1.09622,1.09619,2440000,3750000
2020-06-05 13:25:04.163000,1.09621,1.09619,1000000,1000000
2020-06-05 13:25:06.185000,1.09623,1.0962,4160000,1000000
2020-06-05 13:25:06.286000,1.09623,1.0962,2440000,1000000
2020-06-05 13:25:06.388000,1.09622,1.0962,1000000,1000000
2020-06-05 13:25:06.912000,1.09621,1.0962,3000000,1000000
2020-06-05 13:25:07.114000,1.09622,1.0962,1500000,1000000
2020-06-05 13:25:07.946000,1.09623,1.0962,1000000,1000000
2020-06-05 13:25:08.805000,1.09623,1.09621,1000000,1000000
2020-06-05 13:25:08.907000,1.09624,1.09622,1000000,1000000
2020-06-05 13:25:09.008000,1.09626,1.09622,5140000,1000000
2020-06-05 13:25:09.261000,1.09625,1.09622,1000000,3940000
2020-06-05 13:25:09.312000,1.09623,1.09621,1500000,1000000
2020-06-05 13:25:09.413000,1.09624,1.0962,2620000,4500000
2020-06-05 13:25:09.616000,1.09623,1.0962,1000000,1000000
2020-06-05 13:25:09.979000,1.09623,1.09619,1000000,1870000
2020-06-05 13:25:10.081000,1.09622,1.09619,1690000,1000000
2020-06-05 13:25:10.873000,1.09622,1.09618,7390000,1000000
2020-06-05 13:25:11.024000,1.09622,1.09618,6700000,1000000
2020-06-05 13:25:12.482000,1.09621,1.09617,1250000,1500000
2020-06-05 13:25:12.583000,1.09621,1.09616,3640000,4690000
2020-06-05 13:25:13.291000,1.09621,1.09617,1690000,1000000
2020-06-05 13:25:15.275000,1.09622,1.09618,5140000,1500000
2020-06-05 13:25:15.630000,1.0962,1.09617,1250000,1120000
2020-06-05 13:25:15.731000,1.0962,1.09616,3560000,2060000
2020-06-05 13:25:15.833000,1.09619,1.09616,1000000,1120000
2020-06-05 13:25:16.136000,1.09619,1.09616,1750000,1000000
2020-06-05 13:25:16.355000,1.09619,1.09616,1250000,1000000
2020-06-05 13:25:17.837000,1.09619,1.09616,2950000,1000000
2020-06-05 13:25:17.888000,1.09617,1.09614,1000000,3560000
2020-06-05 13:25:18.005000,1.09617,1.09614,2190000,3000000
2020-06-05 13:25:18.107000,1.09617,1.09613,3010000,1250000
2020-06-05 13:25:18.260000,1.09616,1.09612,6620000,1500000
2020-06-05 13:25:20.411000,1.09616,1.09611,5570000,6190000
2020-06-05 13:25:20.563000,1.09616,1.09611,4760000,4370000
2020-06-05 13:25:20.866000,1.09616,1.09612,3010000,1250000
2020-06-05 13:25:22.012000,1.09615,1.09611,2140000,1310000
2020-06-05 13:25:23.197000,1.09615,1.09611,1120000,2870000
2020-06-05 13:25:24.378000,1.09615,1.09611,2060000,1310000
2020-06-05 13:25:24.580000,1.09613,1.0961,1690000,3750000
2020-06-05 13:25:24.681000,1.09612,1.09608,2620000,2060000
2020-06-05 13:25:24.782000,1.09612,1.09609,1870000,1000000
2020-06-05 13:25:24.884000,1.09611,1.09608,1870000,1000000
2020-06-05 13:25:25.575000,1.09611,1.09609,1870000,1000000
2020-06-05 13:25:25.988000,1.09612,1.09609,2890000,1000000
2020-06-05 13:25:26.393000,1.09611,1.09607,1250000,6750000
2020-06-05 13:25:26.495000,1.09611,1.09608,2870000,1000000
2020-06-05 13:25:27.153000,1.09611,1.09607,1370000,4310000
2020-06-05 13:25:27.254000,1.09611,1.09607,1310000,5870000
2020-06-05 13:25:27.760000,1.09611,1.09608,1370000,1000000
2020-06-05 13:25:27.913000,1.09611,1.09606,2950000,6370000
2020-06-05 13:25:28.014000,1.0961,1.09606,1310000,1500000
2020-06-05 13:25:29.645000,1.09611,1.09608,5140000,1000000
2020-06-05 13:25:30.169000,1.09613,1.09609,3760000,1000000
2020-06-05 13:25:30.270000,1.09613,1.09609,1950000,2810000
2020-06-05 13:25:30.473000,1.09611,1.09608,1500000,1750000
2020-06-05 13:25:30.524000,1.09611,1.09607,3940000,4120000
2020-06-05 13:25:30.625000,1.09611,1.09607,7790000,1120000
2020-06-05 13:25:30.727000,1.09611,1.09607,8590000,1120000
2020-06-05 13:25:30.828000,1.0961,1.09607,1010000,1120000
2020-06-05 13:25:32.124000,1.09611,1.09608,5260000,1000000
2020-06-05 13:25:32.428000,1.09611,1.09607,4510000,1000000
2020-06-05 13:25:33.500000,1.09611,1.09607,5140000,1000000
2020-06-05 13:25:33.702000,1.0961,1.09607,1000000,1000000
2020-06-05 13:25:34.362000,1.09611,1.09607,7390000,1500000
2020-06-05 13:25:34.464000,1.09612,1.09609,3790000,1000000
2020-06-05 13:25:36.441000,1.09611,1.09608,2810000,1000000
2020-06-05 13:25:36.542000,1.0961,1.09607,4590000,1000000
2020-06-05 13:25:36.593000,1.0961,1.09605,8340000,2810000
2020-06-05 13:25:37.631000,1.09609,1.09606,1120000,1000000
2020-06-05 13:25:37.792000,1.09609,1.09605,1870000,1310000
2020-06-05 13:25:38.891000,1.09611,1.09606,5720000,4500000
2020-06-05 13:25:38.992000,1.09612,1.09608,5200000,1120000
2020-06-05 13:25:39.095000,1.09613,1.09608,3390000,5810000
2020-06-05 13:25:39.542000,1.09613,1.09609,2940000,3750000
2020-06-05 13:25:39.644000,1.09613,1.09609,2060000,4120000
2020-06-05 13:25:40.327000,1.09612,1.09609,3190000,1120000
2020-06-05 13:25:40.428000,1.09612,1.09608,5140000,1310000
2020-06-05 13:25:40.833000,1.09612,1.09608,5120000,1120000
2020-06-05 13:25:40.984000,1.09612,1.09608,4310000,1120000
2020-06-05 13:25:41.389000,1.09612,1.09608,6760000,1000000
2020-06-05 13:25:41.592000,1.0961,1.09607,4820000,4120000
2020-06-05 13:25:41.643000,1.09609,1.09605,1120000,2140000
2020-06-05 13:25:42.378000,1.09609,1.09606,1200000,3000000
2020-06-05 13:25:42.739000,1.09609,1.09605,1200000,2060000
2020-06-05 13:25:43.641000,1.09609,1.09605,5260000,1000000
2020-06-05 13:25:44.626000,1.09609,1.09605,5140000,1000000
2020-06-05 13:25:46.650000,1.09609,1.09605,4510000,1000000
2020-06-05 13:25:47.307000,1.09608,1.09604,1870000,4870000
2020-06-05 13:25:47.358000,1.09605,1.09603,2250000,1870000
2020-06-05 13:25:47.459000,1.09605,1.09602,3500000,1000000
2020-06-05 13:25:48.269000,1.09606,1.09603,5140000,1000000
2020-06-05 13:25:48.420000,1.09606,1.09602,1250000,4870000
2020-06-05 13:25:48.471000,1.09607,1.09604,3370000,1000000
2020-06-05 13:25:48.573000,1.09608,1.09604,4760000,1120000
2020-06-05 13:25:49.063000,1.09608,1.09605,3560000,1000000
2020-06-05 13:25:49.165000,1.0961,1.09607,5810000,1000000
2020-06-05 13:25:49.418000,1.0961,1.09606,5060000,1120000
2020-06-05 13:25:50.855000,1.0961,1.09607,1250000,1120000
2020-06-05 13:25:52.060000,1.09611,1.09607,4310000,1500000
2020-06-05 13:25:52.162000,1.0961,1.09607,2060000,1000000
2020-06-05 13:25:52.466000,1.09612,1.09607,8910000,6190000
2020-06-05 13:25:52.567000,1.09612,1.09607,8140000,6940000
2020-06-05 13:25:52.670000,1.09611,1.09607,1000000,6940000
2020-06-05 13:25:53.045000,1.09611,1.09608,1500000,1000000
2020-06-05 13:25:53.146000,1.09609,1.09606,1000000,5810000
2020-06-05 13:25:53.653000,1.09609,1.09605,3870000,1000000
2020-06-05 13:25:55.256000,1.09608,1.09605,5640000,1000000
2020-06-05 13:25:56.470000,1.09608,1.09605,4760000,1000000
2020-06-05 13:25:56.572000,1.09606,1.09604,1250000,1000000
2020-06-05 13:25:56.673000,1.09607,1.09604,2890000,1000000
2020-06-05 13:25:56.950000,1.09607,1.09605,1120000,1000000
2020-06-05 13:25:57.154000,1.09608,1.09605,1390000,1000000
2020-06-05 13:25:57.308000,1.09609,1.09606,3820000,1500000
2020-06-05 13:25:57.562000,1.0961,1.09608,3950000,1000000
2020-06-05 13:25:57.765000,1.0961,1.09608,1000000,1000000
2020-06-05 13:25:58.070000,1.0961,1.09606,2510000,1870000
2020-06-05 13:25:58.173000,1.09609,1.09606,1100000,1000000
2020-06-05 13:25:59.021000,1.09609,1.09605,2510000,4870000
2020-06-05 13:25:59.174000,1.09606,1.09605,1000000,3000000
2020-06-05 13:25:59.226000,1.09606,1.09603,2620000,1500000
2020-06-05 13:25:59.328000,1.09606,1.09603,6870000,1000000
2020-06-05 13:25:59.430000,1.09604,1.09603,1000000,1000000
2020-06-05 13:26:00.047000,1.09606,1.09604,5370000,1000000
2020-06-05 13:26:00.301000,1.09606,1.09604,4870000,1000000
2020-06-05 13:26:00.973000,1.09605,1.09602,3500000,1000000
2020-06-05 13:26:01.429000,1.09606,1.09604,3940000,1000000
2020-06-05 13:26:01.732000,1.09604,1.09603,1000000,1120000
2020-06-05 13:26:01.783000,1.09604,1.09601,1000000,6560000
2020-06-05 13:26:02.086000,1.09604,1.09602,1120000,1000000
2020-06-05 13:26:02.238000,1.09605,1.09602,1120000,1000000
2020-06-05 13:26:02.542000,1.09606,1.09602,6820000,2810000
2020-06-05 13:26:03.055000,1.09606,1.09603,4690000,1000000
2020-06-05 13:26:03.488000,1.09605,1.09603,1000000,1000000
2020-06-05 13:26:04.936000,1.09606,1.09602,5190000,4120000
2020-06-05 13:26:05.038000,1.09605,1.09601,4200000,4690000
2020-06-05 13:26:05.139000,1.09602,1.096,2500000,1000000
2020-06-05 13:26:05.240000,1.09602,1.096,1010000,1000000
2020-06-05 13:26:05.443000,1.09602,1.096,1750000,1000000
2020-06-05 13:26:06.410000,1.09601,1.09599,1250000,1500000
2020-06-05 13:26:06.512000,1.096,1.09597,6190000,1000000
2020-06-05 13:26:06.664000,1.09599,1.09596,1000000,1120000
2020-06-05 13:26:07.018000,1.096,1.09596,2060000,1120000
2020-06-05 13:26:07.069000,1.096,1.09598,4310000,1000000
2020-06-05 13:26:07.170000,1.09601,1.09597,1510000,3750000
2020-06-05 13:26:07.931000,1.096,1.09596,1120000,7310000
2020-06-05 13:26:08.034000,1.096,1.09596,1000000,7810000
2020-06-05 13:26:08.287000,1.09601,1.09596,4010000,7060000
2020-06-05 13:26:08.543000,1.096,1.09597,3000000,1120000
2020-06-05 13:26:10.131000,1.09601,1.09597,1310000,5700000
2020-06-05 13:26:10.233000,1.09602,1.09598,7310000,1870000
2020-06-05 13:26:10.435000,1.09601,1.09598,3000000,3640000
2020-06-05 13:26:10.536000,1.09601,1.09599,3000000,1690000
2020-06-05 13:26:10.688000,1.09603,1.09599,6200000,1690000
2020-06-05 13:26:10.789000,1.09599,1.09597,1000000,4870000
2020-06-05 13:26:10.840000,1.09598,1.09595,1120000,3750000
2020-06-05 13:26:11.093000,1.09597,1.09595,3370000,1000000
2020-06-05 13:26:11.700000,1.09598,1.09595,2060000,1250000
2020-06-05 13:26:11.801000,1.09597,1.09595,3000000,1250000
2020-06-05 13:26:12.003000,1.09597,1.09596,3000000,1000000
2020-06-05 13:26:12.313000,1.09597,1.09595,3190000,1000000
2020-06-05 13:26:12.415000,1.09597,1.09594,4690000,1310000
2020-06-05 13:26:12.516000,1.09596,1.09594,1500000,1000000
2020-06-05 13:26:12.618000,1.09595,1.09594,1250000,1000000
2020-06-05 13:26:12.770000,1.09595,1.09592,1750000,3750000
2020-06-05 13:26:12.972000,1.09594,1.09592,1250000,1000000
2020-06-05 13:26:13.023000,1.09596,1.09594,5060000,1000000
2020-06-05 13:26:13.124000,1.09597,1.09595,1120000,1000000
2020-06-05 13:26:13.327000,1.09598,1.09595,6560000,1000000
2020-06-05 13:26:13.428000,1.09598,1.09596,3370000,1000000
2020-06-05 13:26:13.810000,1.096,1.09597,1600000,1000000
2020-06-05 13:26:13.911000,1.096,1.09597,1000000,1000000
2020-06-05 13:26:14.216000,1.096,1.09598,1000000,1000000
2020-06-05 13:26:14.317000,1.09601,1.09598,5140000,1000000
2020-06-05 13:26:15.264000,1.09601,1.09598,3370000,2500000
2020-06-05 13:26:15.466000,1.09601,1.09598,3000000,1870000
2020-06-05 13:26:16.089000,1.09601,1.09598,3000000,2120000
2020-06-05 13:26:16.140000,1.09603,1.09601,4250000,1500000
2020-06-05 13:26:16.191000,1.09604,1.09601,1500000,5940000
2020-06-05 13:26:16.292000,1.09604,1.09601,1690000,1000000
2020-06-05 13:26:16.793000,1.09603,1.09601,3000000,1000000
2020-06-05 13:26:16.894000,1.09604,1.09601,1690000,1000000
2020-06-05 13:26:18.980000,1.09604,1.096,5060000,2060000
2020-06-05 13:26:19.081000,1.09603,1.096,3000000,2060000
2020-06-05 13:26:20.078000,1.09604,1.09602,1390000,1000000
2020-06-05 13:26:20.129000,1.09606,1.09603,1250000,4050000
2020-06-05 13:26:20.230000,1.09608,1.09603,4110000,6990000
2020-06-05 13:26:20.332000,1.09608,1.09605,3260000,1000000
2020-06-05 13:26:21.140000,1.09609,1.09607,1250000,1500000
2020-06-05 13:26:21.475000,1.09609,1.09608,1250000,1000000
2020-06-05 13:26:21.678000,1.09612,1.0961,1370000,1000000
2020-06-05 13:26:21.779000,1.09613,1.0961,3640000,1250000
2020-06-05 13:26:22.394000,1.09614,1.0961,1690000,5500000
2020-06-05 13:26:22.545000,1.09611,1.09608,1000000,1370000
2020-06-05 13:26:22.647000,1.09609,1.09606,1120000,3750000
2020-06-05 13:26:22.749000,1.09609,1.09607,1120000,1250000
2020-06-05 13:26:23.004000,1.0961,1.09607,1120000,1250000
2020-06-05 13:26:23.460000,1.0961,1.09608,1120000,1250000
2020-06-05 13:26:24.044000,1.0961,1.09607,3750000,2440000
2020-06-05 13:26:26.040000,1.09611,1.09607,1250000,2440000
2020-06-05 13:26:26.141000,1.09612,1.09608,4690000,1250000
2020-06-05 13:26:26.242000,1.09612,1.09609,1500000,1690000
2020-06-05 13:26:26.344000,1.09613,1.09609,1690000,7310000
2020-06-05 13:26:26.445000,1.09611,1.09609,1000000,1000000
2020-06-05 13:26:26.547000,1.09611,1.09608,4120000,1250000
2020-06-05 13:26:26.648000,1.09611,1.09609,3370000,1250000
2020-06-05 13:26:26.750000,1.09614,1.09611,1250000,1000000
2020-06-05 13:26:26.852000,1.09615,1.09611,2810000,5440000
2020-06-05 13:26:27.309000,1.09615,1.09612,1000000,1000000
2020-06-05 13:26:27.411000,1.09616,1.09612,1120000,1690000
2020-06-05 13:26:28.078000,1.09616,1.09613,1870000,4500000
2020-06-05 13:26:28.583000,1.09617,1.09615,2810000,1000000
2020-06-05 13:26:28.887000,1.09617,1.09613,2810000,4570000
2020-06-05 13:26:30.106000,1.09619,1.09616,3870000,1500000
2020-06-05 13:26:30.157000,1.0962,1.09616,5620000,2810000
2020-06-05 13:26:30.207000,1.0962,1.09618,4120000,1250000
2020-06-05 13:26:30.309000,1.09621,1.09618,1000000,1250000
2020-06-05 13:26:30.410000,1.09621,1.09616,3190000,3390000
2020-06-05 13:26:30.512000,1.09621,1.09617,1000000,6620000
2020-06-05 13:26:30.613000,1.09622,1.09617,6560000,6620000
2020-06-05 13:26:31.137000,1.09622,1.09619,1500000,1250000
2020-06-05 13:26:31.238000,1.09623,1.09619,1690000,4690000
2020-06-05 13:26:31.340000,1.09623,1.0962,1500000,1250000
2020-06-05 13:26:31.441000,1.09622,1.0962,1000000,1250000
2020-06-05 13:26:31.593000,1.09622,1.09619,1000000,1250000
2020-06-05 13:26:32.148000,1.09622,1.0962,1000000,1250000
2020-06-05 13:26:32.715000,1.09622,1.09619,1000000,1390000
2020-06-05 13:26:33.085000,1.09623,1.0962,3000000,1390000
2020-06-05 13:26:33.186000,1.09624,1.0962,6190000,1390000
2020-06-05 13:26:34.645000,1.09625,1.09622,1200000,2440000
2020-06-05 13:26:34.746000,1.09626,1.09623,1000000,5510000
2020-06-05 13:26:34.949000,1.09624,1.09621,1000000,6010000
2020-06-05 13:26:35.050000,1.09624,1.09621,1000000,3260000
2020-06-05 13:26:35.564000,1.09625,1.09621,1120000,7820000
2020-06-05 13:26:35.665000,1.09626,1.09623,5070000,1250000
2020-06-05 13:26:35.767000,1.09627,1.09623,3750000,3040000
2020-06-05 13:26:35.918000,1.09628,1.09624,5700000,1570000
2020-06-05 13:26:36.915000,1.09628,1.09624,3200000,1200000
2020-06-05 13:26:37.385000,1.09628,1.09624,4620000,3040000
2020-06-05 13:26:37.486000,1.09628,1.09624,4870000,2660000
2020-06-05 13:26:39.791000,1.09626,1.09623,2250000,2660000
2020-06-05 13:26:40.296000,1.09627,1.09624,2140000,1600000
2020-06-05 13:26:40.753000,1.09627,1.09624,1690000,1010000
2020-06-05 13:26:44.966000,1.09626,1.09623,1000000,2350000
2020-06-05 13:26:45.017000,1.09625,1.09621,1500000,6410000
2020-06-05 13:26:45.169000,1.09625,1.09621,2120000,6040000
2020-06-05 13:26:45.270000,1.09625,1.09621,1120000,7600000
2020-06-05 13:26:45.372000,1.09626,1.09622,6450000,3470000
2020-06-05 13:26:45.574000,1.09624,1.09621,1000000,1910000
2020-06-05 13:26:45.675000,1.09624,1.0962,1120000,6450000
2020-06-05 13:26:45.827000,1.09625,1.09621,2060000,2060000
2020-06-05 13:26:46.039000,1.09625,1.09621,2060000,2660000
2020-06-05 13:26:46.141000,1.09618,1.09617,1000000,1000000
2020-06-05 13:26:46.242000,1.09618,1.09616,1120000,1250000
2020-06-05 13:26:46.596000,1.09618,1.09617,1120000,1250000
2020-06-05 13:26:46.698000,1.09618,1.09615,1120000,3640000
2020-06-05 13:26:46.900000,1.09618,1.09615,1120000,3040000
2020-06-05 13:26:47.505000,1.09618,1.09616,1000000,1450000
2020-06-05 13:26:47.808000,1.09618,1.09615,1000000,7220000
2020-06-05 13:26:48.962000,1.09621,1.0962,1690000,1000000
2020-06-05 13:26:49.063000,1.09623,1.0962,2320000,1760000
2020-06-05 13:26:49.217000,1.09624,1.0962,5140000,1910000
2020-06-05 13:26:49.318000,1.09624,1.09621,1000000,1820000
2020-06-05 13:26:49.774000,1.09626,1.09623,1500000,1200000
2020-06-05 13:26:49.876000,1.09627,1.09623,1000000,4240000
2020-06-05 13:26:50.950000,1.09627,1.09624,1000000,1800000
2020-06-05 13:26:51.414000,1.09628,1.09625,1120000,1600000
2020-06-05 13:26:52.432000,1.09629,1.09627,1500000,1390000
2020-06-05 13:26:52.534000,1.09632,1.0963,4900000,1000000
2020-06-05 13:26:52.635000,1.09634,1.09631,1850000,2700000
2020-06-05 13:26:52.737000,1.09634,1.09631,1250000,3900000
2020-06-05 13:26:53.193000,1.09634,1.0963,2440000,3260000
2020-06-05 13:26:53.294000,1.09633,1.09629,2060000,2660000
2020-06-05 13:26:53.597000,1.09633,1.0963,1250000,1600000
2020-06-05 13:26:54.292000,1.09633,1.0963,1250000,4200000
2020-06-05 13:26:54.430000,1.09633,1.0963,1250000,4350000
2020-06-05 13:26:55.557000,1.09633,1.0963,1250000,1120000
2020-06-05 13:26:56.723000,1.09632,1.0963,3000000,1000000
2020-06-05 13:26:57.078000,1.09633,1.0963,1310000,1000000
2020-06-05 13:27:00.952000,1.09633,1.0963,1250000,1600000
2020-06-05 13:27:01.054000,1.09634,1.0963,3190000,2290000
2020-06-05 13:27:01.609000,1.09634,1.0963,2440000,2140000
2020-06-05 13:27:02.471000,1.09633,1.0963,1000000,1390000
2020-06-05 13:27:03.333000,1.0963,1.09628,2620000,3820000
2020-06-05 13:27:03.434000,1.09629,1.09628,2440000,3000000
2020-06-05 13:27:03.485000,1.09628,1.09625,1870000,1390000
2020-06-05 13:27:03.587000,1.09629,1.09625,2190000,12100000
2020-06-05 13:27:03.688000,1.09629,1.09628,1310000,3000000
2020-06-05 13:27:04.185000,1.09629,1.09625,2620000,3040000
2020-06-05 13:27:04.286000,1.09628,1.09625,1000000,1600000
2020-06-05 13:27:05.166000,1.09628,1.09625,1690000,1200000
2020-06-05 13:27:05.267000,1.09626,1.09624,1250000,2100000
2020-06-05 13:27:05.369000,1.09625,1.09622,1000000,1200000
2020-06-05 13:27:05.895000,1.09625,1.09622,1000000,1600000
2020-06-05 13:27:07.492000,1.09625,1.09622,1000000,1720000
2020-06-05 13:27:07.594000,1.09625,1.09622,1000000,1120000
2020-06-05 13:27:07.648000,1.09626,1.09623,4390000,1000000
2020-06-05 13:27:08.408000,1.09624,1.09621,3190000,1800000
2020-06-05 13:27:08.509000,1.09623,1.09621,4690000,1000000
2020-06-05 13:27:08.661000,1.09622,1.09621,1250000,1000000
2020-06-05 13:27:09.943000,1.0962,1.09619,1250000,1000000
2020-06-05 13:27:10.045000,1.0962,1.09618,1250000,1000000
2020-06-05 13:27:12.718000,1.0962,1.09617,3940000,1500000
2020-06-05 13:27:18.125000,1.0962,1.09618,1250000,1000000
2020-06-05 13:27:18.998000,1.0962,1.09617,1250000,1500000
2020-06-05 13:27:22.119000,1.09616,1.09615,1250000,4120000
2020-06-05 13:27:22.169000,1.09615,1.09613,1250000,4950000
2020-06-05 13:27:22.271000,1.09616,1.09613,1690000,1000000
2020-06-05 13:27:22.372000,1.09615,1.09613,1250000,1000000
2020-06-05 13:27:24.091000,1.09615,1.09614,1250000,1000000
2020-06-05 13:27:24.193000,1.09618,1.09616,2260000,1000000
2020-06-05 13:27:24.294000,1.09618,1.09615,1250000,4870000
2020-06-05 13:27:24.598000,1.09619,1.09615,2810000,6190000
2020-06-05 13:27:25.332000,1.09619,1.09615,1690000,5190000
2020-06-05 13:27:26.323000,1.09619,1.09615,2060000,5060000
2020-06-05 13:27:27.194000,1.09618,1.09615,1250000,4870000
2020-06-05 13:27:27.446000,1.09617,1.09615,1690000,3000000
2020-06-05 13:27:27.498000,1.09613,1.0961,3940000,2620000
2020-06-05 13:27:27.549000,1.09611,1.0961,2250000,1000000
2020-06-05 13:27:27.599000,1.0961,1.09607,3870000,1250000
2020-06-05 13:27:28.155000,1.0961,1.09607,5700000,1250000
2020-06-05 13:27:28.256000,1.0961,1.09606,1450000,5440000
2020-06-05 13:27:28.711000,1.09609,1.09605,1250000,2400000
2020-06-05 13:27:29.164000,1.09609,1.09605,1250000,2340000
2020-06-05 13:27:29.574000,1.0961,1.09605,5890000,2520000
2020-06-05 13:27:30.133000,1.0961,1.09606,3700000,3370000
2020-06-05 13:27:30.655000,1.09611,1.09608,4120000,2250000
2020-06-05 13:27:30.756000,1.09613,1.09609,2440000,5620000
2020-06-05 13:27:31.018000,1.09613,1.0961,1690000,1000000
2020-06-05 13:27:31.372000,1.09614,1.0961,2250000,4870000
2020-06-05 13:27:36.040000,1.09614,1.0961,1690000,3690000
2020-06-05 13:27:37.043000,1.09614,1.0961,1690000,3560000
2020-06-05 13:27:37.925000,1.09614,1.0961,1500000,3620000
2020-06-05 13:27:44.516000,1.09614,1.0961,2060000,5060000
2020-06-05 13:27:45.129000,1.09614,1.09611,1310000,1000000
2020-06-05 13:27:48.540000,1.09615,1.09612,5510000,1000000
2020-06-05 13:27:48.946000,1.09615,1.09614,1000000,1000000
2020-06-05 13:27:49.048000,1.09616,1.09614,1690000,1000000
2020-06-05 13:27:49.971000,1.09616,1.09612,2060000,5810000
2020-06-05 13:27:51.231000,1.09616,1.09612,3320000,4500000
2020-06-05 13:27:53.012000,1.09616,1.09613,3320000,1200000
2020-06-05 13:27:53.113000,1.09617,1.09613,5950000,1200000
2020-06-05 13:27:53.548000,1.09617,1.09613,5890000,2140000
2020-06-05 13:27:53.985000,1.09617,1.09615,3370000,1500000
2020-06-05 13:27:54.037000,1.09619,1.09616,1870000,1000000
2020-06-05 13:27:54.391000,1.0962,1.09616,6560000,3940000
2020-06-05 13:27:54.879000,1.0962,1.09618,3190000,1000000
2020-06-05 13:27:54.931000,1.09623,1.09621,1250000,1050000
2020-06-05 13:27:55.032000,1.09623,1.09621,1250000,1500000
2020-06-05 13:27:55.134000,1.09623,1.09621,1250000,1800000
2020-06-05 13:27:55.336000,1.09625,1.09621,3320000,1500000
2020-06-05 13:27:56.254000,1.09624,1.0962,1310000,6560000
2020-06-05 13:27:56.356000,1.09623,1.0962,1250000,4120000
2020-06-05 13:27:56.660000,1.09623,1.09619,1390000,6190000
2020-06-05 13:28:00.188000,1.09622,1.09619,4690000,1000000
2020-06-05 13:28:02.239000,1.09621,1.09618,1500000,3690000
2020-06-05 13:28:02.340000,1.0962,1.09618,1000000,1000000
2020-06-05 13:28:02.442000,1.0962,1.09617,2620000,1000000
2020-06-05 13:28:02.543000,1.09619,1.09616,1120000,1500000
2020-06-05 13:28:03.677000,1.09618,1.09616,1000000,1000000
2020-06-05 13:28:03.779000,1.09617,1.09614,1500000,1370000
2020-06-05 13:28:03.881000,1.09617,1.09613,4010000,4310000
2020-06-05 13:28:03.983000,1.09614,1.09613,1000000,3000000
2020-06-05 13:28:04.806000,1.09614,1.0961,2510000,2120000
2020-06-05 13:28:05.109000,1.09614,1.0961,2540000,1370000
2020-06-05 13:28:06.293000,1.09614,1.09611,4200000,1750000
2020-06-05 13:28:06.394000,1.09614,1.0961,1390000,6620000
2020-06-05 13:28:07,1.09615,1.09613,4570000,1690000
2020-06-05 13:28:07.102000,1.09615,1.09614,3190000,1000000
2020-06-05 13:28:08.577000,1.09615,1.09612,1250000,1250000
2020-06-05 13:28:08.679000,1.09614,1.09611,4200000,1750000
2020-06-05 13:28:08.780000,1.09614,1.0961,1760000,3620000
2020-06-05 13:28:08.882000,1.09612,1.0961,1250000,1000000
2020-06-05 13:28:09.086000,1.09612,1.09609,1690000,1310000
2020-06-05 13:28:09.593000,1.09612,1.0961,1250000,1000000
2020-06-05 13:28:10.285000,1.09612,1.09609,1000000,4310000
2020-06-05 13:28:10.791000,1.09612,1.0961,1250000,1000000
2020-06-05 13:28:11.396000,1.09614,1.0961,2140000,2870000
2020-06-05 13:28:11.498000,1.09614,1.0961,4820000,1310000
2020-06-05 13:28:13.425000,1.09614,1.09609,6560000,3870000
2020-06-05 13:28:14.354000,1.0961,1.09609,1250000,1870000
2020-06-05 13:28:14.405000,1.0961,1.09605,5140000,6370000
2020-06-05 13:28:14.507000,1.09608,1.09605,3000000,1370000
2020-06-05 13:28:14.709000,1.09608,1.09605,4120000,1250000
2020-06-05 13:28:14.810000,1.09608,1.09604,5060000,3560000
2020-06-05 13:28:14.912000,1.09607,1.09604,1690000,1120000
2020-06-05 13:28:15.184000,1.09606,1.09603,1250000,2370000
2020-06-05 13:28:15.487000,1.09607,1.09603,1690000,4060000
2020-06-05 13:28:16.579000,1.09607,1.09603,1690000,5810000
2020-06-05 13:28:17.027000,1.09607,1.09604,1690000,1000000
2020-06-05 13:28:17.128000,1.09607,1.09603,1690000,3260000
2020-06-05 13:28:17.330000,1.09606,1.09603,3000000,2360000
2020-06-05 13:28:17.432000,1.09607,1.09603,3940000,2360000
2020-06-05 13:28:17.583000,1.09606,1.09603,1250000,1420000
2020-06-05 13:28:17.878000,1.09607,1.09603,6560000,1150000
2020-06-05 13:28:18.135000,1.09606,1.09603,1250000,3670000
2020-06-05 13:28:19.090000,1.09603,1.09601,1500000,3070000
2020-06-05 13:28:19.192000,1.09602,1.09599,1000000,4810000
2020-06-05 13:28:19.293000,1.09602,1.09599,1000000,3560000
2020-06-05 13:28:20.204000,1.09602,1.09598,1690000,2140000
2020-06-05 13:28:21.165000,1.09602,1.09599,1690000,1000000
2020-06-05 13:28:24.847000,1.09601,1.09598,1690000,3370000
2020-06-05 13:28:25.100000,1.09602,1.09598,3940000,1250000
2020-06-05 13:28:26.564000,1.096,1.09597,1000000,6500000
2020-06-05 13:28:26.665000,1.09598,1.09597,1000000,1120000
2020-06-05 13:28:26.766000,1.09598,1.09595,1690000,1500000
2020-06-05 13:28:27.070000,1.09596,1.09594,1000000,1310000
2020-06-05 13:28:27.171000,1.09596,1.09593,1000000,1250000
2020-06-05 13:28:27.272000,1.09596,1.09593,1750000,1000000
2020-06-05 13:28:28.337000,1.09596,1.09593,1250000,1000000
2020-06-05 13:28:29.538000,1.09596,1.09592,2120000,2620000
2020-06-05 13:28:29.640000,1.09596,1.09592,4310000,4310000
2020-06-05 13:28:29.793000,1.09592,1.09589,1500000,7540000
2020-06-05 13:28:29.844000,1.09591,1.09588,1000000,3640000
2020-06-05 13:28:31.359000,1.09592,1.09589,4120000,4000000
2020-06-05 13:28:32.218000,1.09594,1.0959,4810000,1690000
2020-06-05 13:28:32.521000,1.09594,1.09591,3310000,1000000
2020-06-05 13:28:32.572000,1.09595,1.09591,3450000,2120000
2020-06-05 13:28:32.673000,1.09596,1.09592,2510000,1690000
2020-06-05 13:28:32.775000,1.09597,1.09593,6260000,2190000
2020-06-05 13:28:33.796000,1.09597,1.09593,1500000,5060000
2020-06-05 13:28:35.257000,1.09597,1.09594,1000000,1000000
2020-06-05 13:28:35.359000,1.09598,1.09594,3450000,1000000
2020-06-05 13:28:35.726000,1.09597,1.09594,1000000,1000000
2020-06-05 13:28:36.193000,1.09597,1.09594,1000000,3620000
2020-06-05 13:28:36.951000,1.09598,1.09594,1500000,3620000
2020-06-05 13:28:37.052000,1.09599,1.09598,1000000,1000000
2020-06-05 13:28:37.154000,1.09602,1.09599,2890000,1000000
2020-06-05 13:28:37.356000,1.09602,1.09598,2060000,4870000
2020-06-05 13:28:38.068000,1.09601,1.09598,1100000,1000000
2020-06-05 13:28:38.458000,1.09602,1.09598,5890000,2620000
2020-06-05 13:28:38.560000,1.09602,1.09599,1390000,1000000
2020-06-05 13:28:39.428000,1.09603,1.09599,5810000,1000000
2020-06-05 13:28:40.423000,1.09603,1.096,2810000,1000000
2020-06-05 13:28:41.399000,1.09602,1.096,3000000,1000000
2020-06-05 13:28:41.952000,1.09602,1.09599,3000000,1000000
2020-06-05 13:28:42.004000,1.096,1.09599,1000000,1000000
2020-06-05 13:28:42.055000,1.09599,1.09597,3000000,1100000
2020-06-05 13:28:43.680000,1.096,1.09598,1120000,1000000
2020-06-05 13:28:43.781000,1.09602,1.09599,1690000,1000000
2020-06-05 13:28:43.882000,1.09603,1.09599,3190000,1000000
2020-06-05 13:28:45.458000,1.09603,1.09599,3760000,1000000
2020-06-05 13:28:45.559000,1.09601,1.09599,1000000,1000000
2020-06-05 13:28:46.362000,1.096,1.09599,1000000,1000000
2020-06-05 13:28:46.986000,1.096,1.09598,1000000,1500000
2020-06-05 13:28:47.293000,1.09598,1.09595,1500000,1620000
2020-06-05 13:28:47.344000,1.09598,1.09594,1870000,2060000
2020-06-05 13:28:47.445000,1.09597,1.09594,1000000,4690000
2020-06-05 13:28:50.298000,1.09595,1.09594,1000000,3000000
2020-06-05 13:28:50.349000,1.09592,1.0959,1000000,1500000
2020-06-05 13:28:50.400000,1.09591,1.09589,1000000,3190000
2020-06-05 13:28:52.099000,1.09591,1.09588,1250000,1500000
2020-06-05 13:28:52.150000,1.09588,1.09587,1000000,1000000
2020-06-05 13:28:52.201000,1.09589,1.09585,2500000,3750000
2020-06-05 13:28:52.304000,1.09589,1.09586,2500000,1000000
2020-06-05 13:28:52.607000,1.09585,1.09584,1000000,1000000
2020-06-05 13:28:52.709000,1.09586,1.09584,1250000,1000000
2020-06-05 13:28:52.812000,1.09583,1.0958,1500000,1620000
2020-06-05 13:28:52.913000,1.09582,1.09579,1000000,1690000
2020-06-05 13:28:53.014000,1.09581,1.09579,1000000,4690000
2020-06-05 13:28:53.116000,1.09579,1.09577,1000000,6760000
2020-06-05 13:28:53.219000,1.09577,1.09575,1000000,2500000
2020-06-05 13:28:53.320000,1.09577,1.09575,1000000,1690000
2020-06-05 13:28:53.422000,1.0958,1.09577,1000000,5500000
2020-06-05 13:28:53.523000,1.09582,1.09578,1000000,4500000
2020-06-05 13:28:53.625000,1.09582,1.09579,1000000,1000000
2020-06-05 13:28:53.777000,1.09583,1.0958,1000000,1000000
2020-06-05 13:28:53.878000,1.09583,1.09581,1000000,3190000
2020-06-05 13:28:54.589000,1.09585,1.09581,2060000,1250000
2020-06-05 13:28:54.691000,1.09585,1.09582,1000000,1250000
2020-06-05 13:28:55.176000,1.09586,1.09582,2620000,3940000
2020-06-05 13:28:58.941000,1.09586,1.09583,2810000,1000000
2020-06-05 13:28:59.042000,1.09586,1.09582,2810000,4500000
2020-06-05 13:29:00.275000,1.09587,1.09585,1750000,1500000
2020-06-05 13:29:00.376000,1.09589,1.09586,1000000,3000000
2020-06-05 13:29:00.478000,1.09589,1.09585,1250000,3750000
2020-06-05 13:29:01.022000,1.0959,1.09585,4760000,3940000
2020-06-05 13:29:01.123000,1.0959,1.09586,2440000,1000000
2020-06-05 13:29:01.276000,1.09589,1.09586,1000000,1000000
2020-06-05 13:29:01.378000,1.09589,1.09584,1000000,7370000
2020-06-05 13:29:01.480000,1.0959,1.09585,5890000,1250000
2020-06-05 13:29:01.531000,1.09586,1.09583,1000000,5510000
2020-06-05 13:29:01.785000,1.09585,1.09582,1000000,1690000
2020-06-05 13:29:03.607000,1.09587,1.09584,3190000,1000000
2020-06-05 13:29:03.708000,1.09586,1.09584,1000000,1000000
2020-06-05 13:29:03.759000,1.09585,1.09582,3000000,1690000
2020-06-05 13:29:07.009000,1.09586,1.09582,1690000,1500000
2020-06-05 13:29:11.014000,1.09586,1.09583,4870000,1000000
2020-06-05 13:29:12.207000,1.09586,1.09582,4500000,5060000
2020-06-05 13:29:14.687000,1.09586,1.09582,4120000,7370000
2020-06-05 13:29:15.506000,1.0959,1.09589,1000000,1000000
2020-06-05 13:29:15.557000,1.09592,1.09589,3370000,1250000
2020-06-05 13:29:15.659000,1.09593,1.0959,4440000,1000000
2020-06-05 13:29:16.529000,1.09593,1.0959,4310000,1000000
2020-06-05 13:29:17.021000,1.09594,1.09591,4870000,3000000
2020-06-05 13:29:17.173000,1.09595,1.09593,2000000,1000000
2020-06-05 13:29:17.224000,1.09596,1.09592,5510000,3820000
2020-06-05 13:29:17.578000,1.09597,1.09595,1390000,3750000
2020-06-05 13:29:18.556000,1.09598,1.09596,1250000,1000000
2020-06-05 13:29:18.810000,1.09598,1.09597,1250000,1000000
2020-06-05 13:29:19.064000,1.09599,1.09597,1500000,1500000
2020-06-05 13:29:19.166000,1.09601,1.096,1250000,1500000
2020-06-05 13:29:19.419000,1.09602,1.09601,1250000,1000000
2020-06-05 13:29:19.876000,1.09603,1.09601,2250000,1000000
2020-06-05 13:29:19.977000,1.09602,1.09601,1250000,1500000
2020-06-05 13:29:21.157000,1.09603,1.09601,1310000,1000000
2020-06-05 13:29:21.763000,1.09603,1.096,1250000,3750000
2020-06-05 13:29:24.128000,1.09603,1.09602,1690000,1000000
2020-06-05 13:29:24.230000,1.09606,1.09604,1250000,4500000
2020-06-05 13:29:24.280000,1.09607,1.09605,1250000,1000000
2020-06-05 13:29:24.382000,1.09608,1.09605,1120000,3750000
2020-06-05 13:29:24.735000,1.09609,1.09606,2560000,1000000
2020-06-05 13:29:26.256000,1.09609,1.09606,3560000,3750000
2020-06-05 13:29:28.448000,1.09609,1.09608,2810000,1000000
2020-06-05 13:29:30.568000,1.09609,1.09607,2870000,1000000
2020-06-05 13:29:30.619000,1.0961,1.09608,3750000,1000000
2020-06-05 13:29:30.721000,1.09611,1.0961,1250000,1000000
2020-06-05 13:29:30.822000,1.09613,1.0961,6640000,1000000
2020-06-05 13:29:31.176000,1.09614,1.09612,1690000,1000000
2020-06-05 13:29:31.278000,1.09616,1.09612,2890000,5060000
2020-06-05 13:29:31.379000,1.09616,1.09613,1690000,1120000
2020-06-05 13:29:31.683000,1.09617,1.09613,2810000,2060000
2020-06-05 13:29:31.785000,1.09616,1.09613,3750000,2060000
2020-06-05 13:29:31.886000,1.09617,1.09613,1310000,5060000
2020-06-05 13:29:32.351000,1.09617,1.09614,1310000,1000000
2020-06-05 13:29:32.757000,1.09619,1.09617,4390000,1000000
2020-06-05 13:29:32.858000,1.09621,1.09619,2060000,1000000
2020-06-05 13:29:32.960000,1.09621,1.09618,1250000,4870000
2020-06-05 13:29:33.266000,1.09621,1.09619,1250000,1000000
2020-06-05 13:29:33.368000,1.0962,1.09618,1250000,1000000
2020-06-05 13:29:33.470000,1.09621,1.09619,2190000,1000000
2020-06-05 13:29:33.572000,1.09621,1.09619,2060000,1000000
2020-06-05 13:29:33.796000,1.09619,1.09617,7200000,1500000
2020-06-05 13:29:33.898000,1.09617,1.09614,3690000,1000000
2020-06-05 13:29:33.999000,1.09617,1.09613,3690000,5620000
2020-06-05 13:29:34.605000,1.09617,1.09615,2560000,1000000
2020-06-05 13:29:34.858000,1.09617,1.09615,2440000,1000000
2020-06-05 13:29:35.060000,1.09617,1.09614,2440000,1000000
2020-06-05 13:29:35.161000,1.09616,1.09614,3000000,1000000
2020-06-05 13:29:35.786000,1.09617,1.09614,2440000,1000000
2020-06-05 13:29:35.887000,1.09617,1.09614,2940000,1000000
2020-06-05 13:29:36.318000,1.09616,1.09613,3000000,1690000
2020-06-05 13:29:36.875000,1.09615,1.09613,4120000,1250000
2020-06-05 13:29:36.976000,1.09614,1.09611,1750000,3000000
2020-06-05 13:29:37.078000,1.09614,1.0961,4750000,3000000
2020-06-05 13:29:38.139000,1.09614,1.0961,4120000,4120000
2020-06-05 13:29:38.597000,1.09615,1.09612,4310000,1500000
2020-06-05 13:29:38.699000,1.09616,1.09613,3560000,1000000
2020-06-05 13:29:40.089000,1.09617,1.09613,5440000,1000000
2020-06-05 13:29:40.645000,1.09616,1.09613,3000000,1000000
2020-06-05 13:29:41.186000,1.09615,1.09612,1690000,3750000
2020-06-05 13:29:41.540000,1.09614,1.09612,1000000,1000000
2020-06-05 13:29:41.641000,1.09616,1.09613,2060000,1000000
2020-06-05 13:29:41.782000,1.09617,1.09613,1870000,2440000
2020-06-05 13:29:42.035000,1.09618,1.09614,3560000,1000000
2020-06-05 13:29:42.187000,1.0962,1.09618,1910000,1000000
2020-06-05 13:29:42.238000,1.09621,1.09618,1120000,1000000
2020-06-05 13:29:42.339000,1.09622,1.09618,2440000,4870000
2020-06-05 13:29:42.542000,1.09622,1.09618,1250000,6620000
2020-06-05 13:29:43.282000,1.09623,1.09619,2060000,1750000
2020-06-05 13:29:43.383000,1.09622,1.09619,3000000,2120000
2020-06-05 13:29:43.485000,1.09624,1.09619,7450000,5870000
2020-06-05 13:29:44.943000,1.09623,1.09619,5500000,5440000
2020-06-05 13:29:45.146000,1.09624,1.0962,5890000,1250000
2020-06-05 13:29:45.197000,1.09624,1.09622,1000000,3750000
2020-06-05 13:29:45.247000,1.09625,1.09622,1390000,3940000
2020-06-05 13:29:45.551000,1.09626,1.09623,5060000,1000000
2020-06-05 13:29:46.242000,1.09627,1.09624,5620000,1000000
2020-06-05 13:29:48.196000,1.09627,1.09624,4310000,1500000
2020-06-05 13:29:49.004000,1.09625,1.09622,2500000,4870000
2020-06-05 13:29:49.105000,1.09623,1.09619,2620000,6620000
2020-06-05 13:29:50.805000,1.09623,1.09619,2810000,5810000
2020-06-05 13:29:52.012000,1.09622,1.09619,1000000,1120000
2020-06-05 13:29:53.950000,1.0962,1.09618,1500000,1000000
2020-06-05 13:29:54.001000,1.09619,1.09616,1120000,2140000
2020-06-05 13:29:54.153000,1.0962,1.09616,2060000,1310000
2020-06-05 13:29:54.675000,1.09619,1.09616,1250000,4310000
2020-06-05 13:29:54.777000,1.0962,1.09616,2620000,5870000
2020-06-05 13:29:55.080000,1.09622,1.09618,4810000,1250000
2020-06-05 13:29:56.028000,1.09622,1.09618,5060000,1310000
2020-06-05 13:29:57.841000,1.0962,1.09618,1000000,1310000
2020-06-05 13:29:58.014000,1.0962,1.09617,1250000,2060000
2020-06-05 13:29:58.115000,1.09617,1.09614,1000000,3370000
2020-06-05 13:29:58.217000,1.09616,1.09613,1000000,5440000
2020-06-05 13:29:58.854000,1.09616,1.09614,1000000,1000000
2020-06-05 13:30:00.236000,1.09616,1.09613,1250000,1870000
2020-06-05 13:30:01.094000,1.09615,1.09613,1000000,1120000
2020-06-05 13:30:01.599000,1.09615,1.09612,1000000,1120000
2020-06-05 13:30:01.903000,1.09616,1.09612,1500000,1120000
2020-06-05 13:30:02.572000,1.09615,1.09612,1000000,1000000
2020-06-05 13:30:03.993000,1.09616,1.09612,2060000,1120000
2020-06-05 13:30:04.649000,1.09616,1.09613,1310000,3750000
2020-06-05 13:30:04.751000,1.09617,1.09614,1000000,1000000
2020-06-05 13:30:04.853000,1.09616,1.09613,1000000,5810000
2020-06-05 13:30:07.797000,1.09616,1.09612,3750000,5060000
2020-06-05 13:30:11.808000,1.09612,1.09611,1000000,1120000
2020-06-05 13:30:11.910000,1.0961,1.09609,1000000,1250000
2020-06-05 13:30:11.961000,1.0961,1.09607,1000000,2060000
2020-06-05 13:30:12.062000,1.09609,1.09607,1000000,1690000
2020-06-05 13:30:12.567000,1.0961,1.09607,1120000,4690000
2020-06-05 13:30:13.481000,1.09609,1.09607,1120000,1690000
2020-06-05 13:30:13.532000,1.09607,1.09604,1000000,5500000
2020-06-05 13:30:13.633000,1.09607,1.09604,1250000,1310000
2020-06-05 13:30:13.735000,1.09603,1.09601,1870000,4370000
2020-06-05 13:30:13.786000,1.09599,1.09597,1000000,6250000
2020-06-05 13:30:13.938000,1.09601,1.09599,1690000,3750000
2020-06-05 13:30:14.140000,1.09603,1.09599,6640000,1690000
2020-06-05 13:30:14.494000,1.09601,1.09599,1000000,2060000
2020-06-05 13:30:15.001000,1.09601,1.096,1000000,1250000
2020-06-05 13:30:15.102000,1.09601,1.09599,1000000,4690000
2020-06-05 13:30:16.467000,1.09603,1.09599,5440000,1000000
2020-06-05 13:30:17.174000,1.09603,1.096,3750000,1000000
2020-06-05 13:30:18.184000,1.09603,1.09601,1000000,1000000
2020-06-05 13:30:18.463000,1.09603,1.096,1000000,1120000
2020-06-05 13:30:18.666000,1.09603,1.09599,2620000,2810000
2020-06-05 13:30:18.918000,1.09601,1.09599,1000000,1120000
2020-06-05 13:30:19.020000,1.09601,1.09598,1000000,2810000
2020-06-05 13:30:20.100000,1.096,1.09597,2440000,2620000
2020-06-05 13:30:20.151000,1.09599,1.09595,3070000,2510000
2020-06-05 13:30:20.203000,1.09596,1.09594,1000000,5440000
2020-06-05 13:30:20.304000,1.09597,1.09594,1870000,1690000
2020-06-05 13:30:20.658000,1.09597,1.09593,3370000,2440000
2020-06-05 13:30:20.962000,1.09597,1.09594,4120000,1000000
2020-06-05 13:30:21.064000,1.09595,1.09592,1000000,3560000
2020-06-05 13:30:21.571000,1.09595,1.09593,1000000,1000000
2020-06-05 13:30:22.102000,1.09596,1.09593,1690000,1000000
2020-06-05 13:30:22.260000,1.09595,1.09593,1000000,1000000
2020-06-05 13:30:23.171000,1.09595,1.09594,1000000,1000000
2020-06-05 13:30:23.273000,1.09596,1.09594,1120000,1000000
2020-06-05 13:30:23.475000,1.09595,1.09593,1000000,1690000
2020-06-05 13:30:24.031000,1.09594,1.09591,1690000,4870000
2020-06-05 13:30:24.082000,1.09592,1.0959,1120000,3000000
2020-06-05 13:30:24.133000,1.09591,1.09588,1500000,1250000
2020-06-05 13:30:24.235000,1.09589,1.09587,1000000,1750000
2020-06-05 13:30:24.338000,1.09589,1.09587,1000000,1000000
2020-06-05 13:30:24.439000,1.0959,1.09587,2060000,1000000
2020-06-05 13:30:24.542000,1.09589,1.09586,1500000,30190001
2020-06-05 13:30:24.746000,1.09589,1.09586,2940000,1000000
2020-06-05 13:30:24.847000,1.09589,1.09585,2440000,1250000
2020-06-05 13:30:24.949000,1.09588,1.09585,1690000,4050000
2020-06-05 13:30:25.153000,1.09589,1.09586,1000000,1250000
2020-06-05 13:30:25.306000,1.0959,1.09586,4500000,1690000
2020-06-05 13:30:25.866000,1.0959,1.09586,2940000,4870000
2020-06-05 13:30:25.917000,1.0959,1.09586,1690000,4870000
2020-06-05 13:30:26.018000,1.09589,1.09586,1000000,4120000
2020-06-05 13:30:27.840000,1.09589,1.09586,1000000,6270000
2020-06-05 13:30:27.891000,1.09591,1.09588,1250000,2620000
2020-06-05 13:30:27.993000,1.0959,1.09588,1000000,1000000
2020-06-05 13:30:28.094000,1.09592,1.09588,4750000,1000000
2020-06-05 13:30:28.448000,1.09592,1.09591,3000000,1000000
2020-06-05 13:30:28.549000,1.09593,1.09592,1250000,1000000
2020-06-05 13:30:28.600000,1.09595,1.09592,7500000,1000000
2020-06-05 13:30:28.701000,1.09594,1.09591,1690000,2750000
2020-06-05 13:30:28.803000,1.09592,1.0959,3000000,1000000
2020-06-05 13:30:28.954000,1.09593,1.0959,1690000,1000000
2020-06-05 13:30:29.107000,1.09592,1.09589,1000000,4690000
2020-06-05 13:30:29.209000,1.09591,1.09588,1310000,1500000
2020-06-05 13:30:29.613000,1.0959,1.09587,1690000,1000000
2020-06-05 13:30:29.715000,1.09589,1.09586,1000000,1310000
2020-06-05 13:30:29.817000,1.0959,1.09586,3940000,4310000
2020-06-05 13:30:29.919000,1.09588,1.09586,1000000,4310000
2020-06-05 13:30:30.071000,1.09588,1.09586,1750000,1000000
2020-06-05 13:30:30.224000,1.09587,1.09585,1250000,1000000
2020-06-05 13:30:30.326000,1.09587,1.09586,1250000,1000000
2020-06-05 13:30:30.427000,1.09588,1.09586,1750000,1000000
2020-06-05 13:30:30.579000,1.09588,1.09586,1000000,1000000
2020-06-05 13:30:30.681000,1.09589,1.09586,1690000,1000000
2020-06-05 13:30:30.935000,1.0959,1.09586,4870000,4500000
2020-06-05 13:30:31.037000,1.09589,1.09586,1250000,3750000
2020-06-05 13:30:31.468000,1.0959,1.09586,5060000,4690000
2020-06-05 13:30:31.570000,1.09589,1.09586,1000000,5260000
2020-06-05 13:30:31.772000,1.09587,1.09586,1000000,3370000
2020-06-05 13:30:31.823000,1.09586,1.09583,1000000,4440000
2020-06-05 13:30:31.874000,1.09587,1.09586,1690000,3000000
2020-06-05 13:30:32.026000,1.09587,1.09584,1690000,1120000
2020-06-05 13:30:32.689000,1.09586,1.09583,1250000,2250000
2020-06-05 13:30:33.404000,1.09588,1.09585,5810000,1000000
2020-06-05 13:30:33.761000,1.09589,1.09585,3000000,4120000
2020-06-05 13:30:34.065000,1.09586,1.09584,1000000,1000000
2020-06-05 13:30:34.166000,1.09586,1.09583,1500000,2060000
2020-06-05 13:30:34.679000,1.09586,1.09584,1000000,1000000
2020-06-05 13:30:34.781000,1.09587,1.09585,1000000,1250000
2020-06-05 13:30:34.882000,1.09588,1.09586,1000000,1000000
2020-06-05 13:30:34.984000,1.09589,1.09586,2060000,1000000
2020-06-05 13:30:35.085000,1.0959,1.09587,4120000,2060000
2020-06-05 13:30:35.684000,1.09589,1.09586,1250000,1870000
2020-06-05 13:30:35.987000,1.09589,1.09587,1250000,1000000
2020-06-05 13:30:36.319000,1.09584,1.09581,1000000,3560000
2020-06-05 13:30:36.421000,1.09583,1.09582,1120000,1000000
2020-06-05 13:30:36.522000,1.09581,1.09579,12040000,1500000
2020-06-05 13:30:36.573000,1.0958,1.09577,1690000,1000000
2020-06-05 13:30:36.725000,1.09581,1.09578,5560000,1000000
2020-06-05 13:30:36.826000,1.09581,1.09579,1310000,1000000
2020-06-05 13:30:37.180000,1.09582,1.09579,2060000,1000000
2020-06-05 13:30:39.009000,1.09584,1.09579,6940000,3370000
2020-06-05 13:30:39.111000,1.09584,1.09581,3000000,1000000
2020-06-05 13:30:39.263000,1.09584,1.09581,3000000,6070000
2020-06-05 13:30:39.365000,1.09584,1.09583,3000000,1500000
2020-06-05 13:30:39.517000,1.09586,1.09584,1250000,1000000
2020-06-05 13:30:40.480000,1.09587,1.09584,1690000,1000000
2020-06-05 13:30:41.290000,1.09588,1.09584,1120000,2500000
2020-06-05 13:30:41.593000,1.09587,1.09584,4500000,1000000
2020-06-05 13:30:41.694000,1.09586,1.09584,1000000,1000000
2020-06-05 13:30:42.696000,1.09587,1.09584,2810000,1500000
2020-06-05 13:30:42.848000,1.09589,1.09585,3690000,1250000
2020-06-05 13:30:42.950000,1.09589,1.09585,1500000,3250000
2020-06-05 13:30:43.152000,1.0959,1.09586,5250000,5500000
2020-06-05 13:30:43.803000,1.09591,1.09587,2810000,1690000
2020-06-05 13:30:44.424000,1.09591,1.09587,5500000,4870000
2020-06-05 13:30:44.577000,1.09591,1.09587,4690000,5060000
2020-06-05 13:30:46.551000,1.09591,1.09588,1250000,1500000
2020-06-05 13:30:46.957000,1.09591,1.09589,1000000,1000000
2020-06-05 13:30:47.059000,1.09592,1.09589,2620000,1000000
2020-06-05 13:30:47.212000,1.09594,1.09591,3190000,1120000
2020-06-05 13:30:47.313000,1.09593,1.09589,1000000,6190000
2020-06-05 13:30:48.122000,1.09594,1.0959,2560000,3750000
2020-06-05 13:30:48.223000,1.09594,1.0959,1690000,3750000
2020-06-05 13:30:48.375000,1.09595,1.09591,1500000,1690000
2020-06-05 13:30:48.477000,1.09596,1.09593,3000000,2250000
2020-06-05 13:30:48.578000,1.09597,1.09593,1120000,2810000
2020-06-05 13:30:48.679000,1.09597,1.09593,1000000,3010000
2020-06-05 13:30:48.983000,1.09595,1.09592,1000000,6640000
2020-06-05 13:30:49.084000,1.09595,1.09592,1000000,1940000
2020-06-05 13:30:49.185000,1.09595,1.09592,1000000,1000000
2020-06-05 13:30:49.337000,1.09597,1.09594,2810000,1000000
2020-06-05 13:30:49.540000,1.09597,1.09593,1870000,3000000
2020-06-05 13:30:49.642000,1.09596,1.09592,3750000,6150000
2020-06-05 13:30:52.052000,1.09593,1.09591,1000000,1000000
2020-06-05 13:30:52.154000,1.09591,1.09589,1000000,4010000
2020-06-05 13:30:52.458000,1.09592,1.09589,1120000,4500000
2020-06-05 13:30:53.738000,1.09593,1.0959,1000000,1000000
2020-06-05 13:30:53.839000,1.09593,1.09589,1950000,2510000
2020-06-05 13:30:54.862000,1.09593,1.09589,2450000,5510000
2020-06-05 13:30:57.091000,1.09594,1.09591,2190000,2250000
2020-06-05 13:30:57.142000,1.09596,1.09592,1600000,6560000
2020-06-05 13:30:57.193000,1.09597,1.09593,5440000,1870000
2020-06-05 13:30:58.824000,1.09595,1.09593,1000000,1000000
2020-06-05 13:30:58.926000,1.09593,1.0959,1000000,2060000
2020-06-05 13:30:59.634000,1.09594,1.09591,2190000,3000000
2020-06-05 13:30:59.736000,1.09594,1.09591,1000000,1000000
2020-06-05 13:31:00.462000,1.09595,1.09591,2060000,3750000
2020-06-05 13:31:01.118000,1.09594,1.09591,1000000,3370000
2020-06-05 13:31:01.221000,1.09594,1.0959,6000000,1000000
2020-06-05 13:31:01.322000,1.09594,1.09591,5250000,1000000
2020-06-05 13:31:02.368000,1.09595,1.09592,1750000,1500000
2020-06-05 13:31:02.469000,1.09594,1.09591,1000000,1000000
2020-06-05 13:31:02.638000,1.09595,1.09591,3750000,1500000
2020-06-05 13:31:02.840000,1.09596,1.09592,3940000,1690000
2020-06-05 13:31:02.941000,1.09597,1.09592,2060000,6250000
2020-06-05 13:31:03.043000,1.09597,1.09594,1690000,1000000
2020-06-05 13:31:03.093000,1.09599,1.09596,7200000,1000000
2020-06-05 13:31:03.195000,1.09599,1.09595,5620000,2810000
2020-06-05 13:31:03.296000,1.09598,1.09596,1500000,1000000
2020-06-05 13:31:03.751000,1.09599,1.09596,2250000,1000000
2020-06-05 13:31:03.853000,1.09599,1.09597,1500000,1000000
2020-06-05 13:31:03.954000,1.09602,1.09598,4390000,1120000
2020-06-05 13:31:04.055000,1.09602,1.09599,3750000,1120000
2020-06-05 13:31:04.257000,1.09603,1.096,1310000,1000000
2020-06-05 13:31:04.926000,1.09603,1.09599,3560000,4310000
2020-06-05 13:31:05.027000,1.09602,1.09599,2120000,3750000
2020-06-05 13:31:05.633000,1.09602,1.09599,1310000,1500000
2020-06-05 13:31:05.735000,1.09603,1.09599,1120000,4500000
2020-06-05 13:31:05.988000,1.09603,1.09599,1120000,6620000
2020-06-05 13:31:06.342000,1.09603,1.09599,2060000,5060000
2020-06-05 13:31:06.726000,1.096,1.09599,1250000,3000000
2020-06-05 13:31:06.827000,1.09601,1.09599,1690000,3000000
2020-06-05 13:31:06.928000,1.096,1.09598,1310000,3000000
2020-06-05 13:31:07.030000,1.09601,1.09599,2620000,3000000
2020-06-05 13:31:07.283000,1.09601,1.09598,1000000,1000000
2020-06-05 13:31:07.384000,1.09602,1.09598,3190000,1000000
2020-06-05 13:31:07.687000,1.09602,1.09599,1000000,1120000
2020-06-05 13:31:07.997000,1.09603,1.096,2320000,1000000
2020-06-05 13:31:08.098000,1.09604,1.096,3560000,1000000
2020-06-05 13:31:08.552000,1.09605,1.09601,4870000,1250000
2020-06-05 13:31:08.654000,1.09604,1.09602,3000000,1120000
2020-06-05 13:31:08.805000,1.09605,1.09602,1000000,4120000
2020-06-05 13:31:09.237000,1.09606,1.09602,1690000,6940000
2020-06-05 13:31:09.338000,1.09605,1.09602,1000000,5440000
2020-06-05 13:31:09.439000,1.09606,1.09602,6640000,3190000
2020-06-05 13:31:09.591000,1.09606,1.09603,5810000,1000000
2020-06-05 13:31:09.743000,1.09606,1.09604,1500000,1250000
2020-06-05 13:31:11.720000,1.09606,1.09603,2440000,1000000
2020-06-05 13:31:11.822000,1.09604,1.09601,1000000,5140000
2020-06-05 13:31:11.924000,1.09604,1.09601,1250000,1500000
2020-06-05 13:31:12.025000,1.09603,1.096,1310000,3750000
2020-06-05 13:31:12.076000,1.09602,1.09598,3560000,4120000
2020-06-05 13:31:12.178000,1.09603,1.09599,4140000,1500000
2020-06-05 13:31:12.279000,1.09603,1.09599,2940000,4500000
2020-06-05 13:31:12.482000,1.09601,1.09599,1250000,3750000
2020-06-05 13:31:12.533000,1.096,1.09597,1000000,3750000
2020-06-05 13:31:12.836000,1.09599,1.09597,1310000,1000000
2020-06-05 13:31:12.937000,1.09599,1.09596,1310000,1500000
2020-06-05 13:31:14.144000,1.09595,1.09593,2250000,1750000
2020-06-05 13:31:14.246000,1.09595,1.09592,3120000,1250000
2020-06-05 13:31:14.599000,1.09597,1.09593,4700000,3190000
2020-06-05 13:31:14.654000,1.09597,1.09595,1310000,1000000
2020-06-05 13:31:14.808000,1.09598,1.09595,1250000,4500000
2020-06-05 13:31:15.161000,1.09599,1.09595,1870000,4500000
2020-06-05 13:31:15.552000,1.096,1.09597,4310000,1000000
2020-06-05 13:31:15.658000,1.09601,1.09598,2140000,1000000
2020-06-05 13:31:15.760000,1.09601,1.09599,1120000,1000000
2020-06-05 13:31:15.861000,1.09601,1.09598,4120000,1000000
2020-06-05 13:31:16.783000,1.096,1.09597,1250000,4120000
2020-06-05 13:31:17.035000,1.09602,1.09598,8640000,3000000
2020-06-05 13:31:17.187000,1.09602,1.09598,5060000,4310000
2020-06-05 13:31:17.289000,1.09602,1.09599,3000000,2810000
2020-06-05 13:31:17.390000,1.09603,1.09599,2060000,3560000
2020-06-05 13:31:18.458000,1.09603,1.096,1120000,1000000
2020-06-05 13:31:18.610000,1.09605,1.09601,5890000,1000000
2020-06-05 13:31:19.670000,1.09604,1.09601,1000000,1690000
2020-06-05 13:31:20.125000,1.09605,1.09601,2810000,2440000
2020-06-05 13:31:20.227000,1.09604,1.09601,1250000,3370000
2020-06-05 13:31:22.400000,1.09601,1.09598,1500000,1310000
2020-06-05 13:31:22.501000,1.096,1.09598,1120000,1000000
2020-06-05 13:31:22.602000,1.096,1.09597,1120000,1250000
2020-06-05 13:31:22.906000,1.09601,1.09597,2370000,2500000
2020-06-05 13:31:23.007000,1.09601,1.09597,3310000,2440000
2020-06-05 13:31:23.108000,1.09601,1.09597,2810000,2810000
2020-06-05 13:31:23.411000,1.09601,1.09598,1120000,1250000
2020-06-05 13:31:23.867000,1.09601,1.09597,2060000,6560000
2020-06-05 13:31:23.968000,1.096,1.09597,1690000,4120000
2020-06-05 13:31:24.070000,1.09598,1.09595,4310000,1100000
2020-06-05 13:31:24.172000,1.09598,1.09595,4810000,1000000
2020-06-05 13:31:24.274000,1.09598,1.09594,5560000,4690000
2020-06-05 13:31:24.682000,1.09598,1.09594,2060000,4690000
2020-06-05 13:31:25.237000,1.09597,1.09594,1000000,4690000
2020-06-05 13:31:25.339000,1.09596,1.09593,1250000,5620000
2020-06-05 13:31:25.440000,1.09595,1.09591,3310000,4500000
2020-06-05 13:31:25.643000,1.09595,1.09592,1250000,5440000
2020-06-05 13:31:26.159000,1.09596,1.09592,4120000,4690000
2020-06-05 13:31:26.516000,1.09596,1.09592,2060000,6250000
2020-06-05 13:31:26.668000,1.09598,1.09595,2060000,1000000
2020-06-05 13:31:32.638000,1.096,1.09597,1100000,4500000
2020-06-05 13:31:32.689000,1.09601,1.09597,1000000,6370000
2020-06-05 13:31:32.790000,1.09602,1.096,1500000,1000000
2020-06-05 13:31:33.318000,1.09603,1.096,1870000,1000000
2020-06-05 13:31:35.218000,1.09604,1.096,5810000,1310000
2020-06-05 13:31:35.331000,1.09605,1.09601,3700000,4500000
2020-06-05 13:31:36.056000,1.09605,1.09602,2870000,1000000
2020-06-05 13:31:36.157000,1.09605,1.09602,2060000,1000000
2020-06-05 13:31:37.913000,1.09605,1.09601,3260000,4690000
2020-06-05 13:31:38.015000,1.09603,1.09601,1200000,3000000
2020-06-05 13:31:38.066000,1.096,1.09597,1500000,3760000
2020-06-05 13:31:38.167000,1.096,1.09597,1000000,1250000
2020-06-05 13:31:38.319000,1.09602,1.09598,4120000,3190000
2020-06-05 13:31:38.471000,1.09602,1.09599,3750000,1500000
2020-06-05 13:31:38.725000,1.09602,1.096,3000000,1250000
2020-06-05 13:31:38.877000,1.09602,1.09599,3000000,3000000
2020-06-05 13:31:39.214000,1.09603,1.09599,1870000,3000000
2020-06-05 13:31:39.416000,1.09601,1.09599,1000000,1500000
2020-06-05 13:31:39.517000,1.09599,1.09596,1250000,3370000
2020-06-05 13:31:39.619000,1.09599,1.09595,2440000,3750000
2020-06-05 13:31:39.771000,1.09599,1.09595,3310000,3750000
2020-06-05 13:31:40.508000,1.09597,1.09594,2060000,1000000
2020-06-05 13:31:40.609000,1.09597,1.09595,1310000,1000000
2020-06-05 13:31:40.711000,1.09598,1.09595,1250000,1000000
2020-06-05 13:31:42.110000,1.09597,1.09595,1250000,1000000
2020-06-05 13:31:42.464000,1.09598,1.09595,1690000,1000000
2020-06-05 13:31:45.844000,1.09598,1.09594,5060000,5440000
2020-06-05 13:31:45.945000,1.09597,1.09594,3000000,1690000
2020-06-05 13:31:46.725000,1.09595,1.09593,1500000,3750000
2020-06-05 13:31:46.827000,1.09594,1.09591,1250000,2620000
2020-06-05 13:31:46.928000,1.09594,1.09591,8400000,1000000
2020-06-05 13:31:47.029000,1.09593,1.0959,3690000,1000000
2020-06-05 13:31:47.946000,1.09593,1.0959,3000000,1250000
2020-06-05 13:31:48.327000,1.09594,1.09591,1500000,1250000
2020-06-05 13:31:48.429000,1.09595,1.09593,1310000,1000000
2020-06-05 13:31:48.530000,1.09596,1.09593,1250000,5750000
2020-06-05 13:31:48.631000,1.09597,1.09594,1250000,4500000
2020-06-05 13:31:48.733000,1.09598,1.09594,3560000,4500000
2020-06-05 13:31:48.834000,1.09597,1.09594,1250000,1000000
2020-06-05 13:31:49.036000,1.09598,1.09594,3560000,3750000
2020-06-05 13:31:51.847000,1.09598,1.09595,1690000,1000000
2020-06-05 13:31:52.702000,1.09598,1.09595,1750000,1000000
2020-06-05 13:31:55.972000,1.09599,1.09595,6620000,1500000
2020-06-05 13:31:56.073000,1.09599,1.09596,2120000,1000000
2020-06-05 13:31:58.113000,1.09597,1.09595,1250000,3750000
2020-06-05 13:31:58.214000,1.09597,1.09594,3940000,1870000
2020-06-05 13:31:58.315000,1.09597,1.09595,1250000,3000000
2020-06-05 13:31:59.023000,1.09596,1.09595,1250000,3000000
2020-06-05 13:31:59.175000,1.09595,1.09593,1690000,2250000
2020-06-05 13:31:59.276000,1.09594,1.09592,1250000,1870000
2020-06-05 13:31:59.378000,1.09594,1.09593,1250000,1000000
2020-06-05 13:31:59.631000,1.09595,1.09593,1250000,1000000
2020-06-05 13:32:00.159000,1.09596,1.09593,5060000,1000000
2020-06-05 13:32:01.068000,1.09597,1.09593,5060000,4690000
2020-06-05 13:32:01.119000,1.09596,1.09593,1560000,3750000
2020-06-05 13:32:01.222000,1.09595,1.09591,4390000,6370000
2020-06-05 13:32:01.273000,1.09594,1.09591,1250000,6370000
2020-06-05 13:32:01.595000,1.09593,1.0959,5120000,2250000
2020-06-05 13:32:02.892000,1.09593,1.0959,3940000,3190000
2020-06-05 13:32:02.994000,1.09593,1.09591,3000000,1500000
2020-06-05 13:32:03.196000,1.09595,1.09591,1310000,4500000
2020-06-05 13:32:03.298000,1.09596,1.09592,6620000,1000000
2020-06-05 13:32:03.400000,1.09596,1.09592,3560000,4500000
2020-06-05 13:32:03.501000,1.09596,1.09593,3560000,1250000
2020-06-05 13:32:03.837000,1.09596,1.09592,3620000,5440000
2020-06-05 13:32:03.989000,1.09596,1.09593,1250000,1870000
2020-06-05 13:32:04.090000,1.09597,1.09593,3440000,5810000
2020-06-05 13:32:04.192000,1.09597,1.09594,1250000,1500000
2020-06-05 13:32:04.344000,1.09598,1.09595,4690000,1000000
2020-06-05 13:32:04.798000,1.09597,1.09595,1250000,4500000
2020-06-05 13:32:04.950000,1.09597,1.09594,3940000,1500000
2020-06-05 13:32:05.911000,1.09597,1.09595,1250000,1000000
2020-06-05 13:32:07.124000,1.09597,1.09596,1250000,1000000
2020-06-05 13:32:07.225000,1.09599,1.09597,1250000,3000000
2020-06-05 13:32:07.326000,1.09599,1.09596,1250000,1870000
2020-06-05 13:32:07.985000,1.096,1.09597,3000000,2440000
2020-06-05 13:32:08.697000,1.096,1.09598,3000000,2060000
2020-06-05 13:32:08.950000,1.09602,1.09598,2060000,2810000
2020-06-05 13:32:09.308000,1.09602,1.09599,1250000,1870000
2020-06-05 13:32:09.562000,1.09604,1.09601,1310000,1000000
2020-06-05 13:32:10.213000,1.09604,1.09602,3000000,1000000
2020-06-05 13:32:10.314000,1.09605,1.09602,1250000,1500000
2020-06-05 13:32:10.416000,1.09606,1.09603,2500000,1500000
2020-06-05 13:32:11.608000,1.09605,1.09602,1370000,1500000
2020-06-05 13:32:11.710000,1.09604,1.09602,1370000,1000000
2020-06-05 13:32:11.963000,1.09603,1.09601,1250000,4500000
2020-06-05 13:32:12.065000,1.09604,1.09602,1370000,1000000
2020-06-05 13:32:13.186000,1.09605,1.09602,3370000,1000000
2020-06-05 13:32:13.435000,1.09603,1.09602,3000000,1000000
2020-06-05 13:32:13.536000,1.09605,1.09602,3370000,1000000
2020-06-05 13:32:13.890000,1.09603,1.09602,3000000,1000000
2020-06-05 13:32:14.042000,1.09605,1.09602,3450000,1000000
2020-06-05 13:32:14.194000,1.09604,1.09602,1370000,1000000
2020-06-05 13:32:14.566000,1.09605,1.09602,6370000,1000000
2020-06-05 13:32:15.547000,1.09604,1.09601,2060000,1250000
2020-06-05 13:32:15.874000,1.09604,1.09602,1250000,1000000
2020-06-05 13:32:15.976000,1.09605,1.09602,3940000,1250000
2020-06-05 13:32:16.077000,1.09605,1.09602,5620000,1000000
2020-06-05 13:32:16.178000,1.09604,1.09601,1310000,1690000
2020-06-05 13:32:16.280000,1.09604,1.09601,6620000,1000000
2020-06-05 13:32:16.381000,1.09603,1.096,1250000,2060000
2020-06-05 13:32:16.634000,1.09603,1.096,1000000,5870000
2020-06-05 13:32:18.434000,1.09603,1.096,1250000,4690000
2020-06-05 13:32:20.362000,1.09605,1.09601,5570000,2440000
2020-06-05 13:32:20.514000,1.09605,1.09601,4310000,6250000
2020-06-05 13:32:20.615000,1.09605,1.09603,3190000,1000000
2020-06-05 13:32:20.717000,1.09606,1.09604,1500000,2440000
2020-06-05 13:32:20.818000,1.09606,1.09604,1500000,7440000
2020-06-05 13:32:21.653000,1.09609,1.09606,1250000,2250000
2020-06-05 13:32:21.806000,1.0961,1.09606,3940000,6620000
2020-06-05 13:32:22.776000,1.09612,1.09608,2890000,1250000
2020-06-05 13:32:22.877000,1.09612,1.09609,1250000,1690000
2020-06-05 13:32:22.979000,1.09612,1.09609,1000000,2870000
2020-06-05 13:32:23.030000,1.09613,1.09611,1000000,1250000
2020-06-05 13:32:23.131000,1.09614,1.09611,3000000,3250000
2020-06-05 13:32:23.232000,1.09615,1.09612,3750000,1250000
2020-06-05 13:32:23.536000,1.09614,1.09611,1250000,5440000
2020-06-05 13:32:23.587000,1.09611,1.09609,1120000,1870000
2020-06-05 13:32:23.690000,1.0961,1.09607,1000000,5120000
2020-06-05 13:32:23.791000,1.0961,1.09607,4120000,1000000
2020-06-05 13:32:24.196000,1.0961,1.09606,4120000,6190000
2020-06-05 13:32:24.701000,1.0961,1.09606,4310000,7000000
2020-06-05 13:32:24.904000,1.0961,1.09607,1000000,5120000
2020-06-05 13:32:25.005000,1.09613,1.0961,1500000,1000000
2020-06-05 13:32:25.157000,1.09614,1.0961,2250000,4870000
2020-06-05 13:32:26.895000,1.09611,1.09609,2440000,2370000
2020-06-05 13:32:26.946000,1.09611,1.09607,2810000,6640000
2020-06-05 13:32:27.047000,1.0961,1.09607,1870000,3190000
2020-06-05 13:32:27.149000,1.0961,1.09605,6560000,5870000
2020-06-05 13:32:27.200000,1.09608,1.09605,1000000,5120000
2020-06-05 13:32:27.301000,1.09607,1.09604,1000000,3620000
2020-06-05 13:32:28.128000,1.09608,1.09604,1000000,3620000
2020-06-05 13:32:28.229000,1.09609,1.09604,1250000,4870000
2020-06-05 13:32:31.001000,1.09608,1.09605,1500000,1310000
2020-06-05 13:32:31.154000,1.09605,1.09602,1000000,3690000
2020-06-05 13:32:31.205000,1.09603,1.09601,1000000,2060000
2020-06-05 13:32:31.357000,1.09602,1.09599,1120000,1500000
2020-06-05 13:32:31.913000,1.096,1.09598,2250000,1310000
2020-06-05 13:32:32.014000,1.09599,1.09597,1870000,1250000
2020-06-05 13:32:32.065000,1.09598,1.09595,1250000,2370000
2020-06-05 13:32:32.166000,1.09599,1.09596,1000000,1690000
2020-06-05 13:32:32.369000,1.09598,1.09595,1000000,1000000
2020-06-05 13:32:32.520000,1.09599,1.09595,1310000,1500000
2020-06-05 13:32:32.824000,1.09599,1.09596,1120000,1000000
2020-06-05 13:32:33.026000,1.09598,1.09595,1000000,3750000
2020-06-05 13:32:33.127000,1.09599,1.09595,4870000,1000000
2020-06-05 13:32:33.229000,1.09599,1.09596,4500000,1000000
2020-06-05 13:32:33.381000,1.09598,1.09595,1000000,1120000
2020-06-05 13:32:33.483000,1.09599,1.09595,5440000,1120000
2020-06-05 13:32:33.788000,1.09599,1.09596,3750000,1000000
2020-06-05 13:32:33.991000,1.09601,1.09597,6950000,3000000
2020-06-05 13:32:34.194000,1.09601,1.09597,6820000,3000000
2020-06-05 13:32:34.297000,1.09602,1.09598,3750000,4500000
2020-06-05 13:32:34.500000,1.09602,1.09599,1000000,1120000
2020-06-05 13:32:35.005000,1.096,1.09596,5250000,1810000
2020-06-05 13:32:35.056000,1.096,1.09596,5250000,1000000
2020-06-05 13:32:35.308000,1.096,1.09597,3000000,1000000
2020-06-05 13:32:35.410000,1.09601,1.09597,6940000,4500000
2020-06-05 13:32:35.816000,1.09601,1.09597,6700000,4500000
2020-06-05 13:32:36.156000,1.09599,1.09597,3000000,1500000
2020-06-05 13:32:36.444000,1.09601,1.09597,5200000,1500000
2020-06-05 13:32:36.596000,1.09601,1.09597,2510000,1500000
2020-06-05 13:32:36.899000,1.096,1.09597,1500000,1000000
2020-06-05 13:32:37,1.09599,1.09596,1690000,1000000
2020-06-05 13:32:37.657000,1.096,1.09597,3000000,2620000
2020-06-05 13:32:37.708000,1.09602,1.09597,6750000,7440000
2020-06-05 13:32:39.414000,1.09603,1.096,4570000,1000000
2020-06-05 13:32:41.005000,1.09603,1.09599,1120000,2620000
2020-06-05 13:32:41.814000,1.09603,1.096,1120000,1000000
2020-06-05 13:32:41.966000,1.09602,1.096,1000000,1000000
2020-06-05 13:32:42.067000,1.09602,1.09599,1000000,1870000
2020-06-05 13:32:42.573000,1.09601,1.09599,1000000,1120000
2020-06-05 13:32:42.674000,1.09599,1.09596,1500000,2140000
2020-06-05 13:32:42.776000,1.09598,1.09596,1000000,1250000
2020-06-05 13:32:42.978000,1.09598,1.09595,1500000,1310000
2020-06-05 13:32:44.037000,1.09598,1.09597,1000000,1000000
2020-06-05 13:32:44.138000,1.096,1.09597,1000000,4120000
2020-06-05 13:32:44.240000,1.09601,1.09598,1870000,1000000
2020-06-05 13:32:44.341000,1.09601,1.09599,1000000,1120000
2020-06-05 13:32:44.756000,1.09602,1.09599,1000000,1870000
2020-06-05 13:32:45.513000,1.09602,1.096,1000000,1120000
2020-06-05 13:32:46.436000,1.09602,1.096,1000000,2120000
2020-06-05 13:32:46.771000,1.09606,1.09604,4120000,1000000
2020-06-05 13:32:46.823000,1.09608,1.09606,1120000,1500000
2020-06-05 13:32:46.974000,1.0961,1.09607,1250000,2440000
2020-06-05 13:32:47.026000,1.0961,1.09607,1250000,3120000
2020-06-05 13:32:47.178000,1.09612,1.09609,1250000,2060000
2020-06-05 13:32:47.330000,1.09612,1.0961,1500000,1250000
2020-06-05 13:32:47.482000,1.09612,1.09609,1250000,1310000
2020-06-05 13:32:47.735000,1.09611,1.09609,1000000,1250000
2020-06-05 13:32:47.837000,1.09611,1.09608,1010000,1250000
2020-06-05 13:32:47.938000,1.09609,1.09607,1000000,3940000
2020-06-05 13:32:48.040000,1.09608,1.09606,1000000,5500000
2020-06-05 13:32:48.141000,1.09608,1.09606,1000000,4690000
2020-06-05 13:32:48.293000,1.09608,1.09606,1000000,1750000
2020-06-05 13:32:48.394000,1.0961,1.09607,1000000,3940000
2020-06-05 13:32:48.749000,1.0961,1.09607,1000000,5120000
2020-06-05 13:32:49.011000,1.09611,1.09608,1500000,1310000
2020-06-05 13:32:49.113000,1.0961,1.09607,1000000,4310000
2020-06-05 13:32:50.056000,1.0961,1.09606,5620000,1250000
2020-06-05 13:32:50.208000,1.09609,1.09605,3000000,7310000
2020-06-05 13:32:51.196000,1.09609,1.09608,3000000,1000000
2020-06-05 13:32:51.247000,1.09612,1.09609,1100000,1310000
2020-06-05 13:32:51.348000,1.09614,1.09611,2470000,1690000
2020-06-05 13:32:51.450000,1.09614,1.09611,1950000,1690000
2020-06-05 13:32:51.805000,1.09614,1.09612,1000000,1250000
2020-06-05 13:32:52.174000,1.09614,1.09611,1000000,1500000
2020-06-05 13:32:52.277000,1.09615,1.09611,2320000,1500000
2020-06-05 13:32:52.480000,1.09615,1.09612,1100000,1690000
2020-06-05 13:32:52.632000,1.09615,1.09612,1000000,6620000
2020-06-05 13:32:52.733000,1.09615,1.09613,1000000,2120000
2020-06-05 13:32:53.346000,1.09617,1.09614,3450000,1250000
2020-06-05 13:32:53.599000,1.09617,1.09615,1100000,4440000
2020-06-05 13:32:53.701000,1.09618,1.09616,1950000,1250000
2020-06-05 13:32:53.953000,1.09618,1.09615,1760000,4310000
2020-06-05 13:32:54.186000,1.09618,1.09615,1570000,5120000
2020-06-05 13:32:54.541000,1.09616,1.09613,1000000,5370000
2020-06-05 13:32:54.643000,1.09616,1.09612,7010000,4120000
2020-06-05 13:32:55.100000,1.09615,1.09612,1500000,5060000
2020-06-05 13:32:55.454000,1.09616,1.09612,4500000,2810000
2020-06-05 13:32:56.542000,1.09617,1.09613,4310000,1000000
2020-06-05 13:32:56.906000,1.09617,1.09614,5810000,1000000
2020-06-05 13:32:57.058000,1.09617,1.09613,4870000,1690000
2020-06-05 13:32:59.635000,1.09617,1.09613,3620000,4870000
2020-06-05 13:32:59.787000,1.09616,1.09613,5870000,1000000
2020-06-05 13:33:00.797000,1.09615,1.09612,1250000,1000000
2020-06-05 13:33:01.192000,1.09616,1.09612,1000000,3560000
2020-06-05 13:33:01.294000,1.09617,1.09612,2810000,2810000
2020-06-05 13:33:01.406000,1.09617,1.09613,2810000,3000000
2020-06-05 13:33:01.658000,1.09616,1.09613,1500000,3000000
2020-06-05 13:33:01.709000,1.09615,1.09611,1000000,7310000
2020-06-05 13:33:02.063000,1.09615,1.09612,3000000,1000000
2020-06-05 13:33:02.164000,1.09616,1.09612,5810000,1000000
2020-06-05 13:33:02.316000,1.09615,1.09612,1000000,3000000
2020-06-05 13:33:02.619000,1.09614,1.09611,3940000,1870000
2020-06-05 13:33:03.591000,1.09612,1.0961,1000000,1000000
2020-06-05 13:33:03.692000,1.09612,1.09608,2060000,1500000
2020-06-05 13:33:03.793000,1.09613,1.0961,5810000,1000000
2020-06-05 13:33:04.046000,1.09612,1.09609,1250000,1000000
2020-06-05 13:33:04.147000,1.09612,1.09608,1250000,3560000
2020-06-05 13:33:04.249000,1.0961,1.09607,1250000,1500000
2020-06-05 13:33:04.725000,1.09609,1.09606,1690000,3370000
2020-06-05 13:33:04.826000,1.09608,1.09605,3370000,1250000
2020-06-05 13:33:04.927000,1.09608,1.09604,3560000,2060000
2020-06-05 13:33:05.383000,1.09608,1.09605,3560000,1250000
2020-06-05 13:33:05.484000,1.0961,1.09609,1100000,1000000
2020-06-05 13:33:05.536000,1.09612,1.0961,8140000,1000000
2020-06-05 13:33:05.637000,1.09613,1.09609,1690000,3120000
2020-06-05 13:33:06.581000,1.09613,1.09611,1250000,1000000
2020-06-05 13:33:07.389000,1.09611,1.09609,1000000,6110000
2020-06-05 13:33:07.491000,1.09612,1.09608,5810000,2140000
2020-06-05 13:33:07.593000,1.09614,1.09611,2970000,4500000
2020-06-05 13:33:07.997000,1.09615,1.09611,3750000,4500000
2020-06-05 13:33:08.502000,1.09615,1.09611,2810000,5060000
2020-06-05 13:33:08.603000,1.09615,1.09612,1250000,1120000
2020-06-05 13:33:09.108000,1.09615,1.09611,4690000,3940000
2020-06-05 13:33:09.412000,1.09614,1.09611,3190000,1000000
2020-06-05 13:33:10.725000,1.09615,1.09611,3560000,1120000
2020-06-05 13:33:11.147000,1.09615,1.0961,3560000,3370000
2020-06-05 13:33:12.661000,1.09612,1.09609,1250000,2920000
2020-06-05 13:33:12.895000,1.09613,1.09611,3370000,1500000
2020-06-05 13:33:12.996000,1.09613,1.09612,3000000,1000000
2020-06-05 13:33:13.603000,1.09617,1.09613,7370000,1870000
2020-06-05 13:33:13.755000,1.09617,1.09613,2060000,2060000
2020-06-05 13:33:13.958000,1.09618,1.09614,5500000,2750000
2020-06-05 13:33:14.059000,1.09621,1.09617,6310000,1000000
2020-06-05 13:33:14.161000,1.09621,1.09617,2440000,1870000
2020-06-05 13:33:14.475000,1.09621,1.09618,1690000,1000000
2020-06-05 13:33:14.577000,1.09621,1.09618,1250000,1000000
2020-06-05 13:33:14.729000,1.09621,1.09619,1250000,1000000
2020-06-05 13:33:15.389000,1.09622,1.09619,1750000,4500000
2020-06-05 13:33:15.914000,1.09624,1.09621,5060000,1250000
2020-06-05 13:33:16.588000,1.09626,1.09622,4890000,3750000
2020-06-05 13:33:16.691000,1.09626,1.09623,2620000,1000000
2020-06-05 13:33:16.944000,1.09626,1.09622,2620000,1690000
2020-06-05 13:33:18.025000,1.09626,1.09623,1000000,1000000
2020-06-05 13:33:18.177000,1.09627,1.09625,3750000,1250000
2020-06-05 13:33:18.228000,1.09627,1.09624,4690000,1120000
2020-06-05 13:33:18.607000,1.09627,1.09623,4500000,1250000
2020-06-05 13:33:18.709000,1.09626,1.09624,1000000,1000000
2020-06-05 13:33:19.185000,1.09627,1.09624,1690000,1000000
2020-06-05 13:33:19.694000,1.09627,1.09623,1250000,1000000
2020-06-05 13:33:20.195000,1.09624,1.09622,1010000,1120000
2020-06-05 13:33:20.296000,1.09623,1.09621,3000000,1000000
2020-06-05 13:33:20.398000,1.09626,1.09622,7390000,1000000
2020-06-05 13:33:21.226000,1.09626,1.09623,3370000,2250000
2020-06-05 13:33:22.275000,1.09626,1.09623,3000000,2750000
2020-06-05 13:33:23.477000,1.09626,1.09623,3000000,1000000
2020-06-05 13:33:23.629000,1.09623,1.09622,1000000,3000000
2020-06-05 13:33:23.781000,1.09623,1.0962,1000000,1120000
2020-06-05 13:33:23.883000,1.09622,1.09619,4690000,1000000
2020-06-05 13:33:23.985000,1.09622,1.09618,5500000,3750000
2020-06-05 13:33:24.441000,1.09622,1.09621,3000000,1000000
2020-06-05 13:33:24.543000,1.09624,1.09621,1000000,4700000
2020-06-05 13:33:24.644000,1.09626,1.09622,11250000,1120000
2020-06-05 13:33:25.764000,1.09626,1.09623,1870000,1250000
2020-06-05 13:33:25.865000,1.09627,1.09623,3940000,1690000
2020-06-05 13:33:25.966000,1.09627,1.09624,3750000,1250000
2020-06-05 13:33:26.473000,1.09627,1.09624,3000000,2120000
2020-06-05 13:33:26.777000,1.09631,1.09627,8620000,1690000
2020-06-05 13:33:26.879000,1.09632,1.09629,2060000,1250000
2020-06-05 13:33:27.727000,1.09633,1.09631,3750000,1250000
2020-06-05 13:33:27.929000,1.09633,1.0963,4310000,1250000
2020-06-05 13:33:28.283000,1.09632,1.0963,1000000,1250000
2020-06-05 13:33:29.429000,1.09633,1.0963,4690000,1310000
2020-06-05 13:33:29.554000,1.09633,1.09631,4500000,1250000
2020-06-05 13:33:31.026000,1.09634,1.09631,1690000,1250000
2020-06-05 13:33:31.127000,1.09633,1.09631,1000000,1250000
2020-06-05 13:33:31.683000,1.09634,1.09633,3000000,1690000
2020-06-05 13:33:31.734000,1.09636,1.09633,1000000,1690000
2020-06-05 13:33:32.038000,1.09637,1.09633,2440000,1690000
2020-06-05 13:33:32.931000,1.09638,1.09635,4500000,2440000
2020-06-05 13:33:33.032000,1.09638,1.09636,1500000,1250000
2020-06-05 13:33:35.440000,1.09639,1.09636,1870000,1250000
2020-06-05 13:33:43.523000,1.09639,1.09635,1690000,2060000
2020-06-05 13:33:44.765000,1.09639,1.09636,1870000,1250000
2020-06-05 13:33:44.867000,1.09639,1.09635,2060000,2440000
2020-06-05 13:33:46.589000,1.09639,1.09636,1500000,1250000
2020-06-05 13:33:47.406000,1.0964,1.09639,1310000,1000000
2020-06-05 13:33:47.508000,1.09644,1.0964,2750000,4690000
2020-06-05 13:33:47.610000,1.09644,1.0964,2620000,5060000
2020-06-05 13:33:50.229000,1.09644,1.09641,1000000,1000000
2020-06-05 13:33:51.768000,1.09644,1.0964,5620000,2810000
2020-06-05 13:33:51.870000,1.09643,1.0964,1000000,2870000
2020-06-05 13:33:52.855000,1.0964,1.09639,9190000,4570000
2020-06-05 13:33:52.905000,1.09634,1.09633,1000000,9190000
2020-06-05 13:33:52.956000,1.09632,1.09631,1500000,1250000
2020-06-05 13:33:53.007000,1.0963,1.09629,1000000,1250000
2020-06-05 13:33:53.109000,1.09628,1.09627,1500000,1250000
2020-06-05 13:33:53.211000,1.09629,1.09627,1120000,1240000
2020-06-05 13:33:54.132000,1.0963,1.09627,4690000,1240000
2020-06-05 13:33:54.233000,1.0963,1.09629,3000000,1250000
2020-06-05 13:33:54.362000,1.0963,1.09627,3000000,4800000
2020-06-05 13:33:55.220000,1.0963,1.09627,3190000,4310000
2020-06-05 13:33:55.372000,1.0963,1.09628,3190000,2250000
2020-06-05 13:33:55.474000,1.09631,1.09628,2440000,1690000
2020-06-05 13:33:55.575000,1.0963,1.09628,1250000,1000000
2020-06-05 13:33:56.193000,1.09631,1.09628,5440000,1250000
2020-06-05 13:33:56.395000,1.09631,1.09628,1000000,5120000
2020-06-05 13:33:56.547000,1.09631,1.09629,1000000,1250000
2020-06-05 13:33:56.713000,1.09632,1.09629,6820000,1250000
2020-06-05 13:33:57.953000,1.09635,1.09634,1500000,1500000
2020-06-05 13:33:58.003000,1.09637,1.09634,3410000,1500000
2020-06-05 13:33:58.105000,1.09637,1.09634,1250000,2620000
2020-06-05 13:33:58.257000,1.09638,1.09637,1250000,1000000
2020-06-05 13:33:58.308000,1.0964,1.09638,1250000,4250000
2020-06-05 13:33:58.358000,1.09643,1.0964,2060000,1310000
2020-06-05 13:33:58.510000,1.09643,1.0964,1200000,3370000
2020-06-05 13:33:58.797000,1.09643,1.09641,1000000,1370000
2020-06-05 13:33:58.898000,1.09644,1.09641,1950000,1370000
2020-06-05 13:33:59.101000,1.09645,1.09641,3640000,2870000
2020-06-05 13:33:59.202000,1.09645,1.09642,1000000,3070000
2020-06-05 13:33:59.303000,1.09646,1.09643,4760000,1310000
2020-06-05 13:33:59.405000,1.09648,1.09644,5890000,4320000
2020-06-05 13:33:59.506000,1.09648,1.09645,1500000,1250000
2020-06-05 13:33:59.609000,1.09649,1.09645,1250000,5440000
2020-06-05 13:33:59.712000,1.09648,1.09646,1000000,3560000
2020-06-05 13:33:59.764000,1.09647,1.09644,1250000,1310000
2020-06-05 13:33:59.867000,1.09646,1.09643,3940000,1690000
2020-06-05 13:34:00.070000,1.09646,1.09642,3620000,3940000
2020-06-05 13:34:00.886000,1.09645,1.09642,3000000,1250000
2020-06-05 13:34:01.139000,1.09645,1.09641,1690000,1750000
2020-06-05 13:34:01.241000,1.09644,1.09641,1500000,1250000
2020-06-05 13:34:01.393000,1.09643,1.09641,1000000,1250000
2020-06-05 13:34:01.494000,1.09644,1.09641,2250000,1250000
2020-06-05 13:34:02.380000,1.09645,1.09642,2060000,1250000
2020-06-05 13:34:02.537000,1.09645,1.09642,1000000,1750000
2020-06-05 13:34:02.942000,1.09646,1.09642,7310000,1750000
2020-06-05 13:34:03.044000,1.09645,1.09642,1000000,1750000
2020-06-05 13:34:03.208000,1.09646,1.09642,6260000,2120000
2020-06-05 13:34:03.511000,1.09646,1.09643,3750000,1500000
2020-06-05 13:34:04.067000,1.09646,1.09643,3750000,1200000
2020-06-05 13:34:04.169000,1.09646,1.09642,2250000,1690000
2020-06-05 13:34:04.321000,1.09645,1.09641,2250000,2140000
2020-06-05 13:34:04.422000,1.09644,1.0964,1750000,1200000
2020-06-05 13:34:04.676000,1.09644,1.0964,1250000,1390000
2020-06-05 13:34:04.777000,1.09644,1.0964,1000000,3700000
2020-06-05 13:34:04.878000,1.09646,1.09643,5620000,1250000
2020-06-05 13:34:06.394000,1.09647,1.09646,3000000,1000000
2020-06-05 13:34:06.445000,1.09651,1.09647,1500000,4460000
2020-06-05 13:34:06.546000,1.09652,1.0965,1250000,1200000
2020-06-05 13:34:06.597000,1.09654,1.09652,1310000,1500000
2020-06-05 13:34:06.698000,1.09656,1.09654,1250000,1120000
2020-06-05 13:34:06.749000,1.09658,1.09655,1870000,1370000
2020-06-05 13:34:06.851000,1.09658,1.09654,4760000,1370000
2020-06-05 13:34:06.952000,1.09657,1.09654,1500000,1250000
2020-06-05 13:34:07.003000,1.09657,1.09652,1000000,6010000
2020-06-05 13:34:07.105000,1.09657,1.09652,1000000,4390000
2020-06-05 13:34:07.207000,1.09656,1.09652,1250000,3260000
2020-06-05 13:34:07.510000,1.09655,1.09651,2250000,2200000
2020-06-05 13:34:07.612000,1.09655,1.09651,1500000,1000000
2020-06-05 13:34:07.713000,1.09655,1.0965,2250000,4010000
2020-06-05 13:34:07.814000,1.09655,1.09651,2250000,1250000
2020-06-05 13:34:07.915000,1.09654,1.0965,3000000,1350000
2020-06-05 13:34:08.017000,1.09651,1.09649,1000000,1950000
2020-06-05 13:34:08.118000,1.09651,1.09647,4120000,5510000
2020-06-05 13:34:08.976000,1.0965,1.09647,1000000,4390000
2020-06-05 13:34:09.078000,1.09649,1.09646,3000000,2120000
2020-06-05 13:34:11.468000,1.09649,1.09645,3000000,3860000
2020-06-05 13:34:11.721000,1.09649,1.09646,3000000,1000000
2020-06-05 13:34:11.924000,1.0965,1.09646,2250000,4500000
2020-06-05 13:34:12.025000,1.0965,1.09646,1000000,2750000
2020-06-05 13:34:12.127000,1.0965,1.09647,1000000,2870000
2020-06-05 13:34:12.229000,1.0965,1.09646,3750000,8320000
2020-06-05 13:34:12.331000,1.0965,1.09646,3750000,4690000
2020-06-05 13:34:12.584000,1.09649,1.09646,1000000,1690000
2020-06-05 13:34:12.787000,1.09651,1.09647,5890000,1000000
2020-06-05 13:34:12.889000,1.09652,1.09648,1500000,3940000
2020-06-05 13:34:13.143000,1.09651,1.09647,1500000,1810000
2020-06-05 13:34:13.245000,1.09651,1.09647,1500000,1310000
2020-06-05 13:34:13.449000,1.0965,1.09646,1000000,6760000
2020-06-05 13:34:13.853000,1.09651,1.09647,4390000,1000000
2020-06-05 13:34:13.955000,1.09653,1.09649,5440000,1000000
2020-06-05 13:34:14.056000,1.09653,1.09651,1690000,1000000
2020-06-05 13:34:14.157000,1.09652,1.09649,1500000,1120000
2020-06-05 13:34:14.617000,1.09652,1.09648,2250000,4310000
2020-06-05 13:34:15.336000,1.09651,1.09648,1000000,4310000
2020-06-05 13:34:15.438000,1.0965,1.09648,1000000,4310000
2020-06-05 13:34:16.462000,1.09649,1.09646,1000000,7140000
2020-06-05 13:34:16.564000,1.09649,1.09646,1000000,3370000
2020-06-05 13:34:16.936000,1.09648,1.09646,1000000,3370000
2020-06-05 13:34:17.672000,1.09649,1.09645,3750000,7200000
2020-06-05 13:34:17.824000,1.09649,1.09645,1000000,7570000
2020-06-05 13:34:17.925000,1.09651,1.09646,5440000,4440000
2020-06-05 13:34:18.027000,1.0965,1.09647,1000000,3000000
2020-06-05 13:34:18.178000,1.0965,1.09646,1000000,4310000
2020-06-05 13:34:18.431000,1.09651,1.09646,4760000,4310000
2020-06-05 13:34:18.533000,1.0965,1.09646,1000000,5560000
2020-06-05 13:34:18.788000,1.09649,1.09646,1000000,4310000
2020-06-05 13:34:19.396000,1.09647,1.09643,1000000,6370000
2020-06-05 13:34:19.447000,1.09646,1.09641,5250000,8140000
2020-06-05 13:34:19.548000,1.09644,1.09641,3000000,2570000
2020-06-05 13:34:19.649000,1.09645,1.09641,1500000,2570000
2020-06-05 13:34:20.054000,1.09645,1.09642,1000000,1250000
2020-06-05 13:34:20.105000,1.09645,1.09641,1000000,5250000
2020-06-05 13:34:20.459000,1.09645,1.09641,1000000,2190000
2020-06-05 13:34:20.715000,1.09642,1.09639,1000000,4320000
2020-06-05 13:34:20.766000,1.09642,1.09639,1000000,2890000
2020-06-05 13:34:21.122000,1.09639,1.09636,1000000,2660000
2020-06-05 13:34:21.173000,1.09638,1.09635,1000000,2060000
2020-06-05 13:34:21.528000,1.09638,1.09636,3750000,1250000
2020-06-05 13:34:21.731000,1.09637,1.09636,1000000,1250000
2020-06-05 13:34:21.883000,1.09636,1.09635,1000000,1250000
2020-06-05 13:34:22.186000,1.09636,1.09635,1000000,1250000
2020-06-05 13:34:23.416000,1.09634,1.09632,1250000,1200000
2020-06-05 13:34:23.518000,1.09633,1.09631,1000000,1000000
2020-06-05 13:34:23.973000,1.09634,1.09631,1000000,4310000
2020-06-05 13:34:24.227000,1.09635,1.09632,3750000,1310000
2020-06-05 13:34:24.278000,1.09637,1.09633,5140000,1120000
2020-06-05 13:34:24.329000,1.09635,1.09633,3000000,1100000
2020-06-05 13:34:24.531000,1.09635,1.09631,4500000,1620000
2020-06-05 13:34:25.291000,1.09634,1.09631,2440000,3000000
2020-06-05 13:34:25.392000,1.09631,1.09629,1500000,3370000
2020-06-05 13:34:25.443000,1.09631,1.09627,4690000,1870000
2020-06-05 13:34:25.696000,1.0963,1.09627,1000000,3300000
2020-06-05 13:34:25.798000,1.09629,1.09625,1500000,4950000
2020-06-05 13:34:25.899000,1.09627,1.09624,1000000,1760000
2020-06-05 13:34:26.001000,1.09625,1.09622,3750000,1250000
2020-06-05 13:34:26.833000,1.09627,1.09624,7250000,1000000
2020-06-05 13:34:26.934000,1.09628,1.09625,1000000,2440000
2020-06-05 13:34:27.036000,1.09627,1.09624,3750000,1000000
2020-06-05 13:34:27.138000,1.09627,1.09624,4750000,1000000
2020-06-05 13:34:27.291000,1.09626,1.09622,1250000,5370000
2020-06-05 13:34:27.544000,1.09625,1.09621,1250000,2490000
2020-06-05 13:34:28.474000,1.09627,1.09623,2060000,2510000
2020-06-05 13:34:29.080000,1.09627,1.09623,1870000,2120000
2020-06-05 13:34:30.106000,1.09627,1.09622,1690000,3820000
2020-06-05 13:34:30.460000,1.09628,1.09626,1570000,1000000
2020-06-05 13:34:30.562000,1.09629,1.09626,1000000,5060000
2020-06-05 13:34:30.663000,1.09631,1.09628,1500000,2060000
2020-06-05 13:34:31.120000,1.09631,1.09628,1000000,5060000
2020-06-05 13:34:32.980000,1.09632,1.09628,2060000,4310000
2020-06-05 13:34:33.082000,1.09632,1.09629,1000000,3560000
2020-06-05 13:34:33.335000,1.09631,1.09628,1000000,2620000
2020-06-05 13:34:34.051000,1.09631,1.09628,1000000,4310000
2020-06-05 13:34:35.633000,1.09632,1.09628,2060000,4310000
2020-06-05 13:34:35.762000,1.09632,1.09629,1120000,1250000
2020-06-05 13:34:35.863000,1.09633,1.09629,2060000,4310000
2020-06-05 13:34:36.673000,1.09632,1.09629,1000000,3940000
2020-06-05 13:34:36.776000,1.09625,1.09623,1000000,5140000
2020-06-05 13:34:36.878000,1.09624,1.09621,2060000,1250000
2020-06-05 13:34:36.981000,1.09623,1.09621,1500000,1250000
2020-06-05 13:34:37.082000,1.09623,1.09619,2190000,2500000
2020-06-05 13:34:37.234000,1.09622,1.09618,2810000,1250000
2020-06-05 13:34:37.740000,1.09621,1.09618,1250000,1000000
2020-06-05 13:34:37.892000,1.09621,1.09617,1250000,2890000
2020-06-05 13:34:37.993000,1.09622,1.09618,3190000,1250000
2020-06-05 13:34:38.196000,1.09621,1.09617,1250000,2890000
2020-06-05 13:34:38.348000,1.09621,1.09618,1250000,3000000
2020-06-05 13:34:38.796000,1.09622,1.09618,3190000,3000000
2020-06-05 13:34:39.726000,1.09621,1.09617,1000000,2560000
2020-06-05 13:34:39.828000,1.0962,1.09616,3750000,2000000
2020-06-05 13:34:39.929000,1.0962,1.09616,1500000,1870000
2020-06-05 13:34:40.943000,1.09618,1.09615,1000000,1200000
2020-06-05 13:34:41.044000,1.09618,1.09614,2000000,1000000
2020-06-05 13:34:41.146000,1.09616,1.09613,1000000,3370000
2020-06-05 13:34:41.453000,1.09617,1.09613,3000000,4120000
2020-06-05 13:34:41.655000,1.09616,1.09613,1250000,4120000
2020-06-05 13:34:41.807000,1.09617,1.09613,1370000,4870000
2020-06-05 13:34:42.211000,1.09616,1.09612,4750000,3200000
2020-06-05 13:34:42.515000,1.09616,1.09613,1250000,1870000
2020-06-05 13:34:42.616000,1.09616,1.09614,1250000,1500000
2020-06-05 13:34:42.718000,1.09618,1.09615,1690000,1570000
2020-06-05 13:34:44.983000,1.09619,1.09616,1690000,1500000
2020-06-05 13:34:45.085000,1.09619,1.09617,1250000,1120000
2020-06-05 13:34:46.045000,1.09619,1.09616,1250000,1870000
2020-06-05 13:34:46.197000,1.09616,1.09614,1000000,1570000
2020-06-05 13:34:46.298000,1.09615,1.09611,2440000,1870000
2020-06-05 13:34:46.501000,1.09615,1.09613,1690000,1000000
2020-06-05 13:34:46.602000,1.09616,1.09613,2060000,1000000
2020-06-05 13:34:47.359000,1.09615,1.09611,1690000,6260000
2020-06-05 13:34:47.461000,1.09614,1.0961,1310000,1690000
2020-06-05 13:34:47.570000,1.09613,1.0961,1000000,1250000
2020-06-05 13:34:47.672000,1.09612,1.09609,1250000,2620000
2020-06-05 13:34:47.773000,1.09611,1.09609,1690000,1000000
2020-06-05 13:34:47.824000,1.09609,1.09608,1690000,1000000
2020-06-05 13:34:47.925000,1.09608,1.09606,1250000,1000000
2020-06-05 13:34:48.128000,1.09608,1.09603,2890000,7970000
2020-06-05 13:34:48.179000,1.09606,1.09603,1000000,4220000
2020-06-05 13:34:48.331000,1.09606,1.09603,1000000,1870000
2020-06-05 13:34:48.744000,1.09608,1.09604,7510000,1000000
2020-06-05 13:34:48.998000,1.09608,1.09603,7510000,1120000
2020-06-05 13:34:49.151000,1.09608,1.09603,2810000,2000000
2020-06-05 13:34:49.252000,1.09606,1.09603,1250000,1500000
2020-06-05 13:34:50.137000,1.09606,1.09603,1250000,1420000
2020-06-05 13:34:51.524000,1.09607,1.09603,2060000,5810000
2020-06-05 13:34:51.777000,1.09607,1.09603,1690000,7140000
2020-06-05 13:34:52.182000,1.09606,1.09602,1690000,3290000
2020-06-05 13:34:52.283000,1.09605,1.09602,1250000,1870000
2020-06-05 13:34:52.810000,1.09606,1.09602,5440000,2140000
2020-06-05 13:34:52.911000,1.09606,1.09604,1000000,1120000
2020-06-05 13:34:53.013000,1.09607,1.09604,1690000,4120000
2020-06-05 13:34:54.534000,1.09606,1.09603,1690000,1420000
2020-06-05 13:34:55.164000,1.09606,1.09604,1250000,3000000
2020-06-05 13:34:55.367000,1.09606,1.09603,1690000,1500000
2020-06-05 13:34:57.355000,1.09606,1.09604,1000000,1000000
2020-06-05 13:34:57.406000,1.09608,1.09604,2060000,4500000
2020-06-05 13:34:58.012000,1.0961,1.09609,3000000,1000000
2020-06-05 13:34:58.113000,1.09612,1.09609,1000000,6310000
2020-06-05 13:34:58.417000,1.09612,1.0961,1000000,2940000
2020-06-05 13:34:58.468000,1.09614,1.09611,3000000,3310000
2020-06-05 13:34:58.880000,1.09615,1.09613,3000000,1250000
2020-06-05 13:34:58.982000,1.09614,1.09612,3000000,1390000
2020-06-05 13:34:59.135000,1.09615,1.09612,1000000,2870000
2020-06-05 13:34:59.236000,1.09617,1.09613,2870000,1250000
2020-06-05 13:34:59.388000,1.09616,1.09611,2500000,3370000
2020-06-05 13:34:59.640000,1.09616,1.09612,2060000,2120000
2020-06-05 13:34:59.792000,1.09616,1.09613,2120000,3000000
2020-06-05 13:34:59.894000,1.09615,1.09612,1750000,3750000
2020-06-05 13:35:00.046000,1.09615,1.09611,1750000,2440000
2020-06-05 13:35:00.147000,1.09615,1.09612,1750000,3000000
2020-06-05 13:35:00.299000,1.09615,1.09612,1250000,4500000
2020-06-05 13:35:01.159000,1.09616,1.09614,1250000,1500000
2020-06-05 13:35:01.260000,1.09617,1.09614,1690000,1870000
2020-06-05 13:35:01.367000,1.09616,1.09614,1250000,1870000
2020-06-05 13:35:01.418000,1.09618,1.09615,1690000,1200000
2020-06-05 13:35:01.569000,1.09617,1.09615,1000000,1120000
2020-06-05 13:35:01.823000,1.09617,1.09614,1690000,1000000
2020-06-05 13:35:01.924000,1.09617,1.09613,1690000,2890000
2020-06-05 13:35:02.228000,1.09616,1.09613,1000000,2810000
2020-06-05 13:35:02.379000,1.09614,1.09612,1000000,1250000
2020-06-05 13:35:02.430000,1.09614,1.09611,3750000,2060000
2020-06-05 13:35:02.531000,1.09613,1.09611,1000000,2060000
2020-06-05 13:35:03.188000,1.09613,1.0961,1250000,5060000
2020-06-05 13:35:03.289000,1.09612,1.0961,1000000,4310000
2020-06-05 13:35:03.491000,1.09612,1.0961,1000000,1370000
2020-06-05 13:35:04.603000,1.09613,1.0961,1000000,1250000
2020-06-05 13:35:05.310000,1.09615,1.09611,2890000,2120000
2020-06-05 13:35:06.017000,1.09616,1.09612,5890000,2120000
2020-06-05 13:35:06.573000,1.09615,1.09612,1000000,5870000
2020-06-05 13:35:06.624000,1.09618,1.09616,1000000,2810000
2020-06-05 13:35:06.675000,1.09622,1.09619,5140000,1250000
2020-06-05 13:35:06.777000,1.09621,1.09618,1500000,2120000
2020-06-05 13:35:06.878000,1.09621,1.09618,1690000,1310000
2020-06-05 13:35:07.182000,1.09622,1.09619,1000000,1250000
2020-06-05 13:35:07.696000,1.0962,1.09619,1000000,1250000
2020-06-05 13:35:07.747000,1.0962,1.09617,1250000,1690000
2020-06-05 13:35:09.334000,1.09621,1.09617,5140000,1310000
2020-06-05 13:35:09.789000,1.09621,1.09618,4010000,1000000
2020-06-05 13:35:10.951000,1.0962,1.09617,2890000,1000000
2020-06-05 13:35:11.052000,1.0962,1.09616,3320000,5620000
2020-06-05 13:35:11.204000,1.0962,1.09618,1570000,1000000
2020-06-05 13:35:11.306000,1.09621,1.09618,1120000,1000000
2020-06-05 13:35:12.266000,1.09622,1.09618,6070000,1000000
2020-06-05 13:35:13.034000,1.0962,1.09617,1250000,1000000
2020-06-05 13:35:13.492000,1.09619,1.09616,1000000,1500000
2020-06-05 13:35:13.594000,1.0962,1.09618,1760000,1000000
2020-06-05 13:35:13.646000,1.0962,1.09616,5320000,1690000
2020-06-05 13:35:13.898000,1.09619,1.09616,1000000,1000000
2020-06-05 13:35:14.050000,1.09616,1.09614,1000000,8370000
2020-06-05 13:35:14.152000,1.09615,1.09614,1310000,3000000
2020-06-05 13:35:14.253000,1.09615,1.09613,1310000,1870000
2020-06-05 13:35:14.355000,1.09617,1.09614,1350000,1500000
2020-06-05 13:35:14.456000,1.09618,1.09614,5510000,1000000
2020-06-05 13:35:14.557000,1.09618,1.09615,5510000,1000000
2020-06-05 13:35:14.659000,1.0962,1.09618,3370000,1000000
2020-06-05 13:35:14.761000,1.09621,1.09617,2890000,1870000
2020-06-05 13:35:15.166000,1.09621,1.09617,3660000,1120000
2020-06-05 13:35:15.267000,1.09621,1.09618,3290000,1000000
2020-06-05 13:35:15.368000,1.09621,1.09618,2440000,1000000
2020-06-05 13:35:15.470000,1.09622,1.09619,2060000,1000000
2020-06-05 13:35:16.989000,1.09622,1.09618,2060000,3750000
2020-06-05 13:35:17.140000,1.09622,1.09617,5060000,3940000
2020-06-05 13:35:17.242000,1.09623,1.09622,1390000,1690000
2020-06-05 13:35:17.343000,1.09626,1.09622,2910000,3750000
2020-06-05 13:35:17.445000,1.09626,1.09622,1760000,4120000
2020-06-05 13:35:17.635000,1.09626,1.09621,7510000,2810000
2020-06-05 13:35:18.242000,1.09624,1.09621,3000000,1250000
2020-06-05 13:35:18.496000,1.09625,1.09621,7390000,1250000
2020-06-05 13:35:18.648000,1.09622,1.09621,2440000,1000000
2020-06-05 13:35:18.698000,1.09622,1.09619,2250000,2620000
2020-06-05 13:35:18.800000,1.09621,1.09619,2260000,1000000
2020-06-05 13:35:18.953000,1.09622,1.09619,2560000,1000000
2020-06-05 13:35:19.054000,1.09623,1.0962,1810000,1000000
2020-06-05 13:35:19.156000,1.09624,1.0962,6070000,1750000
2020-06-05 13:35:19.258000,1.09623,1.0962,1870000,1750000
2020-06-05 13:35:19.361000,1.09621,1.09619,1120000,4500000
2020-06-05 13:35:19.565000,1.0962,1.09619,1250000,1000000
2020-06-05 13:35:19.667000,1.0962,1.09618,1250000,3750000
2020-06-05 13:35:20.122000,1.09619,1.09616,1000000,4310000
2020-06-05 13:35:20.223000,1.09618,1.09616,1120000,1250000
2020-06-05 13:35:20.325000,1.09618,1.09615,4120000,1690000
2020-06-05 13:35:21.884000,1.09618,1.09614,6320000,1250000
2020-06-05 13:35:23.497000,1.09616,1.09613,1250000,3190000
2020-06-05 13:35:23.702000,1.09616,1.09612,2120000,4690000
2020-06-05 13:35:24.061000,1.09616,1.09613,1370000,1000000
2020-06-05 13:35:24.162000,1.09617,1.09613,3000000,1250000
2020-06-05 13:35:25.055000,1.09616,1.09612,2200000,5060000
2020-06-05 13:35:27.901000,1.09616,1.09613,1250000,1250000
2020-06-05 13:35:27.952000,1.09618,1.09615,1870000,1690000
2020-06-05 13:35:28.053000,1.09619,1.09616,2060000,1000000
2020-06-05 13:35:29.012000,1.0962,1.09616,2810000,4870000
2020-06-05 13:35:29.668000,1.0962,1.09617,1310000,1000000
2020-06-05 13:35:30.484000,1.09619,1.09617,1120000,1000000
2020-06-05 13:35:30.535000,1.09615,1.09613,1000000,14210000
2020-06-05 13:35:30.637000,1.09616,1.09612,6870000,2060000
2020-06-05 13:35:30.738000,1.09615,1.09611,1000000,5440000
2020-06-05 13:35:30.840000,1.09611,1.0961,1120000,1120000
2020-06-05 13:35:30.891000,1.09611,1.09608,2560000,1690000
2020-06-05 13:35:31.859000,1.09609,1.09607,1570000,1250000
2020-06-05 13:35:31.961000,1.09609,1.09607,4570000,1250000
2020-06-05 13:35:32.163000,1.09607,1.09603,2940000,4000000
2020-06-05 13:35:32.315000,1.09606,1.09603,1310000,3000000
2020-06-05 13:35:32.593000,1.09605,1.09603,1310000,3000000
2020-06-05 13:35:32.847000,1.09606,1.09603,2810000,3750000
2020-06-05 13:35:32.998000,1.09607,1.09604,1310000,1000000
2020-06-05 13:35:33.291000,1.09606,1.09603,3190000,3370000
2020-06-05 13:35:33.342000,1.09604,1.09602,1000000,1000000
2020-06-05 13:35:33.393000,1.09603,1.096,3000000,2060000
2020-06-05 13:35:33.502000,1.09604,1.096,1870000,5810000
2020-06-05 13:35:35.091000,1.09605,1.09601,6560000,1000000
2020-06-05 13:35:35.194000,1.09605,1.09602,3000000,3000000
2020-06-05 13:35:35.244000,1.09606,1.09604,1310000,1000000
2020-06-05 13:35:35.400000,1.09607,1.09604,2810000,1000000
2020-06-05 13:35:36.753000,1.09608,1.09605,5560000,1000000
2020-06-05 13:35:36.905000,1.09608,1.09605,3750000,1000000
2020-06-05 13:35:38.718000,1.09609,1.09606,5140000,1000000
2020-06-05 13:35:38.820000,1.09612,1.09611,1250000,3750000
2020-06-05 13:35:39.175000,1.09613,1.09612,1250000,1000000
2020-06-05 13:35:39.277000,1.09613,1.09612,1250000,1000000
2020-06-05 13:35:39.530000,1.09612,1.0961,1250000,1000000
2020-06-05 13:35:39.581000,1.09615,1.09613,1600000,1000000
2020-06-05 13:35:39.632000,1.09617,1.09615,1390000,1000000
2020-06-05 13:35:40.550000,1.09618,1.09615,6190000,1000000
2020-06-05 13:35:40.652000,1.09617,1.09614,2810000,1000000
2020-06-05 13:35:44.079000,1.09618,1.09615,6010000,1000000
2020-06-05 13:35:44.181000,1.09619,1.09616,2060000,1000000
2020-06-05 13:35:44.283000,1.09618,1.09615,1690000,1120000
2020-06-05 13:35:44.334000,1.09618,1.09613,2940000,4310000
2020-06-05 13:35:44.436000,1.09617,1.09614,3370000,1000000
2020-06-05 13:35:46.847000,1.09619,1.09617,5160000,1000000
2020-06-05 13:35:46.948000,1.09619,1.09617,1690000,1000000
2020-06-05 13:35:49.041000,1.09619,1.09616,1870000,4690000
2020-06-05 13:35:49.143000,1.09619,1.09615,8350000,3750000
2020-06-05 13:35:49.194000,1.09618,1.09613,5620000,6190000
2020-06-05 13:35:49.396000,1.09617,1.09613,2560000,3940000
2020-06-05 13:35:50.507000,1.09615,1.09612,1690000,4870000
2020-06-05 13:35:50.609000,1.09613,1.0961,5250000,3310000
2020-06-05 13:35:50.710000,1.09611,1.0961,1120000,1310000
2020-06-05 13:35:50.963000,1.09612,1.09608,1620000,3000000
2020-06-05 13:35:51.674000,1.09612,1.09608,4120000,2620000
2020-06-05 13:35:52.654000,1.09612,1.09609,1120000,1250000
2020-06-05 13:35:52.705000,1.09613,1.09611,1310000,3000000
2020-06-05 13:35:52.806000,1.09614,1.09611,1250000,3000000
2020-06-05 13:35:53.468000,1.09615,1.09612,1250000,1120000
2020-06-05 13:35:53.822000,1.09616,1.09612,4310000,5440000
2020-06-05 13:35:54.555000,1.09616,1.09613,4310000,1000000
2020-06-05 13:35:54.910000,1.09617,1.09613,2060000,2890000
2020-06-05 13:35:55.218000,1.09618,1.09614,3700000,1870000
2020-06-05 13:35:55.320000,1.09617,1.09613,2120000,3190000
2020-06-05 13:35:55.620000,1.09617,1.09613,1120000,6700000
2020-06-05 13:35:56.277000,1.09618,1.09614,3640000,1310000
2020-06-05 13:35:56.529000,1.09618,1.09615,5620000,1250000
2020-06-05 13:35:58.018000,1.09617,1.09614,2870000,1500000
2020-06-05 13:35:58.119000,1.09612,1.09611,3370000,1310000
2020-06-05 13:35:58.170000,1.0961,1.09609,2810000,1870000
2020-06-05 13:35:58.323000,1.0961,1.09608,2060000,1500000
2020-06-05 13:35:58.424000,1.09611,1.09609,3370000,1500000
2020-06-05 13:35:58.526000,1.09615,1.09611,2140000,54750000
2020-06-05 13:35:58.627000,1.09615,1.09612,1250000,1500000
2020-06-05 13:35:58.729000,1.09617,1.09612,18639999,54070000
2020-06-05 13:35:58.831000,1.09616,1.09611,22500000,59259998
2020-06-05 13:35:59.035000,1.09615,1.09613,1000000,1000000
2020-06-05 13:35:59.237000,1.09615,1.09612,48619999,1000000
2020-06-05 13:35:59.339000,1.09615,1.09611,52500000,2820000
2020-06-05 13:35:59.840000,1.09616,1.09611,3560000,4320000
2020-06-05 13:36:02.106000,1.09615,1.09611,1000000,4890000
2020-06-05 13:36:02.157000,1.09611,1.09609,1000000,4810000
2020-06-05 13:36:02.258000,1.09611,1.09609,1000000,4870000
2020-06-05 13:36:03.730000,1.09609,1.09607,3000000,1120000
2020-06-05 13:36:03.832000,1.0961,1.09608,1000000,1000000
2020-06-05 13:36:03.934000,1.09611,1.09608,4200000,1000000
2020-06-05 13:36:05.027000,1.0961,1.09608,3000000,1000000
2020-06-05 13:36:05.337000,1.0961,1.09607,3000000,1250000
2020-06-05 13:36:06.013000,1.09611,1.09607,2440000,1690000
2020-06-05 13:36:07.447000,1.09612,1.09609,1870000,1250000
2020-06-05 13:36:07.549000,1.09614,1.09611,1690000,1100000
2020-06-05 13:36:09.010000,1.09615,1.09613,3000000,1000000
2020-06-05 13:36:09.162000,1.09616,1.09613,5060000,1000000
2020-06-05 13:36:10.760000,1.09616,1.09615,3370000,1000000
2020-06-05 13:36:10.811000,1.09619,1.09616,7070000,1120000
2020-06-05 13:36:10.912000,1.09619,1.09616,1250000,4310000
2020-06-05 13:36:11.127000,1.09618,1.09616,1000000,1000000
2020-06-05 13:36:11.229000,1.09617,1.09614,1690000,1870000
2020-06-05 13:36:11.330000,1.09618,1.09615,2810000,4500000
2020-06-05 13:36:11.432000,1.09617,1.09615,1000000,1000000
2020-06-05 13:36:11.533000,1.09618,1.09615,5810000,1000000
2020-06-05 13:36:11.635000,1.09618,1.09616,5810000,1000000
2020-06-05 13:36:11.862000,1.0962,1.09618,1250000,1000000
2020-06-05 13:36:11.963000,1.0962,1.09618,1250000,1000000
2020-06-05 13:36:12.064000,1.0962,1.09618,1750000,1000000
2020-06-05 13:36:12.268000,1.0962,1.09617,2120000,1000000
2020-06-05 13:36:12.976000,1.09621,1.09617,2560000,1000000
2020-06-05 13:36:13.947000,1.0962,1.09617,2250000,1000000
2020-06-05 13:36:16.849000,1.09619,1.09615,4370000,2810000
2020-06-05 13:36:16.951000,1.09618,1.09616,5060000,1000000
2020-06-05 13:36:17.052000,1.09618,1.09615,7600000,1000000
2020-06-05 13:36:17.727000,1.09616,1.09613,1000000,1870000
2020-06-05 13:36:17.829000,1.09615,1.09613,2440000,1000000
2020-06-05 13:36:17.879000,1.09613,1.09611,1000000,1000000
2020-06-05 13:36:18.031000,1.09614,1.09612,2560000,1000000
2020-06-05 13:36:18.234000,1.09614,1.09612,5060000,1000000
2020-06-05 13:36:19.049000,1.09615,1.09613,3940000,1000000
2020-06-05 13:36:19.150000,1.09617,1.09613,7010000,1120000
2020-06-05 13:36:19.909000,1.09616,1.09613,1000000,1120000
2020-06-05 13:36:20.948000,1.09617,1.09613,5810000,1500000
2020-06-05 13:36:21.403000,1.09618,1.09616,1810000,1000000
2020-06-05 13:36:21.454000,1.09619,1.09617,2140000,1000000
2020-06-05 13:36:21.556000,1.0962,1.09616,4390000,3750000
2020-06-05 13:36:22.062000,1.0962,1.09618,1310000,1000000
2020-06-05 13:36:22.417000,1.0962,1.09616,2870000,4870000
2020-06-05 13:36:22.518000,1.09619,1.09617,1250000,1000000
2020-06-05 13:36:22.721000,1.09619,1.09616,1500000,4690000
2020-06-05 13:36:23.125000,1.09618,1.09615,1250000,3750000
2020-06-05 13:36:23.227000,1.09618,1.09616,1250000,1000000
2020-06-05 13:36:23.531000,1.09619,1.09616,2060000,1000000
2020-06-05 13:36:23.937000,1.09619,1.09617,2190000,1000000
2020-06-05 13:36:24.039000,1.09619,1.09616,2060000,1000000
2020-06-05 13:36:27.686000,1.09619,1.09617,1310000,1000000
2020-06-05 13:36:27.787000,1.09622,1.09618,5290000,1690000
2020-06-05 13:36:27.838000,1.09622,1.09619,1000000,5500000
2020-06-05 13:36:27.889000,1.09624,1.0962,4450000,4310000
2020-06-05 13:36:27.991000,1.09625,1.09623,1450000,4500000
2020-06-05 13:36:28.094000,1.09625,1.09624,1250000,1000000
2020-06-05 13:36:28.196000,1.09625,1.09624,1250000,1500000
2020-06-05 13:36:28.308000,1.09626,1.09625,1250000,1000000
2020-06-05 13:36:28.611000,1.09625,1.09624,1250000,1500000
2020-06-05 13:36:28.712000,1.09627,1.09624,1250000,1120000
2020-06-05 13:36:29.403000,1.09627,1.09623,3940000,5190000
2020-06-05 13:36:29.505000,1.09626,1.09623,5060000,1000000
2020-06-05 13:36:29.860000,1.09626,1.09624,1120000,1000000
2020-06-05 13:36:29.961000,1.09627,1.09624,1690000,1500000
2020-06-05 13:36:30.978000,1.09626,1.09623,1120000,4690000
2020-06-05 13:36:31.231000,1.09625,1.09622,1250000,4120000
2020-06-05 13:36:32.066000,1.09626,1.09622,3560000,3750000
2020-06-05 13:36:32.167000,1.09626,1.09623,1870000,1000000
2020-06-05 13:36:32.370000,1.09627,1.09623,5620000,2810000
2020-06-05 13:36:32.572000,1.09626,1.09623,1500000,4310000
2020-06-05 13:36:32.673000,1.09623,1.09621,1000000,1120000
2020-06-05 13:36:33.561000,1.09624,1.09621,1870000,1500000
2020-06-05 13:36:33.815000,1.09624,1.09623,1120000,1000000
2020-06-05 13:36:33.865000,1.09624,1.09621,2060000,3750000
2020-06-05 13:36:35.015000,1.09623,1.09621,1250000,3000000
2020-06-05 13:36:35.167000,1.09623,1.09622,1250000,1000000
2020-06-05 13:36:35.269000,1.09624,1.09621,1310000,3940000
2020-06-05 13:36:35.370000,1.09624,1.09621,2870000,3750000
2020-06-05 13:36:37.778000,1.09624,1.09621,1250000,1100000
2020-06-05 13:36:37.879000,1.09625,1.09623,1690000,3750000
2020-06-05 13:36:37.981000,1.09626,1.09624,1250000,1500000
2020-06-05 13:36:38.082000,1.09627,1.09624,1690000,1500000
2020-06-05 13:36:39.895000,1.09626,1.09624,1250000,1000000
2020-06-05 13:36:40.249000,1.09627,1.09624,3750000,1000000
2020-06-05 13:36:41.275000,1.09627,1.09624,1310000,1690000
2020-06-05 13:36:41.377000,1.09623,1.0962,2870000,1000000
2020-06-05 13:36:41.478000,1.09623,1.09619,4870000,1690000
2020-06-05 13:36:42.451000,1.09622,1.09619,1310000,1690000
2020-06-05 13:36:44.208000,1.09622,1.09619,1000000,5500000
2020-06-05 13:36:44.310000,1.09623,1.09619,5810000,5500000
2020-06-05 13:36:45.883000,1.09623,1.09621,2060000,1000000
2020-06-05 13:36:47.380000,1.09623,1.0962,2060000,1250000
2020-06-05 13:36:49.054000,1.09623,1.09621,2060000,1000000
2020-06-05 13:36:49.314000,1.09624,1.09622,2120000,1500000
2020-06-05 13:36:49.416000,1.09625,1.09622,3370000,4500000
2020-06-05 13:36:49.517000,1.09625,1.09622,2060000,4690000
2020-06-05 13:36:50.889000,1.09625,1.09623,2060000,1000000
2020-06-05 13:36:52.237000,1.09626,1.09624,3190000,1000000
2020-06-05 13:36:52.338000,1.09626,1.09625,3000000,1000000
2020-06-05 13:36:53.248000,1.09628,1.09625,1370000,1500000
2020-06-05 13:36:54.557000,1.09628,1.09626,1370000,3000000
2020-06-05 13:36:54.759000,1.09628,1.09625,4370000,1500000
2020-06-05 13:36:54.911000,1.09628,1.09626,1370000,3000000
2020-06-05 13:36:55.078000,1.09628,1.09625,4370000,1500000
2020-06-05 13:36:55.280000,1.09628,1.09626,1370000,3000000
2020-06-05 13:36:55.381000,1.09628,1.09625,1370000,1500000
2020-06-05 13:36:56.048000,1.09626,1.09625,1000000,3000000
2020-06-05 13:36:56.099000,1.09626,1.09623,5250000,1200000
2020-06-05 13:36:56.200000,1.09626,1.09624,3370000,1000000
2020-06-05 13:36:56.302000,1.09627,1.09625,1500000,4500000
2020-06-05 13:36:56.406000,1.09627,1.09625,1000000,1500000
2020-06-05 13:36:57.841000,1.09629,1.09625,7060000,2440000
2020-06-05 13:37:00.634000,1.09627,1.09625,3000000,1000000
2020-06-05 13:37:00.786000,1.09628,1.09625,2060000,1000000
2020-06-05 13:37:01.794000,1.09627,1.09625,4690000,1000000
2020-06-05 13:37:02.098000,1.09628,1.09625,2060000,1000000
2020-06-05 13:37:04.429000,1.09627,1.09624,3500000,1500000
2020-06-05 13:37:04.734000,1.09625,1.09623,1000000,3190000
2020-06-05 13:37:04.836000,1.09625,1.09622,2060000,1250000
2020-06-05 13:37:04.938000,1.09625,1.09623,1500000,3190000
2020-06-05 13:37:04.989000,1.09628,1.09626,7200000,1000000
2020-06-05 13:37:05.091000,1.0963,1.09627,2060000,1000000
2020-06-05 13:37:05.193000,1.09632,1.09631,1120000,1000000
2020-06-05 13:37:05.673000,1.0963,1.09628,1250000,1600000
2020-06-05 13:37:05.724000,1.0963,1.09627,1750000,4870000
2020-06-05 13:37:05.825000,1.0963,1.09627,1250000,4310000
2020-06-05 13:37:05.876000,1.0963,1.09629,1250000,1000000
2020-06-05 13:37:06.130000,1.09631,1.09629,2250000,1000000
2020-06-05 13:37:06.231000,1.09632,1.0963,1000000,1000000
2020-06-05 13:37:06.282000,1.09634,1.09631,2820000,1000000
2020-06-05 13:37:06.434000,1.09632,1.09629,3190000,4250000
2020-06-05 13:37:06.535000,1.09632,1.09628,4310000,5810000
2020-06-05 13:37:06.788000,1.09632,1.09629,3560000,1000000
2020-06-05 13:37:06.889000,1.09632,1.09628,2810000,5440000
2020-06-05 13:37:07.563000,1.09631,1.09628,1810000,1500000
2020-06-05 13:37:07.766000,1.09631,1.09628,1250000,1000000
2020-06-05 13:37:08.575000,1.0963,1.09627,2810000,1500000
2020-06-05 13:37:08.676000,1.0963,1.09627,4810000,1000000
2020-06-05 13:37:08.778000,1.09629,1.09626,1870000,4690000
2020-06-05 13:37:09.359000,1.09629,1.09627,1120000,1000000
2020-06-05 13:37:09.461000,1.0963,1.09627,2810000,1000000
2020-06-05 13:37:09.889000,1.09631,1.09628,1870000,1000000
2020-06-05 13:37:09.990000,1.09632,1.09629,2810000,1000000
2020-06-05 13:37:11.325000,1.09633,1.09629,2060000,2810000
2020-06-05 13:37:11.830000,1.09633,1.0963,1120000,1250000
2020-06-05 13:37:12.437000,1.09635,1.09632,6310000,1000000
2020-06-05 13:37:12.538000,1.09635,1.09632,2060000,3750000
2020-06-05 13:37:12.792000,1.09636,1.09634,1310000,1200000
2020-06-05 13:37:12.842000,1.09639,1.09638,1310000,1000000
2020-06-05 13:37:14.259000,1.0964,1.09639,1250000,1000000
2020-06-05 13:37:14.310000,1.0964,1.09637,1250000,5620000
2020-06-05 13:37:14.412000,1.0964,1.09638,1250000,3750000
2020-06-05 13:37:15.534000,1.09641,1.09639,1120000,1000000
2020-06-05 13:37:15.586000,1.09646,1.09644,2120000,1000000
2020-06-05 13:37:15.687000,1.09646,1.09644,1250000,1000000
