time,ask,bid,ask_volume,bid_volume
2019-11-27 14:55:01.744000,1.09296,1.09294,1500000,1890000
2019-11-27 14:55:01.862000,1.09295,1.09294,1000000,1390000
2019-11-27 14:55:02.065000,1.09295,1.09293,1250000,3260000
2019-11-27 14:55:02.166000,1.09295,1.09294,1000000,1000000
2019-11-27 14:55:02.267000,1.09295,1.09293,1690000,2060000
2019-11-27 14:55:03.103000,1.09294,1.09293,1000000,1310000
2019-11-27 14:55:03.696000,1.09295,1.09294,1500000,1000000
2019-11-27 14:55:07.377000,1.09295,1.09294,1500000,1000000
2019-11-27 14:55:08.203000,1.09296,1.09294,1870000,1450000
2019-11-27 14:55:08.304000,1.09295,1.09294,2250000,1310000
2019-11-27 14:55:15.074000,1.09295,1.09293,2060000,1690000
2019-11-27 14:55:15.572000,1.09295,1.09294,1870000,1000000
2019-11-27 14:55:16.065000,1.09295,1.09293,1870000,2250000
2019-11-27 14:55:16.584000,1.09295,1.09294,1500000,1000000
2019-11-27 14:55:17.193000,1.09294,1.09293,2060000,1500000
2019-11-27 14:55:17.244000,1.09292,1.0929,3750000,2200000
2019-11-27 14:55:17.358000,1.0929,1.09289,2250000,1000000
2019-11-27 14:55:18.346000,1.0929,1.09287,4310000,4450000
2019-11-27 14:55:24.505000,1.09289,1.09288,1000000,1000000
2019-11-27 14:55:26.415000,1.09289,1.09287,1000000,3560000
2019-11-27 14:55:26.986000,1.0929,1.09288,1500000,1010000
2019-11-27 14:55:28.809000,1.0929,1.09288,3940000,1450000
2019-11-27 14:55:29.015000,1.0929,1.09288,3940000,1390000
2019-11-27 14:55:35.645000,1.0929,1.09288,1000000,2350000
2019-11-27 14:55:35.746000,1.09291,1.09289,1120000,2220000
2019-11-27 14:55:38.685000,1.09291,1.0929,1690000,1100000
2019-11-27 14:55:39.301000,1.0929,1.09289,1000000,1390000
2019-11-27 14:55:39.765000,1.09291,1.09289,1690000,2140000
2019-11-27 14:55:39.866000,1.09291,1.09289,1250000,2610000
2019-11-27 14:55:40.106000,1.09292,1.0929,3000000,1350000
2019-11-27 14:55:40.270000,1.09292,1.0929,3000000,1350000
2019-11-27 14:55:42.208000,1.09294,1.09292,3640000,2200000
2019-11-27 14:55:42.310000,1.09295,1.09293,3940000,1000000
2019-11-27 14:55:42.563000,1.09295,1.09293,4760000,1000000
2019-11-27 14:55:42.771000,1.09295,1.09294,2810000,1000000
2019-11-27 14:55:43.456000,1.09295,1.09293,2440000,1000000
2019-11-27 14:55:45.460000,1.09295,1.09294,1000000,1100000
2019-11-27 14:55:45.990000,1.09295,1.09293,1250000,2320000
2019-11-27 14:55:47.120000,1.09296,1.09293,3750000,4070000
2019-11-27 14:55:47.551000,1.09295,1.09293,2250000,2540000
2019-11-27 14:55:47.703000,1.09296,1.09293,4120000,3720000
2019-11-27 14:55:49.129000,1.09297,1.09295,3640000,1000000
2019-11-27 14:55:49.180000,1.09298,1.09297,1250000,1950000
2019-11-27 14:55:49.332000,1.09297,1.09296,1000000,1000000
2019-11-27 14:55:49.433000,1.09297,1.09294,1000000,2960000
2019-11-27 14:55:49.736000,1.09296,1.09294,1000000,3260000
2019-11-27 14:55:49.986000,1.09297,1.09294,2440000,3260000
2019-11-27 14:55:50.735000,1.09297,1.09294,2440000,4160000
2019-11-27 14:55:51.159000,1.09297,1.09294,2440000,4010000
2019-11-27 14:55:53.472000,1.09296,1.09294,1000000,2510000
2019-11-27 14:55:54.107000,1.09297,1.09294,2890000,3260000
2019-11-27 14:55:55.146000,1.09297,1.09295,2060000,1950000
2019-11-27 14:55:55.348000,1.09296,1.09294,1000000,2810000
2019-11-27 14:55:55.833000,1.09297,1.09294,3310000,2120000
2019-11-27 14:55:55.934000,1.09297,1.09294,5510000,2810000
2019-11-27 14:55:56.036000,1.09296,1.09294,1000000,2060000
2019-11-27 14:55:58.998000,1.09298,1.09296,2890000,1000000
2019-11-27 14:55:59.099000,1.09297,1.09294,1000000,3450000
2019-11-27 14:55:59.302000,1.09297,1.09294,4010000,2890000
2019-11-27 14:56:00.072000,1.09297,1.09295,1310000,1000000
2019-11-27 14:56:00.325000,1.09297,1.09294,1310000,3560000
2019-11-27 14:56:03.904000,1.09297,1.09294,2060000,3320000
2019-11-27 14:56:04.842000,1.09298,1.09295,4500000,2890000
2019-11-27 14:56:05.046000,1.09298,1.09296,5700000,1000000
2019-11-27 14:56:06.018000,1.09298,1.09295,4500000,2510000
2019-11-27 14:56:06.119000,1.09297,1.09295,1000000,1760000
2019-11-27 14:56:12.105000,1.09298,1.09295,3820000,2510000
2019-11-27 14:56:12.427000,1.09298,1.09296,3450000,1000000
2019-11-27 14:56:13.897000,1.09297,1.09296,1000000,1200000
2019-11-27 14:56:17.034000,1.09297,1.09295,1000000,4010000
2019-11-27 14:56:23.572000,1.09297,1.09296,1000000,1000000
2019-11-27 14:56:24.874000,1.09297,1.09295,1000000,2060000
2019-11-27 14:56:25.833000,1.09297,1.09296,1000000,1000000
2019-11-27 14:56:26.848000,1.09298,1.09297,1000000,1500000
2019-11-27 14:56:27.151000,1.09298,1.09296,2440000,2890000
2019-11-27 14:56:27.253000,1.09298,1.09296,3250000,1500000
2019-11-27 14:56:29.801000,1.09297,1.09295,1250000,2510000
2019-11-27 14:56:45.040000,1.09296,1.09295,1000000,1250000
2019-11-27 14:56:46.327000,1.09295,1.09294,1000000,1310000
2019-11-27 14:56:49.351000,1.09297,1.09294,3820000,3720000
2019-11-27 14:56:49.452000,1.09296,1.09294,1000000,3260000
2019-11-27 14:56:49.654000,1.09296,1.09294,1000000,3350000
2019-11-27 14:56:49.884000,1.09297,1.09294,2890000,3350000
2019-11-27 14:56:52.366000,1.09297,1.09295,2440000,1790000
2019-11-27 14:57:02.757000,1.09298,1.09296,3940000,1100000
2019-11-27 14:57:03.815000,1.09297,1.09296,1000000,1100000
2019-11-27 14:57:03.918000,1.09296,1.09294,1500000,2810000
2019-11-27 14:57:05.494000,1.09297,1.09296,1120000,1500000
2019-11-27 14:57:05.696000,1.09297,1.09294,2250000,2620000
2019-11-27 14:57:08.434000,1.09297,1.09296,1000000,1000000
2019-11-27 14:57:09.823000,1.09297,1.09295,1000000,2510000
2019-11-27 14:57:10.751000,1.09296,1.09295,1000000,1760000
2019-11-27 14:57:12.442000,1.09299,1.09298,1390000,3000000
2019-11-27 14:57:12.545000,1.093,1.09299,1000000,1250000
2019-11-27 14:57:12.655000,1.09299,1.09297,1500000,1500000
2019-11-27 14:57:12.758000,1.09298,1.09296,1000000,2140000
2019-11-27 14:57:14.175000,1.09294,1.09293,1500000,1000000
2019-11-27 14:57:14.328000,1.09293,1.09291,1000000,2140000
2019-11-27 14:57:15.407000,1.09293,1.09292,1000000,2890000
2019-11-27 14:57:15.531000,1.09294,1.09292,1000000,4040000
2019-11-27 14:57:15.632000,1.09295,1.09293,1000000,3700000
2019-11-27 14:57:15.996000,1.09295,1.09292,2060000,8710000
2019-11-27 14:57:17.719000,1.09294,1.09293,1000000,2140000
2019-11-27 14:57:17.903000,1.09295,1.09292,1690000,7990000
2019-11-27 14:57:20.312000,1.09295,1.09294,1000000,1000000
2019-11-27 14:57:20.805000,1.09295,1.09292,1000000,10300000
2019-11-27 14:57:24.731000,1.09295,1.09293,1120000,1820000
2019-11-27 14:57:24.833000,1.09296,1.09295,1000000,1250000
2019-11-27 14:57:29.414000,1.09294,1.09292,2690000,5890000
2019-11-27 14:57:29.516000,1.09291,1.0929,1000000,1690000
2019-11-27 14:57:29.618000,1.09291,1.09288,1690000,1370000
2019-11-27 14:57:30.171000,1.0929,1.09288,1000000,1370000
2019-11-27 14:57:30.992000,1.0929,1.09288,1000000,1310000
2019-11-27 14:57:35.261000,1.0929,1.09289,1000000,1000000
2019-11-27 14:57:40.672000,1.09291,1.09289,1250000,1870000
2019-11-27 14:57:50.272000,1.0929,1.09289,1690000,1000000
2019-11-27 14:57:50.374000,1.09289,1.09288,1000000,1310000
2019-11-27 14:57:50.716000,1.0929,1.09288,2440000,1310000
2019-11-27 14:57:51.097000,1.09289,1.09288,1000000,1310000
2019-11-27 14:57:58.402000,1.0929,1.09288,4760000,1010000
2019-11-27 14:57:58.911000,1.09289,1.09288,1000000,1010000
2019-11-27 14:58:00.119000,1.09286,1.09285,1690000,1950000
2019-11-27 14:58:00.170000,1.09285,1.09284,1000000,1310000
2019-11-27 14:58:04.155000,1.09285,1.09283,1250000,1310000
2019-11-27 14:58:13.569000,1.09283,1.09282,1500000,1310000
2019-11-27 14:58:13.670000,1.09282,1.09281,1000000,1690000
2019-11-27 14:58:13.771000,1.09282,1.09281,1000000,2510000
2019-11-27 14:58:13.920000,1.09283,1.09281,1120000,2140000
2019-11-27 14:58:14.581000,1.09283,1.09281,1500000,3390000
2019-11-27 14:58:16.185000,1.09279,1.09278,1500000,1000000
2019-11-27 14:58:16.236000,1.09277,1.09275,1000000,7970000
2019-11-27 14:58:17.759000,1.09278,1.09277,1000000,1000000
2019-11-27 14:58:18.220000,1.09277,1.09275,1000000,5600000
2019-11-27 14:58:20.888000,1.09278,1.09275,1120000,5580000
2019-11-27 14:58:32.278000,1.09278,1.09277,1250000,1000000
2019-11-27 14:58:35.320000,1.09278,1.09276,1000000,1390000
2019-11-27 14:58:35.894000,1.09277,1.09276,1000000,2140000
2019-11-27 14:58:45.198000,1.09278,1.09277,1250000,1000000
2019-11-27 14:58:48.758000,1.09277,1.09275,4000000,1970000
2019-11-27 14:58:48.809000,1.09275,1.09274,1690000,1100000
2019-11-27 14:58:48.960000,1.09274,1.09272,1000000,2140000
2019-11-27 14:58:49.316000,1.09273,1.09271,1000000,2510000
2019-11-27 14:58:49.607000,1.09272,1.0927,1000000,3820000
2019-11-27 14:58:52.242000,1.09272,1.0927,1000000,1310000
2019-11-27 14:58:53.024000,1.09272,1.09271,1000000,1000000
2019-11-27 14:58:53.162000,1.09272,1.0927,1000000,2060000
2019-11-27 14:58:55.625000,1.09271,1.0927,1000000,2810000
2019-11-27 14:58:59.509000,1.09272,1.09271,1000000,2060000
2019-11-27 14:58:59.660000,1.09271,1.0927,1000000,2060000
2019-11-27 14:59:00.414000,1.09272,1.09271,1000000,2060000
2019-11-27 14:59:01.258000,1.09273,1.0927,3340000,1810000
2019-11-27 14:59:01.460000,1.09273,1.0927,2210000,1310000
2019-11-27 14:59:03.548000,1.09273,1.0927,4070000,1950000
2019-11-27 14:59:05.496000,1.09273,1.0927,1310000,4820000
2019-11-27 14:59:07.611000,1.09272,1.0927,1000000,2370000
2019-11-27 14:59:07.662000,1.09271,1.09269,1250000,3070000
2019-11-27 14:59:08.210000,1.09273,1.0927,4650000,2250000
2019-11-27 14:59:08.618000,1.09273,1.0927,1810000,2950000
2019-11-27 14:59:08.719000,1.09273,1.0927,2570000,2620000
2019-11-27 14:59:10.164000,1.09273,1.0927,1000000,3070000
2019-11-27 14:59:13.442000,1.09272,1.0927,1500000,2570000
2019-11-27 14:59:13.544000,1.09273,1.0927,1760000,2810000
2019-11-27 14:59:13.645000,1.09273,1.0927,1790000,1310000
2019-11-27 14:59:16.975000,1.09271,1.09269,1000000,5700000
2019-11-27 14:59:18.780000,1.09272,1.0927,1030000,1250000
2019-11-27 14:59:20.431000,1.09273,1.0927,1690000,4140000
2019-11-27 14:59:21.080000,1.09272,1.0927,1000000,4390000
2019-11-27 14:59:21.182000,1.09271,1.09269,1000000,3370000
2019-11-27 14:59:23.450000,1.09273,1.09269,2120000,5700000
2019-11-27 14:59:25.117000,1.09273,1.09271,1100000,2060000
2019-11-27 14:59:26.346000,1.09274,1.09271,2060000,2810000
2019-11-27 14:59:40.710000,1.09272,1.09271,1500000,1250000
2019-11-27 14:59:40.760000,1.09274,1.09271,2810000,1250000
2019-11-27 14:59:40.909000,1.09273,1.0927,1250000,3190000
2019-11-27 14:59:41.103000,1.09273,1.09271,1250000,1500000
2019-11-27 14:59:41.426000,1.09274,1.09271,2440000,2440000
2019-11-27 14:59:44.325000,1.09274,1.09272,1690000,1500000
2019-11-27 14:59:44.577000,1.09274,1.09271,1690000,1250000
2019-11-27 14:59:45.128000,1.09276,1.09273,3000000,1000000
2019-11-27 14:59:45.229000,1.09275,1.09272,1250000,1690000
2019-11-27 14:59:45.696000,1.09277,1.09273,4000000,1250000
2019-11-27 14:59:45.899000,1.09278,1.09274,1250000,2500000
2019-11-27 14:59:49.518000,1.09278,1.09274,1690000,2500000
2019-11-27 14:59:50.607000,1.09279,1.09276,2440000,1250000
2019-11-27 14:59:51.390000,1.0928,1.09278,1500000,1690000
2019-11-27 14:59:51.648000,1.09282,1.0928,1500000,1250000
2019-11-27 14:59:51.749000,1.09282,1.0928,1500000,1000000
2019-11-27 14:59:51.851000,1.09281,1.09279,1690000,1500000
2019-11-27 14:59:51.952000,1.09281,1.0928,1500000,1250000
2019-11-27 14:59:52.483000,1.09282,1.0928,1500000,1250000
2019-11-27 14:59:52.533000,1.09284,1.0928,1690000,2440000
2019-11-27 14:59:52.681000,1.09283,1.0928,1000000,2440000
2019-11-27 14:59:52.787000,1.09284,1.09279,1250000,2440000
2019-11-27 14:59:52.838000,1.09281,1.0928,1000000,1000000
2019-11-27 14:59:52.889000,1.09278,1.09277,1000000,1250000
2019-11-27 14:59:53.142000,1.0928,1.09278,1500000,1250000
2019-11-27 14:59:53.192000,1.09281,1.0928,1690000,1000000
2019-11-27 14:59:53.622000,1.09283,1.0928,1500000,1000000
2019-11-27 14:59:53.927000,1.09281,1.0928,1500000,1000000
2019-11-27 14:59:54.030000,1.09281,1.09279,1500000,1500000
2019-11-27 14:59:54.132000,1.09282,1.09279,1690000,1500000
2019-11-27 14:59:54.466000,1.09281,1.09279,1500000,1240000
2019-11-27 14:59:54.968000,1.09281,1.0928,1500000,1000000
2019-11-27 14:59:55.070000,1.09284,1.09279,2210000,1750000
2019-11-27 14:59:55.120000,1.09281,1.09279,1500000,1990000
2019-11-27 14:59:55.222000,1.09283,1.0928,2620000,1250000
2019-11-27 14:59:55.373000,1.09284,1.09279,2440000,1750000
2019-11-27 14:59:55.506000,1.09284,1.09278,2500000,2050000
2019-11-27 14:59:55.608000,1.09282,1.09279,1500000,1250000
2019-11-27 14:59:56.776000,1.09282,1.09276,1750000,2150000
2019-11-27 14:59:56.878000,1.09282,1.09276,1750000,1750000
2019-11-27 14:59:57.098000,1.09279,1.09275,1500000,4370000
2019-11-27 14:59:57.295000,1.09282,1.09275,1750000,1750000
2019-11-27 14:59:57.398000,1.09281,1.09275,1750000,3000000
2019-11-27 14:59:57.507000,1.0928,1.09275,1690000,3000000
2019-11-27 14:59:58.435000,1.09284,1.09275,2500000,2500000
2019-11-27 14:59:59.550000,1.09284,1.09277,1250000,1000000
2019-11-27 14:59:59.652000,1.09286,1.0928,2450000,1250000
2019-11-27 14:59:59.754000,1.09286,1.0928,2440000,1250000
2019-11-27 14:59:59.804000,1.09286,1.0928,2700000,1250000
2019-11-27 14:59:59.905000,1.09287,1.0928,1450000,1250000
2019-11-27 15:00:00.006000,1.09287,1.0928,2500000,1250000
2019-11-27 15:00:00.167000,1.09288,1.0928,3190000,1750000
2019-11-27 15:00:00.268000,1.09289,1.0928,1750000,1250000
2019-11-27 15:00:00.320000,1.09289,1.09279,1450000,1250000
2019-11-27 15:00:00.421000,1.0929,1.0928,1360000,1250000
2019-11-27 15:00:00.624000,1.09291,1.0928,1900000,1250000
2019-11-27 15:00:00.679000,1.09293,1.09283,1950000,1250000
2019-11-27 15:00:00.783000,1.09294,1.09286,1250000,1250000
2019-11-27 15:00:00.885000,1.09296,1.09291,1250000,1000000
2019-11-27 15:00:00.986000,1.09296,1.09286,1250000,1250000
2019-11-27 15:00:01.089000,1.09292,1.09286,1250000,1690000
2019-11-27 15:00:01.141000,1.0929,1.09286,1000000,1250000
2019-11-27 15:00:01.242000,1.09291,1.09286,1000000,1690000
2019-11-27 15:00:01.343000,1.09289,1.09286,1250000,1000000
2019-11-27 15:00:01.445000,1.09288,1.09284,1000000,1250000
2019-11-27 15:00:02,1.09288,1.0928,1250000,1750000
2019-11-27 15:00:02.119000,1.09288,1.0928,1250000,2650000
2019-11-27 15:00:02.401000,1.09272,1.09261,1000000,1500000
2019-11-27 15:00:02.452000,1.09269,1.09263,1500000,1250000
2019-11-27 15:00:02.503000,1.09268,1.09257,1000000,1750000
2019-11-27 15:00:02.553000,1.09265,1.09262,1250000,1000000
2019-11-27 15:00:02.672000,1.09264,1.09261,1000000,1250000
2019-11-27 15:00:02.722000,1.09272,1.09266,1750000,1500000
2019-11-27 15:00:02.826000,1.09271,1.09264,3000000,2250000
2019-11-27 15:00:02.934000,1.09271,1.09264,3750000,2190000
2019-11-27 15:00:03.196000,1.09271,1.09264,3750000,1690000
2019-11-27 15:00:03.247000,1.09271,1.09266,3750000,1000000
2019-11-27 15:00:03.349000,1.09271,1.09264,3750000,3190000
2019-11-27 15:00:03.501000,1.0927,1.09268,1000000,1000000
2019-11-27 15:00:03.551000,1.09272,1.09271,1250000,1000000
2019-11-27 15:00:03.815000,1.09272,1.09269,1000000,1620000
2019-11-27 15:00:03.968000,1.09271,1.09266,1750000,1250000
2019-11-27 15:00:04.069000,1.09267,1.09264,1000000,3750000
2019-11-27 15:00:04.375000,1.09269,1.09267,1250000,1000000
2019-11-27 15:00:04.426000,1.09273,1.09268,1250000,1810000
2019-11-27 15:00:04.528000,1.09273,1.09269,1250000,1750000
2019-11-27 15:00:04.629000,1.09273,1.09266,1750000,3000000
2019-11-27 15:00:04.730000,1.0927,1.09264,1000000,2250000
2019-11-27 15:00:04.831000,1.0927,1.09263,1310000,3370000
2019-11-27 15:00:04.957000,1.0927,1.09264,1250000,1750000
2019-11-27 15:00:05.894000,1.09272,1.09268,1250000,1250000
2019-11-27 15:00:05.995000,1.09274,1.09269,2500000,1250000
2019-11-27 15:00:06.487000,1.09275,1.09268,3000000,1750000
2019-11-27 15:00:06.538000,1.09271,1.09264,1500000,2320000
2019-11-27 15:00:06.962000,1.09272,1.09265,1750000,1750000
2019-11-27 15:00:07.066000,1.0927,1.09265,1120000,1750000
2019-11-27 15:00:07.522000,1.09269,1.09264,1500000,1250000
2019-11-27 15:00:08.474000,1.0927,1.09262,1120000,1750000
2019-11-27 15:00:09.140000,1.09268,1.09263,1750000,1310000
2019-11-27 15:00:09.241000,1.09268,1.09263,1690000,1370000
2019-11-27 15:00:09.580000,1.09268,1.09263,1500000,1370000
2019-11-27 15:00:09.682000,1.09269,1.09263,1690000,1750000
2019-11-27 15:00:10.465000,1.09268,1.09265,1250000,1250000
2019-11-27 15:00:10.566000,1.09267,1.09263,2120000,1810000
2019-11-27 15:00:11.046000,1.09267,1.09263,2060000,1870000
2019-11-27 15:00:11.517000,1.09267,1.09264,1690000,1250000
2019-11-27 15:00:11.663000,1.09269,1.09265,1820000,1250000
2019-11-27 15:00:11.847000,1.09269,1.09264,2570000,1350000
2019-11-27 15:00:12.202000,1.09269,1.09264,3370000,3370000
2019-11-27 15:00:13.460000,1.09267,1.09264,1500000,2620000
2019-11-27 15:00:14.360000,1.09267,1.09264,1690000,1870000
2019-11-27 15:00:15.117000,1.09268,1.09264,1250000,3000000
2019-11-27 15:00:15.704000,1.09267,1.09264,1690000,1870000
2019-11-27 15:00:16.477000,1.09269,1.09266,1250000,2440000
2019-11-27 15:00:16.579000,1.0927,1.09266,1810000,4070000
2019-11-27 15:00:18.466000,1.0927,1.09266,3190000,4570000
2019-11-27 15:00:19.036000,1.0927,1.09268,1250000,1390000
2019-11-27 15:00:19.155000,1.09272,1.09269,1000000,1100000
2019-11-27 15:00:19.256000,1.09272,1.09269,1000000,1350000
2019-11-27 15:00:19.358000,1.09278,1.09274,2870000,1500000
2019-11-27 15:00:19.459000,1.0928,1.09276,1750000,1120000
2019-11-27 15:00:19.560000,1.0928,1.09276,1250000,2190000
2019-11-27 15:00:19.662000,1.0928,1.09276,1250000,2250000
2019-11-27 15:00:20.549000,1.09282,1.09279,2500000,1100000
2019-11-27 15:00:20.651000,1.0928,1.09278,1500000,1690000
2019-11-27 15:00:20.831000,1.09282,1.09278,2500000,1250000
2019-11-27 15:00:20.932000,1.09282,1.09278,2440000,1250000
2019-11-27 15:00:21.034000,1.09281,1.09278,1500000,1250000
2019-11-27 15:00:21.135000,1.09281,1.09278,1690000,1250000
2019-11-27 15:00:22.180000,1.0928,1.09276,1500000,1370000
2019-11-27 15:00:22.281000,1.09279,1.09276,1500000,1370000
2019-11-27 15:00:22.483000,1.09279,1.09275,2250000,2920000
2019-11-27 15:00:24.073000,1.09277,1.09275,1000000,1120000
2019-11-27 15:00:24.276000,1.09275,1.09273,1250000,2810000
2019-11-27 15:00:24.479000,1.09275,1.09272,1690000,2510000
2019-11-27 15:00:24.631000,1.09274,1.09271,1000000,2120000
2019-11-27 15:00:24.778000,1.09274,1.09271,1250000,1310000
2019-11-27 15:00:24.879000,1.09273,1.09271,1250000,1250000
2019-11-27 15:00:25.485000,1.09273,1.09269,3250000,3070000
2019-11-27 15:00:27.155000,1.09272,1.09269,2250000,2570000
2019-11-27 15:00:27.385000,1.09269,1.09267,4070000,5700000
2019-11-27 15:00:27.436000,1.09267,1.09264,1120000,6290000
2019-11-27 15:00:27.487000,1.09267,1.09264,1000000,5250000
2019-11-27 15:00:29.246000,1.09267,1.09264,1000000,3850000
2019-11-27 15:00:29.957000,1.09267,1.09264,1250000,1950000
2019-11-27 15:00:30.110000,1.09266,1.09264,1750000,1100000
2019-11-27 15:00:30.228000,1.09266,1.09263,1750000,3070000
2019-11-27 15:00:30.330000,1.09266,1.09263,1250000,3260000
2019-11-27 15:00:30.482000,1.09266,1.09264,1250000,1000000
2019-11-27 15:00:30.785000,1.09266,1.09263,1810000,2060000
2019-11-27 15:00:30.912000,1.09266,1.09263,1310000,1250000
2019-11-27 15:00:31.114000,1.09265,1.09263,1500000,1250000
2019-11-27 15:00:31.828000,1.09265,1.09261,3000000,2820000
2019-11-27 15:00:32.100000,1.09263,1.0926,1690000,4570000
2019-11-27 15:00:32.208000,1.09262,1.0926,2250000,1750000
2019-11-27 15:00:32.314000,1.09258,1.09257,2250000,1870000
2019-11-27 15:00:32.415000,1.09256,1.09254,1000000,1250000
2019-11-27 15:00:32.517000,1.09257,1.09255,1500000,1370000
2019-11-27 15:00:32.619000,1.09257,1.09255,1120000,2570000
2019-11-27 15:00:33.146000,1.09258,1.09256,1250000,1250000
2019-11-27 15:00:33.399000,1.09259,1.09257,3190000,1500000
2019-11-27 15:00:33.578000,1.09259,1.09258,1000000,1250000
2019-11-27 15:00:33.958000,1.09259,1.09257,1250000,3260000
2019-11-27 15:00:34.489000,1.0926,1.09258,1870000,2890000
2019-11-27 15:00:34.765000,1.0926,1.09258,1500000,2910000
2019-11-27 15:00:34.898000,1.09261,1.0926,1690000,1000000
2019-11-27 15:00:35.050000,1.0926,1.09259,1500000,1100000
2019-11-27 15:00:37.321000,1.09263,1.09262,1500000,1100000
2019-11-27 15:00:37.441000,1.09267,1.09265,1250000,1000000
2019-11-27 15:00:37.545000,1.09267,1.09265,1250000,1120000
2019-11-27 15:00:37.646000,1.09266,1.09263,3000000,3000000
2019-11-27 15:00:37.964000,1.09267,1.09264,2440000,2140000
2019-11-27 15:00:38.448000,1.09267,1.09263,2500000,4890000
2019-11-27 15:00:38.549000,1.09265,1.09262,1310000,3070000
2019-11-27 15:00:44.388000,1.09267,1.09264,3370000,1010000
2019-11-27 15:00:44.540000,1.09267,1.09264,1250000,3390000
2019-11-27 15:00:45.822000,1.09268,1.09265,5060000,1370000
2019-11-27 15:00:46.278000,1.09268,1.09264,2810000,2620000
2019-11-27 15:00:46.379000,1.09267,1.09264,1250000,2560000
2019-11-27 15:00:47.267000,1.09268,1.09264,3250000,1310000
2019-11-27 15:00:48.083000,1.09268,1.09264,1690000,3070000
2019-11-27 15:00:48.185000,1.09268,1.09265,1000000,1870000
2019-11-27 15:00:49.467000,1.09269,1.09266,2060000,1250000
2019-11-27 15:00:50.902000,1.09268,1.09265,1310000,1250000
2019-11-27 15:00:51.667000,1.09268,1.09264,2870000,2190000
2019-11-27 15:00:52.360000,1.09268,1.09265,1120000,1870000
2019-11-27 15:00:52.612000,1.09268,1.09266,1120000,1250000
2019-11-27 15:00:53.096000,1.09268,1.09265,2810000,1310000
2019-11-27 15:00:54.667000,1.09266,1.09264,1000000,1000000
2019-11-27 15:00:54.769000,1.09266,1.09263,1250000,2560000
2019-11-27 15:00:55.416000,1.09266,1.09263,1690000,1870000
2019-11-27 15:00:56.388000,1.09268,1.09265,2620000,1500000
2019-11-27 15:00:56.540000,1.09268,1.09265,2620000,2500000
2019-11-27 15:00:59.052000,1.09268,1.09265,2870000,2060000
2019-11-27 15:00:59.203000,1.09268,1.09265,2810000,2200000
2019-11-27 15:00:59.690000,1.09268,1.09265,2810000,1250000
2019-11-27 15:01:01.507000,1.09263,1.09261,3940000,1620000
2019-11-27 15:01:01.557000,1.09263,1.0926,4810000,1250000
2019-11-27 15:01:01.658000,1.09262,1.09259,1370000,2440000
2019-11-27 15:01:02.528000,1.09262,1.09259,1250000,4020000
2019-11-27 15:01:03.122000,1.09262,1.09259,1250000,4460000
2019-11-27 15:01:03.337000,1.09262,1.09259,1250000,4400000
2019-11-27 15:01:06.132000,1.09262,1.0926,1250000,1310000
2019-11-27 15:01:06.233000,1.09263,1.09261,4070000,1000000
2019-11-27 15:01:06.846000,1.09263,1.09261,5060000,1250000
2019-11-27 15:01:06.947000,1.09262,1.09261,1000000,2060000
2019-11-27 15:01:10.967000,1.09263,1.09261,2620000,1310000
2019-11-27 15:01:11.068000,1.09264,1.09263,1390000,2250000
2019-11-27 15:01:11.294000,1.09263,1.09261,1000000,3460000
2019-11-27 15:01:11.743000,1.09263,1.09261,1000000,3260000
2019-11-27 15:01:12.246000,1.09263,1.09261,1000000,2890000
2019-11-27 15:01:13.112000,1.09261,1.0926,1000000,1310000
2019-11-27 15:01:13.560000,1.09262,1.0926,1120000,1310000
2019-11-27 15:01:14.698000,1.09261,1.0926,1690000,1000000
2019-11-27 15:01:14.749000,1.09258,1.09256,3940000,1950000
2019-11-27 15:01:14.861000,1.09256,1.09254,2250000,1350000
2019-11-27 15:01:14.963000,1.09256,1.09254,1120000,1250000
2019-11-27 15:01:15.167000,1.09255,1.09253,1000000,4570000
2019-11-27 15:01:15.218000,1.09254,1.09252,1870000,2510000
2019-11-27 15:01:15.270000,1.09252,1.09251,1000000,1250000
2019-11-27 15:01:15.580000,1.09252,1.09251,1000000,1250000
2019-11-27 15:01:15.681000,1.09252,1.0925,1250000,2320000
2019-11-27 15:01:15.869000,1.09252,1.09251,1000000,1000000
2019-11-27 15:01:15.970000,1.09253,1.0925,2570000,1950000
2019-11-27 15:01:16.072000,1.09252,1.09251,1000000,1250000
2019-11-27 15:01:16.572000,1.09253,1.09251,1760000,1250000
2019-11-27 15:01:17.077000,1.09252,1.09251,1000000,1250000
2019-11-27 15:01:17.674000,1.09253,1.09251,1310000,1000000
2019-11-27 15:01:18.046000,1.09252,1.09251,1000000,1000000
2019-11-27 15:01:18.148000,1.09253,1.09252,1000000,1000000
2019-11-27 15:01:18.249000,1.09254,1.09252,4390000,1000000
2019-11-27 15:01:18.471000,1.09252,1.09251,1000000,1310000
2019-11-27 15:01:18.577000,1.09253,1.09252,2250000,1000000
2019-11-27 15:01:18.678000,1.09252,1.09251,1000000,1250000
2019-11-27 15:01:19.721000,1.09253,1.09252,2440000,1000000
2019-11-27 15:01:20.225000,1.09251,1.0925,1000000,1690000
2019-11-27 15:01:20.276000,1.09249,1.09248,3190000,4050000
2019-11-27 15:01:20.378000,1.09249,1.09248,3940000,1000000
2019-11-27 15:01:20.479000,1.09249,1.09247,4810000,1500000
2019-11-27 15:01:20.632000,1.09246,1.09244,1120000,1750000
2019-11-27 15:01:20.784000,1.09246,1.09244,1310000,1690000
2019-11-27 15:01:20.834000,1.09247,1.09245,2320000,1250000
2019-11-27 15:01:21.259000,1.09246,1.09243,2440000,3010000
2019-11-27 15:01:21.411000,1.09247,1.09245,5820000,1250000
2019-11-27 15:01:21.726000,1.09246,1.09243,2440000,2620000
2019-11-27 15:01:21.929000,1.09247,1.09245,3070000,1250000
2019-11-27 15:01:23.218000,1.09248,1.09246,2620000,1250000
2019-11-27 15:01:23.320000,1.09249,1.09246,2060000,2440000
2019-11-27 15:01:23.421000,1.09249,1.09246,1690000,3310000
2019-11-27 15:01:25.304000,1.0925,1.09247,4760000,2060000
2019-11-27 15:01:26.409000,1.0925,1.09247,1690000,2940000
2019-11-27 15:01:27.415000,1.0925,1.09247,4010000,2060000
2019-11-27 15:01:28.159000,1.09251,1.09249,1820000,2620000
2019-11-27 15:01:28.210000,1.09253,1.09251,2810000,1000000
2019-11-27 15:01:28.311000,1.09254,1.09251,4010000,2810000
2019-11-27 15:01:28.564000,1.09252,1.0925,3250000,1500000
2019-11-27 15:01:28.868000,1.09252,1.0925,3700000,1120000
2019-11-27 15:01:29.171000,1.09252,1.0925,3640000,1250000
2019-11-27 15:01:30.201000,1.09253,1.09252,1570000,1000000
2019-11-27 15:01:30.454000,1.09254,1.09252,1000000,2120000
2019-11-27 15:01:30.559000,1.09257,1.09255,2510000,1000000
2019-11-27 15:01:30.660000,1.09256,1.09255,5440000,1120000
2019-11-27 15:01:30.711000,1.09249,1.09248,1250000,1000000
2019-11-27 15:01:30.813000,1.0925,1.09249,1120000,1000000
2019-11-27 15:01:30.914000,1.09251,1.09248,3940000,1250000
2019-11-27 15:01:31.015000,1.09251,1.09248,3190000,3560000
2019-11-27 15:01:33.592000,1.09251,1.09249,2250000,2500000
2019-11-27 15:01:33.906000,1.09252,1.0925,1870000,2500000
2019-11-27 15:01:34.007000,1.09253,1.09251,2620000,1250000
2019-11-27 15:01:34.797000,1.09253,1.09252,2620000,1000000
2019-11-27 15:01:35,1.09253,1.09251,1000000,1690000
2019-11-27 15:01:37.210000,1.09252,1.0925,1000000,2870000
2019-11-27 15:01:38.957000,1.09251,1.09248,2870000,8620000
2019-11-27 15:01:39.059000,1.09251,1.09248,4820000,3370000
2019-11-27 15:01:39.600000,1.0925,1.09247,2060000,3640000
2019-11-27 15:01:39.752000,1.09249,1.09247,1000000,2440000
2019-11-27 15:01:40.473000,1.0925,1.09247,1310000,2890000
2019-11-27 15:01:40.921000,1.0925,1.09247,1120000,3700000
2019-11-27 15:01:44.723000,1.09247,1.09246,1500000,1200000
2019-11-27 15:01:44.898000,1.09248,1.09246,1500000,2600000
2019-11-27 15:01:46.246000,1.09248,1.09246,1000000,2140000
2019-11-27 15:01:46.601000,1.09246,1.09244,1690000,3250000
2019-11-27 15:01:46.725000,1.09246,1.09244,1500000,1600000
2019-11-27 15:01:47.029000,1.09247,1.09245,4120000,1250000
2019-11-27 15:01:47.587000,1.09248,1.09245,4310000,2120000
2019-11-27 15:01:48.196000,1.09247,1.09245,1000000,2120000
2019-11-27 15:01:48.399000,1.09246,1.09243,4000000,4010000
2019-11-27 15:01:49.886000,1.09245,1.09243,1250000,3010000
2019-11-27 15:01:50.909000,1.09245,1.09243,1250000,2060000
2019-11-27 15:01:51.466000,1.09247,1.09244,4390000,1370000
2019-11-27 15:01:51.567000,1.09248,1.09246,4760000,1000000
2019-11-27 15:01:51.618000,1.09244,1.09241,1000000,2440000
2019-11-27 15:01:51.669000,1.09241,1.0924,1120000,1250000
2019-11-27 15:01:51.771000,1.09241,1.09239,1250000,6940000
2019-11-27 15:01:51.975000,1.09241,1.09239,1000000,6940000
2019-11-27 15:01:52.621000,1.09239,1.09237,3640000,1120000
2019-11-27 15:01:52.672000,1.09233,1.09232,1690000,1500000
2019-11-27 15:01:52.723000,1.09231,1.0923,1120000,2250000
2019-11-27 15:01:52.774000,1.09231,1.09229,1120000,1250000
2019-11-27 15:01:52.875000,1.09232,1.09231,1500000,1250000
2019-11-27 15:01:52.926000,1.09231,1.09229,1500000,2570000
2019-11-27 15:01:53.180000,1.09231,1.09229,1120000,1250000
2019-11-27 15:01:54.108000,1.09232,1.09229,1120000,2870000
2019-11-27 15:01:54.261000,1.09233,1.0923,3120000,1750000
2019-11-27 15:01:54.362000,1.09234,1.0923,4060000,2120000
2019-11-27 15:01:55.042000,1.09235,1.09234,1200000,2250000
2019-11-27 15:01:55.093000,1.09236,1.09235,1500000,1000000
2019-11-27 15:01:55.144000,1.09238,1.09235,3190000,1870000
2019-11-27 15:01:58.322000,1.09239,1.09237,3310000,1000000
2019-11-27 15:01:58.579000,1.09239,1.09237,2810000,1000000
2019-11-27 15:01:59.163000,1.09239,1.09237,1250000,2450000
2019-11-27 15:02:00.118000,1.0924,1.09239,1250000,1870000
2019-11-27 15:02:00.169000,1.09244,1.09241,1750000,2640000
2019-11-27 15:02:00.522000,1.09245,1.09242,5210000,2870000
2019-11-27 15:02:00.624000,1.09247,1.09245,3190000,1120000
2019-11-27 15:02:01.755000,1.09246,1.09245,1000000,1000000
2019-11-27 15:02:01.856000,1.09246,1.09244,1500000,2060000
2019-11-27 15:02:02.019000,1.09247,1.09244,2510000,2810000
2019-11-27 15:02:02.325000,1.09247,1.09245,1310000,1000000
2019-11-27 15:02:03.017000,1.09248,1.09245,2620000,4640000
2019-11-27 15:02:03.118000,1.09248,1.09245,2810000,2890000
2019-11-27 15:02:04.044000,1.09249,1.09247,3760000,1000000
2019-11-27 15:02:04.145000,1.09249,1.09247,3190000,1000000
2019-11-27 15:02:04.528000,1.09249,1.09248,1250000,1000000
2019-11-27 15:02:04.680000,1.0925,1.09248,3560000,1000000
2019-11-27 15:02:04.979000,1.0925,1.09248,4370000,1000000
2019-11-27 15:02:05.509000,1.0925,1.09248,3560000,1000000
2019-11-27 15:02:07.107000,1.09252,1.09251,3450000,1250000
2019-11-27 15:02:07.159000,1.09255,1.09252,3070000,4070000
2019-11-27 15:02:07.261000,1.09255,1.09253,1500000,3310000
2019-11-27 15:02:07.486000,1.09255,1.09253,1500000,2060000
2019-11-27 15:02:07.818000,1.09255,1.09252,2500000,4140000
2019-11-27 15:02:08.255000,1.09255,1.09253,1870000,1390000
2019-11-27 15:02:08.798000,1.09255,1.09252,1370000,4540000
2019-11-27 15:02:10.980000,1.09255,1.09253,2250000,1760000
2019-11-27 15:02:11.348000,1.09255,1.09253,2500000,1100000
2019-11-27 15:02:11.450000,1.09255,1.09254,1000000,1000000
2019-11-27 15:02:11.831000,1.09257,1.09255,4510000,1000000
2019-11-27 15:02:11.933000,1.09257,1.09255,1310000,1000000
2019-11-27 15:02:12.440000,1.09258,1.09256,4570000,1000000
2019-11-27 15:02:12.542000,1.09259,1.09257,1000000,2140000
2019-11-27 15:02:12.643000,1.09259,1.09258,2440000,1120000
2019-11-27 15:02:15.225000,1.0926,1.09257,3190000,4720000
2019-11-27 15:02:15.326000,1.09261,1.09259,3190000,1000000
2019-11-27 15:02:15.530000,1.0926,1.09258,1250000,2320000
2019-11-27 15:02:16.513000,1.09259,1.09257,1810000,1870000
2019-11-27 15:02:16.564000,1.09257,1.09255,1000000,3190000
2019-11-27 15:02:16.716000,1.09256,1.09255,1500000,1000000
2019-11-27 15:02:16.918000,1.09257,1.09255,1310000,1000000
2019-11-27 15:02:19.079000,1.09259,1.09257,4810000,1000000
2019-11-27 15:02:19.180000,1.09259,1.09257,2440000,1000000
2019-11-27 15:02:19.983000,1.09258,1.09257,1000000,1000000
2019-11-27 15:02:22.656000,1.09257,1.09256,1000000,1310000
2019-11-27 15:02:23.495000,1.09256,1.09255,1000000,1000000
2019-11-27 15:02:23.546000,1.09256,1.09254,1000000,2250000
2019-11-27 15:02:23.869000,1.09256,1.09253,1870000,2890000
2019-11-27 15:02:24.818000,1.09256,1.09253,1500000,3010000
2019-11-27 15:02:25.175000,1.09256,1.09255,1000000,1000000
2019-11-27 15:02:26.605000,1.09256,1.09254,1000000,3000000
2019-11-27 15:02:29.945000,1.09257,1.09256,1120000,1690000
2019-11-27 15:02:29.996000,1.09258,1.09256,1120000,2510000
2019-11-27 15:02:30.148000,1.09258,1.09257,1000000,1000000
2019-11-27 15:02:30.510000,1.09258,1.09256,1000000,4090000
2019-11-27 15:02:31.029000,1.09257,1.09256,1000000,1250000
2019-11-27 15:02:31.131000,1.09256,1.09255,1000000,1690000
2019-11-27 15:02:31.232000,1.09256,1.09254,1000000,3190000
2019-11-27 15:02:31.334000,1.09255,1.09253,1000000,3770000
2019-11-27 15:02:31.694000,1.09256,1.09254,1310000,1690000
2019-11-27 15:02:33.795000,1.09257,1.09254,1690000,2950000
2019-11-27 15:02:36.432000,1.09257,1.09256,1000000,1250000
2019-11-27 15:02:36.533000,1.09258,1.09257,1000000,2140000
2019-11-27 15:02:36.634000,1.0926,1.09259,2060000,1000000
2019-11-27 15:02:36.881000,1.0926,1.09258,1370000,1000000
2019-11-27 15:02:37.140000,1.0926,1.09257,2870000,3640000
2019-11-27 15:02:37.242000,1.09259,1.09256,4220000,2320000
2019-11-27 15:02:37.343000,1.09257,1.09256,1500000,2440000
2019-11-27 15:02:37.489000,1.09258,1.09256,1760000,1000000
2019-11-27 15:02:37.998000,1.09258,1.09256,4210000,1000000
2019-11-27 15:02:38.307000,1.09257,1.09255,1310000,1500000
2019-11-27 15:02:39.682000,1.09258,1.09256,1120000,2510000
2019-11-27 15:02:39.783000,1.09258,1.09257,1000000,1000000
2019-11-27 15:02:39.897000,1.09258,1.09256,1000000,2890000
2019-11-27 15:02:41.267000,1.09258,1.09256,1750000,1120000
2019-11-27 15:02:41.521000,1.09258,1.09256,1120000,3190000
2019-11-27 15:02:41.763000,1.09257,1.09256,1870000,1000000
2019-11-27 15:02:42.470000,1.09256,1.09255,1000000,1500000
2019-11-27 15:02:42.622000,1.09257,1.09256,2060000,1000000
2019-11-27 15:02:43.055000,1.09257,1.09255,2060000,1100000
2019-11-27 15:02:45.696000,1.09256,1.09254,2250000,1890000
2019-11-27 15:02:45.797000,1.09254,1.09253,1000000,1570000
2019-11-27 15:02:45.947000,1.09255,1.09253,1250000,1120000
2019-11-27 15:02:48.269000,1.09254,1.09253,1000000,1000000
2019-11-27 15:02:49.074000,1.09253,1.09251,1500000,3310000
2019-11-27 15:02:49.220000,1.09253,1.09251,2500000,1000000
2019-11-27 15:02:49.656000,1.09253,1.09251,1500000,1120000
2019-11-27 15:02:51.958000,1.09253,1.0925,1950000,1690000
2019-11-27 15:02:53.763000,1.09252,1.0925,1250000,1870000
2019-11-27 15:02:53.915000,1.09252,1.0925,1000000,2870000
2019-11-27 15:02:54.548000,1.09251,1.0925,1000000,1120000
2019-11-27 15:02:55.478000,1.09253,1.0925,3750000,2620000
2019-11-27 15:02:55.580000,1.09251,1.0925,1000000,1690000
2019-11-27 15:02:55.785000,1.09252,1.0925,1000000,2570000
2019-11-27 15:02:55.886000,1.09253,1.09252,1250000,1000000
2019-11-27 15:02:56.200000,1.09253,1.09251,1250000,3640000
2019-11-27 15:02:56.671000,1.09255,1.09253,2620000,2140000
2019-11-27 15:02:56.772000,1.09255,1.09254,1870000,1000000
2019-11-27 15:02:56.873000,1.09255,1.09253,2620000,2140000
2019-11-27 15:03:00.399000,1.09257,1.09256,1760000,1000000
2019-11-27 15:03:00.501000,1.09258,1.09257,4690000,1000000
2019-11-27 15:03:00.602000,1.09257,1.09256,2250000,1000000
2019-11-27 15:03:00.716000,1.09256,1.09254,1000000,4200000
2019-11-27 15:03:03.232000,1.09256,1.09254,1000000,3260000
2019-11-27 15:03:03.670000,1.09254,1.09253,2250000,1200000
2019-11-27 15:03:03.721000,1.09252,1.09251,1250000,2250000
2019-11-27 15:03:03.924000,1.09252,1.09249,3640000,1810000
2019-11-27 15:03:04.049000,1.09251,1.09249,1500000,1810000
2019-11-27 15:03:05.630000,1.09252,1.0925,2440000,1000000
2019-11-27 15:03:05.732000,1.09251,1.0925,1000000,1000000
2019-11-27 15:03:05.834000,1.09252,1.0925,1690000,1870000
2019-11-27 15:03:06.827000,1.09252,1.0925,1250000,1120000
2019-11-27 15:03:07.259000,1.09252,1.0925,1500000,1310000
2019-11-27 15:03:08.161000,1.09251,1.0925,1000000,1000000
2019-11-27 15:03:08.282000,1.09251,1.09249,1000000,2060000
2019-11-27 15:03:09.592000,1.09251,1.09249,1000000,3310000
2019-11-27 15:03:09.696000,1.09252,1.09251,1870000,1000000
2019-11-27 15:03:13.379000,1.09252,1.09249,2440000,7860000
2019-11-27 15:03:13.519000,1.09252,1.09249,2440000,8860000
2019-11-27 15:03:14.257000,1.09252,1.0925,1500000,1690000
2019-11-27 15:03:16.240000,1.09252,1.09249,2440000,5410000
2019-11-27 15:03:17.701000,1.09252,1.09251,1120000,1000000
2019-11-27 15:03:21.630000,1.09251,1.0925,1000000,1120000
2019-11-27 15:03:21.732000,1.09251,1.09249,1000000,3640000
2019-11-27 15:03:22.420000,1.09252,1.0925,1870000,1500000
2019-11-27 15:03:25.281000,1.09252,1.09249,3560000,5320000
2019-11-27 15:03:26.235000,1.09249,1.09248,1500000,1120000
2019-11-27 15:03:26.336000,1.09249,1.09247,1500000,3560000
2019-11-27 15:03:26.438000,1.09248,1.09247,1000000,4310000
2019-11-27 15:03:26.640000,1.09249,1.09247,1500000,4310000
2019-11-27 15:03:27.388000,1.09248,1.09247,1000000,1500000
2019-11-27 15:03:27.968000,1.09249,1.09247,1500000,2250000
2019-11-27 15:03:28.119000,1.09249,1.09248,1500000,1000000
2019-11-27 15:03:28.271000,1.0925,1.09248,1870000,1000000
2019-11-27 15:03:28.372000,1.0925,1.09247,2620000,3450000
2019-11-27 15:03:29.724000,1.0925,1.09247,1870000,5050000
2019-11-27 15:03:30.462000,1.0925,1.09247,2620000,3370000
2019-11-27 15:03:43.126000,1.09249,1.09247,1500000,4310000
2019-11-27 15:03:43.527000,1.09247,1.09246,1250000,3000000
2019-11-27 15:03:43.578000,1.09245,1.09243,1000000,8770000
2019-11-27 15:03:43.679000,1.09244,1.09242,1690000,1760000
2019-11-27 15:03:43.781000,1.09244,1.09242,2250000,2500000
2019-11-27 15:03:44.195000,1.09243,1.09242,1000000,1500000
2019-11-27 15:03:45.244000,1.09244,1.09243,2440000,1000000
2019-11-27 15:03:45.862000,1.09244,1.09242,3190000,1870000
2019-11-27 15:03:46.989000,1.09243,1.09242,1310000,1000000
2019-11-27 15:03:47.040000,1.09241,1.09239,2440000,2100000
2019-11-27 15:03:47.232000,1.09242,1.0924,2620000,2140000
2019-11-27 15:03:48.277000,1.09242,1.09241,1120000,1690000
2019-11-27 15:03:48.328000,1.09244,1.09242,1200000,1010000
2019-11-27 15:03:48.379000,1.09245,1.09243,2060000,1000000
2019-11-27 15:03:48.511000,1.09244,1.09243,1000000,1000000
2019-11-27 15:03:48.612000,1.09243,1.09241,2440000,1810000
2019-11-27 15:03:48.713000,1.09243,1.09241,2440000,1310000
2019-11-27 15:03:48.966000,1.09243,1.09241,2870000,1000000
2019-11-27 15:03:49.068000,1.09242,1.0924,2060000,1250000
2019-11-27 15:03:50.843000,1.09241,1.0924,1250000,1120000
2019-11-27 15:03:52.341000,1.09242,1.0924,2810000,1250000
2019-11-27 15:03:53.471000,1.09242,1.0924,1500000,2950000
2019-11-27 15:03:54.132000,1.09242,1.0924,2440000,1250000
2019-11-27 15:03:55.991000,1.09242,1.0924,2120000,1000000
2019-11-27 15:03:58.875000,1.09242,1.0924,1250000,1760000
2019-11-27 15:03:58.976000,1.09243,1.09241,3000000,1570000
2019-11-27 15:03:59.078000,1.09243,1.09242,1000000,1000000
2019-11-27 15:04:01.090000,1.09243,1.09241,1000000,1870000
2019-11-27 15:04:01.225000,1.09243,1.09242,1000000,1000000
2019-11-27 15:04:01.327000,1.09244,1.09242,1120000,1000000
2019-11-27 15:04:01.941000,1.09245,1.09243,2560000,1570000
2019-11-27 15:04:02.144000,1.09245,1.09243,2060000,1000000
2019-11-27 15:04:02.947000,1.09245,1.09242,2810000,2810000
2019-11-27 15:04:03.816000,1.09245,1.09243,2060000,1000000
2019-11-27 15:04:03.918000,1.09244,1.09242,3190000,1000000
2019-11-27 15:04:04.273000,1.09245,1.09244,1250000,1000000
2019-11-27 15:04:04.691000,1.09246,1.09244,1310000,1690000
2019-11-27 15:04:05.808000,1.09247,1.09245,1120000,12700000
2019-11-27 15:04:05.859000,1.09248,1.09247,1200000,2060000
2019-11-27 15:04:05.962000,1.0925,1.09248,2810000,1000000
2019-11-27 15:04:06.114000,1.09249,1.09248,1000000,1000000
2019-11-27 15:04:06.266000,1.09249,1.09247,2250000,2250000
2019-11-27 15:04:06.717000,1.0925,1.09248,2810000,1500000
2019-11-27 15:04:07.171000,1.0925,1.09247,3560000,4390000
2019-11-27 15:04:07.473000,1.0925,1.09249,2810000,1000000
2019-11-27 15:04:07.625000,1.0925,1.09248,2440000,1690000
2019-11-27 15:04:07.824000,1.09251,1.09249,1250000,1690000
2019-11-27 15:04:08.077000,1.0925,1.09248,1000000,1250000
2019-11-27 15:04:09.085000,1.09249,1.09248,1250000,5020000
2019-11-27 15:04:09.188000,1.09249,1.09246,2440000,5020000
2019-11-27 15:04:09.290000,1.09249,1.09246,3560000,2810000
2019-11-27 15:04:09.392000,1.09248,1.09246,1000000,4060000
2019-11-27 15:04:10.471000,1.09249,1.09247,1000000,2060000
2019-11-27 15:04:11.552000,1.0925,1.09248,2250000,2500000
2019-11-27 15:04:11.662000,1.09247,1.09246,1000000,1310000
2019-11-27 15:04:11.713000,1.09246,1.09245,1000000,1690000
2019-11-27 15:04:12.710000,1.09246,1.09244,1000000,2810000
2019-11-27 15:04:14.082000,1.09246,1.09245,1000000,1000000
2019-11-27 15:04:14.133000,1.09249,1.09247,4510000,1000000
2019-11-27 15:04:14.236000,1.09249,1.09247,1120000,1690000
2019-11-27 15:04:15.558000,1.09248,1.09246,1000000,2440000
2019-11-27 15:04:15.609000,1.09245,1.09244,1390000,1000000
2019-11-27 15:04:15.710000,1.09243,1.09242,1000000,2890000
2019-11-27 15:04:15.812000,1.09243,1.09241,1000000,4010000
2019-11-27 15:04:15.948000,1.09245,1.09242,2810000,3640000
2019-11-27 15:04:16.050000,1.09243,1.09242,1000000,1120000
2019-11-27 15:04:18.699000,1.09246,1.09244,3450000,1310000
2019-11-27 15:04:19.391000,1.09246,1.09243,3560000,2440000
2019-11-27 15:04:19.854000,1.09245,1.09243,1250000,1500000
2019-11-27 15:04:23.826000,1.09247,1.09245,4010000,1500000
2019-11-27 15:04:23.927000,1.09246,1.09245,1500000,1690000
2019-11-27 15:04:24.029000,1.09247,1.09245,2440000,1690000
2019-11-27 15:04:24.646000,1.09247,1.09246,1000000,1120000
2019-11-27 15:04:24.748000,1.09248,1.09247,1000000,1000000
2019-11-27 15:04:24.887000,1.09248,1.09247,1000000,1000000
2019-11-27 15:04:25.099000,1.09248,1.09246,1500000,1870000
2019-11-27 15:04:25.769000,1.09246,1.09245,1000000,1000000
2019-11-27 15:04:25.870000,1.09246,1.09244,2870000,1000000
2019-11-27 15:04:26.378000,1.09246,1.09244,2620000,1690000
2019-11-27 15:04:26.479000,1.09247,1.09244,3450000,4370000
2019-11-27 15:04:26.580000,1.09247,1.09244,2440000,3260000
2019-11-27 15:04:26.682000,1.09247,1.09244,1000000,2120000
2019-11-27 15:04:27.949000,1.09247,1.09245,1000000,2120000
2019-11-27 15:04:28.221000,1.09246,1.09245,1000000,1120000
2019-11-27 15:04:28.513000,1.09246,1.09244,1690000,2620000
2019-11-27 15:04:29.317000,1.09246,1.09244,1120000,2500000
2019-11-27 15:04:29.569000,1.09246,1.09244,1000000,2810000
2019-11-27 15:04:29.886000,1.09245,1.09244,1500000,1120000
2019-11-27 15:04:32.132000,1.09246,1.09244,3190000,1000000
2019-11-27 15:04:34.057000,1.09244,1.09243,1690000,2620000
2019-11-27 15:04:37.212000,1.09244,1.09242,2440000,2810000
2019-11-27 15:04:37.537000,1.09243,1.09242,1690000,1120000
2019-11-27 15:04:37.638000,1.09242,1.0924,1000000,1310000
2019-11-27 15:04:40.057000,1.09243,1.09241,2810000,1250000
2019-11-27 15:04:40.108000,1.09245,1.09243,3410000,1000000
2019-11-27 15:04:40.209000,1.09245,1.09243,2060000,1500000
2019-11-27 15:04:42.911000,1.09246,1.09244,4370000,1000000
2019-11-27 15:04:43.129000,1.09248,1.09247,2140000,2250000
2019-11-27 15:04:43.230000,1.09249,1.09247,1500000,2810000
2019-11-27 15:04:47.990000,1.09248,1.09247,1000000,1120000
2019-11-27 15:04:48.126000,1.09248,1.09246,1000000,2140000
2019-11-27 15:04:48.177000,1.09247,1.09245,1500000,2440000
2019-11-27 15:04:48.279000,1.09246,1.09245,1500000,1000000
2019-11-27 15:04:48.482000,1.09246,1.09244,2120000,1000000
2019-11-27 15:04:48.894000,1.09246,1.09244,2870000,1000000
2019-11-27 15:04:51.308000,1.09245,1.09243,1250000,1870000
2019-11-27 15:04:53.139000,1.09246,1.09244,2120000,1000000
2019-11-27 15:04:53.925000,1.09247,1.09245,2250000,2870000
2019-11-27 15:04:54.026000,1.09247,1.09245,3250000,1120000
2019-11-27 15:04:56.287000,1.09247,1.09245,2810000,1250000
2019-11-27 15:05:00.292000,1.09248,1.09247,1120000,1000000
2019-11-27 15:05:00.701000,1.09248,1.09246,1120000,2440000
2019-11-27 15:05:01.964000,1.09248,1.09247,2250000,1000000
2019-11-27 15:05:02.344000,1.09248,1.09246,1000000,1120000
2019-11-27 15:05:03.157000,1.09248,1.09247,1120000,1690000
2019-11-27 15:05:03.777000,1.09249,1.09247,1120000,2440000
2019-11-27 15:05:10.094000,1.09249,1.09248,1250000,1000000
2019-11-27 15:05:10.195000,1.09249,1.09246,1310000,5570000
2019-11-27 15:05:16.845000,1.09248,1.09246,1250000,2060000
2019-11-27 15:05:17.009000,1.09249,1.09246,3650000,1250000
2019-11-27 15:05:17.111000,1.09248,1.09246,1120000,2440000
2019-11-27 15:05:17.212000,1.09248,1.09247,1120000,1250000
2019-11-27 15:05:17.957000,1.09248,1.09246,1000000,1870000
2019-11-27 15:05:18.059000,1.09246,1.09245,1000000,1250000
2019-11-27 15:05:18.699000,1.09248,1.09246,2250000,1500000
2019-11-27 15:05:18.801000,1.09248,1.09247,1000000,1690000
2019-11-27 15:05:20.163000,1.09248,1.09246,2250000,2440000
2019-11-27 15:05:20.264000,1.09247,1.09245,1690000,1690000
2019-11-27 15:05:20.438000,1.09246,1.09245,1000000,1000000
2019-11-27 15:05:20.540000,1.09246,1.09244,1000000,3000000
2019-11-27 15:05:22.354000,1.09247,1.09245,1000000,1000000
2019-11-27 15:05:22.456000,1.09246,1.09245,1250000,1000000
2019-11-27 15:05:23.776000,1.09247,1.09244,2870000,4010000
2019-11-27 15:05:24.215000,1.09246,1.09245,1250000,1000000
2019-11-27 15:05:26.354000,1.09247,1.09245,1250000,1250000
2019-11-27 15:05:26.607000,1.09247,1.09245,1250000,1000000
2019-11-27 15:05:26.708000,1.09246,1.09244,1690000,2440000
2019-11-27 15:05:26.901000,1.09246,1.09244,1750000,1500000
2019-11-27 15:05:27.002000,1.09245,1.09243,2120000,1500000
2019-11-27 15:05:28.272000,1.09245,1.09243,1310000,1690000
2019-11-27 15:05:34.404000,1.09244,1.09243,1250000,1000000
2019-11-27 15:05:36.908000,1.09244,1.09242,1250000,2620000
2019-11-27 15:05:38.534000,1.09245,1.09244,1250000,1000000
2019-11-27 15:05:39.494000,1.09245,1.09243,2440000,2060000
2019-11-27 15:05:42.194000,1.09246,1.09244,2870000,1000000
2019-11-27 15:05:42.658000,1.09246,1.09245,1500000,1250000
2019-11-27 15:05:42.761000,1.09247,1.09244,2440000,4870000
2019-11-27 15:05:48.250000,1.09246,1.09244,1000000,3560000
2019-11-27 15:05:48.352000,1.09247,1.09244,2810000,3560000
2019-11-27 15:05:49.186000,1.09246,1.09244,1000000,3560000
2019-11-27 15:05:53.651000,1.09244,1.09243,1000000,1500000
2019-11-27 15:05:53.753000,1.09244,1.09243,1000000,1000000
2019-11-27 15:05:53.854000,1.09245,1.09243,2440000,1000000
2019-11-27 15:05:54.931000,1.09244,1.09243,1500000,1000000
2019-11-27 15:05:55.033000,1.09244,1.09242,2500000,2250000
2019-11-27 15:05:55.134000,1.09245,1.09243,1750000,1000000
2019-11-27 15:05:56.126000,1.09243,1.09242,1250000,1870000
2019-11-27 15:05:57.107000,1.09243,1.09242,1250000,1500000
2019-11-27 15:05:57.328000,1.09244,1.09242,1250000,1870000
2019-11-27 15:05:59.462000,1.09244,1.09242,2500000,1870000
2019-11-27 15:06:02.049000,1.09244,1.09242,2810000,1570000
2019-11-27 15:06:08.163000,1.09245,1.09243,4370000,1000000
2019-11-27 15:06:09.043000,1.09245,1.09243,2810000,1000000
2019-11-27 15:06:11.286000,1.09245,1.09244,1690000,1000000
2019-11-27 15:06:18.095000,1.09246,1.09243,4520000,3370000
2019-11-27 15:06:18.196000,1.09245,1.09243,1250000,3370000
2019-11-27 15:06:19.704000,1.09245,1.09244,1250000,1000000
2019-11-27 15:06:20.051000,1.09245,1.09243,1250000,2620000
2019-11-27 15:06:20.416000,1.09246,1.09244,3620000,1500000
2019-11-27 15:06:21.796000,1.09246,1.09244,3620000,1000000
2019-11-27 15:06:25.363000,1.09246,1.09245,2810000,1000000
2019-11-27 15:06:27.025000,1.09245,1.09244,2440000,1000000
2019-11-27 15:06:27.420000,1.09245,1.09243,1250000,3370000
2019-11-27 15:06:29.356000,1.09246,1.09243,2120000,3820000
2019-11-27 15:06:31.399000,1.09246,1.09244,2120000,1000000
2019-11-27 15:06:32.052000,1.09246,1.09243,2120000,3370000
2019-11-27 15:06:33.579000,1.09246,1.09244,2870000,1500000
2019-11-27 15:06:33.682000,1.09246,1.09244,2810000,1000000
2019-11-27 15:06:33.784000,1.09246,1.09244,3620000,1000000
2019-11-27 15:06:35.205000,1.09245,1.09243,1250000,1870000
2019-11-27 15:06:37.202000,1.09244,1.09242,1690000,3310000
2019-11-27 15:06:37.511000,1.09244,1.09242,2440000,2060000
2019-11-27 15:06:37.612000,1.09243,1.09241,2440000,2060000
2019-11-27 15:06:40.195000,1.0924,1.09239,1690000,4200000
2019-11-27 15:06:40.296000,1.09241,1.0924,1500000,1120000
2019-11-27 15:06:40.409000,1.09242,1.0924,1000000,4000000
2019-11-27 15:06:40.877000,1.09242,1.0924,1250000,3640000
2019-11-27 15:06:41.336000,1.09242,1.0924,1250000,3760000
2019-11-27 15:06:45.387000,1.09243,1.09241,2440000,2060000
2019-11-27 15:06:46.951000,1.09243,1.09241,1690000,4020000
2019-11-27 15:06:47.924000,1.09243,1.09241,1690000,2810000
2019-11-27 15:06:49.709000,1.09244,1.09242,2500000,1120000
2019-11-27 15:06:50.323000,1.09244,1.09242,1250000,1200000
2019-11-27 15:06:52.269000,1.09243,1.09241,1000000,4320000
2019-11-27 15:06:53.137000,1.09243,1.09241,1000000,3820000
2019-11-27 15:06:56.049000,1.09243,1.09242,1250000,1120000
2019-11-27 15:06:56.150000,1.09245,1.09242,4370000,1950000
2019-11-27 15:06:59.111000,1.09244,1.09241,1370000,4510000
2019-11-27 15:07:00.150000,1.09244,1.09241,2870000,3560000
2019-11-27 15:07:03.377000,1.09241,1.09239,1690000,5560000
2019-11-27 15:07:03.479000,1.09241,1.09239,2060000,2060000
2019-11-27 15:07:04.378000,1.09241,1.09239,3250000,1870000
2019-11-27 15:07:06.698000,1.0924,1.09238,1250000,3450000
2019-11-27 15:07:07.376000,1.0924,1.09238,1750000,2250000
2019-11-27 15:07:09.296000,1.09242,1.09239,1100000,3000000
2019-11-27 15:07:09.347000,1.09242,1.0924,1200000,3070000
2019-11-27 15:07:09.449000,1.09243,1.09241,2060000,1310000
2019-11-27 15:07:09.721000,1.09243,1.09241,2120000,1120000
2019-11-27 15:07:09.823000,1.09241,1.0924,2440000,1000000
2019-11-27 15:07:09.938000,1.09241,1.09239,3250000,1500000
2019-11-27 15:07:10.141000,1.09241,1.09239,4370000,1000000
2019-11-27 15:07:12.620000,1.09241,1.0924,1250000,1000000
2019-11-27 15:07:12.671000,1.09243,1.09241,1690000,2060000
2019-11-27 15:07:12.899000,1.09243,1.09241,1690000,2560000
2019-11-27 15:07:13.930000,1.09243,1.09241,1690000,1310000
2019-11-27 15:07:13.981000,1.09244,1.09243,1000000,1000000
2019-11-27 15:07:14.083000,1.09245,1.09243,2870000,1870000
2019-11-27 15:07:25.754000,1.09244,1.09242,1370000,1870000
2019-11-27 15:07:25.906000,1.09244,1.09242,2500000,1120000
2019-11-27 15:07:26.403000,1.09242,1.0924,1870000,5070000
2019-11-27 15:07:26.504000,1.09241,1.09239,3250000,2700000
2019-11-27 15:07:27.539000,1.0924,1.09238,1250000,1870000
2019-11-27 15:07:33.826000,1.0924,1.09239,1000000,1000000
2019-11-27 15:07:36.415000,1.09239,1.09237,3000000,1200000
2019-11-27 15:07:36.551000,1.09239,1.09236,3250000,2560000
2019-11-27 15:07:36.854000,1.09239,1.09237,1250000,1200000
2019-11-27 15:07:40.621000,1.09239,1.09236,1250000,5210000
2019-11-27 15:07:46.194000,1.09239,1.09237,1250000,1000000
2019-11-27 15:07:50.360000,1.09239,1.09238,1310000,1000000
2019-11-27 15:07:50.589000,1.09239,1.09237,1310000,1500000
2019-11-27 15:07:50.690000,1.09238,1.09237,1250000,1000000
2019-11-27 15:07:51.044000,1.09239,1.09237,2500000,1000000
2019-11-27 15:07:53.520000,1.09238,1.09236,1250000,3940000
2019-11-27 15:07:56.865000,1.09239,1.09237,2870000,1000000
2019-11-27 15:08:00.312000,1.09239,1.09236,1750000,4060000
2019-11-27 15:08:00.959000,1.09238,1.09236,4000000,1500000
2019-11-27 15:08:01.010000,1.09237,1.09235,2250000,1120000
2019-11-27 15:08:01.111000,1.09237,1.09235,1500000,1120000
2019-11-27 15:08:02.739000,1.09237,1.09236,1000000,1120000
2019-11-27 15:08:02.790000,1.09239,1.09238,2140000,1000000
2019-11-27 15:08:02.891000,1.0924,1.09239,1000000,2440000
2019-11-27 15:08:03.194000,1.09241,1.09239,1690000,3190000
2019-11-27 15:08:03.871000,1.0924,1.09239,1000000,2440000
2019-11-27 15:08:06.950000,1.09242,1.0924,1870000,2200000
2019-11-27 15:08:07.052000,1.09243,1.0924,1690000,3070000
2019-11-27 15:08:07.154000,1.09243,1.09242,2060000,1000000
2019-11-27 15:08:08.092000,1.09243,1.09241,1690000,2060000
2019-11-27 15:08:08.193000,1.09243,1.09241,4000000,1870000
2019-11-27 15:08:08.456000,1.09242,1.0924,1690000,1870000
2019-11-27 15:08:09.087000,1.09241,1.09238,1500000,4700000
2019-11-27 15:08:10.213000,1.09239,1.09237,2500000,2250000
2019-11-27 15:08:10.319000,1.0924,1.09237,3250000,1870000
2019-11-27 15:08:10.423000,1.09239,1.09236,2500000,2560000
2019-11-27 15:08:11.228000,1.09239,1.09238,1250000,1120000
2019-11-27 15:08:14.177000,1.09239,1.09237,4000000,1120000
2019-11-27 15:08:14.295000,1.09239,1.09236,1500000,2820000
2019-11-27 15:08:16.306000,1.09239,1.09237,1000000,4320000
2019-11-27 15:08:18.397000,1.09239,1.09237,1750000,1500000
2019-11-27 15:08:18.498000,1.09239,1.09237,1750000,1120000
2019-11-27 15:08:20.397000,1.09238,1.09236,1690000,2810000
2019-11-27 15:08:23.765000,1.09238,1.09236,2870000,1500000
2019-11-27 15:08:25.173000,1.09238,1.09236,1690000,2810000
2019-11-27 15:08:27.373000,1.09238,1.09236,2500000,1870000
2019-11-27 15:08:27.527000,1.09238,1.09236,1690000,2060000
2019-11-27 15:08:27.629000,1.09238,1.09236,2500000,1870000
2019-11-27 15:08:28.558000,1.09238,1.09236,1500000,1870000
2019-11-27 15:08:32.740000,1.09238,1.09236,3250000,1870000
2019-11-27 15:08:32.841000,1.09237,1.09235,1000000,2620000
2019-11-27 15:08:33.781000,1.09237,1.09235,1000000,3120000
2019-11-27 15:08:36.581000,1.09237,1.09235,1500000,2620000
2019-11-27 15:08:36.764000,1.09237,1.09235,1000000,3120000
2019-11-27 15:08:37.168000,1.09238,1.09236,2440000,1120000
2019-11-27 15:08:45.973000,1.09239,1.09237,3560000,1000000
2019-11-27 15:08:46.612000,1.09238,1.09237,1000000,1120000
2019-11-27 15:08:46.714000,1.09239,1.09237,3190000,1120000
2019-11-27 15:08:47.069000,1.09238,1.09236,1000000,6010000
2019-11-27 15:08:47.967000,1.09238,1.09236,1000000,5140000
2019-11-27 15:08:49.935000,1.09238,1.09236,1000000,5260000
2019-11-27 15:08:52.964000,1.09238,1.09236,1000000,5140000
2019-11-27 15:08:55.440000,1.09238,1.09236,1000000,3700000
2019-11-27 15:08:55.541000,1.09239,1.09237,2810000,1250000
2019-11-27 15:09:00.358000,1.09238,1.09236,1000000,4510000
2019-11-27 15:09:00.460000,1.09239,1.09237,3190000,1120000
2019-11-27 15:09:00.987000,1.09238,1.09236,1000000,4010000
2019-11-27 15:09:02.087000,1.09238,1.09237,1000000,1000000
2019-11-27 15:09:02.189000,1.09239,1.09237,4310000,1500000
2019-11-27 15:09:04.538000,1.09238,1.09237,1000000,1870000
2019-11-27 15:09:06.148000,1.09239,1.09237,3560000,2250000
2019-11-27 15:09:07.076000,1.09238,1.09237,1000000,1500000
2019-11-27 15:09:08.216000,1.09239,1.09237,3560000,2250000
2019-11-27 15:09:08.317000,1.09238,1.09236,1500000,1310000
2019-11-27 15:09:12.939000,1.09238,1.09237,1000000,1000000
2019-11-27 15:09:13.354000,1.09239,1.09237,3940000,1500000
2019-11-27 15:09:13.505000,1.09238,1.09237,1000000,1000000
2019-11-27 15:09:13.990000,1.09239,1.09237,3940000,1500000
2019-11-27 15:09:18.411000,1.0924,1.09239,1500000,1250000
2019-11-27 15:09:18.513000,1.09242,1.09241,6600000,1310000
2019-11-27 15:09:18.564000,1.09244,1.09242,4010000,1500000
2019-11-27 15:09:18.716000,1.09244,1.09242,1000000,3310000
2019-11-27 15:09:18.996000,1.09246,1.09243,4570000,1120000
2019-11-27 15:09:20.078000,1.09244,1.09243,1000000,1120000
2019-11-27 15:09:21.734000,1.09244,1.09242,2440000,1120000
2019-11-27 15:09:22.068000,1.09243,1.09241,1000000,3940000
2019-11-27 15:09:25.177000,1.0924,1.09239,1250000,5250000
2019-11-27 15:09:25.228000,1.09238,1.09236,1000000,2890000
2019-11-27 15:09:25.380000,1.09237,1.09235,1120000,3150000
2019-11-27 15:09:25.582000,1.09236,1.09235,1000000,1310000
2019-11-27 15:09:25.713000,1.09237,1.09235,1310000,3250000
2019-11-27 15:09:25.764000,1.09236,1.09234,1000000,3260000
2019-11-27 15:09:26.795000,1.09233,1.09231,2440000,1760000
2019-11-27 15:09:26.896000,1.09232,1.0923,1000000,3920000
2019-11-27 15:09:26.997000,1.09232,1.0923,1690000,1570000
2019-11-27 15:09:27.106000,1.09232,1.0923,1000000,1570000
2019-11-27 15:09:30.982000,1.09232,1.0923,1000000,2950000
2019-11-27 15:09:31.083000,1.09231,1.0923,1000000,2140000
2019-11-27 15:09:33.556000,1.09232,1.0923,1000000,4150000
2019-11-27 15:09:35.185000,1.09232,1.0923,1000000,3770000
2019-11-27 15:09:36.022000,1.09234,1.09233,2250000,1000000
2019-11-27 15:09:36.183000,1.09238,1.09237,1000000,1000000
2019-11-27 15:09:38.383000,1.09238,1.09236,1250000,1760000
2019-11-27 15:09:39.954000,1.09238,1.09237,1000000,1000000
2019-11-27 15:09:54.287000,1.09239,1.09237,1250000,1120000
2019-11-27 15:09:55.548000,1.0924,1.09239,1000000,1760000
2019-11-27 15:09:55.651000,1.09241,1.09239,3370000,1470000
2019-11-27 15:09:55.701000,1.0924,1.09238,1690000,2060000
2019-11-27 15:09:55.803000,1.09239,1.09238,1250000,2620000
2019-11-27 15:09:56.709000,1.09238,1.09237,1000000,1760000
2019-11-27 15:09:57.208000,1.09238,1.09236,1000000,2590000
2019-11-27 15:09:57.965000,1.09237,1.09235,1000000,2850000
2019-11-27 15:09:58.268000,1.09238,1.09237,1500000,1000000
2019-11-27 15:10:00.064000,1.09238,1.09237,1000000,2060000
2019-11-27 15:10:03.319000,1.09239,1.09237,1000000,2620000
2019-11-27 15:10:03.435000,1.0924,1.09237,3370000,2820000
2019-11-27 15:10:03.537000,1.09239,1.09238,1000000,1500000
2019-11-27 15:10:04.313000,1.0924,1.09238,2810000,1690000
2019-11-27 15:10:05.253000,1.09242,1.09241,1500000,2440000
2019-11-27 15:10:05.304000,1.09243,1.09242,1120000,2700000
2019-11-27 15:10:06.229000,1.09243,1.0924,3940000,4760000
2019-11-27 15:10:06.482000,1.09243,1.09241,3190000,1200000
2019-11-27 15:10:06.761000,1.0924,1.09238,1250000,2320000
2019-11-27 15:10:13.706000,1.09241,1.0924,2250000,1690000
2019-11-27 15:10:13.816000,1.09241,1.09239,1120000,4900000
2019-11-27 15:10:13.919000,1.09242,1.0924,3000000,3700000
2019-11-27 15:10:14.402000,1.09242,1.0924,1500000,3700000
2019-11-27 15:10:16.957000,1.09243,1.09242,2060000,1000000
2019-11-27 15:10:18.333000,1.09244,1.09242,1500000,2950000
2019-11-27 15:10:23.712000,1.09244,1.09242,1690000,2320000
2019-11-27 15:10:24.118000,1.09244,1.09243,1250000,1100000
2019-11-27 15:10:24.251000,1.09244,1.09242,1250000,1650000
2019-11-27 15:10:27.853000,1.09244,1.09242,1250000,3850000
2019-11-27 15:10:30.178000,1.09245,1.09242,2870000,2700000
2019-11-27 15:10:30.279000,1.09245,1.09243,2870000,1100000
2019-11-27 15:10:30.380000,1.09245,1.09242,2870000,3820000
2019-11-27 15:10:31.309000,1.09245,1.09243,2120000,1100000
2019-11-27 15:10:33.386000,1.09245,1.09243,2060000,1200000
2019-11-27 15:10:33.850000,1.09245,1.09242,2060000,2890000
2019-11-27 15:10:33.972000,1.09245,1.09243,2060000,1200000
2019-11-27 15:10:36.084000,1.09245,1.09244,2060000,1000000
2019-11-27 15:10:36.186000,1.09246,1.09244,1500000,3070000
2019-11-27 15:10:36.595000,1.09247,1.09245,3370000,1250000
2019-11-27 15:10:37.244000,1.09246,1.09244,1750000,3070000
2019-11-27 15:10:37.547000,1.09247,1.09245,2250000,2950000
2019-11-27 15:10:37.936000,1.09248,1.09246,2810000,2440000
2019-11-27 15:10:38.447000,1.09247,1.09246,1000000,1250000
2019-11-27 15:10:38.548000,1.09248,1.09246,4310000,1250000
2019-11-27 15:10:40.464000,1.09248,1.09247,1120000,2440000
2019-11-27 15:10:40.565000,1.09249,1.09247,2060000,3640000
2019-11-27 15:10:41.177000,1.0925,1.09248,4120000,1000000
2019-11-27 15:10:47.845000,1.09253,1.09252,3750000,1000000
2019-11-27 15:10:47.979000,1.09254,1.09252,1310000,2250000
2019-11-27 15:10:48.742000,1.09253,1.09252,1000000,1570000
2019-11-27 15:10:48.924000,1.09252,1.09251,1250000,1000000
2019-11-27 15:10:49.307000,1.09252,1.0925,2310000,1950000
2019-11-27 15:10:49.972000,1.09253,1.09251,6310000,1000000
2019-11-27 15:10:50.124000,1.09252,1.0925,1370000,3070000
2019-11-27 15:10:50.241000,1.09253,1.09251,3560000,1010000
2019-11-27 15:10:50.342000,1.09252,1.09251,1310000,1000000
2019-11-27 15:10:50.647000,1.09253,1.09251,3560000,1690000
2019-11-27 15:10:50.750000,1.09252,1.0925,1250000,1950000
2019-11-27 15:10:51.317000,1.09252,1.0925,1120000,1970000
2019-11-27 15:10:51.418000,1.09252,1.0925,1370000,1950000
2019-11-27 15:11:04.235000,1.09254,1.09252,4950000,1000000
2019-11-27 15:11:04.491000,1.09253,1.09252,1500000,2140000
2019-11-27 15:11:04.593000,1.09252,1.0925,1310000,4120000
2019-11-27 15:11:04.996000,1.09252,1.09251,1120000,1010000
2019-11-27 15:11:06.301000,1.09252,1.0925,1000000,3640000
2019-11-27 15:11:07.209000,1.09252,1.09251,1000000,1390000
2019-11-27 15:11:07.919000,1.09252,1.0925,1250000,1500000
2019-11-27 15:11:08.030000,1.09251,1.0925,1000000,1950000
2019-11-27 15:11:08.182000,1.09252,1.0925,1870000,1200000
2019-11-27 15:11:09.976000,1.09253,1.09251,2560000,2140000
2019-11-27 15:11:10.078000,1.09253,1.09252,1690000,1000000
2019-11-27 15:11:10.356000,1.09253,1.09251,2440000,2590000
2019-11-27 15:11:10.458000,1.09253,1.09251,2500000,2320000
2019-11-27 15:11:10.559000,1.09253,1.09251,2810000,2140000
2019-11-27 15:11:11.475000,1.09253,1.09251,2870000,1950000
2019-11-27 15:11:11.576000,1.09253,1.09251,2810000,2140000
2019-11-27 15:11:11.958000,1.09253,1.09251,2870000,1950000
2019-11-27 15:11:12.170000,1.09253,1.09251,1870000,1950000
2019-11-27 15:11:13.439000,1.09253,1.09251,2120000,1950000
2019-11-27 15:11:13.600000,1.09253,1.09251,2060000,2140000
2019-11-27 15:11:13.923000,1.09253,1.09251,2120000,1950000
2019-11-27 15:11:14.158000,1.09253,1.09251,2060000,2140000
2019-11-27 15:11:14.562000,1.09253,1.09251,1370000,1570000
2019-11-27 15:11:14.931000,1.09253,1.09251,1250000,3340000
2019-11-27 15:11:15.032000,1.09255,1.09253,4060000,1250000
2019-11-27 15:11:15.134000,1.09257,1.09254,2440000,2440000
2019-11-27 15:11:15.235000,1.09257,1.09255,1690000,1000000
2019-11-27 15:11:15.854000,1.09256,1.09255,1000000,1000000
2019-11-27 15:11:15.997000,1.09256,1.09254,1000000,2890000
2019-11-27 15:11:16.152000,1.09255,1.09253,1750000,3820000
2019-11-27 15:11:16.203000,1.09253,1.09252,1000000,3260000
2019-11-27 15:11:16.406000,1.09254,1.09252,1310000,4040000
2019-11-27 15:11:19.035000,1.09253,1.09252,1690000,1200000
2019-11-27 15:11:19.137000,1.09253,1.0925,2810000,3700000
2019-11-27 15:11:19.245000,1.09252,1.0925,1310000,3260000
2019-11-27 15:11:19.348000,1.09252,1.0925,1000000,4450000
2019-11-27 15:11:19.500000,1.09253,1.0925,1310000,3320000
2019-11-27 15:11:20.388000,1.09254,1.09252,2500000,1000000
2019-11-27 15:11:20.489000,1.09254,1.09252,1250000,3820000
2019-11-27 15:11:20.540000,1.09256,1.09254,2060000,1500000
2019-11-27 15:11:22.372000,1.09255,1.09253,1250000,3820000
2019-11-27 15:11:22.473000,1.09254,1.09253,1250000,2170000
2019-11-27 15:11:22.629000,1.09253,1.09252,1000000,1200000
2019-11-27 15:11:22.680000,1.09255,1.09253,2250000,2440000
2019-11-27 15:11:22.782000,1.09255,1.09254,1120000,1950000
2019-11-27 15:11:27.720000,1.09257,1.09254,3560000,2540000
2019-11-27 15:11:28.045000,1.09256,1.09254,1000000,2510000
2019-11-27 15:11:28.147000,1.09257,1.09254,2810000,2540000
2019-11-27 15:11:28.248000,1.09255,1.09254,1000000,1310000
2019-11-27 15:11:28.629000,1.09254,1.09252,1690000,3120000
2019-11-27 15:11:28.731000,1.09254,1.09252,1690000,3070000
2019-11-27 15:11:28.832000,1.09252,1.09251,2250000,2320000
2019-11-27 15:11:28.933000,1.09251,1.0925,1120000,1950000
2019-11-27 15:11:29.135000,1.09252,1.0925,1000000,2510000
2019-11-27 15:11:29.237000,1.09253,1.09251,4950000,1200000
2019-11-27 15:11:29.338000,1.09253,1.0925,3190000,4100000
2019-11-27 15:11:30.661000,1.09254,1.09252,4370000,1570000
2019-11-27 15:11:30.762000,1.09254,1.09252,1000000,4010000
2019-11-27 15:11:30.864000,1.09255,1.09253,5060000,1200000
2019-11-27 15:11:30.965000,1.09254,1.09252,1000000,4040000
2019-11-27 15:11:31.321000,1.09253,1.09252,1000000,3260000
2019-11-27 15:11:33.296000,1.09255,1.09254,1500000,1250000
2019-11-27 15:11:33.397000,1.09255,1.09254,1000000,2060000
2019-11-27 15:11:38.538000,1.09256,1.09254,2440000,3260000
2019-11-27 15:11:45.506000,1.09256,1.09254,1120000,2950000
2019-11-27 15:11:51.481000,1.09256,1.09254,1250000,2510000
2019-11-27 15:11:52.532000,1.09259,1.09257,3190000,2500000
2019-11-27 15:11:52.633000,1.09258,1.09257,1120000,1000000
2019-11-27 15:11:54.356000,1.09258,1.09256,1690000,3150000
2019-11-27 15:11:54.608000,1.09258,1.09257,1000000,2140000
2019-11-27 15:11:54.710000,1.09259,1.09257,1250000,2400000
2019-11-27 15:11:54.822000,1.09258,1.09257,1000000,1650000
2019-11-27 15:11:55.593000,1.09259,1.09257,1250000,2770000
2019-11-27 15:11:59.079000,1.09258,1.09256,1000000,4090000
2019-11-27 15:11:59.180000,1.09259,1.09257,1310000,1950000
2019-11-27 15:12:00.519000,1.0926,1.09258,1310000,1950000
2019-11-27 15:12:00.621000,1.0926,1.09258,2120000,2400000
2019-11-27 15:12:00.957000,1.0926,1.09258,1120000,5420000
2019-11-27 15:12:01.462000,1.09261,1.0926,1120000,2890000
2019-11-27 15:12:01.575000,1.09263,1.09261,1500000,4390000
2019-11-27 15:12:01.676000,1.09263,1.09262,1000000,1000000
2019-11-27 15:12:01.878000,1.09264,1.09262,1690000,3820000
2019-11-27 15:12:02.010000,1.09264,1.09262,1000000,5160000
2019-11-27 15:12:02.851000,1.09264,1.09262,2440000,3640000
2019-11-27 15:12:04.167000,1.09263,1.09262,1000000,2890000
2019-11-27 15:12:08.046000,1.09264,1.09263,1500000,1200000
2019-11-27 15:12:08.155000,1.09264,1.09262,2870000,3820000
2019-11-27 15:12:08.327000,1.09264,1.09263,2810000,1000000
2019-11-27 15:12:09.131000,1.09264,1.09262,1500000,5050000
2019-11-27 15:12:10.519000,1.09266,1.09265,1120000,1690000
2019-11-27 15:12:10.673000,1.09268,1.09266,4440000,1690000
2019-11-27 15:12:10.774000,1.09268,1.09267,1250000,1870000
2019-11-27 15:12:14.756000,1.0927,1.09268,4370000,1100000
2019-11-27 15:12:14.857000,1.09269,1.09267,1250000,2320000
2019-11-27 15:12:15.525000,1.09269,1.09267,1750000,1120000
2019-11-27 15:12:17.384000,1.0927,1.09267,2870000,4960000
2019-11-27 15:12:18.364000,1.0927,1.09268,1500000,2320000
2019-11-27 15:12:20.419000,1.09271,1.09269,3750000,2910000
2019-11-27 15:12:20.520000,1.09271,1.09269,4370000,1570000
2019-11-27 15:12:22.847000,1.0927,1.09267,4070000,3850000
2019-11-27 15:12:22.948000,1.0927,1.09267,4070000,3070000
2019-11-27 15:12:25.106000,1.0927,1.09267,2560000,3110000
2019-11-27 15:12:25.582000,1.09271,1.09268,5570000,2700000
2019-11-27 15:12:26.159000,1.09269,1.09268,1000000,1200000
2019-11-27 15:12:26.310000,1.0927,1.09267,4570000,2700000
2019-11-27 15:12:27.257000,1.0927,1.09268,3310000,1100000
2019-11-27 15:12:27.358000,1.09271,1.09268,6070000,1120000
2019-11-27 15:12:30.179000,1.0927,1.09267,1250000,4840000
2019-11-27 15:12:30.291000,1.0927,1.09268,1250000,1200000
2019-11-27 15:12:30.455000,1.09272,1.0927,3940000,2070000
2019-11-27 15:12:30.709000,1.09272,1.0927,1250000,3790000
2019-11-27 15:12:30.811000,1.09271,1.0927,1690000,1500000
2019-11-27 15:12:30.912000,1.09271,1.09268,4070000,3290000
2019-11-27 15:12:31.014000,1.09271,1.09268,4070000,3260000
2019-11-27 15:12:31.739000,1.09271,1.09268,4070000,3290000
2019-11-27 15:12:33.728000,1.09271,1.09269,1000000,3820000
2019-11-27 15:12:33.844000,1.09272,1.0927,2060000,4460000
2019-11-27 15:12:33.945000,1.09273,1.09272,1000000,2700000
2019-11-27 15:12:34.046000,1.09274,1.09272,2060000,2700000
2019-11-27 15:12:34.249000,1.09273,1.09271,1750000,3820000
2019-11-27 15:12:34.350000,1.09273,1.0927,3070000,2620000
2019-11-27 15:12:34.452000,1.09271,1.09268,3750000,4200000
2019-11-27 15:12:34.553000,1.09271,1.09268,4120000,2320000
2019-11-27 15:12:39.877000,1.09271,1.09268,4120000,2320000
2019-11-27 15:12:40.400000,1.09272,1.09271,2250000,1250000
2019-11-27 15:12:40.502000,1.09272,1.09271,1500000,2140000
2019-11-27 15:12:43.013000,1.09274,1.09273,1310000,1000000
2019-11-27 15:12:43.064000,1.09275,1.09273,3940000,1100000
2019-11-27 15:12:47.940000,1.09273,1.09271,2500000,5020000
2019-11-27 15:12:48.041000,1.09273,1.09271,1310000,1590000
2019-11-27 15:12:48.439000,1.09273,1.09271,1310000,1760000
2019-11-27 15:12:50.671000,1.09273,1.09271,2870000,1000000
2019-11-27 15:12:50.948000,1.09272,1.0927,1370000,3150000
2019-11-27 15:12:51.050000,1.09273,1.0927,2190000,3020000
2019-11-27 15:12:51.238000,1.09272,1.09269,2120000,6110000
2019-11-27 15:12:51.339000,1.09272,1.09269,3620000,3640000
2019-11-27 15:12:52.907000,1.09272,1.0927,1870000,2950000
2019-11-27 15:13:00.098000,1.0927,1.09268,1500000,3000000
2019-11-27 15:13:00.199000,1.0927,1.09268,1750000,2020000
2019-11-27 15:13:03.231000,1.09269,1.09268,2060000,1000000
2019-11-27 15:13:03.333000,1.09269,1.09267,2870000,1000000
2019-11-27 15:13:11.183000,1.09268,1.09266,2890000,1100000
2019-11-27 15:13:11.909000,1.09268,1.09266,2500000,2320000
2019-11-27 15:13:15.708000,1.09267,1.09264,4070000,3220000
2019-11-27 15:13:15.809000,1.09266,1.09264,1870000,1000000
2019-11-27 15:13:24.877000,1.09266,1.09264,2810000,1500000
2019-11-27 15:13:24.975000,1.09267,1.09266,1000000,1250000
2019-11-27 15:13:25.187000,1.09268,1.09267,1250000,1000000
2019-11-27 15:13:25.339000,1.09268,1.09267,1000000,1690000
2019-11-27 15:13:25.827000,1.09269,1.09267,3940000,1000000
2019-11-27 15:13:25.929000,1.09271,1.09269,2890000,1310000
2019-11-27 15:13:26.031000,1.09271,1.09269,2870000,1000000
2019-11-27 15:13:26.397000,1.09272,1.0927,4310000,1690000
2019-11-27 15:13:26.600000,1.09271,1.09269,1690000,2720000
2019-11-27 15:13:26.701000,1.09271,1.09269,2190000,1500000
2019-11-27 15:13:26.934000,1.09269,1.09268,1310000,1000000
2019-11-27 15:13:29.738000,1.0927,1.09268,2060000,2440000
2019-11-27 15:13:31.886000,1.0927,1.09268,4000000,1000000
2019-11-27 15:13:34.037000,1.0927,1.09268,4310000,2250000
2019-11-27 15:13:34.189000,1.0927,1.09269,1000000,1000000
2019-11-27 15:13:35.116000,1.0927,1.09268,1310000,1870000
2019-11-27 15:13:36.537000,1.09271,1.0927,1250000,1000000
2019-11-27 15:13:36.638000,1.09272,1.0927,3120000,1000000
2019-11-27 15:13:38.925000,1.09271,1.09269,2500000,1000000
2019-11-27 15:13:39.213000,1.09271,1.09268,4870000,2320000
2019-11-27 15:13:39.499000,1.09271,1.09269,4060000,1500000
2019-11-27 15:13:40.049000,1.09271,1.09269,3560000,1500000
2019-11-27 15:13:41.501000,1.09271,1.0927,1870000,2250000
2019-11-27 15:13:41.640000,1.09272,1.09271,1000000,1000000
2019-11-27 15:13:41.851000,1.09272,1.0927,1000000,2700000
2019-11-27 15:13:46.830000,1.09273,1.09272,1000000,1500000
2019-11-27 15:13:46.937000,1.09274,1.09273,1250000,1000000
2019-11-27 15:13:48.619000,1.09274,1.09272,3760000,1100000
2019-11-27 15:13:48.821000,1.09273,1.09271,4310000,1100000
2019-11-27 15:13:50.533000,1.09272,1.09271,1000000,1000000
2019-11-27 15:13:50.634000,1.09272,1.09269,4120000,3900000
2019-11-27 15:13:52.967000,1.09272,1.09271,1120000,1690000
2019-11-27 15:13:53.068000,1.09274,1.09272,2440000,1500000
2019-11-27 15:13:55.198000,1.09273,1.09271,2250000,2400000
2019-11-27 15:13:55.345000,1.09271,1.09269,1250000,5660000
2019-11-27 15:13:55.446000,1.09271,1.09269,1250000,2890000
2019-11-27 15:13:58.991000,1.09271,1.0927,1000000,1250000
2019-11-27 15:13:59.092000,1.09272,1.0927,2060000,2440000
2019-11-27 15:13:59.194000,1.09273,1.09271,3940000,2190000
2019-11-27 15:13:59.295000,1.09273,1.09271,3310000,1250000
2019-11-27 15:13:59.635000,1.09273,1.09271,3560000,1250000
2019-11-27 15:14:00.398000,1.09273,1.09272,1000000,2250000
2019-11-27 15:14:00.501000,1.09274,1.09272,2250000,3260000
2019-11-27 15:14:00.673000,1.09274,1.09273,2250000,1000000
2019-11-27 15:14:00.775000,1.09274,1.09272,1000000,2770000
2019-11-27 15:14:03.542000,1.09273,1.09271,1000000,2210000
2019-11-27 15:14:04.590000,1.09273,1.09271,1000000,2210000
2019-11-27 15:14:04.812000,1.09273,1.09272,1000000,1000000
2019-11-27 15:14:14.264000,1.09273,1.0927,3690000,2910000
2019-11-27 15:14:14.414000,1.09272,1.09271,1870000,1690000
2019-11-27 15:14:15.835000,1.09271,1.09269,1000000,2560000
2019-11-27 15:14:15.937000,1.0927,1.09268,1000000,2890000
2019-11-27 15:14:16.038000,1.0927,1.09268,1000000,3560000
2019-11-27 15:14:17.036000,1.0927,1.09269,1120000,1000000
2019-11-27 15:14:17.087000,1.09272,1.09271,1500000,2060000
2019-11-27 15:14:17.189000,1.09274,1.09272,5310000,1000000
2019-11-27 15:14:17.290000,1.09274,1.09271,5120000,2060000
2019-11-27 15:14:18.074000,1.09274,1.09272,4370000,1000000
2019-11-27 15:14:21.311000,1.09274,1.09272,1000000,2510000
2019-11-27 15:14:24.638000,1.09274,1.09273,1000000,1000000
2019-11-27 15:14:26.049000,1.09274,1.09272,2440000,1870000
2019-11-27 15:14:27.129000,1.09274,1.09271,3560000,4960000
2019-11-27 15:14:27.755000,1.09274,1.09271,2810000,4390000
2019-11-27 15:14:28.123000,1.09274,1.09271,3190000,4960000
2019-11-27 15:14:28.797000,1.09274,1.09272,2440000,2250000
2019-11-27 15:14:30.267000,1.09275,1.09273,2560000,3000000
2019-11-27 15:14:30.318000,1.09276,1.09274,3820000,1690000
2019-11-27 15:14:30.369000,1.09278,1.09277,5700000,1690000
2019-11-27 15:14:30.471000,1.09278,1.09277,2140000,1000000
2019-11-27 15:14:30.521000,1.09278,1.09275,2640000,3000000
2019-11-27 15:14:30.655000,1.09278,1.09276,2320000,1250000
2019-11-27 15:14:31.071000,1.09278,1.09277,2250000,1000000
2019-11-27 15:14:31.387000,1.09278,1.09276,3000000,1000000
2019-11-27 15:14:31.828000,1.09278,1.09276,3120000,1000000
2019-11-27 15:14:33.872000,1.09277,1.09275,1000000,1000000
2019-11-27 15:14:35.193000,1.09278,1.09275,3870000,3250000
2019-11-27 15:14:35.679000,1.09277,1.09275,1500000,1250000
2019-11-27 15:14:37.487000,1.09276,1.09274,1690000,1250000
2019-11-27 15:14:39.029000,1.09277,1.09275,1870000,1750000
2019-11-27 15:14:39.383000,1.09277,1.09275,1000000,3560000
2019-11-27 15:14:39.524000,1.09277,1.09276,1000000,1250000
2019-11-27 15:14:40.770000,1.09278,1.09276,1870000,2190000
2019-11-27 15:14:40.872000,1.09278,1.09277,1120000,1000000
2019-11-27 15:14:42.129000,1.09277,1.09275,1500000,1690000
2019-11-27 15:14:42.820000,1.09276,1.09274,1120000,2810000
2019-11-27 15:14:46.066000,1.09276,1.09275,1870000,1000000
2019-11-27 15:14:46.117000,1.09276,1.09273,2940000,2140000
2019-11-27 15:14:48.901000,1.09275,1.09274,1000000,1000000
2019-11-27 15:14:54.103000,1.09274,1.09272,1370000,3940000
2019-11-27 15:14:54.205000,1.09274,1.09273,1690000,1000000
2019-11-27 15:14:54.307000,1.09275,1.09274,1250000,1000000
2019-11-27 15:15:02.479000,1.09274,1.09272,1250000,5060000
