time,ask,bid,ask_volume,bid_volume
2023-03-15 13:25:00.132000,1.32552,1.32546,1200000,4500000
2023-03-15 13:25:00.237000,1.32558,1.3255,1800000,1200000
2023-03-15 13:25:00.288000,1.32556,1.32545,3600000,3600000
2023-03-15 13:25:00.390000,1.32552,1.32543,3600000,3600000
2023-03-15 13:25:00.495000,1.32556,1.32546,3820000,3600000
2023-03-15 13:25:00.596000,1.32556,1.32546,4050000,3600000
2023-03-15 13:25:00.699000,1.32553,1.32546,1200000,3600000
2023-03-15 13:25:00.801000,1.32551,1.32545,3600000,3600000
2023-03-15 13:25:00.903000,1.32547,1.32537,3600000,4050000
2023-03-15 13:25:01.005000,1.32548,1.32539,3600000,3820000
2023-03-15 13:25:01.107000,1.32549,1.32538,3300000,3600000
2023-03-15 13:25:01.209000,1.32548,1.32539,3600000,3600000
2023-03-15 13:25:01.311000,1.32549,1.32539,4720000,3600000
2023-03-15 13:25:01.362000,1.32541,1.32535,1200000,1600000
2023-03-15 13:25:01.414000,1.32536,1.32529,3600000,1200000
2023-03-15 13:25:01.516000,1.32537,1.3253,1120000,3600000
2023-03-15 13:25:01.567000,1.32537,1.32534,1200000,3600000
2023-03-15 13:25:01.618000,1.32542,1.32536,3600000,3600000
2023-03-15 13:25:01.669000,1.32544,1.32534,4500000,4050000
2023-03-15 13:25:01.771000,1.32544,1.32535,4500000,3600000
2023-03-15 13:25:01.872000,1.32542,1.32532,4500000,3600000
2023-03-15 13:25:01.975000,1.3254,1.32531,1440000,3600000
2023-03-15 13:25:02.026000,1.32538,1.32526,3600000,3600000
2023-03-15 13:25:02.077000,1.32538,1.32529,3600000,3600000
2023-03-15 13:25:02.179000,1.32539,1.32529,4500000,3600000
2023-03-15 13:25:02.281000,1.32538,1.32529,1350000,3600000
2023-03-15 13:25:02.332000,1.32537,1.32527,1200000,4050000
2023-03-15 13:25:02.435000,1.32541,1.32531,3600000,4050000
2023-03-15 13:25:02.486000,1.32542,1.32532,3600000,3600000
2023-03-15 13:25:02.639000,1.32541,1.32531,4500000,3600000
2023-03-15 13:25:02.944000,1.3254,1.32529,4500000,1200000
2023-03-15 13:25:03.046000,1.32539,1.32529,3600000,3600000
2023-03-15 13:25:03.300000,1.32539,1.32529,4050000,3600000
2023-03-15 13:25:03.402000,1.32539,1.32527,4050000,3600000
2023-03-15 13:25:03.504000,1.32538,1.32528,3820000,3600000
2023-03-15 13:25:03.758000,1.32537,1.32528,1350000,3600000
2023-03-15 13:25:03.860000,1.32538,1.32526,3600000,4500000
2023-03-15 13:25:03.962000,1.32537,1.32526,4950000,4500000
2023-03-15 13:25:04.115000,1.32536,1.32525,1200000,4500000
2023-03-15 13:25:04.318000,1.32536,1.32527,1200000,3600000
2023-03-15 13:25:04.420000,1.32537,1.32527,1200000,3600000
2023-03-15 13:25:04.522000,1.32537,1.32525,1200000,4140000
2023-03-15 13:25:04.624000,1.32537,1.32526,1200000,4140000
2023-03-15 13:25:04.828000,1.32536,1.32526,1200000,3600000
2023-03-15 13:25:04.930000,1.32536,1.32527,1200000,4140000
2023-03-15 13:25:05.068000,1.32542,1.32532,6160000,3600000
2023-03-15 13:25:05.120000,1.32543,1.32532,4500000,1720000
2023-03-15 13:25:05.222000,1.32546,1.32537,1200000,3600000
2023-03-15 13:25:05.325000,1.32546,1.32536,3600000,3600000
2023-03-15 13:25:05.376000,1.32544,1.32534,1440000,3600000
2023-03-15 13:25:05.479000,1.32541,1.32529,1200000,3600000
2023-03-15 13:25:05.581000,1.32539,1.3253,1200000,3600000
2023-03-15 13:25:05.683000,1.3254,1.3253,4500000,3600000
2023-03-15 13:25:05.785000,1.3254,1.32531,1200000,1200000
2023-03-15 13:25:05.888000,1.32536,1.32528,1260000,1200000
2023-03-15 13:25:05.990000,1.32534,1.32527,1120000,1600000
2023-03-15 13:25:06.092000,1.32533,1.32526,1200000,1200000
2023-03-15 13:25:06.194000,1.32535,1.32526,1200000,4500000
2023-03-15 13:25:06.297000,1.32534,1.32526,1480000,1200000
2023-03-15 13:25:06.500000,1.32532,1.32526,1140000,1200000
2023-03-15 13:25:06.603000,1.32529,1.32522,1120000,1200000
2023-03-15 13:25:06.705000,1.3253,1.32522,1200000,3600000
2023-03-15 13:25:06.807000,1.32531,1.32523,5400000,3600000
2023-03-15 13:25:07.010000,1.32531,1.32522,5400000,1200000
2023-03-15 13:25:07.112000,1.32531,1.32521,3600000,1200000
2023-03-15 13:25:07.265000,1.3253,1.32521,4140000,4500000
2023-03-15 13:25:07.420000,1.32531,1.32523,1200000,3600000
2023-03-15 13:25:07.522000,1.32532,1.3252,1720000,4500000
2023-03-15 13:25:07.725000,1.32532,1.32522,1200000,1200000
2023-03-15 13:25:07.827000,1.32531,1.32522,3600000,3600000
2023-03-15 13:25:07.879000,1.3253,1.3252,3600000,4500000
2023-03-15 13:25:07.949000,1.32531,1.32522,5260000,3600000
2023-03-15 13:25:08.052000,1.32532,1.3252,1660000,1200000
2023-03-15 13:25:08.154000,1.3253,1.32521,1200000,4500000
2023-03-15 13:25:08.256000,1.3253,1.32519,1200000,4500000
2023-03-15 13:25:08.561000,1.3253,1.3252,4360000,3600000
2023-03-15 13:25:08.967000,1.3253,1.32519,1200000,4500000
2023-03-15 13:25:09.221000,1.3253,1.32518,1200000,3600000
2023-03-15 13:25:09.323000,1.32529,1.32521,1200000,1200000
2023-03-15 13:25:09.426000,1.32531,1.32525,1200000,3600000
2023-03-15 13:25:09.477000,1.32536,1.32524,1200000,4050000
2023-03-15 13:25:09.579000,1.32536,1.32526,5620000,3600000
2023-03-15 13:25:10.394000,1.32534,1.32525,1120000,3600000
2023-03-15 13:25:10.597000,1.32534,1.32523,1800000,4950000
2023-03-15 13:25:10.699000,1.32534,1.32524,2650000,3600000
2023-03-15 13:25:10.852000,1.32535,1.32524,4500000,3600000
2023-03-15 13:25:10.954000,1.32536,1.32527,1200000,3600000
2023-03-15 13:25:11.056000,1.32536,1.32524,1200000,4500000
2023-03-15 13:25:11.158000,1.32529,1.32522,4050000,1800000
2023-03-15 13:25:11.260000,1.32529,1.32519,4500000,3600000
2023-03-15 13:25:11.362000,1.32529,1.3252,3600000,3600000
2023-03-15 13:25:11.540000,1.32532,1.32521,4810000,3600000
2023-03-15 13:25:11.644000,1.32531,1.3252,2550000,3600000
2023-03-15 13:25:11.797000,1.32527,1.32519,4800000,3600000
2023-03-15 13:25:11.848000,1.32525,1.32516,3600000,4950000
2023-03-15 13:25:11.951000,1.32527,1.32516,5620000,4050000
2023-03-15 13:25:12.155000,1.32526,1.32516,3600000,3600000
2023-03-15 13:25:12.257000,1.32527,1.32519,1200000,4140000
2023-03-15 13:25:12.308000,1.32529,1.32518,1200000,3690000
2023-03-15 13:25:12.410000,1.32529,1.32519,1800000,3600000
2023-03-15 13:25:12.462000,1.32527,1.32518,3690000,3600000
2023-03-15 13:25:12.564000,1.32524,1.32516,1200000,3600000
2023-03-15 13:25:12.666000,1.32524,1.32515,1200000,3600000
2023-03-15 13:25:12.768000,1.32525,1.32516,1200000,3600000
2023-03-15 13:25:12.871000,1.32527,1.32518,1200000,3600000
2023-03-15 13:25:12.973000,1.32525,1.32517,3600000,4500000
2023-03-15 13:25:13.075000,1.32527,1.32518,5400000,3600000
2023-03-15 13:25:13.177000,1.32526,1.32515,1200000,3600000
2023-03-15 13:25:13.279000,1.32525,1.32516,1200000,3600000
2023-03-15 13:25:13.381000,1.32526,1.32517,7240000,4500000
2023-03-15 13:25:13.636000,1.32526,1.32518,3820000,3600000
2023-03-15 13:25:13.738000,1.32525,1.32515,3820000,3600000
2023-03-15 13:25:13.789000,1.32525,1.32515,3820000,3600000
2023-03-15 13:25:13.891000,1.32526,1.32518,3600000,3600000
2023-03-15 13:25:13.993000,1.32526,1.32517,3600000,4050000
2023-03-15 13:25:14.197000,1.32525,1.32517,1920000,4500000
2023-03-15 13:25:14.299000,1.32517,1.32511,3600000,1200000
2023-03-15 13:25:14.353000,1.32517,1.32507,5400000,3120000
2023-03-15 13:25:14.455000,1.32515,1.32505,3600000,5400000
2023-03-15 13:25:14.557000,1.32515,1.32506,4500000,3600000
2023-03-15 13:25:14.659000,1.32516,1.32506,5620000,3600000
2023-03-15 13:25:14.914000,1.32516,1.32505,5620000,4500000
2023-03-15 13:25:15.016000,1.32515,1.32506,1300000,3600000
2023-03-15 13:25:15.118000,1.32515,1.32505,1300000,3600000
2023-03-15 13:25:15.220000,1.32516,1.32506,4800000,3600000
2023-03-15 13:25:15.272000,1.32517,1.32506,3820000,3600000
2023-03-15 13:25:15.374000,1.32518,1.32507,6070000,3600000
2023-03-15 13:25:15.425000,1.32517,1.32507,4050000,3600000
2023-03-15 13:25:15.527000,1.32517,1.32506,1120000,4500000
2023-03-15 13:25:15.579000,1.32516,1.32508,3600000,3600000
2023-03-15 13:25:15.681000,1.32518,1.32508,6070000,3600000
2023-03-15 13:25:16.252000,1.32517,1.32507,3300000,3600000
2023-03-15 13:25:16.304000,1.3252,1.32508,5620000,3600000
2023-03-15 13:25:16.913000,1.3252,1.32509,1200000,3600000
2023-03-15 13:25:17.015000,1.32519,1.32509,1200000,3600000
2023-03-15 13:25:17.269000,1.32517,1.32508,5000000,1200000
2023-03-15 13:25:17.321000,1.32517,1.32506,3900000,3600000
2023-03-15 13:25:17.406000,1.32518,1.32508,4950000,3600000
2023-03-15 13:25:17.812000,1.32518,1.32507,7240000,1200000
2023-03-15 13:25:18.226000,1.32516,1.32507,3600000,4500000
2023-03-15 13:25:18.328000,1.32519,1.32516,1200000,3600000
2023-03-15 13:25:18.380000,1.32525,1.32515,3600000,3600000
2023-03-15 13:25:18.431000,1.32526,1.32516,3600000,3600000
2023-03-15 13:25:18.584000,1.32527,1.32517,5850000,3600000
2023-03-15 13:25:18.686000,1.32526,1.32516,3600000,3600000
2023-03-15 13:25:18.788000,1.32526,1.32517,4500000,3600000
2023-03-15 13:25:18.890000,1.32527,1.32517,3600000,1440000
2023-03-15 13:25:18.992000,1.32529,1.32519,4500000,3600000
2023-03-15 13:25:19.094000,1.32528,1.32519,4500000,3600000
2023-03-15 13:25:19.196000,1.32528,1.32518,1200000,5850000
2023-03-15 13:25:19.298000,1.3253,1.32518,4500000,3600000
2023-03-15 13:25:19.400000,1.32529,1.32518,4050000,4500000
2023-03-15 13:25:19.806000,1.32529,1.32519,3600000,1200000
2023-03-15 13:25:19.908000,1.3253,1.32519,3600000,3600000
2023-03-15 13:25:19.960000,1.32528,1.3252,1600000,3600000
2023-03-15 13:25:20.011000,1.32527,1.32517,4950000,4500000
2023-03-15 13:25:20.062000,1.32525,1.32517,1200000,4500000
2023-03-15 13:25:20.114000,1.32524,1.32513,3600000,4500000
2023-03-15 13:25:20.216000,1.32526,1.32514,4950000,3600000
2023-03-15 13:25:20.350000,1.3253,1.32521,3600000,4500000
2023-03-15 13:25:20.503000,1.32531,1.32519,4950000,3600000
2023-03-15 13:25:20.605000,1.32529,1.3252,1200000,3600000
2023-03-15 13:25:20.707000,1.32527,1.32519,1200000,4050000
2023-03-15 13:25:20.809000,1.3253,1.32519,5400000,4050000
2023-03-15 13:25:21.067000,1.3253,1.32518,4500000,4050000
2023-03-15 13:25:21.578000,1.32529,1.32518,5290000,3600000
2023-03-15 13:25:21.629000,1.32526,1.32517,1200000,3600000
2023-03-15 13:25:22.079000,1.32526,1.32516,4500000,4500000
2023-03-15 13:25:22.181000,1.32526,1.32518,4500000,3240000
2023-03-15 13:25:22.233000,1.32529,1.32519,4500000,4270000
2023-03-15 13:25:22.385000,1.32528,1.32519,1200000,4050000
2023-03-15 13:25:22.589000,1.32528,1.32517,3600000,4500000
2023-03-15 13:25:22.691000,1.32528,1.32518,1800000,4500000
2023-03-15 13:25:22.793000,1.32528,1.32519,1200000,4050000
2023-03-15 13:25:22.844000,1.3253,1.32519,3600000,5400000
2023-03-15 13:25:23.018000,1.3253,1.3252,3600000,3600000
2023-03-15 13:25:23.629000,1.3253,1.32523,1200000,3600000
2023-03-15 13:25:23.731000,1.32531,1.32523,5400000,3600000
2023-03-15 13:25:23.833000,1.32532,1.32525,5400000,3600000
2023-03-15 13:25:24.138000,1.32532,1.32524,4500000,3600000
2023-03-15 13:25:24.249000,1.32531,1.32524,3600000,3600000
2023-03-15 13:25:24.352000,1.3253,1.32521,1200000,4500000
2023-03-15 13:25:24.454000,1.3253,1.32522,1200000,3600000
2023-03-15 13:25:24.606000,1.3253,1.32521,4500000,4950000
2023-03-15 13:25:24.759000,1.3253,1.3252,4500000,4500000
2023-03-15 13:25:24.935000,1.32529,1.3252,4050000,1200000
2023-03-15 13:25:25.037000,1.32529,1.32519,1350000,4500000
2023-03-15 13:25:25.166000,1.32531,1.32522,1200000,1350000
2023-03-15 13:25:25.268000,1.32531,1.32524,3600000,3600000
2023-03-15 13:25:25.370000,1.3253,1.32523,3600000,3600000
2023-03-15 13:25:25.472000,1.3253,1.32521,7200000,1200000
2023-03-15 13:25:25.574000,1.32529,1.3252,1200000,1200000
2023-03-15 13:25:25.625000,1.32529,1.32522,1200000,3600000
2023-03-15 13:25:25.727000,1.3253,1.32523,4950000,1200000
2023-03-15 13:25:25.778000,1.3253,1.32519,5850000,4950000
2023-03-15 13:25:25.882000,1.3253,1.32521,5850000,1200000
2023-03-15 13:25:25.984000,1.3253,1.32525,1200000,3600000
2023-03-15 13:25:26.086000,1.32533,1.32523,4500000,3600000
2023-03-15 13:25:26.212000,1.32531,1.32524,5400000,1200000
2023-03-15 13:25:26.671000,1.3253,1.32524,4500000,1200000
2023-03-15 13:25:27.212000,1.32531,1.32528,1200000,3720000
2023-03-15 13:25:27.264000,1.3254,1.32535,1200000,3600000
2023-03-15 13:25:27.315000,1.32542,1.32537,1200000,1840000
2023-03-15 13:25:27.367000,1.3255,1.3254,4720000,3600000
2023-03-15 13:25:27.469000,1.32549,1.32538,5850000,4500000
2023-03-15 13:25:27.520000,1.32546,1.32537,1120000,3600000
2023-03-15 13:25:27.622000,1.32546,1.32539,1200000,3600000
2023-03-15 13:25:27.674000,1.32546,1.32537,1200000,3600000
2023-03-15 13:25:27.725000,1.32543,1.32536,1200000,3600000
2023-03-15 13:25:27.776000,1.32541,1.32533,3600000,3600000
2023-03-15 13:25:27.879000,1.32542,1.32536,1200000,4050000
2023-03-15 13:25:27.930000,1.32544,1.32537,1200000,3600000
2023-03-15 13:25:28.033000,1.32544,1.32538,1200000,3600000
2023-03-15 13:25:28.135000,1.32545,1.32537,1200000,3600000
2023-03-15 13:25:28.237000,1.32544,1.32536,1200000,4050000
2023-03-15 13:25:28.339000,1.32543,1.32535,1200000,3600000
2023-03-15 13:25:28.441000,1.32544,1.32535,1200000,3600000
2023-03-15 13:25:28.746000,1.32543,1.32534,1200000,4950000
2023-03-15 13:25:28.848000,1.32542,1.32534,1200000,3600000
2023-03-15 13:25:28.950000,1.32543,1.32535,4500000,3600000
2023-03-15 13:25:29.052000,1.32543,1.32534,1200000,3600000
2023-03-15 13:25:29.103000,1.32542,1.32536,4820000,4500000
2023-03-15 13:25:29.212000,1.32529,1.32527,1200000,1200000
2023-03-15 13:25:29.265000,1.3253,1.32521,1200000,5850000
2023-03-15 13:25:29.367000,1.32528,1.32521,1200000,5040000
2023-03-15 13:25:29.470000,1.32531,1.32521,1200000,3600000
2023-03-15 13:25:29.573000,1.32532,1.32523,1200000,3600000
2023-03-15 13:25:29.624000,1.3253,1.32521,3600000,4500000
2023-03-15 13:25:29.726000,1.32527,1.32519,1200000,4270000
2023-03-15 13:25:29.828000,1.32526,1.32519,1200000,4050000
2023-03-15 13:25:29.930000,1.32526,1.32518,4500000,3600000
2023-03-15 13:25:30.235000,1.32526,1.32519,1200000,3600000
2023-03-15 13:25:30.389000,1.32526,1.32521,1200000,3600000
2023-03-15 13:25:30.542000,1.32525,1.32518,1200000,1200000
2023-03-15 13:25:30.593000,1.32525,1.32516,1200000,3600000
2023-03-15 13:25:30.695000,1.32526,1.32519,1200000,3600000
2023-03-15 13:25:30.797000,1.32527,1.32516,1200000,3600000
2023-03-15 13:25:30.848000,1.32524,1.32517,1200000,3600000
2023-03-15 13:25:30.951000,1.32524,1.32516,1200000,3690000
2023-03-15 13:25:31.053000,1.32524,1.32519,1200000,3600000
2023-03-15 13:25:31.104000,1.32526,1.32519,1200000,3600000
2023-03-15 13:25:31.155000,1.32526,1.32523,1200000,3600000
2023-03-15 13:25:31.209000,1.32528,1.32524,1200000,3600000
2023-03-15 13:25:31.310000,1.3253,1.32524,1200000,3600000
2023-03-15 13:25:32.248000,1.32529,1.32524,1200000,3600000
2023-03-15 13:25:32.401000,1.32529,1.32523,1200000,3600000
2023-03-15 13:25:32.503000,1.32529,1.32524,1200000,3600000
2023-03-15 13:25:32.757000,1.32529,1.32525,1200000,3600000
2023-03-15 13:25:33.127000,1.32543,1.32534,1570000,2120000
2023-03-15 13:25:33.179000,1.32549,1.32539,4050000,3600000
2023-03-15 13:25:33.230000,1.32546,1.32539,1200000,3600000
2023-03-15 13:25:33.281000,1.32548,1.3254,1200000,3600000
2023-03-15 13:25:33.384000,1.32548,1.32539,1200000,4050000
2023-03-15 13:25:33.486000,1.32549,1.32545,1200000,3300000
2023-03-15 13:25:33.538000,1.32558,1.3255,1300000,4500000
2023-03-15 13:25:33.640000,1.32551,1.32547,1200000,3600000
2023-03-15 13:25:33.742000,1.32545,1.32537,1200000,4500000
2023-03-15 13:25:33.844000,1.32546,1.32543,1200000,1300000
2023-03-15 13:25:33.967000,1.32547,1.32543,1200000,3300000
2023-03-15 13:25:34.018000,1.32545,1.3254,1200000,3820000
2023-03-15 13:25:34.070000,1.32545,1.32538,1200000,3600000
2023-03-15 13:25:34.172000,1.32544,1.32537,1200000,3600000
2023-03-15 13:25:34.223000,1.32544,1.32539,1200000,3600000
2023-03-15 13:25:34.732000,1.32544,1.32538,1200000,3600000
2023-03-15 13:25:34.783000,1.32545,1.32534,1200000,3600000
2023-03-15 13:25:34.885000,1.32543,1.32535,1200000,3600000
2023-03-15 13:25:35.241000,1.32544,1.32535,1200000,3600000
2023-03-15 13:25:35.394000,1.32544,1.32533,1200000,4500000
2023-03-15 13:25:35.496000,1.32544,1.32535,1200000,3600000
2023-03-15 13:25:35.648000,1.32543,1.32535,1200000,3600000
2023-03-15 13:25:35.750000,1.32543,1.32536,1200000,3600000
2023-03-15 13:25:35.852000,1.32542,1.32534,1200000,3600000
2023-03-15 13:25:35.954000,1.3254,1.32532,1200000,3600000
2023-03-15 13:25:36.056000,1.32539,1.32531,1200000,3600000
2023-03-15 13:25:36.158000,1.32541,1.32531,1200000,3600000
2023-03-15 13:25:36.261000,1.32539,1.32532,1200000,1200000
2023-03-15 13:25:36.363000,1.32538,1.32529,1200000,3600000
2023-03-15 13:25:36.414000,1.32538,1.32528,1200000,4050000
2023-03-15 13:25:36.516000,1.32536,1.32527,1200000,3600000
2023-03-15 13:25:36.797000,1.32536,1.32528,1200000,3600000
2023-03-15 13:25:36.900000,1.32537,1.32526,1200000,4500000
2023-03-15 13:25:37.002000,1.32536,1.32528,1200000,3600000
2023-03-15 13:25:37.104000,1.32535,1.32527,1200000,1200000
2023-03-15 13:25:37.612000,1.32539,1.32528,3820000,3600000
2023-03-15 13:25:37.714000,1.32539,1.32528,5620000,3600000
2023-03-15 13:25:37.816000,1.32537,1.32527,3300000,3600000
2023-03-15 13:25:37.918000,1.32537,1.32527,3600000,3600000
2023-03-15 13:25:38.020000,1.32539,1.32529,4800000,3600000
2023-03-15 13:25:38.071000,1.32542,1.3253,3600000,3600000
2023-03-15 13:25:38.173000,1.32542,1.32531,3600000,4500000
2023-03-15 13:25:38.275000,1.32543,1.32533,3600000,3600000
2023-03-15 13:25:38.378000,1.32544,1.32531,3600000,3600000
2023-03-15 13:25:38.531000,1.32544,1.32532,4500000,3600000
2023-03-15 13:25:38.633000,1.32533,1.32527,1800000,1200000
2023-03-15 13:25:38.684000,1.32533,1.32525,1800000,3600000
2023-03-15 13:25:38.735000,1.32533,1.32524,1800000,3600000
2023-03-15 13:25:38.939000,1.32531,1.32525,3600000,3600000
2023-03-15 13:25:39.042000,1.32536,1.32525,3600000,3600000
2023-03-15 13:25:39.093000,1.32538,1.32528,2100000,4500000
2023-03-15 13:25:39.144000,1.32541,1.32531,3600000,3600000
2023-03-15 13:25:39.534000,1.32541,1.3253,3820000,3600000
2023-03-15 13:25:39.636000,1.32541,1.32531,3600000,3600000
2023-03-15 13:25:39.739000,1.32542,1.32534,3600000,1200000
2023-03-15 13:25:39.841000,1.32546,1.32538,3600000,3600000
2023-03-15 13:25:39.994000,1.32546,1.32537,3600000,3600000
2023-03-15 13:25:40.096000,1.32546,1.32536,6300000,3600000
2023-03-15 13:25:40.198000,1.32549,1.32539,4500000,4500000
2023-03-15 13:25:40.300000,1.3255,1.32539,1200000,3600000
2023-03-15 13:25:40.402000,1.32553,1.32539,4660000,3600000
2023-03-15 13:25:40.504000,1.32552,1.3254,4500000,3600000
2023-03-15 13:25:40.759000,1.32553,1.3254,4720000,4500000
2023-03-15 13:25:40.861000,1.32551,1.32539,5620000,3600000
2023-03-15 13:25:40.963000,1.32548,1.32538,3600000,4950000
2023-03-15 13:25:41.065000,1.3255,1.3254,5620000,3600000
2023-03-15 13:25:41.167000,1.32551,1.32538,4720000,3600000
2023-03-15 13:25:41.269000,1.32549,1.32539,1200000,3600000
2023-03-15 13:25:41.371000,1.32548,1.3254,1200000,3600000
2023-03-15 13:25:41.422000,1.32549,1.32537,1200000,4050000
2023-03-15 13:25:41.524000,1.32549,1.32538,1200000,3600000
2023-03-15 13:25:41.750000,1.32547,1.32539,3600000,3600000
2023-03-15 13:25:41.851000,1.32549,1.32537,4500000,4050000
2023-03-15 13:25:41.953000,1.32547,1.32539,3600000,3600000
2023-03-15 13:25:42.005000,1.32544,1.32534,3150000,4350000
2023-03-15 13:25:42.056000,1.32543,1.32533,2700000,4500000
2023-03-15 13:25:42.158000,1.32541,1.32538,3600000,1200000
2023-03-15 13:25:42.904000,1.3254,1.32533,1200000,3600000
2023-03-15 13:25:43.006000,1.32539,1.32533,3600000,3600000
2023-03-15 13:25:43.108000,1.32538,1.32531,1200000,3600000
2023-03-15 13:25:43.159000,1.3254,1.32532,4500000,3600000
2023-03-15 13:25:43.211000,1.3254,1.32534,1200000,3600000
2023-03-15 13:25:43.364000,1.32539,1.32532,1200000,4050000
2023-03-15 13:25:43.466000,1.32539,1.32534,1200000,3600000
2023-03-15 13:25:43.568000,1.32543,1.32539,1800000,3600000
2023-03-15 13:25:43.619000,1.32549,1.32538,3600000,3600000
2023-03-15 13:25:43.721000,1.32549,1.32539,5040000,3600000
2023-03-15 13:25:43.874000,1.32548,1.32539,3600000,3600000
2023-03-15 13:25:44.111000,1.32549,1.32541,1200000,3600000
2023-03-15 13:25:44.213000,1.32551,1.32542,4950000,3600000
2023-03-15 13:25:44.417000,1.32551,1.32545,4500000,3600000
2023-03-15 13:25:44.519000,1.32552,1.32542,2700000,4500000
2023-03-15 13:25:44.621000,1.32552,1.32543,4500000,3600000
2023-03-15 13:25:44.672000,1.3255,1.32541,3600000,1200000
2023-03-15 13:25:44.723000,1.3255,1.32539,3600000,3600000
2023-03-15 13:25:44.825000,1.3255,1.32539,4800000,3600000
2023-03-15 13:25:44.978000,1.32551,1.32539,6300000,3600000
2023-03-15 13:25:45.080000,1.32548,1.32539,1120000,3600000
2023-03-15 13:25:45.131000,1.32547,1.32538,1300000,4050000
2023-03-15 13:25:45.233000,1.32547,1.32535,4050000,4500000
2023-03-15 13:25:45.336000,1.32547,1.32536,6910000,3600000
2023-03-15 13:25:45.641000,1.32546,1.32535,1890000,3600000
2023-03-15 13:25:45.692000,1.32543,1.32532,1200000,3600000
2023-03-15 13:25:45.794000,1.3254,1.32533,1200000,3600000
2023-03-15 13:25:45.898000,1.3254,1.32534,1200000,3600000
2023-03-15 13:25:46.410000,1.3254,1.32533,1200000,3600000
2023-03-15 13:25:46.512000,1.32541,1.32534,1200000,3600000
2023-03-15 13:25:46.614000,1.32541,1.32533,1200000,3600000
2023-03-15 13:25:46.716000,1.32541,1.32534,1200000,3600000
2023-03-15 13:25:46.919000,1.32541,1.32533,1200000,4500000
2023-03-15 13:25:47.426000,1.32541,1.32534,1200000,3600000
2023-03-15 13:25:47.528000,1.32541,1.32535,3600000,3600000
2023-03-15 13:25:47.580000,1.32541,1.32533,1200000,3600000
2023-03-15 13:25:47.682000,1.32541,1.32531,1200000,4500000
2023-03-15 13:25:47.733000,1.32538,1.32528,5710000,3600000
2023-03-15 13:25:47.784000,1.32536,1.32526,1200000,3600000
2023-03-15 13:25:47.937000,1.32539,1.3253,1120000,3600000
2023-03-15 13:25:48.039000,1.32538,1.32529,4720000,4050000
2023-03-15 13:25:48.141000,1.32536,1.32525,5220000,3600000
2023-03-15 13:25:48.244000,1.32532,1.32522,1020000,3600000
2023-03-15 13:25:48.295000,1.32532,1.3252,3820000,5400000
2023-03-15 13:25:48.346000,1.32534,1.32522,5170000,4050000
2023-03-15 13:25:48.478000,1.32533,1.32523,5170000,4050000
2023-03-15 13:25:48.640000,1.32532,1.32523,1120000,4050000
2023-03-15 13:25:48.742000,1.3253,1.32518,5940000,5400000
2023-03-15 13:25:48.793000,1.3253,1.3252,1800000,3600000
2023-03-15 13:25:48.895000,1.32531,1.32521,7060000,3600000
2023-03-15 13:25:48.997000,1.32531,1.32521,6000000,3600000
2023-03-15 13:25:49.099000,1.3253,1.3252,3370000,3600000
2023-03-15 13:25:49.252000,1.32529,1.32518,3600000,3600000
2023-03-15 13:25:49.519000,1.32528,1.32519,3600000,3600000
2023-03-15 13:25:49.684000,1.3253,1.3252,6160000,3600000
2023-03-15 13:25:49.786000,1.32529,1.32519,3600000,3600000
2023-03-15 13:25:49.837000,1.3253,1.32521,1200000,3600000
2023-03-15 13:25:49.940000,1.32531,1.32521,6840000,3600000
2023-03-15 13:25:50.194000,1.3253,1.3252,3600000,3600000
2023-03-15 13:25:50.346000,1.32531,1.3252,1200000,4500000
2023-03-15 13:25:50.601000,1.32532,1.3252,5490000,4500000
2023-03-15 13:25:50.753000,1.32533,1.32519,5920000,4500000
2023-03-15 13:25:50.855000,1.32531,1.32521,5850000,3600000
2023-03-15 13:25:50.957000,1.3253,1.32521,3600000,3600000
2023-03-15 13:25:51.059000,1.32531,1.32524,1200000,3600000
2023-03-15 13:25:51.162000,1.32532,1.32525,1200000,3600000
2023-03-15 13:25:51.213000,1.32534,1.32525,5400000,3600000
2023-03-15 13:25:51.416000,1.32535,1.32525,1200000,3600000
2023-03-15 13:25:51.600000,1.32532,1.32524,3600000,1200000
2023-03-15 13:25:51.653000,1.32533,1.32522,4870000,4500000
2023-03-15 13:25:51.755000,1.32531,1.32519,5400000,4500000
2023-03-15 13:25:51.958000,1.32531,1.3252,1200000,3600000
2023-03-15 13:25:52.162000,1.3253,1.32519,4500000,4500000
2023-03-15 13:25:52.787000,1.3253,1.3252,5400000,3600000
2023-03-15 13:25:52.838000,1.32528,1.3252,1200000,4500000
2023-03-15 13:25:53.099000,1.32524,1.3252,3600000,1200000
2023-03-15 13:25:53.150000,1.32523,1.32513,1200000,3600000
2023-03-15 13:25:53.201000,1.32522,1.32515,3600000,3600000
2023-03-15 13:25:53.303000,1.3252,1.32514,1200000,3600000
2023-03-15 13:25:53.405000,1.3252,1.32513,1200000,3600000
2023-03-15 13:25:53.508000,1.32519,1.32511,1200000,1200000
2023-03-15 13:25:53.610000,1.32519,1.3251,1200000,3600000
2023-03-15 13:25:53.763000,1.32519,1.32513,1200000,3600000
2023-03-15 13:25:53.916000,1.32521,1.32511,4500000,4050000
2023-03-15 13:25:54.018000,1.32518,1.3251,1200000,3600000
2023-03-15 13:25:54.120000,1.32519,1.32508,1200000,3600000
2023-03-15 13:25:54.222000,1.32516,1.32511,1200000,1200000
2023-03-15 13:25:54.324000,1.32517,1.3251,1200000,1200000
2023-03-15 13:25:54.426000,1.32517,1.32512,1200000,3600000
2023-03-15 13:25:54.579000,1.32516,1.32512,1200000,3600000
2023-03-15 13:25:54.681000,1.32511,1.32506,1200000,3600000
2023-03-15 13:25:54.785000,1.32512,1.32504,1200000,1200000
2023-03-15 13:25:54.842000,1.32513,1.32508,1200000,3600000
2023-03-15 13:25:54.894000,1.32515,1.32508,1200000,3600000
2023-03-15 13:25:55.200000,1.32513,1.32508,1200000,3600000
2023-03-15 13:25:55.302000,1.32513,1.32507,1200000,4500000
2023-03-15 13:25:55.404000,1.32516,1.32507,1200000,3600000
2023-03-15 13:25:55.456000,1.3251,1.32504,1120000,3600000
2023-03-15 13:25:55.558000,1.3251,1.32506,1200000,1200000
2023-03-15 13:25:55.660000,1.32511,1.32506,1200000,1200000
2023-03-15 13:25:55.762000,1.32511,1.32508,1200000,3600000
2023-03-15 13:25:55.864000,1.3251,1.32505,1200000,4500000
2023-03-15 13:25:55.966000,1.32511,1.32507,1200000,3600000
2023-03-15 13:25:56.068000,1.32511,1.32508,1200000,3600000
2023-03-15 13:25:56.170000,1.32516,1.32512,1200000,1120000
2023-03-15 13:25:56.221000,1.32521,1.32515,1200000,3600000
2023-03-15 13:25:56.323000,1.32517,1.32515,1200000,3600000
2023-03-15 13:25:56.425000,1.32517,1.32514,1200000,3600000
2023-03-15 13:25:56.528000,1.32516,1.32511,1200000,1200000
2023-03-15 13:25:56.579000,1.32515,1.32508,1200000,4500000
2023-03-15 13:25:56.630000,1.32516,1.32511,1200000,3600000
2023-03-15 13:25:56.732000,1.32516,1.32514,1200000,3600000
2023-03-15 13:25:56.834000,1.32514,1.32512,1200000,1350000
2023-03-15 13:25:56.886000,1.3251,1.32507,1200000,1350000
2023-03-15 13:25:56.988000,1.3251,1.32508,1200000,3600000
2023-03-15 13:25:57.039000,1.32511,1.32506,1200000,1350000
2023-03-15 13:25:57.141000,1.32512,1.32505,1200000,1350000
2023-03-15 13:25:57.243000,1.32513,1.32509,1200000,3600000
2023-03-15 13:25:57.345000,1.32512,1.32507,3600000,1350000
2023-03-15 13:25:57.406000,1.32514,1.32508,1200000,3600000
2023-03-15 13:25:57.863000,1.32514,1.32509,1200000,3600000
2023-03-15 13:25:57.965000,1.32514,1.32507,1200000,4950000
2023-03-15 13:25:58.016000,1.32515,1.32508,1200000,3600000
2023-03-15 13:25:58.169000,1.32517,1.32514,1200000,3600000
2023-03-15 13:25:58.271000,1.32519,1.32515,1200000,3600000
2023-03-15 13:25:58.373000,1.32519,1.32514,1200000,3820000
2023-03-15 13:25:58.627000,1.32519,1.32515,1200000,3600000
2023-03-15 13:25:58.679000,1.32518,1.32513,1200000,4050000
2023-03-15 13:25:58.781000,1.32518,1.32515,1200000,3600000
2023-03-15 13:25:58.883000,1.32521,1.32515,4500000,3600000
2023-03-15 13:25:58.985000,1.32519,1.32515,1200000,3600000
2023-03-15 13:25:59.087000,1.3252,1.32515,1200000,3600000
2023-03-15 13:25:59.493000,1.32516,1.32513,3600000,1800000
2023-03-15 13:25:59.595000,1.32513,1.32507,1200000,3600000
2023-03-15 13:25:59.799000,1.32514,1.32511,1200000,3600000
2023-03-15 13:26:00.003000,1.32516,1.32514,1200000,1320000
2023-03-15 13:26:00.054000,1.32524,1.32518,1100000,4240000
2023-03-15 13:26:00.106000,1.32527,1.32521,3600000,3600000
2023-03-15 13:26:00.157000,1.32529,1.32522,4500000,3600000
2023-03-15 13:26:00.294000,1.3253,1.32522,1200000,3600000
2023-03-15 13:26:00.351000,1.32526,1.32521,3750000,1200000
2023-03-15 13:26:00.402000,1.32523,1.32516,1200000,3600000
2023-03-15 13:26:00.809000,1.32523,1.32515,1120000,3600000
2023-03-15 13:26:00.911000,1.32524,1.32515,1200000,3600000
2023-03-15 13:26:01.013000,1.32523,1.32515,1200000,3600000
2023-03-15 13:26:01.217000,1.32522,1.32513,1200000,3600000
2023-03-15 13:26:01.319000,1.32522,1.32515,1200000,3600000
2023-03-15 13:26:01.471000,1.32521,1.32515,1200000,3600000
2023-03-15 13:26:01.573000,1.32523,1.32515,1200000,3600000
2023-03-15 13:26:01.675000,1.32521,1.32516,1200000,3600000
2023-03-15 13:26:01.777000,1.32523,1.32516,1200000,3600000
2023-03-15 13:26:01.880000,1.32521,1.32515,1200000,3600000
2023-03-15 13:26:01.981000,1.32522,1.32516,1200000,3600000
2023-03-15 13:26:02.185000,1.32522,1.32517,1200000,3600000
2023-03-15 13:26:02.287000,1.32522,1.32516,1200000,3600000
2023-03-15 13:26:02.390000,1.32522,1.32515,1200000,3600000
2023-03-15 13:26:02.441000,1.32524,1.32515,1200000,3600000
2023-03-15 13:26:02.492000,1.32525,1.32519,1200000,3600000
2023-03-15 13:26:02.544000,1.32526,1.3252,1200000,3600000
2023-03-15 13:26:02.595000,1.32526,1.32524,1200000,3600000
2023-03-15 13:26:02.646000,1.32526,1.3252,1200000,3600000
2023-03-15 13:26:02.749000,1.32527,1.3252,1200000,3600000
2023-03-15 13:26:02.800000,1.32527,1.3252,1200000,3600000
2023-03-15 13:26:02.902000,1.32527,1.32518,1200000,3600000
2023-03-15 13:26:03.004000,1.32527,1.32521,1200000,3600000
2023-03-15 13:26:03.106000,1.32528,1.3252,1200000,5040000
2023-03-15 13:26:03.208000,1.32531,1.32523,1200000,3600000
2023-03-15 13:26:03.311000,1.32531,1.32525,1200000,3600000
2023-03-15 13:26:03.413000,1.32526,1.32522,3600000,1200000
2023-03-15 13:26:03.516000,1.32522,1.32516,1200000,3600000
2023-03-15 13:26:03.567000,1.32523,1.32518,1200000,3600000
2023-03-15 13:26:03.669000,1.3252,1.32514,3600000,4500000
2023-03-15 13:26:03.720000,1.32522,1.32516,4500000,4500000
2023-03-15 13:26:03.823000,1.3252,1.32515,1200000,3600000
2023-03-15 13:26:03.925000,1.32519,1.32515,1200000,3600000
2023-03-15 13:26:04.129000,1.3252,1.32514,1200000,1200000
2023-03-15 13:26:04.231000,1.32522,1.32515,1200000,4500000
2023-03-15 13:26:04.282000,1.32522,1.32518,1200000,1200000
2023-03-15 13:26:04.333000,1.32526,1.3252,1200000,3600000
2023-03-15 13:26:04.436000,1.32527,1.32521,1200000,3600000
2023-03-15 13:26:04.538000,1.3253,1.32523,1200000,3600000
2023-03-15 13:26:04.640000,1.32531,1.32525,1200000,3600000
2023-03-15 13:26:04.742000,1.32531,1.32524,1200000,3600000
2023-03-15 13:26:04.844000,1.3253,1.32522,1200000,3600000
2023-03-15 13:26:04.946000,1.32529,1.32522,1200000,3600000
2023-03-15 13:26:05.048000,1.32529,1.32521,1200000,3600000
2023-03-15 13:26:05.100000,1.32527,1.3252,1200000,3600000
2023-03-15 13:26:05.202000,1.32533,1.32526,1200000,4500000
2023-03-15 13:26:05.304000,1.32537,1.3253,1200000,3600000
2023-03-15 13:26:05.355000,1.32536,1.32528,1200000,3720000
2023-03-15 13:26:05.407000,1.32536,1.3253,1200000,3600000
2023-03-15 13:26:05.458000,1.32535,1.32526,1800000,3820000
2023-03-15 13:26:05.509000,1.32533,1.32525,1200000,4050000
2023-03-15 13:26:05.611000,1.32532,1.32525,1200000,4050000
2023-03-15 13:26:05.815000,1.32531,1.32525,1200000,3600000
2023-03-15 13:26:05.968000,1.32532,1.32524,1200000,3600000
2023-03-15 13:26:06.070000,1.32531,1.32525,1200000,3600000
2023-03-15 13:26:06.173000,1.32531,1.32526,1200000,3600000
2023-03-15 13:26:06.275000,1.32534,1.32528,1200000,3600000
2023-03-15 13:26:06.529000,1.32535,1.32528,1200000,3600000
2023-03-15 13:26:06.632000,1.32535,1.32526,1200000,3600000
2023-03-15 13:26:06.734000,1.32533,1.32527,1200000,4050000
2023-03-15 13:26:07.038000,1.32533,1.32526,1200000,3600000
2023-03-15 13:26:07.242000,1.32533,1.32527,1200000,3600000
2023-03-15 13:26:07.344000,1.32534,1.32527,1200000,3600000
2023-03-15 13:26:07.446000,1.32534,1.32525,1200000,3600000
2023-03-15 13:26:07.700000,1.32534,1.32527,1200000,3600000
2023-03-15 13:26:07.802000,1.32536,1.32531,1200000,3600000
2023-03-15 13:26:07.905000,1.32536,1.32533,1200000,3600000
2023-03-15 13:26:08.007000,1.32539,1.32532,1200000,3670000
2023-03-15 13:26:08.109000,1.32543,1.32535,1120000,3600000
2023-03-15 13:26:08.160000,1.32542,1.32532,3600000,3600000
2023-03-15 13:26:08.212000,1.3254,1.32532,1200000,3600000
2023-03-15 13:26:08.341000,1.32537,1.32533,1200000,3600000
2023-03-15 13:26:08.450000,1.32537,1.32532,1200000,3600000
2023-03-15 13:26:08.654000,1.32537,1.32531,1200000,3600000
2023-03-15 13:26:08.870000,1.32537,1.3253,1200000,3600000
2023-03-15 13:26:09.235000,1.32537,1.32529,4500000,3600000
2023-03-15 13:26:09.438000,1.32537,1.32528,4500000,3600000
2023-03-15 13:26:09.540000,1.32536,1.32528,3600000,4500000
2023-03-15 13:26:09.642000,1.32528,1.32523,3600000,1200000
2023-03-15 13:26:09.694000,1.32526,1.32519,1200000,3600000
2023-03-15 13:26:09.796000,1.32526,1.32518,4500000,3600000
2023-03-15 13:26:09.898000,1.32525,1.32516,1200000,3600000
2023-03-15 13:26:10,1.32524,1.32516,1200000,3600000
2023-03-15 13:26:10.152000,1.32524,1.32517,1200000,3600000
2023-03-15 13:26:10.254000,1.32523,1.32516,1200000,3600000
2023-03-15 13:26:10.629000,1.32523,1.32515,1200000,3600000
2023-03-15 13:26:10.781000,1.32521,1.32514,1300000,3600000
2023-03-15 13:26:10.833000,1.32518,1.32511,1300000,1200000
2023-03-15 13:26:10.884000,1.32516,1.3251,1300000,3600000
2023-03-15 13:26:10.935000,1.32518,1.32512,1120000,1350000
2023-03-15 13:26:11.038000,1.32519,1.3251,1200000,4500000
2023-03-15 13:26:11.148000,1.32518,1.32511,1200000,3600000
2023-03-15 13:26:11.250000,1.32517,1.3251,1200000,1200000
2023-03-15 13:26:11.352000,1.32517,1.32509,1200000,3600000
2023-03-15 13:26:11.505000,1.32517,1.32511,1200000,3600000
2023-03-15 13:26:11.658000,1.32517,1.32509,1200000,3600000
2023-03-15 13:26:11.861000,1.32515,1.32509,1200000,3600000
2023-03-15 13:26:11.963000,1.32515,1.32508,1200000,3600000
2023-03-15 13:26:12.065000,1.32516,1.32508,1200000,3600000
2023-03-15 13:26:12.167000,1.32515,1.32508,1200000,3600000
2023-03-15 13:26:12.371000,1.32515,1.32507,1200000,3600000
2023-03-15 13:26:12.473000,1.32513,1.32505,1800000,3600000
2023-03-15 13:26:12.524000,1.32513,1.32502,1300000,4500000
2023-03-15 13:26:12.627000,1.32513,1.32505,1300000,3600000
2023-03-15 13:26:12.729000,1.32513,1.32507,1200000,3600000
2023-03-15 13:26:12.831000,1.32513,1.32505,1200000,3600000
2023-03-15 13:26:12.882000,1.32511,1.32503,3300000,4500000
2023-03-15 13:26:12.933000,1.32512,1.32504,1120000,3600000
2023-03-15 13:26:12.985000,1.32511,1.32502,1200000,4500000
2023-03-15 13:26:13.087000,1.32511,1.32502,1200000,3600000
2023-03-15 13:26:13.341000,1.3251,1.32504,1200000,3600000
2023-03-15 13:26:13.494000,1.3251,1.32503,1200000,3600000
2023-03-15 13:26:13.697000,1.3251,1.32502,1200000,3600000
2023-03-15 13:26:13.799000,1.3251,1.32503,1120000,3600000
2023-03-15 13:26:13.902000,1.3251,1.32504,1200000,3600000
2023-03-15 13:26:14.081000,1.32507,1.32503,1200000,1200000
2023-03-15 13:26:14.133000,1.32502,1.32498,4720000,1200000
2023-03-15 13:26:14.184000,1.32502,1.32492,3600000,3600000
2023-03-15 13:26:14.235000,1.32499,1.32491,1200000,5400000
2023-03-15 13:26:14.388000,1.32499,1.32492,1200000,3600000
2023-03-15 13:26:14.439000,1.32501,1.32492,1200000,3600000
2023-03-15 13:26:14.541000,1.32497,1.32491,1200000,1200000
2023-03-15 13:26:14.643000,1.32495,1.32488,4050000,1800000
2023-03-15 13:26:14.695000,1.32495,1.32486,1300000,3600000
2023-03-15 13:26:14.797000,1.32495,1.32485,4050000,3600000
2023-03-15 13:26:14.899000,1.32493,1.32484,1120000,3600000
2023-03-15 13:26:15.102000,1.32492,1.32483,1200000,4500000
2023-03-15 13:26:15.255000,1.32494,1.32484,4720000,3600000
2023-03-15 13:26:15.357000,1.32493,1.32484,1200000,3600000
2023-03-15 13:26:15.459000,1.32493,1.32483,1200000,1200000
2023-03-15 13:26:15.561000,1.32492,1.32483,3600000,1200000
2023-03-15 13:26:15.663000,1.32491,1.32483,1200000,3600000
2023-03-15 13:26:15.765000,1.32491,1.32482,1200000,3600000
2023-03-15 13:26:15.867000,1.32492,1.32482,4500000,3600000
2023-03-15 13:26:16.020000,1.32493,1.32482,1200000,3600000
2023-03-15 13:26:16.122000,1.32493,1.32484,1200000,3600000
2023-03-15 13:26:16.224000,1.32493,1.32483,4500000,3600000
2023-03-15 13:26:16.326000,1.32492,1.32483,1200000,3600000
2023-03-15 13:26:16.452000,1.32492,1.32484,1200000,3600000
2023-03-15 13:26:16.706000,1.32493,1.32482,1200000,3600000
2023-03-15 13:26:16.879000,1.32493,1.32484,1200000,3600000
2023-03-15 13:26:16.981000,1.32495,1.32489,1200000,3600000
2023-03-15 13:26:17.033000,1.325,1.32489,4500000,3600000
2023-03-15 13:26:17.135000,1.325,1.3249,1200000,3600000
2023-03-15 13:26:17.288000,1.325,1.32491,1200000,3600000
2023-03-15 13:26:17.340000,1.32501,1.32496,1200000,3600000
2023-03-15 13:26:17.391000,1.32504,1.32496,1200000,3600000
2023-03-15 13:26:17.443000,1.32504,1.32498,1200000,3600000
2023-03-15 13:26:17.545000,1.32498,1.32494,1200000,1200000
2023-03-15 13:26:17.596000,1.32499,1.3249,1200000,4500000
2023-03-15 13:26:17.826000,1.32499,1.32492,1200000,3600000
2023-03-15 13:26:17.877000,1.32498,1.32491,1200000,4500000
2023-03-15 13:26:17.979000,1.32498,1.32493,1200000,3600000
2023-03-15 13:26:18.081000,1.32498,1.32494,1200000,3600000
2023-03-15 13:26:18.183000,1.32498,1.32493,1200000,3600000
2023-03-15 13:26:18.387000,1.32498,1.32494,1200000,1200000
2023-03-15 13:26:18.489000,1.32511,1.32504,1350000,3600000
2023-03-15 13:26:18.540000,1.32511,1.32506,1200000,4500000
2023-03-15 13:26:18.592000,1.32517,1.32508,1200000,3600000
2023-03-15 13:26:18.694000,1.32519,1.32508,1200000,3300000
2023-03-15 13:26:18.796000,1.3252,1.32508,1200000,4720000
2023-03-15 13:26:18.898000,1.32519,1.32509,3600000,4720000
2023-03-15 13:26:19,1.32519,1.32508,1200000,4500000
2023-03-15 13:26:19.102000,1.32519,1.32509,4500000,1200000
2023-03-15 13:26:19.204000,1.32518,1.32509,1200000,1200000
2023-03-15 13:26:19.357000,1.32517,1.32511,4500000,3600000
2023-03-15 13:26:20.087000,1.32515,1.3251,1200000,4500000
2023-03-15 13:26:20.189000,1.32515,1.32506,1200000,3600000
2023-03-15 13:26:20.292000,1.32515,1.32505,4500000,5850000
2023-03-15 13:26:20.394000,1.32515,1.32506,1200000,3600000
2023-03-15 13:26:21.073000,1.32515,1.32505,4500000,5400000
2023-03-15 13:26:21.175000,1.32516,1.32505,1200000,3600000
2023-03-15 13:26:21.789000,1.32514,1.32505,5620000,1200000
2023-03-15 13:26:21.840000,1.32512,1.32501,3600000,2700000
2023-03-15 13:26:21.892000,1.32509,1.32502,1200000,1800000
2023-03-15 13:26:21.943000,1.32509,1.32499,4500000,3600000
2023-03-15 13:26:22.096000,1.32507,1.32497,2700000,5490000
2023-03-15 13:26:22.198000,1.32502,1.32494,1200000,4500000
2023-03-15 13:26:22.300000,1.32503,1.32494,1200000,4500000
2023-03-15 13:26:22.997000,1.32504,1.32494,4500000,4500000
2023-03-15 13:26:23.099000,1.32505,1.32498,1200000,3600000
2023-03-15 13:26:23.303000,1.32506,1.32498,1200000,3600000
2023-03-15 13:26:23.558000,1.32507,1.32499,1200000,3600000
2023-03-15 13:26:23.609000,1.32506,1.32496,4140000,4500000
2023-03-15 13:26:23.661000,1.32504,1.32495,1200000,3600000
2023-03-15 13:26:23.763000,1.325,1.32493,1200000,3600000
2023-03-15 13:26:23.865000,1.325,1.32492,1200000,3600000
2023-03-15 13:26:23.967000,1.325,1.3249,1200000,4500000
2023-03-15 13:26:24.069000,1.32498,1.32491,1200000,4500000
2023-03-15 13:26:24.171000,1.32499,1.32491,1200000,4500000
2023-03-15 13:26:24.280000,1.32499,1.32492,1200000,3600000
2023-03-15 13:26:24.542000,1.32501,1.32492,1200000,3600000
2023-03-15 13:26:24.847000,1.32501,1.32492,1800000,3600000
2023-03-15 13:26:24.949000,1.32498,1.32489,1200000,1200000
2023-03-15 13:26:25.001000,1.32499,1.32491,1300000,3600000
2023-03-15 13:26:25.052000,1.32499,1.32489,4720000,3600000
2023-03-15 13:26:25.154000,1.32499,1.3249,1300000,3600000
2023-03-15 13:26:25.307000,1.32497,1.32489,1200000,3600000
2023-03-15 13:26:25.409000,1.32495,1.32488,5250000,1200000
2023-03-15 13:26:25.460000,1.3249,1.32483,3600000,1200000
2023-03-15 13:26:25.512000,1.32488,1.3248,1200000,3600000
2023-03-15 13:26:25.715000,1.32489,1.3248,1200000,3600000
2023-03-15 13:26:25.817000,1.32489,1.32481,1200000,3600000
2023-03-15 13:26:26.071000,1.3249,1.32481,1200000,3600000
2023-03-15 13:26:26.275000,1.32492,1.32485,1200000,1200000
2023-03-15 13:26:26.377000,1.32494,1.32484,1200000,4500000
2023-03-15 13:26:26.834000,1.32495,1.32484,4720000,3600000
2023-03-15 13:26:26.999000,1.32492,1.32484,1200000,3600000
2023-03-15 13:26:27.101000,1.32495,1.32483,1200000,3600000
2023-03-15 13:26:27.320000,1.32494,1.32485,1200000,3600000
2023-03-15 13:26:27.473000,1.32493,1.32485,1200000,3600000
2023-03-15 13:26:28.237000,1.32491,1.32485,3600000,3600000
2023-03-15 13:26:28.542000,1.32492,1.32483,1200000,4500000
2023-03-15 13:26:28.593000,1.32491,1.32485,3600000,3600000
2023-03-15 13:26:28.898000,1.32492,1.32482,1200000,4500000
2023-03-15 13:26:29.529000,1.32492,1.32483,1200000,4500000
2023-03-15 13:26:29.631000,1.32491,1.32484,3600000,3600000
2023-03-15 13:26:29.784000,1.32492,1.32483,1200000,4500000
2023-03-15 13:26:30.240000,1.32492,1.32485,4500000,3600000
2023-03-15 13:26:31.003000,1.32492,1.32484,1200000,3600000
2023-03-15 13:26:31.541000,1.32493,1.32485,4500000,3600000
2023-03-15 13:26:31.744000,1.32493,1.32487,4500000,1200000
2023-03-15 13:26:31.846000,1.32495,1.32489,1800000,1120000
2023-03-15 13:26:31.949000,1.32499,1.32492,4500000,3600000
2023-03-15 13:26:32.051000,1.32501,1.32491,1200000,3600000
2023-03-15 13:26:32.153000,1.32501,1.32491,4500000,3600000
2023-03-15 13:26:32.375000,1.32497,1.3249,3600000,1200000
2023-03-15 13:26:32.478000,1.32495,1.32493,1200000,1200000
2023-03-15 13:26:32.529000,1.325,1.32496,1200000,1200000
2023-03-15 13:26:32.631000,1.32504,1.32497,1200000,3600000
2023-03-15 13:26:32.734000,1.32494,1.3249,1200000,1200000
2023-03-15 13:26:32.836000,1.32494,1.32483,1200000,4500000
2023-03-15 13:26:32.938000,1.3249,1.32483,1200000,3600000
2023-03-15 13:26:33.041000,1.3249,1.32481,1200000,3600000
2023-03-15 13:26:33.092000,1.32488,1.32479,1200000,6300000
2023-03-15 13:26:33.310000,1.32488,1.32481,1200000,3600000
2023-03-15 13:26:33.412000,1.32487,1.32479,1200000,5100000
2023-03-15 13:26:33.514000,1.32488,1.32479,1200000,1800000
2023-03-15 13:26:33.616000,1.32488,1.3248,1200000,3600000
2023-03-15 13:26:33.769000,1.32488,1.32487,1200000,1200000
2023-03-15 13:26:33.821000,1.32491,1.32489,1200000,1200000
2023-03-15 13:26:33.923000,1.32497,1.32489,1200000,3600000
2023-03-15 13:26:34.025000,1.32498,1.32492,1200000,1200000
2023-03-15 13:26:34.127000,1.32499,1.32498,1200000,1200000
2023-03-15 13:26:34.179000,1.32499,1.32489,1200000,4800000
2023-03-15 13:26:34.281000,1.32498,1.32488,3600000,1200000
2023-03-15 13:26:34.383000,1.32495,1.32483,1200000,1200000
2023-03-15 13:26:34.435000,1.32492,1.32484,1200000,4500000
2023-03-15 13:26:34.537000,1.32493,1.32484,1200000,4500000
2023-03-15 13:26:34.639000,1.325,1.32492,1200000,3600000
2023-03-15 13:26:34.995000,1.32499,1.32491,1200000,1200000
2023-03-15 13:26:35.047000,1.32501,1.32493,1200000,3600000
2023-03-15 13:26:35.149000,1.32503,1.32495,1200000,3600000
2023-03-15 13:26:35.251000,1.32503,1.32496,1200000,1200000
2023-03-15 13:26:35.353000,1.32509,1.32505,1200000,1200000
2023-03-15 13:26:35.404000,1.32509,1.32503,1200000,3820000
2023-03-15 13:26:35.456000,1.32514,1.32503,4500000,3600000
2023-03-15 13:26:35.558000,1.32514,1.32504,4500000,3600000
2023-03-15 13:26:35.663000,1.32514,1.32502,3600000,3600000
2023-03-15 13:26:35.766000,1.32515,1.32504,1200000,3600000
2023-03-15 13:26:35.868000,1.32515,1.32506,4500000,1200000
2023-03-15 13:26:35.970000,1.32518,1.32509,1200000,3600000
2023-03-15 13:26:36.274000,1.32519,1.32509,4500000,3600000
2023-03-15 13:26:36.611000,1.32518,1.32509,1200000,3600000
2023-03-15 13:26:36.815000,1.32518,1.32507,1200000,4500000
2023-03-15 13:26:36.867000,1.32518,1.32509,1200000,3600000
2023-03-15 13:26:37.288000,1.32517,1.32507,4500000,3600000
2023-03-15 13:26:37.339000,1.32515,1.32506,3600000,3600000
2023-03-15 13:26:37.391000,1.32514,1.32504,1200000,1200000
2023-03-15 13:26:37.493000,1.32513,1.32504,1200000,1200000
2023-03-15 13:26:37.696000,1.32513,1.32502,1200000,4500000
2023-03-15 13:26:37.849000,1.32514,1.32502,4500000,4500000
2023-03-15 13:26:38.103000,1.32513,1.32501,3600000,3600000
2023-03-15 13:26:38.256000,1.32511,1.32501,3600000,3600000
2023-03-15 13:26:38.435000,1.32508,1.325,1200000,1200000
2023-03-15 13:26:38.501000,1.32503,1.32492,4500000,3600000
2023-03-15 13:26:38.603000,1.32503,1.32493,4500000,3600000
2023-03-15 13:26:38.705000,1.32503,1.32492,4500000,3600000
2023-03-15 13:26:38.807000,1.32501,1.32492,2700000,3600000
2023-03-15 13:26:38.859000,1.32499,1.32488,3600000,3870000
2023-03-15 13:26:38.961000,1.32497,1.32487,3600000,3600000
2023-03-15 13:26:39.063000,1.32498,1.32486,7060000,3600000
2023-03-15 13:26:39.165000,1.32496,1.32485,5400000,3600000
2023-03-15 13:26:39.267000,1.32495,1.32484,1200000,3600000
2023-03-15 13:26:39.369000,1.32496,1.32488,1200000,3600000
2023-03-15 13:26:39.471000,1.32498,1.32486,3600000,3600000
2023-03-15 13:26:39.573000,1.32496,1.32485,1120000,3600000
2023-03-15 13:26:39.675000,1.32495,1.32484,3600000,3600000
2023-03-15 13:26:39.777000,1.32493,1.32483,3600000,3600000
2023-03-15 13:26:39.829000,1.32493,1.3248,5400000,3600000
2023-03-15 13:26:39.880000,1.3249,1.3248,1200000,3600000
2023-03-15 13:26:40.033000,1.3249,1.32479,4500000,3600000
2023-03-15 13:26:40.135000,1.3249,1.32478,4500000,3600000
2023-03-15 13:26:40.287000,1.32489,1.32478,4500000,3600000
2023-03-15 13:26:40.491000,1.32487,1.32477,1440000,3600000
2023-03-15 13:26:40.593000,1.32483,1.32473,3600000,3600000
2023-03-15 13:26:40.695000,1.32477,1.32468,1200000,4500000
2023-03-15 13:26:40.848000,1.32476,1.32468,1200000,3600000
2023-03-15 13:26:40.899000,1.32476,1.32466,1200000,4500000
2023-03-15 13:26:40.950000,1.32476,1.32468,1200000,3600000
2023-03-15 13:26:41.002000,1.32476,1.32466,4500000,3600000
2023-03-15 13:26:41.155000,1.32475,1.32465,1200000,4590000
2023-03-15 13:26:41.443000,1.32475,1.32466,1200000,3600000
2023-03-15 13:26:41.545000,1.32475,1.32464,1200000,1200000
2023-03-15 13:26:41.596000,1.32472,1.32465,1200000,1120000
2023-03-15 13:26:41.699000,1.32474,1.32467,1200000,3600000
2023-03-15 13:26:41.801000,1.32475,1.32467,1200000,3600000
2023-03-15 13:26:42.022000,1.32475,1.32466,1200000,3820000
2023-03-15 13:26:42.175000,1.32475,1.32469,1200000,3600000
2023-03-15 13:26:42.429000,1.32474,1.32469,1200000,3600000
2023-03-15 13:26:42.582000,1.32476,1.32468,1200000,3600000
2023-03-15 13:26:42.633000,1.32483,1.32477,1200000,4500000
2023-03-15 13:26:42.735000,1.32491,1.32482,1200000,3600000
2023-03-15 13:26:42.787000,1.32493,1.32483,1200000,3600000
2023-03-15 13:26:42.940000,1.32493,1.32488,1200000,1350000
2023-03-15 13:26:43.042000,1.32497,1.32489,4500000,3600000
2023-03-15 13:26:43.093000,1.32491,1.32488,3600000,1800000
2023-03-15 13:26:43.145000,1.32492,1.32486,1200000,1200000
2023-03-15 13:26:43.247000,1.32496,1.32485,1200000,3600000
2023-03-15 13:26:43.349000,1.32498,1.32488,4500000,1200000
2023-03-15 13:26:43.451000,1.32496,1.32489,1200000,3600000
2023-03-15 13:26:43.503000,1.32496,1.32487,1200000,3600000
2023-03-15 13:26:43.605000,1.32496,1.32488,1200000,3600000
2023-03-15 13:26:43.707000,1.32496,1.32489,1200000,3600000
2023-03-15 13:26:43.910000,1.32497,1.32487,1200000,3600000
2023-03-15 13:26:44.114000,1.32496,1.32489,1200000,3600000
2023-03-15 13:26:44.318000,1.32496,1.32488,1200000,3600000
2023-03-15 13:26:44.451000,1.32497,1.32494,4500000,1200000
2023-03-15 13:26:44.557000,1.325,1.32495,1200000,1200000
2023-03-15 13:26:44.659000,1.32499,1.32493,1200000,2250000
2023-03-15 13:26:44.761000,1.32498,1.32493,3600000,1200000
2023-03-15 13:26:44.813000,1.32501,1.32493,4500000,1200000
2023-03-15 13:26:44.915000,1.32501,1.32495,1200000,2250000
2023-03-15 13:26:45.017000,1.32501,1.32493,4500000,1200000
2023-03-15 13:26:45.069000,1.32499,1.32493,3600000,5400000
2023-03-15 13:26:45.120000,1.32501,1.32494,1200000,3600000
2023-03-15 13:26:45.171000,1.32501,1.32492,1200000,4500000
2023-03-15 13:26:45.222000,1.32501,1.32498,1200000,1800000
2023-03-15 13:26:45.274000,1.32518,1.32509,1300000,3600000
2023-03-15 13:26:45.325000,1.325,1.32496,4050000,1200000
2023-03-15 13:26:45.427000,1.32496,1.32488,1200000,3600000
2023-03-15 13:26:45.631000,1.32498,1.32487,4500000,3600000
2023-03-15 13:26:45.784000,1.32497,1.32487,4500000,3600000
2023-03-15 13:26:46.038000,1.32496,1.32487,1200000,3600000
2023-03-15 13:26:46.292000,1.32496,1.32489,1200000,3600000
2023-03-15 13:26:46.495000,1.32495,1.32488,1200000,4500000
2023-03-15 13:26:46.547000,1.32495,1.32486,1200000,3820000
2023-03-15 13:26:46.649000,1.32494,1.32486,1200000,3600000
2023-03-15 13:26:46.751000,1.32493,1.32483,1200000,1200000
2023-03-15 13:26:46.853000,1.3249,1.32481,3600000,3600000
2023-03-15 13:26:46.955000,1.32488,1.32481,1200000,3600000
2023-03-15 13:26:47.109000,1.3249,1.32481,4500000,3600000
2023-03-15 13:26:47.211000,1.32492,1.32484,1200000,3600000
2023-03-15 13:26:47.263000,1.32492,1.32482,1200000,3600000
2023-03-15 13:26:47.415000,1.32492,1.32483,1200000,3600000
2023-03-15 13:26:47.518000,1.32492,1.32484,1200000,3600000
2023-03-15 13:26:47.620000,1.32491,1.32484,1200000,3600000
2023-03-15 13:26:47.722000,1.32492,1.32485,1200000,3600000
2023-03-15 13:26:47.976000,1.32492,1.32484,1200000,3600000
2023-03-15 13:26:48.382000,1.3249,1.32484,1200000,3600000
2023-03-15 13:26:48.637000,1.32491,1.32484,1200000,4500000
2023-03-15 13:26:48.739000,1.32496,1.3249,1200000,3600000
2023-03-15 13:26:48.891000,1.32496,1.32489,1200000,3600000
2023-03-15 13:26:48.993000,1.32496,1.3249,1200000,3600000
2023-03-15 13:26:49.349000,1.32497,1.3249,1200000,3600000
2023-03-15 13:26:49.552000,1.32498,1.3249,4500000,3600000
2023-03-15 13:26:49.654000,1.32498,1.32489,1200000,3600000
2023-03-15 13:26:49.789000,1.32498,1.3249,1200000,3600000
2023-03-15 13:26:49.941000,1.32498,1.32491,1200000,3600000
2023-03-15 13:26:50.094000,1.3251,1.32504,3970000,3340000
2023-03-15 13:26:50.146000,1.3252,1.32513,1300000,3600000
2023-03-15 13:26:50.248000,1.3252,1.32514,1300000,4500000
2023-03-15 13:26:50.350000,1.32525,1.32516,1200000,3600000
2023-03-15 13:26:50.503000,1.32527,1.32515,4500000,3600000
2023-03-15 13:26:50.656000,1.32526,1.3252,1200000,1350000
2023-03-15 13:26:50.758000,1.3253,1.3252,1200000,3600000
2023-03-15 13:26:50.860000,1.32532,1.32522,4500000,3600000
2023-03-15 13:26:50.912000,1.32532,1.3252,1200000,4500000
2023-03-15 13:26:50.963000,1.32532,1.32523,1200000,3600000
2023-03-15 13:26:51.014000,1.32532,1.32521,1200000,3600000
2023-03-15 13:26:51.117000,1.32532,1.32522,4500000,3600000
2023-03-15 13:26:51.168000,1.32532,1.32524,1200000,3600000
2023-03-15 13:26:51.270000,1.32535,1.32525,1200000,2250000
2023-03-15 13:26:51.322000,1.32534,1.32523,5400000,3600000
2023-03-15 13:26:51.373000,1.32532,1.32522,4500000,3600000
2023-03-15 13:26:51.424000,1.32532,1.32519,5040000,3600000
2023-03-15 13:26:51.475000,1.32529,1.3252,1200000,3600000
2023-03-15 13:26:51.578000,1.32533,1.32521,4500000,3600000
2023-03-15 13:26:51.730000,1.32531,1.32522,3600000,3600000
2023-03-15 13:26:51.832000,1.32528,1.32519,1200000,4590000
2023-03-15 13:26:51.934000,1.32528,1.32518,4500000,3600000
2023-03-15 13:26:52.037000,1.32527,1.32519,1200000,3600000
2023-03-15 13:26:52.088000,1.32529,1.3252,4500000,3600000
2023-03-15 13:26:52.291000,1.3253,1.32518,1200000,4140000
2023-03-15 13:26:52.343000,1.32538,1.32529,4050000,1800000
2023-03-15 13:26:52.445000,1.3254,1.32529,1200000,4500000
2023-03-15 13:26:52.564000,1.32541,1.32528,4140000,4500000
2023-03-15 13:26:52.615000,1.32542,1.3253,4470000,3600000
2023-03-15 13:26:52.718000,1.32543,1.32536,1200000,1200000
2023-03-15 13:26:52.769000,1.32549,1.32539,5850000,3600000
2023-03-15 13:26:52.821000,1.32547,1.32537,1300000,3600000
2023-03-15 13:26:52.872000,1.32549,1.32537,3600000,4500000
2023-03-15 13:26:52.974000,1.3255,1.32537,7740000,3600000
2023-03-15 13:26:53.076000,1.3255,1.32536,3820000,3600000
2023-03-15 13:26:53.178000,1.32545,1.32535,3750000,2170000
2023-03-15 13:26:53.280000,1.32545,1.32532,6160000,4500000
2023-03-15 13:26:53.382000,1.32545,1.32533,1660000,3600000
2023-03-15 13:26:53.434000,1.32535,1.32531,1350000,2700000
2023-03-15 13:26:53.485000,1.32533,1.32528,1800000,3600000
2023-03-15 13:26:53.588000,1.32537,1.32527,4500000,3600000
2023-03-15 13:26:53.741000,1.32538,1.32527,5040000,3600000
2023-03-15 13:26:53.792000,1.32536,1.32527,3600000,3600000
2023-03-15 13:26:53.844000,1.32535,1.32525,4500000,3690000
2023-03-15 13:26:53.895000,1.32535,1.32528,1200000,1200000
2023-03-15 13:26:53.997000,1.32542,1.3253,5040000,1200000
2023-03-15 13:26:54.049000,1.32542,1.32532,4360000,3600000
2023-03-15 13:26:54.100000,1.3254,1.32529,1020000,4500000
2023-03-15 13:26:54.151000,1.32536,1.32529,3600000,1200000
2023-03-15 13:26:54.203000,1.32537,1.32527,3600000,4500000
2023-03-15 13:26:54.254000,1.32542,1.32533,3600000,1200000
2023-03-15 13:26:54.356000,1.32544,1.32533,1200000,4500000
2023-03-15 13:26:54.458000,1.32544,1.32532,4500000,1200000
2023-03-15 13:26:54.662000,1.32542,1.32532,3600000,3600000
2023-03-15 13:26:54.713000,1.32541,1.3253,1900000,1320000
2023-03-15 13:26:54.816000,1.32537,1.32528,3600000,3600000
2023-03-15 13:26:54.918000,1.32536,1.32527,1200000,3600000
2023-03-15 13:26:55.400000,1.32537,1.32527,4500000,3600000
2023-03-15 13:26:55.502000,1.32538,1.32527,4500000,1200000
2023-03-15 13:26:55.604000,1.32541,1.32531,3600000,4500000
2023-03-15 13:26:55.655000,1.32542,1.32535,1200000,3600000
2023-03-15 13:26:55.707000,1.32546,1.32536,4950000,3600000
2023-03-15 13:26:55.758000,1.32546,1.32539,1350000,1200000
2023-03-15 13:26:55.862000,1.32553,1.32546,1720000,3600000
2023-03-15 13:26:55.913000,1.32556,1.32546,1440000,3600000
2023-03-15 13:26:55.965000,1.3255,1.32542,3720000,1300000
2023-03-15 13:26:56.016000,1.32549,1.32538,1440000,4420000
2023-03-15 13:26:56.067000,1.32549,1.32537,5040000,1200000
2023-03-15 13:26:56.170000,1.3255,1.32538,1020000,3600000
2023-03-15 13:26:56.221000,1.32551,1.32544,1300000,1200000
2023-03-15 13:26:56.272000,1.32556,1.32549,1200000,1200000
2023-03-15 13:26:56.374000,1.3256,1.32548,1200000,5400000
2023-03-15 13:26:56.477000,1.32561,1.32548,5040000,5400000
2023-03-15 13:26:56.528000,1.3256,1.3255,3820000,3600000
2023-03-15 13:26:56.630000,1.3255,1.32545,1200000,1200000
2023-03-15 13:26:56.681000,1.3255,1.3254,4140000,3600000
2023-03-15 13:26:56.784000,1.32549,1.32539,4500000,3600000
2023-03-15 13:26:56.987000,1.3255,1.32536,3820000,4500000
2023-03-15 13:26:57.038000,1.32551,1.3254,1200000,4500000
2023-03-15 13:26:57.141000,1.32555,1.32547,3600000,1200000
2023-03-15 13:26:57.192000,1.32556,1.32545,3600000,3600000
2023-03-15 13:26:57.294000,1.32555,1.32545,3600000,3600000
2023-03-15 13:26:57.396000,1.32559,1.32549,1200000,3600000
2023-03-15 13:26:57.498000,1.32561,1.32548,5400000,3600000
2023-03-15 13:26:57.551000,1.32562,1.32551,5260000,3600000
2023-03-15 13:26:57.653000,1.32559,1.32547,4140000,3600000
2023-03-15 13:26:57.755000,1.3256,1.3255,3600000,3600000
2023-03-15 13:26:57.857000,1.32561,1.32551,5040000,3600000
2023-03-15 13:26:57.908000,1.3256,1.32549,3600000,3600000
2023-03-15 13:26:58.020000,1.32559,1.32548,4500000,5400000
2023-03-15 13:26:58.073000,1.32561,1.32549,4500000,3600000
2023-03-15 13:26:58.175000,1.32562,1.32551,3600000,1200000
2023-03-15 13:26:58.278000,1.32563,1.32553,4500000,3600000
2023-03-15 13:26:58.380000,1.32562,1.32552,4500000,3600000
2023-03-15 13:26:58.483000,1.32563,1.32558,1200000,3600000
2023-03-15 13:26:58.534000,1.32567,1.32558,3600000,3600000
2023-03-15 13:26:58.636000,1.32568,1.32558,3690000,3600000
2023-03-15 13:26:58.687000,1.32569,1.32556,5120000,3600000
2023-03-15 13:26:58.789000,1.32569,1.32558,4590000,3600000
2023-03-15 13:26:58.891000,1.32568,1.32558,3690000,3600000
2023-03-15 13:26:59.145000,1.32567,1.32558,3600000,4500000
2023-03-15 13:26:59.248000,1.32569,1.32558,4240000,4500000
2023-03-15 13:26:59.400000,1.32568,1.32559,3690000,3600000
2023-03-15 13:26:59.756000,1.32569,1.32559,3690000,3600000
2023-03-15 13:26:59.909000,1.3257,1.32558,3490000,3600000
2023-03-15 13:27:00.011000,1.3257,1.32558,3990000,4500000
2023-03-15 13:27:00.163000,1.3257,1.32558,5220000,3600000
2023-03-15 13:27:00.266000,1.32571,1.32563,1800000,6300000
2023-03-15 13:27:00.318000,1.32573,1.32563,1200000,5220000
2023-03-15 13:27:00.420000,1.32574,1.32562,1200000,4590000
2023-03-15 13:27:00.471000,1.32573,1.3257,1800000,1200000
2023-03-15 13:27:00.524000,1.32578,1.32576,1200000,1350000
2023-03-15 13:27:00.576000,1.32578,1.32574,1200000,3600000
2023-03-15 13:27:00.627000,1.32584,1.32572,5940000,3600000
2023-03-15 13:27:00.729000,1.32583,1.3257,5940000,5040000
2023-03-15 13:27:00.780000,1.32583,1.3257,5040000,5250000
2023-03-15 13:27:00.882000,1.32583,1.32571,4140000,3600000
2023-03-15 13:27:00.985000,1.32584,1.32572,4720000,3600000
2023-03-15 13:27:01.087000,1.32585,1.32573,6160000,3600000
2023-03-15 13:27:01.290000,1.32585,1.32576,1200000,1200000
2023-03-15 13:27:01.392000,1.32587,1.32576,1200000,1200000
2023-03-15 13:27:01.646000,1.32587,1.32575,3600000,1200000
2023-03-15 13:27:01.748000,1.32587,1.32576,1200000,1200000
2023-03-15 13:27:01.901000,1.32586,1.32576,3600000,1200000
2023-03-15 13:27:02.053000,1.32589,1.32575,1800000,1200000
2023-03-15 13:27:02.155000,1.32588,1.32579,1800000,3600000
2023-03-15 13:27:02.308000,1.32588,1.32576,1800000,5040000
2023-03-15 13:27:03.022000,1.32588,1.32577,1200000,3600000
2023-03-15 13:27:03.231000,1.32588,1.32576,1800000,4140000
2023-03-15 13:27:03.333000,1.32588,1.32577,1200000,3600000
2023-03-15 13:27:03.384000,1.32585,1.32575,3600000,1200000
2023-03-15 13:27:03.487000,1.32593,1.3258,1800000,3720000
2023-03-15 13:27:03.589000,1.32596,1.32584,3600000,4470000
2023-03-15 13:27:03.692000,1.32601,1.32592,1200000,3600000
2023-03-15 13:27:03.743000,1.32601,1.32589,4500000,1200000
2023-03-15 13:27:03.794000,1.32598,1.32587,1200000,3600000
2023-03-15 13:27:03.896000,1.32597,1.32586,4500000,4140000
2023-03-15 13:27:04.049000,1.32597,1.32587,4500000,4140000
2023-03-15 13:27:04.152000,1.32599,1.32587,4500000,4140000
2023-03-15 13:27:04.254000,1.326,1.32589,4720000,1350000
2023-03-15 13:27:04.356000,1.326,1.32587,6520000,3720000
2023-03-15 13:27:04.458000,1.326,1.32587,6520000,4140000
2023-03-15 13:27:04.763000,1.32599,1.32587,1300000,3600000
2023-03-15 13:27:04.915000,1.32599,1.32587,4720000,3600000
2023-03-15 13:27:05.017000,1.32597,1.32587,4500000,3600000
2023-03-15 13:27:05.221000,1.32596,1.32587,3600000,3600000
2023-03-15 13:27:05.323000,1.326,1.32594,4500000,3600000
2023-03-15 13:27:05.425000,1.32601,1.32595,3600000,3600000
2023-03-15 13:27:05.843000,1.32604,1.32595,1350000,3600000
2023-03-15 13:27:05.969000,1.32607,1.32597,3600000,3600000
2023-03-15 13:27:06.072000,1.32604,1.32595,4050000,3600000
2023-03-15 13:27:06.544000,1.32601,1.32595,1200000,3600000
2023-03-15 13:27:06.646000,1.32598,1.32589,1200000,3600000
2023-03-15 13:27:06.799000,1.32598,1.32587,1200000,3690000
2023-03-15 13:27:07.054000,1.32599,1.32592,1200000,1200000
2023-03-15 13:27:07.156000,1.32606,1.32595,4350000,3600000
2023-03-15 13:27:07.258000,1.32607,1.32595,4350000,3600000
2023-03-15 13:27:08.074000,1.32603,1.32595,3600000,3600000
2023-03-15 13:27:08.176000,1.32605,1.32596,1600000,3600000
2023-03-15 13:27:08.430000,1.32606,1.32595,1600000,3600000
2023-03-15 13:27:08.718000,1.32605,1.32596,3600000,3600000
2023-03-15 13:27:08.820000,1.326,1.32593,1200000,1800000
2023-03-15 13:27:08.872000,1.32598,1.32589,4500000,3600000
2023-03-15 13:27:08.974000,1.32597,1.32589,1200000,3600000
2023-03-15 13:27:09.430000,1.32596,1.32589,3600000,3600000
2023-03-15 13:27:09.583000,1.32595,1.32587,1200000,3600000
2023-03-15 13:27:09.635000,1.32593,1.32585,4720000,1200000
2023-03-15 13:27:09.686000,1.32593,1.32583,4050000,3600000
2023-03-15 13:27:10.093000,1.32588,1.32583,1990000,3600000
2023-03-15 13:27:10.144000,1.32585,1.32579,1020000,1800000
2023-03-15 13:27:10.196000,1.32584,1.32577,1300000,3600000
2023-03-15 13:27:10.247000,1.32584,1.32574,6300000,4050000
2023-03-15 13:27:10.298000,1.32581,1.32572,1320000,4500000
2023-03-15 13:27:10.401000,1.32579,1.3257,1200000,3600000
2023-03-15 13:27:10.553000,1.32578,1.32571,3600000,3600000
2023-03-15 13:27:10.655000,1.32579,1.32571,1200000,3600000
2023-03-15 13:27:10.757000,1.3258,1.32571,1200000,3600000
2023-03-15 13:27:10.859000,1.32579,1.32571,1200000,3600000
2023-03-15 13:27:10.961000,1.3258,1.32571,4500000,3600000
2023-03-15 13:27:11.064000,1.32581,1.32571,2700000,3600000
2023-03-15 13:27:11.166000,1.32578,1.32571,4500000,3600000
2023-03-15 13:27:11.268000,1.32572,1.32567,1200000,2700000
2023-03-15 13:27:11.320000,1.32572,1.32562,1200000,4720000
2023-03-15 13:27:11.371000,1.3257,1.3256,3600000,4500000
2023-03-15 13:27:11.422000,1.32568,1.3256,4500000,1200000
2023-03-15 13:27:11.525000,1.32566,1.3256,3820000,1200000
2023-03-15 13:27:11.678000,1.32567,1.3256,5260000,1200000
2023-03-15 13:27:11.780000,1.32566,1.3256,3600000,1200000
2023-03-15 13:27:11.831000,1.32566,1.32556,3600000,3600000
2023-03-15 13:27:11.933000,1.32565,1.32555,3600000,3600000
2023-03-15 13:27:11.984000,1.32563,1.32553,3820000,3600000
2023-03-15 13:27:12.138000,1.32563,1.32554,3600000,1440000
2023-03-15 13:27:12.241000,1.32572,1.3256,3240000,3600000
2023-03-15 13:27:12.292000,1.32572,1.32562,1440000,3600000
2023-03-15 13:27:12.343000,1.32572,1.3256,1500000,3600000
2023-03-15 13:27:12.445000,1.32572,1.3256,2250000,3600000
2023-03-15 13:27:12.496000,1.32572,1.32562,5250000,3600000
2023-03-15 13:27:12.700000,1.32571,1.32562,1300000,3600000
2023-03-15 13:27:12.751000,1.32573,1.32561,3820000,3600000
2023-03-15 13:27:12.853000,1.32572,1.32562,3300000,3600000
2023-03-15 13:27:12.955000,1.32572,1.32562,3600000,3600000
2023-03-15 13:27:13.057000,1.32572,1.3256,5040000,3600000
2023-03-15 13:27:13.159000,1.3257,1.3256,3820000,3600000
2023-03-15 13:27:13.261000,1.32571,1.3256,1120000,3600000
2023-03-15 13:27:13.363000,1.32567,1.32557,3300000,3600000
2023-03-15 13:27:13.415000,1.32569,1.32557,3300000,3600000
2023-03-15 13:27:13.517000,1.32568,1.32557,1300000,3600000
2023-03-15 13:27:13.619000,1.32569,1.32559,3600000,3600000
2023-03-15 13:27:13.721000,1.32569,1.32557,1300000,4500000
2023-03-15 13:27:13.824000,1.3257,1.32562,3600000,3600000
2023-03-15 13:27:13.927000,1.32576,1.32566,4050000,3600000
2023-03-15 13:27:14.333000,1.32577,1.32567,5250000,3600000
2023-03-15 13:27:14.435000,1.32576,1.32564,3300000,3600000
2023-03-15 13:27:14.537000,1.32576,1.32564,3300000,3600000
2023-03-15 13:27:15.001000,1.32575,1.32564,3600000,3600000
2023-03-15 13:27:15.103000,1.32576,1.32564,4720000,3600000
2023-03-15 13:27:15.155000,1.32574,1.32564,3600000,3600000
2023-03-15 13:27:15.409000,1.32576,1.32567,4050000,3600000
2023-03-15 13:27:15.627000,1.32577,1.32566,4500000,3600000
2023-03-15 13:27:15.780000,1.32572,1.32564,1200000,3600000
2023-03-15 13:27:15.882000,1.32568,1.32556,4050000,4500000
2023-03-15 13:27:15.984000,1.32569,1.32559,6000000,3600000
2023-03-15 13:27:16.036000,1.32568,1.32556,4050000,3600000
2023-03-15 13:27:16.087000,1.32568,1.32558,3300000,3600000
2023-03-15 13:27:16.138000,1.32568,1.32556,3820000,3600000
2023-03-15 13:27:16.342000,1.3257,1.32557,1200000,1890000
2023-03-15 13:27:16.444000,1.32573,1.3256,1500000,3600000
2023-03-15 13:27:16.496000,1.32571,1.32559,1300000,2340000
2023-03-15 13:27:16.598000,1.32571,1.32562,1800000,1200000
2023-03-15 13:27:16.649000,1.32571,1.3256,1800000,1200000
2023-03-15 13:27:16.751000,1.32574,1.32559,2250000,4500000
2023-03-15 13:27:16.802000,1.32573,1.32563,1120000,3600000
2023-03-15 13:27:16.905000,1.32575,1.32564,3370000,1200000
2023-03-15 13:27:17.007000,1.32575,1.32565,1500000,1200000
2023-03-15 13:27:17.080000,1.32575,1.32563,1300000,4500000
2023-03-15 13:27:17.185000,1.32576,1.32563,1120000,5940000
2023-03-15 13:27:17.237000,1.32577,1.32565,1300000,3600000
2023-03-15 13:27:17.440000,1.32577,1.32565,1800000,3600000
2023-03-15 13:27:17.542000,1.32567,1.32558,5020000,1100000
2023-03-15 13:27:17.645000,1.32564,1.32555,1120000,3600000
2023-03-15 13:27:17.747000,1.32565,1.32555,4720000,3600000
2023-03-15 13:27:17.899000,1.32567,1.32557,1200000,4470000
2023-03-15 13:27:18.002000,1.32569,1.3256,1200000,3600000
2023-03-15 13:27:18.053000,1.32573,1.3256,2250000,3600000
2023-03-15 13:27:18.104000,1.32572,1.32562,3820000,3600000
2023-03-15 13:27:18.497000,1.32574,1.32566,1200000,4500000
2023-03-15 13:27:18.599000,1.32577,1.32566,4050000,3600000
2023-03-15 13:27:18.651000,1.32577,1.32563,3670000,1440000
2023-03-15 13:27:18.702000,1.32576,1.32566,3820000,3600000
2023-03-15 13:27:18.804000,1.3257,1.3256,4050000,3690000
2023-03-15 13:27:18.906000,1.3257,1.32564,3820000,1220000
2023-03-15 13:27:18.958000,1.32575,1.32566,1800000,4500000
2023-03-15 13:27:19.009000,1.32574,1.32569,1200000,3600000
2023-03-15 13:27:19.060000,1.32582,1.32569,5170000,3600000
2023-03-15 13:27:19.112000,1.32581,1.32572,2170000,3600000
2023-03-15 13:27:19.214000,1.32583,1.32571,1300000,3600000
2023-03-15 13:27:19.317000,1.32584,1.32579,1300000,3600000
2023-03-15 13:27:19.420000,1.3259,1.32585,1300000,1440000
2023-03-15 13:27:19.471000,1.32593,1.32586,1300000,3600000
2023-03-15 13:27:19.522000,1.32593,1.32587,1120000,4840000
2023-03-15 13:27:19.574000,1.32595,1.3259,1300000,3600000
2023-03-15 13:27:19.676000,1.326,1.32587,3300000,4140000
2023-03-15 13:27:19.778000,1.326,1.32587,3600000,3720000
2023-03-15 13:27:19.829000,1.326,1.32588,3300000,5040000
2023-03-15 13:27:19.931000,1.326,1.32592,3600000,3600000
2023-03-15 13:27:20.033000,1.326,1.32591,3600000,3600000
2023-03-15 13:27:20.135000,1.326,1.32592,3600000,3600000
2023-03-15 13:27:20.237000,1.32604,1.32595,1800000,3600000
2023-03-15 13:27:20.289000,1.32605,1.32595,1900000,3600000
2023-03-15 13:27:20.391000,1.32605,1.32596,3600000,3600000
2023-03-15 13:27:20.544000,1.326,1.32596,1200000,3600000
2023-03-15 13:27:20.646000,1.326,1.32595,1200000,3600000
2023-03-15 13:27:20.748000,1.32599,1.32595,1200000,3600000
2023-03-15 13:27:20.850000,1.326,1.32596,1200000,3600000
2023-03-15 13:27:20.952000,1.32606,1.326,4350000,1120000
2023-03-15 13:27:21.055000,1.32611,1.32604,3600000,3600000
2023-03-15 13:27:21.157000,1.32619,1.32609,3600000,3600000
2023-03-15 13:27:21.208000,1.32617,1.32607,3600000,4500000
2023-03-15 13:27:21.311000,1.32618,1.3261,3600000,1200000
2023-03-15 13:27:21.362000,1.32617,1.32608,3600000,4500000
2023-03-15 13:27:21.769000,1.32616,1.32606,3300000,3600000
2023-03-15 13:27:21.871000,1.32616,1.32607,3820000,1200000
2023-03-15 13:27:21.973000,1.32619,1.32607,4720000,3600000
2023-03-15 13:27:22.025000,1.32616,1.32608,3600000,3600000
2023-03-15 13:27:22.150000,1.32616,1.32607,4800000,3600000
2023-03-15 13:27:22.252000,1.32615,1.32604,3820000,3600000
2023-03-15 13:27:22.557000,1.32615,1.32605,3820000,3600000
2023-03-15 13:27:22.659000,1.32615,1.32604,3820000,3600000
2023-03-15 13:27:22.710000,1.32611,1.32602,1200000,4500000
2023-03-15 13:27:22.812000,1.32604,1.32595,3600000,3600000
2023-03-15 13:27:22.914000,1.32603,1.32595,1120000,3600000
2023-03-15 13:27:23.017000,1.32608,1.32602,1200000,3600000
2023-03-15 13:27:23.119000,1.32609,1.32601,1200000,3600000
2023-03-15 13:27:23.221000,1.32611,1.32606,1200000,3600000
2023-03-15 13:27:23.323000,1.32588,1.32582,4500000,3600000
2023-03-15 13:27:23.375000,1.32595,1.3259,2250000,2290000
2023-03-15 13:27:23.426000,1.32596,1.32588,1200000,5040000
2023-03-15 13:27:23.478000,1.32598,1.32595,1200000,1350000
2023-03-15 13:27:23.529000,1.32599,1.32594,1200000,3600000
2023-03-15 13:27:23.632000,1.32599,1.32596,1200000,3600000
2023-03-15 13:27:23.734000,1.326,1.32596,1200000,3600000
2023-03-15 13:27:23.836000,1.326,1.32598,1200000,3600000
2023-03-15 13:27:23.938000,1.32598,1.32597,1200000,1200000
2023-03-15 13:27:23.989000,1.32596,1.3259,4350000,1300000
2023-03-15 13:27:24.193000,1.32591,1.32589,1200000,1300000
2023-03-15 13:27:24.244000,1.32592,1.32586,1200000,3600000
2023-03-15 13:27:24.398000,1.32594,1.3259,1200000,3600000
2023-03-15 13:27:24.500000,1.32595,1.3259,1200000,3600000
2023-03-15 13:27:24.573000,1.32595,1.32592,1200000,3600000
2023-03-15 13:27:24.675000,1.32601,1.32593,3600000,3600000
2023-03-15 13:27:24.726000,1.32601,1.32595,3600000,3600000
2023-03-15 13:27:24.828000,1.32603,1.32596,1800000,3600000
2023-03-15 13:27:24.931000,1.32604,1.32594,3600000,4500000
2023-03-15 13:27:25.033000,1.32603,1.32596,3600000,3600000
2023-03-15 13:27:25.135000,1.32606,1.32603,1200000,1200000
2023-03-15 13:27:25.237000,1.32614,1.32607,1200000,3600000
2023-03-15 13:27:25.340000,1.32613,1.32609,1200000,3600000
2023-03-15 13:27:25.442000,1.32612,1.32603,3600000,4500000
2023-03-15 13:27:25.545000,1.32614,1.32607,1200000,3600000
2023-03-15 13:27:25.596000,1.32618,1.32609,1200000,3600000
2023-03-15 13:27:25.698000,1.32614,1.32608,1800000,1200000
2023-03-15 13:27:25.749000,1.32613,1.32605,3300000,3600000
2023-03-15 13:27:25.801000,1.32613,1.32602,3300000,3600000
2023-03-15 13:27:25.903000,1.32612,1.32603,3600000,3600000
2023-03-15 13:27:26.005000,1.32613,1.32604,3600000,3600000
2023-03-15 13:27:26.107000,1.32613,1.32603,5260000,3600000
2023-03-15 13:27:26.159000,1.32612,1.326,1300000,3600000
2023-03-15 13:27:26.312000,1.32609,1.326,3820000,3600000
2023-03-15 13:27:26.414000,1.32609,1.32599,4720000,1200000
2023-03-15 13:27:26.516000,1.32602,1.32598,1300000,1200000
2023-03-15 13:27:26.568000,1.32602,1.3259,5250000,3600000
2023-03-15 13:27:26.670000,1.32602,1.3259,5250000,3600000
2023-03-15 13:27:26.772000,1.32599,1.3259,3600000,3600000
2023-03-15 13:27:26.874000,1.32601,1.3259,4050000,3600000
2023-03-15 13:27:26.976000,1.32602,1.32588,3600000,3600000
2023-03-15 13:27:27.078000,1.32602,1.32589,1800000,3600000
2023-03-15 13:27:27.231000,1.32602,1.32591,1300000,3600000
2023-03-15 13:27:27.384000,1.326,1.32589,1200000,3600000
2023-03-15 13:27:27.435000,1.32594,1.32586,1200000,1200000
2023-03-15 13:27:27.538000,1.32593,1.32582,1200000,3600000
2023-03-15 13:27:27.777000,1.32593,1.3258,1200000,3690000
2023-03-15 13:27:27.930000,1.32588,1.3258,1200000,3600000
2023-03-15 13:27:27.981000,1.32587,1.32576,4590000,1320000
2023-03-15 13:27:28.033000,1.32585,1.32575,1200000,3600000
2023-03-15 13:27:28.236000,1.32584,1.32573,1200000,3600000
2023-03-15 13:27:28.338000,1.32583,1.32573,1200000,3600000
2023-03-15 13:27:28.440000,1.32584,1.32573,1200000,3690000
2023-03-15 13:27:28.796000,1.32584,1.32572,1200000,3820000
2023-03-15 13:27:28.848000,1.32584,1.32574,4500000,3600000
2023-03-15 13:27:28.950000,1.32581,1.32569,3600000,3600000
2023-03-15 13:27:29.052000,1.3258,1.3257,1200000,3600000
2023-03-15 13:27:29.154000,1.32578,1.32569,3600000,3600000
2023-03-15 13:27:29.256000,1.32578,1.32567,4500000,3600000
2023-03-15 13:27:29.307000,1.32576,1.32566,1120000,3600000
2023-03-15 13:27:29.409000,1.32572,1.32566,1200000,3600000
2023-03-15 13:27:29.461000,1.3257,1.3256,4800000,6300000
2023-03-15 13:27:29.563000,1.3257,1.3256,3600000,3600000
2023-03-15 13:27:29.614000,1.3257,1.32562,3600000,3600000
2023-03-15 13:27:29.818000,1.32583,1.32575,3600000,1720000
2023-03-15 13:27:29.870000,1.32585,1.32576,1200000,4500000
2023-03-15 13:27:29.972000,1.32587,1.32577,3600000,3600000
2023-03-15 13:27:30.023000,1.32585,1.32577,1200000,3600000
2023-03-15 13:27:30.125000,1.32579,1.32569,1200000,3600000
2023-03-15 13:27:30.227000,1.32579,1.3257,1200000,3600000
2023-03-15 13:27:30.401000,1.32579,1.32569,1200000,3600000
2023-03-15 13:27:30.604000,1.32578,1.32569,3600000,3600000
2023-03-15 13:27:30.656000,1.32579,1.32572,1200000,3600000
2023-03-15 13:27:30.758000,1.32582,1.32573,3600000,5220000
2023-03-15 13:27:30.809000,1.32586,1.32576,8320000,3600000
2023-03-15 13:27:30.911000,1.32585,1.32576,1800000,3600000
2023-03-15 13:27:30.963000,1.32583,1.32573,1320000,3600000
2023-03-15 13:27:31.065000,1.32578,1.32569,3600000,3600000
2023-03-15 13:27:31.116000,1.32579,1.32571,1800000,3600000
2023-03-15 13:27:31.471000,1.32579,1.3257,1200000,4500000
2023-03-15 13:27:31.573000,1.32579,1.32571,1200000,3600000
2023-03-15 13:27:32.012000,1.32579,1.32569,1200000,3600000
2023-03-15 13:27:32.165000,1.32577,1.32567,1200000,1200000
2023-03-15 13:27:32.268000,1.32569,1.32559,4500000,3600000
2023-03-15 13:27:32.623000,1.3257,1.32559,3600000,3600000
2023-03-15 13:27:32.675000,1.3257,1.32561,3600000,3600000
2023-03-15 13:27:32.929000,1.3257,1.32562,3600000,3600000
2023-03-15 13:27:33.082000,1.32571,1.32562,4500000,3600000
2023-03-15 13:27:33.235000,1.3257,1.32562,3600000,3600000
2023-03-15 13:27:33.337000,1.32571,1.32561,1200000,3600000
2023-03-15 13:27:33.440000,1.3257,1.32562,3600000,3600000
2023-03-15 13:27:33.596000,1.32574,1.32569,5400000,3600000
2023-03-15 13:27:33.648000,1.32578,1.32568,5400000,4140000
2023-03-15 13:27:34.161000,1.32581,1.32576,1200000,4500000
2023-03-15 13:27:34.263000,1.32587,1.32576,4050000,4140000
2023-03-15 13:27:34.314000,1.32587,1.32583,1300000,4140000
2023-03-15 13:27:34.365000,1.32593,1.32587,1420000,1720000
2023-03-15 13:27:34.468000,1.32594,1.3259,1900000,3600000
2023-03-15 13:27:34.570000,1.32598,1.32591,4500000,3600000
2023-03-15 13:27:34.621000,1.32595,1.32589,4500000,3600000
2023-03-15 13:27:34.723000,1.32596,1.32588,4500000,3600000
2023-03-15 13:27:34.825000,1.32595,1.32588,4500000,3600000
2023-03-15 13:27:35.081000,1.32596,1.32588,4500000,3690000
2023-03-15 13:27:35.133000,1.32598,1.32589,4500000,3600000
2023-03-15 13:27:35.235000,1.32597,1.32589,4500000,3600000
2023-03-15 13:27:35.337000,1.32597,1.32588,4500000,3600000
2023-03-15 13:27:35.440000,1.32597,1.32589,4500000,3600000
2023-03-15 13:27:35.593000,1.32599,1.32592,4500000,3600000
2023-03-15 13:27:35.695000,1.32599,1.32593,4500000,3600000
2023-03-15 13:27:35.746000,1.32599,1.3259,4500000,4470000
2023-03-15 13:27:35.950000,1.32597,1.32591,4500000,3600000
2023-03-15 13:27:36.052000,1.32599,1.32593,5400000,3600000
2023-03-15 13:27:36.169000,1.326,1.3259,4500000,5260000
2023-03-15 13:27:36.271000,1.32601,1.3259,5400000,5250000
2023-03-15 13:27:36.373000,1.32602,1.32593,5400000,3600000
2023-03-15 13:27:36.475000,1.32599,1.32592,4500000,1200000
2023-03-15 13:27:36.577000,1.32599,1.32593,4500000,3600000
2023-03-15 13:27:36.629000,1.32599,1.3259,4950000,3600000
2023-03-15 13:27:36.731000,1.32598,1.32589,4500000,4810000
2023-03-15 13:27:36.833000,1.32599,1.32589,5400000,3910000
2023-03-15 13:27:36.884000,1.32598,1.32592,4500000,3600000
2023-03-15 13:27:36.936000,1.32597,1.3259,5400000,3600000
2023-03-15 13:27:36.987000,1.32592,1.32585,4500000,3600000
2023-03-15 13:27:37.089000,1.32592,1.32583,4500000,3600000
2023-03-15 13:27:37.192000,1.3259,1.32584,4500000,3600000
2023-03-15 13:27:37.295000,1.3259,1.3258,4500000,4810000
2023-03-15 13:27:37.397000,1.32591,1.32582,4500000,4140000
2023-03-15 13:27:37.499000,1.32591,1.32583,4500000,3600000
2023-03-15 13:27:37.601000,1.32594,1.32588,1200000,3720000
2023-03-15 13:27:37.703000,1.32596,1.3259,4500000,3600000
2023-03-15 13:27:37.805000,1.32597,1.3259,4500000,3600000
2023-03-15 13:27:37.907000,1.3259,1.32585,4500000,3600000
2023-03-15 13:27:38.009000,1.32591,1.32584,4500000,3600000
2023-03-15 13:27:38.060000,1.32593,1.32585,5400000,3600000
2023-03-15 13:27:38.162000,1.32589,1.32585,4500000,3600000
2023-03-15 13:27:38.264000,1.32589,1.32586,4500000,3600000
2023-03-15 13:27:38.316000,1.32593,1.32589,4500000,3600000
2023-03-15 13:27:38.367000,1.32592,1.32586,4500000,5220000
2023-03-15 13:27:38.418000,1.32595,1.32591,4500000,3600000
2023-03-15 13:27:38.470000,1.32595,1.32589,4500000,3600000
2023-03-15 13:27:38.521000,1.32596,1.3259,4500000,3600000
2023-03-15 13:27:38.623000,1.32594,1.32591,4500000,3600000
2023-03-15 13:27:38.776000,1.32594,1.3259,4500000,3600000
2023-03-15 13:27:38.878000,1.32593,1.32587,4500000,1200000
2023-03-15 13:27:38.930000,1.32595,1.3259,1200000,3600000
2023-03-15 13:27:39.032000,1.32595,1.32589,4500000,3600000
2023-03-15 13:27:39.134000,1.32595,1.32588,4500000,5040000
2023-03-15 13:27:39.286000,1.32595,1.32589,4500000,3600000
2023-03-15 13:27:39.439000,1.32596,1.32588,4500000,5040000
2023-03-15 13:27:39.553000,1.32596,1.32589,4500000,3600000
2023-03-15 13:27:39.658000,1.32595,1.32589,4500000,3600000
2023-03-15 13:27:40.014000,1.32597,1.32591,1200000,3600000
2023-03-15 13:27:40.116000,1.32597,1.3259,4500000,3600000
2023-03-15 13:27:40.219000,1.32595,1.32589,4500000,3600000
2023-03-15 13:27:40.321000,1.32597,1.32587,1200000,4140000
2023-03-15 13:27:40.424000,1.32598,1.32587,1200000,3600000
2023-03-15 13:27:40.526000,1.32596,1.32584,7960000,3600000
2023-03-15 13:27:40.577000,1.32594,1.32584,1200000,3600000
2023-03-15 13:27:41.016000,1.32588,1.32583,1200000,3600000
2023-03-15 13:27:41.118000,1.3258,1.32576,4500000,3600000
2023-03-15 13:27:41.170000,1.3258,1.32574,4500000,3600000
2023-03-15 13:27:41.272000,1.32581,1.32574,4500000,3600000
2023-03-15 13:27:41.374000,1.3258,1.32573,4500000,3600000
2023-03-15 13:27:41.476000,1.32584,1.32575,5400000,3600000
2023-03-15 13:27:41.780000,1.32584,1.32574,5400000,4720000
2023-03-15 13:27:41.882000,1.32584,1.32575,5400000,2020000
2023-03-15 13:27:41.934000,1.32584,1.32579,1200000,5260000
2023-03-15 13:27:42.036000,1.3259,1.32579,1200000,6160000
2023-03-15 13:27:42.138000,1.32588,1.3258,1200000,3600000
2023-03-15 13:27:42.291000,1.32591,1.32579,1200000,4720000
2023-03-15 13:27:42.404000,1.3259,1.32579,1200000,3600000
2023-03-15 13:27:42.507000,1.32589,1.32579,1200000,3600000
2023-03-15 13:27:42.660000,1.32588,1.32579,4500000,3600000
2023-03-15 13:27:42.762000,1.32589,1.32579,1200000,4720000
2023-03-15 13:27:42.813000,1.32592,1.32583,1800000,3600000
2023-03-15 13:27:42.915000,1.32595,1.32586,1200000,3600000
2023-03-15 13:27:43.017000,1.32595,1.32586,1200000,3600000
2023-03-15 13:27:43.119000,1.32594,1.32585,1200000,3600000
2023-03-15 13:27:43.283000,1.32596,1.32589,1800000,3600000
2023-03-15 13:27:43.385000,1.32596,1.32588,1200000,3600000
2023-03-15 13:27:43.487000,1.32597,1.32589,1200000,3600000
2023-03-15 13:27:43.589000,1.32597,1.3259,1200000,3600000
2023-03-15 13:27:43.742000,1.32597,1.32589,1200000,3600000
2023-03-15 13:27:43.844000,1.32599,1.32593,1200000,1200000
2023-03-15 13:27:43.946000,1.32603,1.32595,2700000,3600000
2023-03-15 13:27:44.149000,1.32603,1.32596,1200000,3600000
2023-03-15 13:27:44.251000,1.32603,1.32595,1200000,3600000
2023-03-15 13:27:44.353000,1.32599,1.32595,4500000,3600000
2023-03-15 13:27:44.404000,1.32603,1.32595,1200000,3600000
2023-03-15 13:27:44.506000,1.32603,1.32596,1200000,3600000
2023-03-15 13:27:44.783000,1.32603,1.32595,1200000,3600000
2023-03-15 13:27:44.885000,1.32604,1.32594,4500000,3600000
2023-03-15 13:27:44.987000,1.32605,1.32596,1800000,3720000
2023-03-15 13:27:45.089000,1.32608,1.32596,1300000,3600000
2023-03-15 13:27:45.191000,1.32605,1.32597,1800000,3600000
2023-03-15 13:27:45.243000,1.32604,1.32595,4050000,3600000
2023-03-15 13:27:45.294000,1.326,1.32595,1300000,3600000
2023-03-15 13:27:45.360000,1.32599,1.32593,1300000,1200000
2023-03-15 13:27:45.414000,1.32595,1.32586,2560000,3600000
2023-03-15 13:27:45.467000,1.32594,1.32583,4720000,3600000
2023-03-15 13:27:45.569000,1.32594,1.32581,1200000,3600000
2023-03-15 13:27:45.671000,1.32592,1.32582,1120000,3600000
2023-03-15 13:27:45.773000,1.32591,1.32582,1200000,3600000
2023-03-15 13:27:45.875000,1.32591,1.32581,1200000,3600000
2023-03-15 13:27:45.977000,1.32587,1.32581,4500000,3600000
2023-03-15 13:27:46.079000,1.32588,1.32581,4500000,3600000
2023-03-15 13:27:46.181000,1.32586,1.32581,4500000,3600000
2023-03-15 13:27:46.283000,1.32591,1.32586,5400000,3600000
2023-03-15 13:27:46.386000,1.32586,1.32583,4500000,1200000
2023-03-15 13:27:46.437000,1.32582,1.3258,4950000,1200000
2023-03-15 13:27:46.488000,1.32582,1.32574,1800000,3600000
2023-03-15 13:27:46.692000,1.32583,1.32574,1200000,3600000
2023-03-15 13:27:46.795000,1.32585,1.32573,4500000,3600000
2023-03-15 13:27:46.846000,1.32584,1.32571,4500000,5710000
2023-03-15 13:27:46.948000,1.32584,1.32572,4500000,2560000
2023-03-15 13:27:46.999000,1.32584,1.32575,1200000,3820000
2023-03-15 13:27:47.101000,1.32585,1.32575,1200000,3600000
2023-03-15 13:27:47.203000,1.32584,1.32574,4500000,3600000
2023-03-15 13:27:47.305000,1.32584,1.32575,4500000,3600000
2023-03-15 13:27:47.407000,1.32583,1.32573,1800000,3600000
2023-03-15 13:27:47.509000,1.32584,1.32571,1200000,3600000
2023-03-15 13:27:47.611000,1.32583,1.32573,1200000,3600000
2023-03-15 13:27:47.662000,1.32583,1.32576,1200000,3600000
2023-03-15 13:27:47.765000,1.32583,1.32577,1200000,3600000
2023-03-15 13:27:47.816000,1.32587,1.32577,4500000,3600000
2023-03-15 13:27:47.969000,1.32586,1.32577,1200000,3600000
2023-03-15 13:27:48.071000,1.32584,1.32577,1200000,3600000
2023-03-15 13:27:48.173000,1.32587,1.32577,3600000,3600000
2023-03-15 13:27:48.334000,1.32587,1.32575,2550000,3600000
2023-03-15 13:27:48.438000,1.32584,1.32576,1300000,3600000
2023-03-15 13:27:48.540000,1.32584,1.32575,1120000,3600000
2023-03-15 13:27:48.592000,1.32582,1.32572,1200000,3600000
2023-03-15 13:27:48.744000,1.32582,1.32573,1200000,3600000
2023-03-15 13:27:48.948000,1.32579,1.32573,4500000,3600000
2023-03-15 13:27:48.999000,1.32582,1.32573,1200000,3600000
2023-03-15 13:27:49.152000,1.32582,1.32578,1200000,3600000
2023-03-15 13:27:49.203000,1.32587,1.32578,1200000,3600000
2023-03-15 13:27:49.305000,1.32589,1.3258,1800000,3600000
2023-03-15 13:27:49.457000,1.32589,1.32579,1800000,3600000
2023-03-15 13:27:49.632000,1.32589,1.32584,1200000,3600000
2023-03-15 13:27:49.684000,1.32589,1.32582,1200000,3600000
2023-03-15 13:27:49.735000,1.32581,1.32578,4500000,2700000
2023-03-15 13:27:49.786000,1.32581,1.32576,4500000,3600000
2023-03-15 13:27:49.838000,1.32583,1.32574,1200000,3600000
2023-03-15 13:27:50.345000,1.32584,1.32574,4500000,3600000
2023-03-15 13:27:50.600000,1.32583,1.32574,4500000,3600000
2023-03-15 13:27:50.702000,1.32584,1.32575,1200000,3600000
2023-03-15 13:27:50.804000,1.32586,1.3258,1200000,1200000
2023-03-15 13:27:50.923000,1.32592,1.32586,1100000,4470000
2023-03-15 13:27:50.976000,1.32598,1.32588,1200000,3600000
2023-03-15 13:27:51.078000,1.32599,1.32589,3600000,3600000
2023-03-15 13:27:51.447000,1.32596,1.32589,4500000,3600000
2023-03-15 13:27:51.600000,1.32595,1.32589,4500000,3600000
2023-03-15 13:27:51.702000,1.32595,1.32587,4500000,4230000
2023-03-15 13:27:51.804000,1.32594,1.32587,4500000,3600000
2023-03-15 13:27:51.906000,1.32589,1.32585,4500000,3600000
2023-03-15 13:27:51.957000,1.32594,1.32585,1200000,3690000
2023-03-15 13:27:52.059000,1.32594,1.32588,1200000,4140000
2023-03-15 13:27:52.111000,1.32599,1.32589,1200000,3600000
2023-03-15 13:27:52.162000,1.32598,1.32589,1300000,3600000
2023-03-15 13:27:52.608000,1.32599,1.32589,2550000,4140000
2023-03-15 13:27:52.710000,1.32596,1.32593,4500000,3600000
2023-03-15 13:27:52.813000,1.32603,1.32591,1120000,3600000
2023-03-15 13:27:53.016000,1.32602,1.32594,1120000,3600000
2023-03-15 13:27:53.119000,1.32601,1.32593,1300000,3600000
2023-03-15 13:27:53.221000,1.32599,1.32592,1300000,3600000
2023-03-15 13:27:53.323000,1.326,1.32592,1300000,3600000
2023-03-15 13:27:53.581000,1.32596,1.32588,1300000,3600000
2023-03-15 13:27:53.684000,1.32594,1.32585,1300000,3600000
2023-03-15 13:27:53.787000,1.32593,1.32584,1120000,3690000
2023-03-15 13:27:53.889000,1.32594,1.32582,1120000,3600000
2023-03-15 13:27:54.092000,1.32593,1.32582,1200000,4590000
2023-03-15 13:27:54.194000,1.32592,1.32582,1200000,4590000
2023-03-15 13:27:54.398000,1.32588,1.32582,4500000,4140000
2023-03-15 13:27:54.500000,1.32593,1.32583,1200000,3600000
2023-03-15 13:27:54.770000,1.32593,1.32582,1200000,4140000
2023-03-15 13:27:54.872000,1.32592,1.32583,1800000,3600000
2023-03-15 13:27:54.974000,1.32591,1.32583,1200000,3600000
2023-03-15 13:27:55.178000,1.32592,1.32583,1800000,3600000
2023-03-15 13:27:55.279000,1.32588,1.32582,4500000,3600000
2023-03-15 13:27:55.331000,1.32592,1.32582,5400000,3600000
2023-03-15 13:27:55.695000,1.32591,1.32582,1200000,3600000
2023-03-15 13:27:55.747000,1.3259,1.3258,1350000,3600000
2023-03-15 13:27:55.798000,1.32587,1.32578,4500000,5490000
2023-03-15 13:27:55.900000,1.32587,1.32575,1200000,3600000
2023-03-15 13:27:56.002000,1.32586,1.32577,1200000,3600000
2023-03-15 13:27:56.104000,1.32583,1.32577,4500000,3600000
2023-03-15 13:27:56.485000,1.32584,1.32577,4500000,3600000
2023-03-15 13:27:56.638000,1.32584,1.32579,4500000,3600000
2023-03-15 13:27:56.689000,1.32587,1.32578,2250000,3600000
2023-03-15 13:27:56.742000,1.32575,1.32571,4500000,3600000
2023-03-15 13:27:56.846000,1.32572,1.32569,4500000,3600000
2023-03-15 13:27:56.898000,1.32573,1.32566,4500000,4720000
2023-03-15 13:27:56.949000,1.32576,1.32568,1200000,3600000
2023-03-15 13:27:57.102000,1.32576,1.32567,1200000,3600000
2023-03-15 13:27:57.204000,1.32576,1.32566,4720000,1320000
2023-03-15 13:27:57.306000,1.32576,1.32568,1200000,3600000
2023-03-15 13:27:57.458000,1.32576,1.32567,4500000,3600000
2023-03-15 13:27:57.560000,1.32575,1.32567,1200000,3600000
2023-03-15 13:27:57.662000,1.32569,1.32559,3600000,3600000
2023-03-15 13:27:57.714000,1.32564,1.32559,4500000,3600000
2023-03-15 13:27:57.816000,1.32564,1.32557,3600000,3600000
2023-03-15 13:27:57.968000,1.32566,1.32556,4500000,3600000
2023-03-15 13:27:58.070000,1.32565,1.32558,4500000,3600000
2023-03-15 13:27:58.223000,1.32564,1.32558,1200000,3600000
2023-03-15 13:27:58.376000,1.32565,1.32558,1200000,3600000
2023-03-15 13:27:58.555000,1.32561,1.32558,4500000,3600000
2023-03-15 13:27:58.606000,1.32565,1.32558,1200000,3600000
2023-03-15 13:27:58.911000,1.3256,1.32553,3600000,5400000
2023-03-15 13:27:59.013000,1.32559,1.32552,4500000,3600000
2023-03-15 13:27:59.115000,1.3256,1.32553,1200000,3600000
2023-03-15 13:27:59.218000,1.32561,1.32555,1200000,3600000
2023-03-15 13:27:59.269000,1.32563,1.32555,4500000,3600000
2023-03-15 13:27:59.371000,1.32562,1.32555,4050000,3600000
2023-03-15 13:27:59.473000,1.32563,1.32555,4500000,3600000
2023-03-15 13:27:59.995000,1.32561,1.32551,5400000,4500000
2023-03-15 13:28:00.046000,1.32559,1.32551,3600000,4500000
2023-03-15 13:28:00.148000,1.32558,1.32554,1200000,1620000
2023-03-15 13:28:00.200000,1.32565,1.32559,4500000,4140000
2023-03-15 13:28:00.251000,1.32567,1.32559,5400000,3720000
2023-03-15 13:28:00.302000,1.32574,1.32564,6300000,3600000
2023-03-15 13:28:00.404000,1.32573,1.32564,1200000,3600000
2023-03-15 13:28:00.506000,1.32573,1.32565,1200000,3600000
2023-03-15 13:28:00.608000,1.32573,1.32566,1200000,3600000
2023-03-15 13:28:00.710000,1.32573,1.32565,3820000,4500000
2023-03-15 13:28:00.762000,1.3257,1.32565,3600000,1200000
2023-03-15 13:28:00.813000,1.3257,1.32562,1200000,3600000
2023-03-15 13:28:00.915000,1.32571,1.32564,1200000,3600000
2023-03-15 13:28:01.017000,1.3257,1.32564,1120000,3600000
2023-03-15 13:28:01.119000,1.32569,1.32563,1200000,3600000
2023-03-15 13:28:01.221000,1.32569,1.32562,1200000,3600000
2023-03-15 13:28:01.273000,1.32571,1.32562,4500000,3600000
2023-03-15 13:28:01.425000,1.32572,1.32564,1200000,3600000
2023-03-15 13:28:01.527000,1.32573,1.32564,5400000,3600000
2023-03-15 13:28:01.629000,1.32573,1.32563,1800000,3600000
2023-03-15 13:28:01.731000,1.32573,1.32564,1200000,3600000
2023-03-15 13:28:01.833000,1.32572,1.32564,1200000,3600000
2023-03-15 13:28:02.345000,1.32566,1.32562,1720000,4500000
2023-03-15 13:28:02.397000,1.32562,1.32558,1300000,1200000
2023-03-15 13:28:02.448000,1.3256,1.32556,1200000,1200000
2023-03-15 13:28:02.500000,1.3256,1.32554,1200000,3600000
2023-03-15 13:28:02.551000,1.32563,1.32554,1120000,3600000
2023-03-15 13:28:02.652000,1.32564,1.32555,1200000,3600000
2023-03-15 13:28:02.704000,1.32561,1.32556,4500000,3600000
2023-03-15 13:28:02.755000,1.32566,1.32556,4720000,3600000
2023-03-15 13:28:02.857000,1.32567,1.32556,1200000,3600000
2023-03-15 13:28:02.959000,1.32567,1.32557,4500000,3600000
2023-03-15 13:28:03.061000,1.32565,1.32557,1200000,3600000
2023-03-15 13:28:03.214000,1.32565,1.32556,1200000,3600000
2023-03-15 13:28:03.316000,1.32561,1.32555,3600000,3600000
2023-03-15 13:28:03.368000,1.32552,1.3255,1200000,3690000
2023-03-15 13:28:03.419000,1.32549,1.32539,1800000,3600000
2023-03-15 13:28:03.471000,1.32542,1.32538,4500000,3600000
2023-03-15 13:28:03.522000,1.32542,1.32535,4500000,3600000
2023-03-15 13:28:03.574000,1.32537,1.32534,4500000,1200000
2023-03-15 13:28:03.676000,1.32534,1.32528,4500000,5550000
2023-03-15 13:28:03.727000,1.32532,1.32528,4500000,3600000
2023-03-15 13:28:03.830000,1.32536,1.32528,4500000,3600000
2023-03-15 13:28:03.932000,1.32539,1.32532,1200000,4140000
2023-03-15 13:28:03.983000,1.32543,1.32535,7050000,3600000
2023-03-15 13:28:04.085000,1.32545,1.32541,1200000,6670000
2023-03-15 13:28:04.137000,1.32549,1.32547,4950000,1350000
2023-03-15 13:28:04.239000,1.32545,1.32538,4500000,3600000
2023-03-15 13:28:04.291000,1.3254,1.32537,4500000,3600000
2023-03-15 13:28:04.393000,1.32544,1.32536,3600000,3600000
2023-03-15 13:28:04.444000,1.32544,1.32536,3600000,3300000
2023-03-15 13:28:04.546000,1.32544,1.32536,1200000,3600000
2023-03-15 13:28:04.598000,1.32543,1.32538,1200000,1300000
2023-03-15 13:28:04.649000,1.32537,1.32533,3600000,1300000
2023-03-15 13:28:04.752000,1.32537,1.32532,5400000,1300000
2023-03-15 13:28:04.803000,1.32536,1.32529,1200000,1300000
2023-03-15 13:28:04.906000,1.32537,1.32529,1200000,1300000
2023-03-15 13:28:05.008000,1.32539,1.3253,1200000,3820000
2023-03-15 13:28:05.061000,1.32541,1.32532,1200000,3600000
2023-03-15 13:28:05.163000,1.32541,1.32532,1300000,3600000
2023-03-15 13:28:05.265000,1.32538,1.32532,1300000,3600000
2023-03-15 13:28:05.316000,1.32536,1.32528,3600000,3600000
2023-03-15 13:28:05.418000,1.32536,1.32529,1200000,3600000
2023-03-15 13:28:05.520000,1.32538,1.32529,1300000,3600000
2023-03-15 13:28:05.622000,1.32539,1.32529,4500000,3600000
2023-03-15 13:28:05.724000,1.32537,1.32529,4500000,1200000
2023-03-15 13:28:05.827000,1.32538,1.32534,1120000,4140000
2023-03-15 13:28:05.929000,1.32542,1.32536,4800000,3600000
2023-03-15 13:28:05.980000,1.32542,1.32536,4500000,3600000
2023-03-15 13:28:06.031000,1.3254,1.32536,4500000,3600000
2023-03-15 13:28:06.082000,1.32543,1.32537,4500000,3600000
2023-03-15 13:28:06.185000,1.32543,1.32539,4500000,3600000
2023-03-15 13:28:06.236000,1.32545,1.3254,4500000,3600000
2023-03-15 13:28:06.338000,1.32544,1.3254,4500000,3600000
2023-03-15 13:28:06.440000,1.32549,1.32543,1200000,3690000
2023-03-15 13:28:06.492000,1.32552,1.32544,4500000,4140000
2023-03-15 13:28:06.543000,1.32552,1.32546,4500000,3600000
2023-03-15 13:28:06.645000,1.32552,1.32545,4500000,3600000
2023-03-15 13:28:06.747000,1.32552,1.32548,4500000,3600000
2023-03-15 13:28:06.900000,1.32553,1.32549,4500000,3600000
2023-03-15 13:28:07.002000,1.32554,1.32549,4500000,3600000
2023-03-15 13:28:07.104000,1.32553,1.32549,4500000,3600000
2023-03-15 13:28:07.257000,1.32554,1.32549,4500000,3600000
2023-03-15 13:28:07.308000,1.32558,1.32549,1610000,3600000
2023-03-15 13:28:07.688000,1.32558,1.32549,1660000,3600000
2023-03-15 13:28:07.992000,1.32557,1.32549,1600000,3600000
2023-03-15 13:28:08.603000,1.32559,1.3255,2020000,3600000
2023-03-15 13:28:08.705000,1.32559,1.32553,1200000,3600000
2023-03-15 13:28:08.757000,1.32562,1.32553,1120000,3600000
2023-03-15 13:28:08.859000,1.32561,1.32552,1360000,3600000
2023-03-15 13:28:08.910000,1.32561,1.3255,4300000,3600000
2023-03-15 13:28:09.012000,1.3256,1.3255,1360000,3600000
2023-03-15 13:28:09.114000,1.32561,1.32551,1610000,3600000
2023-03-15 13:28:09.216000,1.32561,1.32551,4360000,3600000
2023-03-15 13:28:09.318000,1.32559,1.32549,5160000,3600000
2023-03-15 13:28:09.369000,1.32555,1.32545,3430000,3600000
2023-03-15 13:28:09.472000,1.32556,1.32548,1200000,3600000
2023-03-15 13:28:09.574000,1.32559,1.32549,5910000,3600000
2023-03-15 13:28:09.676000,1.32559,1.32548,5910000,3600000
2023-03-15 13:28:09.778000,1.32559,1.32547,2910000,3600000
2023-03-15 13:28:09.880000,1.32559,1.32549,5910000,3600000
2023-03-15 13:28:10.235000,1.32559,1.32548,1610000,3600000
2023-03-15 13:28:10.439000,1.32557,1.32549,1390000,3600000
2023-03-15 13:28:10.541000,1.32557,1.32547,1390000,3600000
2023-03-15 13:28:10.694000,1.32557,1.32549,1390000,3600000
2023-03-15 13:28:11.050000,1.32561,1.32551,5910000,3600000
2023-03-15 13:28:11.152000,1.32558,1.32551,1120000,3600000
2023-03-15 13:28:11.254000,1.32558,1.3255,1300000,3600000
2023-03-15 13:28:11.356000,1.32556,1.32548,1300000,3600000
2023-03-15 13:28:11.408000,1.32557,1.32545,1320000,3600000
2023-03-15 13:28:11.510000,1.32555,1.32545,1200000,3600000
2023-03-15 13:28:11.612000,1.32555,1.32546,1200000,3600000
2023-03-15 13:28:11.765000,1.32549,1.32541,1200000,3600000
2023-03-15 13:28:11.867000,1.32544,1.32535,1170000,3600000
2023-03-15 13:28:11.969000,1.32545,1.32536,1200000,3600000
2023-03-15 13:28:12.223000,1.32544,1.32535,1200000,3600000
2023-03-15 13:28:12.397000,1.32544,1.32536,1200000,3600000
2023-03-15 13:28:12.500000,1.32544,1.32535,1200000,3600000
2023-03-15 13:28:12.602000,1.32545,1.32538,1200000,3600000
2023-03-15 13:28:12.654000,1.32547,1.32538,1200000,3600000
2023-03-15 13:28:12.756000,1.32547,1.32538,1660000,3600000
2023-03-15 13:28:12.807000,1.32545,1.32537,3550000,3600000
2023-03-15 13:28:12.960000,1.32542,1.32536,1200000,3600000
2023-03-15 13:28:13.062000,1.32543,1.32535,1200000,3600000
2023-03-15 13:28:13.164000,1.32543,1.32536,1200000,3600000
2023-03-15 13:28:13.266000,1.32544,1.32537,1200000,3600000
2023-03-15 13:28:13.394000,1.32542,1.32537,1200000,3600000
2023-03-15 13:28:13.446000,1.32532,1.32528,1200000,1200000
2023-03-15 13:28:13.497000,1.32525,1.3252,1200000,1200000
2023-03-15 13:28:13.600000,1.3253,1.32523,1200000,3600000
2023-03-15 13:28:13.651000,1.3253,1.32526,1200000,3600000
2023-03-15 13:28:13.753000,1.32533,1.32528,1800000,3600000
2023-03-15 13:28:13.855000,1.32536,1.32528,1300000,3600000
2023-03-15 13:28:13.907000,1.32537,1.3253,1800000,3600000
2023-03-15 13:28:14.009000,1.32538,1.32531,1200000,3690000
2023-03-15 13:28:14.111000,1.3254,1.32532,1200000,3600000
2023-03-15 13:28:14.214000,1.32543,1.32535,1200000,3600000
2023-03-15 13:28:14.316000,1.32542,1.32536,1600000,3600000
2023-03-15 13:28:14.367000,1.32542,1.32535,1200000,3600000
2023-03-15 13:28:14.470000,1.32539,1.32532,1200000,3600000
2023-03-15 13:28:14.572000,1.32537,1.32527,1200000,3600000
2023-03-15 13:28:14.674000,1.32535,1.32528,1200000,3600000
2023-03-15 13:28:14.776000,1.32535,1.32527,4720000,3600000
2023-03-15 13:28:14.878000,1.32534,1.32527,1200000,3600000
2023-03-15 13:28:14.929000,1.32532,1.32525,1120000,3600000
2023-03-15 13:28:15.031000,1.32529,1.32525,4500000,3600000
2023-03-15 13:28:15.095000,1.32525,1.3252,4500000,4050000
2023-03-15 13:28:15.201000,1.32519,1.32513,4500000,4050000
2023-03-15 13:28:15.303000,1.32526,1.32519,5400000,3600000
2023-03-15 13:28:15.355000,1.32523,1.32516,4500000,3600000
2023-03-15 13:28:15.457000,1.32521,1.32517,4720000,3600000
2023-03-15 13:28:15.711000,1.32523,1.32518,4500000,3600000
2023-03-15 13:28:15.814000,1.32523,1.32519,4500000,3600000
2023-03-15 13:28:15.916000,1.32525,1.32517,4500000,3600000
2023-03-15 13:28:16.018000,1.32523,1.32518,4500000,3600000
2023-03-15 13:28:16.121000,1.32527,1.32518,1120000,3600000
2023-03-15 13:28:16.172000,1.32526,1.32518,1300000,3600000
2023-03-15 13:28:16.325000,1.32527,1.32518,1800000,3600000
2023-03-15 13:28:16.478000,1.32523,1.32514,3600000,4500000
2023-03-15 13:28:16.580000,1.32524,1.32515,1120000,3600000
2023-03-15 13:28:16.632000,1.32524,1.32518,1200000,3600000
2023-03-15 13:28:16.683000,1.32528,1.32519,1200000,3600000
2023-03-15 13:28:16.734000,1.32528,1.32521,1200000,3600000
2023-03-15 13:28:16.836000,1.32531,1.3252,1120000,3600000
2023-03-15 13:28:16.938000,1.32529,1.32521,1200000,3600000
2023-03-15 13:28:17.040000,1.3253,1.32521,1120000,3600000
2023-03-15 13:28:17.142000,1.32529,1.32521,1200000,3600000
2023-03-15 13:28:17.254000,1.32528,1.32521,3600000,3600000
2023-03-15 13:28:17.356000,1.32529,1.32521,1200000,3600000
2023-03-15 13:28:17.560000,1.32528,1.32521,3600000,3600000
2023-03-15 13:28:17.662000,1.32528,1.3252,1200000,3600000
2023-03-15 13:28:17.713000,1.32528,1.32518,4720000,3600000
2023-03-15 13:28:17.765000,1.32526,1.32518,1200000,3600000
2023-03-15 13:28:17.867000,1.32529,1.3252,1120000,3600000
2023-03-15 13:28:18.121000,1.32531,1.32523,1200000,1350000
2023-03-15 13:28:18.223000,1.32536,1.32528,1200000,3600000
2023-03-15 13:28:18.325000,1.32537,1.32528,1200000,3600000
2023-03-15 13:28:18.478000,1.32537,1.32529,1200000,3600000
2023-03-15 13:28:18.580000,1.32531,1.32524,1200000,3690000
2023-03-15 13:28:18.682000,1.32533,1.32524,2560000,3600000
2023-03-15 13:28:18.785000,1.32526,1.3252,1200000,3600000
2023-03-15 13:28:18.836000,1.32525,1.32518,1200000,3600000
2023-03-15 13:28:18.989000,1.32526,1.32519,1200000,3600000
2023-03-15 13:28:19.040000,1.32528,1.32519,1120000,3600000
2023-03-15 13:28:19.243000,1.32526,1.32518,1200000,3600000
2023-03-15 13:28:19.497000,1.32527,1.32518,1200000,3600000
2023-03-15 13:28:19.701000,1.32526,1.32518,1200000,3600000
2023-03-15 13:28:19.803000,1.32527,1.32518,1200000,3600000
2023-03-15 13:28:19.905000,1.32527,1.32519,1200000,3600000
2023-03-15 13:28:20.058000,1.32526,1.32519,1200000,3600000
2023-03-15 13:28:20.211000,1.32527,1.32519,1200000,3600000
2023-03-15 13:28:20.262000,1.32527,1.32516,4500000,4500000
2023-03-15 13:28:20.314000,1.32524,1.32516,1200000,4500000
2023-03-15 13:28:20.670000,1.32525,1.32516,1200000,3600000
2023-03-15 13:28:20.772000,1.32526,1.32516,1200000,3600000
2023-03-15 13:28:20.874000,1.32527,1.32518,1200000,3600000
2023-03-15 13:28:20.976000,1.32525,1.32517,1200000,3600000
2023-03-15 13:28:21.079000,1.32526,1.32517,2020000,3600000
2023-03-15 13:28:21.181000,1.32525,1.32517,1200000,3600000
2023-03-15 13:28:21.283000,1.32525,1.32516,1200000,3600000
2023-03-15 13:28:21.385000,1.32525,1.32517,1200000,3600000
2023-03-15 13:28:21.640000,1.32524,1.32517,1200000,3600000
2023-03-15 13:28:21.909000,1.32526,1.32517,1800000,3600000
2023-03-15 13:28:22.011000,1.32524,1.32517,1200000,3600000
2023-03-15 13:28:22.113000,1.32525,1.32517,2020000,3600000
2023-03-15 13:28:22.215000,1.32524,1.32515,1800000,3600000
2023-03-15 13:28:22.317000,1.32524,1.32516,2020000,3600000
2023-03-15 13:28:22.419000,1.32524,1.32515,2020000,3600000
2023-03-15 13:28:22.546000,1.32519,1.3251,1200000,3600000
2023-03-15 13:28:22.648000,1.32517,1.32507,1200000,3600000
2023-03-15 13:28:22.750000,1.32517,1.32506,1200000,5940000
2023-03-15 13:28:22.852000,1.32516,1.32507,1200000,3600000
2023-03-15 13:28:23.005000,1.32515,1.32506,1200000,3600000
2023-03-15 13:28:23.157000,1.32513,1.32506,1200000,3600000
2023-03-15 13:28:23.260000,1.32511,1.32501,3370000,3600000
2023-03-15 13:28:23.311000,1.32511,1.32503,4500000,3600000
2023-03-15 13:28:23.413000,1.3251,1.32503,1200000,3600000
2023-03-15 13:28:23.464000,1.32512,1.32504,1200000,3600000
2023-03-15 13:28:23.567000,1.3251,1.32503,1200000,3600000
2023-03-15 13:28:23.669000,1.32511,1.32503,1200000,3600000
2023-03-15 13:28:23.981000,1.32512,1.32503,1120000,3600000
2023-03-15 13:28:24.184000,1.32512,1.32504,1200000,3600000
2023-03-15 13:28:24.287000,1.32514,1.32505,1200000,3600000
2023-03-15 13:28:24.439000,1.32514,1.32506,1200000,3600000
2023-03-15 13:28:24.542000,1.32511,1.32504,1200000,1200000
2023-03-15 13:28:24.644000,1.32513,1.32505,1120000,3600000
2023-03-15 13:28:25,1.32513,1.32507,1200000,3600000
2023-03-15 13:28:25.102000,1.32519,1.3251,4430000,1200000
2023-03-15 13:28:25.255000,1.32519,1.3251,4500000,1200000
2023-03-15 13:28:25.385000,1.32518,1.32511,1200000,4500000
2023-03-15 13:28:25.488000,1.32519,1.32512,1200000,4500000
2023-03-15 13:28:25.691000,1.3252,1.32512,1200000,1200000
2023-03-15 13:28:25.793000,1.32522,1.32513,5850000,1200000
2023-03-15 13:28:25.896000,1.3252,1.32513,4500000,1200000
2023-03-15 13:28:25.998000,1.32519,1.32512,1200000,1200000
2023-03-15 13:28:26.100000,1.3252,1.32514,1200000,1200000
2023-03-15 13:28:26.202000,1.3252,1.32513,6340000,1200000
2023-03-15 13:28:26.304000,1.32514,1.32505,1800000,4500000
2023-03-15 13:28:26.407000,1.32516,1.32508,1200000,1200000
2023-03-15 13:28:26.509000,1.32518,1.32509,3820000,1200000
2023-03-15 13:28:26.611000,1.3252,1.32511,1200000,1200000
2023-03-15 13:28:26.815000,1.3252,1.32512,1200000,4500000
2023-03-15 13:28:27.071000,1.3252,1.32513,1200000,1200000
2023-03-15 13:28:27.231000,1.3252,1.32512,2020000,4500000
2023-03-15 13:28:27.334000,1.32518,1.32509,1120000,4500000
2023-03-15 13:28:27.436000,1.32517,1.32509,1120000,1200000
2023-03-15 13:28:27.487000,1.32514,1.32509,1870000,1200000
2023-03-15 13:28:27.538000,1.32512,1.32506,4590000,1200000
2023-03-15 13:28:27.590000,1.32511,1.32503,1200000,4500000
2023-03-15 13:28:27.692000,1.32513,1.32504,3600000,4500000
2023-03-15 13:28:27.845000,1.32514,1.32505,1200000,3600000
2023-03-15 13:28:27.997000,1.32515,1.32505,3600000,3600000
2023-03-15 13:28:28.150000,1.32516,1.32507,1200000,4500000
2023-03-15 13:28:28.252000,1.32517,1.32507,4950000,4500000
2023-03-15 13:28:28.557000,1.32518,1.32507,4500000,1200000
2023-03-15 13:28:28.760000,1.32517,1.32508,4800000,1200000
