time,ask,bid,ask_volume,bid_volume
2023-10-31 12:25:00.909000,1.50655,1.50649,4500000,6300000
2023-10-31 12:25:01.011000,1.50655,1.5065,4500000,1800000
2023-10-31 12:25:01.275000,1.50654,1.5065,1200000,1800000
2023-10-31 12:25:01.378000,1.50653,1.50649,1200000,1800000
2023-10-31 12:25:01.814000,1.50654,1.50649,4500000,1800000
2023-10-31 12:25:01.917000,1.50653,1.50648,3600000,2700000
2023-10-31 12:25:02.292000,1.50654,1.50648,4500000,6300000
2023-10-31 12:25:02.394000,1.50654,1.50649,1200000,5400000
2023-10-31 12:25:03.259000,1.50653,1.50648,3600000,3600000
2023-10-31 12:25:03.696000,1.50654,1.50648,5400000,6300000
2023-10-31 12:25:03.849000,1.50654,1.50649,5400000,1800000
2023-10-31 12:25:04.647000,1.50655,1.50649,3600000,6300000
2023-10-31 12:25:04.842000,1.50656,1.5065,5400000,3600000
2023-10-31 12:25:04.945000,1.50656,1.50651,5400000,1800000
2023-10-31 12:25:05.412000,1.50657,1.50649,5400000,5400000
2023-10-31 12:25:05.682000,1.50656,1.50651,5400000,1800000
2023-10-31 12:25:06.402000,1.50656,1.5065,5400000,5400000
2023-10-31 12:25:06.988000,1.50656,1.50651,5400000,1800000
2023-10-31 12:25:07.372000,1.50656,1.50652,1200000,1800000
2023-10-31 12:25:07.424000,1.50658,1.50652,6750000,5400000
2023-10-31 12:25:07.527000,1.50658,1.50653,6300000,1200000
2023-10-31 12:25:08.175000,1.50657,1.50652,3600000,2700000
2023-10-31 12:25:08.659000,1.50657,1.50651,4500000,6300000
2023-10-31 12:25:08.774000,1.50656,1.50651,3600000,1800000
2023-10-31 12:25:12.896000,1.50656,1.50648,3600000,7200000
2023-10-31 12:25:13.150000,1.50655,1.5065,3600000,1800000
2023-10-31 12:25:13.434000,1.50655,1.50649,3600000,7200000
2023-10-31 12:25:14.147000,1.50656,1.5065,3600000,1800000
2023-10-31 12:25:14.249000,1.50656,1.5065,5400000,1800000
2023-10-31 12:25:14.351000,1.50656,1.50649,1200000,1800000
2023-10-31 12:25:15.242000,1.50654,1.50649,3600000,3600000
2023-10-31 12:25:15.345000,1.50655,1.5065,1200000,1800000
2023-10-31 12:25:15.550000,1.50654,1.50649,3600000,1800000
2023-10-31 12:25:15.918000,1.50654,1.50648,3600000,6300000
2023-10-31 12:25:16.904000,1.50653,1.50648,3600000,3600000
2023-10-31 12:25:17.006000,1.50654,1.50648,3600000,7200000
2023-10-31 12:25:17.738000,1.50655,1.5065,5400000,1800000
2023-10-31 12:25:18.593000,1.50654,1.50649,3600000,1800000
2023-10-31 12:25:19.358000,1.50654,1.50648,3600000,7200000
2023-10-31 12:25:19.854000,1.50654,1.50649,3600000,1800000
2023-10-31 12:25:19.957000,1.5065,1.50648,1200000,4500000
2023-10-31 12:25:20.060000,1.5065,1.50647,1800000,1800000
2023-10-31 12:25:20.113000,1.50648,1.50643,3600000,1800000
2023-10-31 12:25:20.387000,1.50647,1.50643,3600000,1200000
2023-10-31 12:25:20.579000,1.50649,1.50643,6300000,6300000
2023-10-31 12:25:20.733000,1.50648,1.50643,4500000,1200000
2023-10-31 12:25:22.128000,1.50646,1.50641,4500000,3600000
2023-10-31 12:25:22.485000,1.50646,1.5064,4500000,7200000
2023-10-31 12:25:23.824000,1.50647,1.5064,1200000,1800000
2023-10-31 12:25:29.167000,1.50646,1.5064,1200000,3600000
2023-10-31 12:25:30.383000,1.50647,1.5064,1200000,2700000
2023-10-31 12:25:32.073000,1.50646,1.50642,1200000,1800000
2023-10-31 12:25:33.296000,1.50646,1.50641,1200000,6300000
2023-10-31 12:25:33.554000,1.50647,1.50641,5400000,6300000
2023-10-31 12:25:33.707000,1.50647,1.5064,1200000,6300000
2023-10-31 12:25:33.988000,1.50646,1.5064,1200000,3600000
2023-10-31 12:25:34.534000,1.50646,1.50641,1200000,1800000
2023-10-31 12:25:34.687000,1.50646,1.5064,4500000,7200000
2023-10-31 12:25:34.916000,1.50646,1.50641,4500000,1200000
2023-10-31 12:25:35.884000,1.50647,1.50641,1200000,2700000
2023-10-31 12:25:36.297000,1.50646,1.50641,1200000,2700000
2023-10-31 12:25:37.034000,1.50645,1.50641,3600000,1200000
2023-10-31 12:25:37.343000,1.50645,1.5064,3600000,3600000
2023-10-31 12:25:39.822000,1.50644,1.5064,3600000,1200000
2023-10-31 12:25:40.179000,1.50646,1.5064,4500000,1200000
2023-10-31 12:25:40.508000,1.50645,1.5064,3600000,1800000
2023-10-31 12:25:40.648000,1.50646,1.5064,4500000,7200000
2023-10-31 12:25:42.032000,1.50646,1.50641,4500000,1200000
2023-10-31 12:25:42.534000,1.50646,1.5064,4500000,7200000
2023-10-31 12:25:43.010000,1.50646,1.50641,1200000,1200000
2023-10-31 12:25:43.541000,1.50646,1.5064,1200000,3600000
2023-10-31 12:25:44.260000,1.50645,1.5064,3600000,3600000
2023-10-31 12:25:44.363000,1.50646,1.50641,1200000,1800000
2023-10-31 12:25:44.465000,1.50646,1.5064,4500000,7200000
2023-10-31 12:25:44.884000,1.50646,1.50641,1200000,1800000
2023-10-31 12:25:45.457000,1.50646,1.5064,4500000,6300000
2023-10-31 12:25:50.798000,1.50646,1.50639,3600000,2700000
2023-10-31 12:25:51.613000,1.50646,1.5064,4500000,6300000
2023-10-31 12:25:52.514000,1.50646,1.50642,3600000,1800000
2023-10-31 12:25:52.618000,1.50649,1.50641,4500000,1800000
2023-10-31 12:25:52.782000,1.50648,1.50641,1200000,1800000
2023-10-31 12:25:52.956000,1.50649,1.50641,1200000,1800000
2023-10-31 12:25:53.110000,1.50649,1.50642,4500000,1800000
2023-10-31 12:25:53.264000,1.50651,1.50641,4500000,1800000
2023-10-31 12:25:53.370000,1.5065,1.50643,1200000,1800000
2023-10-31 12:25:53.473000,1.50649,1.50642,3600000,1800000
2023-10-31 12:25:53.792000,1.5065,1.50642,3600000,3600000
2023-10-31 12:25:54.255000,1.50649,1.50642,3600000,1800000
2023-10-31 12:25:54.628000,1.50649,1.50643,3600000,3600000
2023-10-31 12:25:54.844000,1.50649,1.50642,3600000,1800000
2023-10-31 12:25:55.323000,1.5065,1.50642,4500000,3600000
2023-10-31 12:25:55.973000,1.50649,1.50642,1200000,1800000
2023-10-31 12:25:56.440000,1.50648,1.50642,4500000,1800000
2023-10-31 12:25:56.704000,1.50645,1.50639,4500000,6300000
2023-10-31 12:25:56.959000,1.50645,1.5064,4500000,1800000
2023-10-31 12:25:58.887000,1.50645,1.50639,4500000,5400000
2023-10-31 12:26:02.727000,1.50645,1.5064,4500000,1800000
2023-10-31 12:26:03.694000,1.50644,1.50639,3600000,2700000
2023-10-31 12:26:03.795000,1.50646,1.50639,4500000,1800000
2023-10-31 12:26:05.521000,1.50644,1.50639,3600000,2700000
2023-10-31 12:26:05.774000,1.50645,1.5064,4500000,1800000
2023-10-31 12:26:05.901000,1.50644,1.50639,3600000,2700000
2023-10-31 12:26:06.388000,1.50644,1.5064,3600000,1800000
2023-10-31 12:26:06.490000,1.50645,1.5064,4500000,1800000
2023-10-31 12:26:16.060000,1.50645,1.50641,1200000,1800000
2023-10-31 12:26:16.501000,1.50645,1.5064,1200000,5400000
2023-10-31 12:26:18.248000,1.50645,1.50641,1200000,1800000
2023-10-31 12:26:20.129000,1.50645,1.5064,1200000,5400000
2023-10-31 12:26:41.132000,1.50649,1.50646,1200000,2250000
2023-10-31 12:26:41.236000,1.50651,1.50648,1200000,1800000
2023-10-31 12:26:41.288000,1.50653,1.50648,1200000,1800000
2023-10-31 12:26:41.392000,1.50654,1.50646,4500000,6300000
2023-10-31 12:26:41.698000,1.50653,1.50648,1200000,5400000
2023-10-31 12:26:42.192000,1.50653,1.50649,1200000,1800000
2023-10-31 12:26:42.294000,1.50654,1.50647,1200000,5400000
2023-10-31 12:26:42.448000,1.50653,1.50649,1200000,1800000
2023-10-31 12:26:42.704000,1.50653,1.50648,4500000,2700000
2023-10-31 12:26:43.728000,1.50654,1.50648,1200000,5400000
2023-10-31 12:26:43.944000,1.50653,1.50648,4500000,1800000
2023-10-31 12:26:44.062000,1.50653,1.50649,1200000,5400000
2023-10-31 12:26:44.180000,1.50653,1.50648,1200000,5400000
2023-10-31 12:26:44.991000,1.50653,1.50649,1200000,3600000
2023-10-31 12:26:45.282000,1.50653,1.50648,1200000,5400000
2023-10-31 12:26:45.441000,1.50654,1.50648,1200000,5400000
2023-10-31 12:26:45.543000,1.50653,1.50648,1200000,5400000
2023-10-31 12:26:45.680000,1.50653,1.50649,1200000,5400000
2023-10-31 12:26:45.930000,1.50653,1.50648,1200000,5400000
2023-10-31 12:26:46.481000,1.50653,1.5065,1200000,1800000
2023-10-31 12:26:46.583000,1.50655,1.50649,1200000,1800000
2023-10-31 12:26:47.020000,1.50653,1.5065,1200000,1800000
2023-10-31 12:26:47.072000,1.50653,1.50648,1200000,5400000
2023-10-31 12:26:47.225000,1.50653,1.5065,1200000,1800000
2023-10-31 12:26:47.488000,1.50653,1.50649,1200000,1800000
2023-10-31 12:26:48.112000,1.50654,1.50649,4500000,1800000
2023-10-31 12:26:48.215000,1.50653,1.50649,1200000,1800000
2023-10-31 12:26:48.544000,1.50654,1.50649,4500000,1800000
2023-10-31 12:26:48.754000,1.50653,1.50649,1200000,5400000
2023-10-31 12:26:49.072000,1.50654,1.50649,1200000,5400000
2023-10-31 12:26:49.174000,1.50654,1.5065,1200000,1800000
2023-10-31 12:26:49.539000,1.50653,1.5065,1200000,1800000
2023-10-31 12:26:49.769000,1.50653,1.50649,1200000,5400000
2023-10-31 12:26:50.113000,1.50653,1.5065,1200000,1800000
2023-10-31 12:26:50.493000,1.50654,1.5065,1200000,1800000
2023-10-31 12:26:50.631000,1.50655,1.5065,4500000,1800000
2023-10-31 12:26:50.786000,1.50655,1.50651,1200000,1800000
2023-10-31 12:26:52.957000,1.50655,1.5065,1200000,5400000
2023-10-31 12:26:53.211000,1.50656,1.5065,1200000,1800000
2023-10-31 12:26:53.513000,1.50655,1.5065,1200000,5400000
2023-10-31 12:26:53.779000,1.50655,1.50651,1200000,1800000
2023-10-31 12:26:55.418000,1.50655,1.5065,1200000,5400000
2023-10-31 12:26:55.673000,1.50655,1.50651,1200000,1800000
2023-10-31 12:26:55.906000,1.50655,1.5065,1200000,5400000
2023-10-31 12:26:56.572000,1.50655,1.50651,1200000,1800000
2023-10-31 12:26:57.174000,1.50655,1.5065,1200000,5400000
2023-10-31 12:26:57.510000,1.50655,1.50651,1200000,1800000
2023-10-31 12:26:57.763000,1.50655,1.5065,1200000,5400000
2023-10-31 12:26:58,1.50655,1.50651,1200000,1800000
2023-10-31 12:26:58.052000,1.50655,1.50649,4500000,7200000
2023-10-31 12:26:58.213000,1.50656,1.50649,1200000,1800000
2023-10-31 12:27:01.351000,1.50656,1.5065,1200000,1800000
2023-10-31 12:27:01.710000,1.50655,1.5065,1200000,6300000
2023-10-31 12:27:01.897000,1.50655,1.50651,1200000,1800000
2023-10-31 12:27:02.127000,1.50656,1.50649,1200000,6300000
2023-10-31 12:27:02.230000,1.50655,1.50651,1200000,1800000
2023-10-31 12:27:02.537000,1.50655,1.5065,1200000,6300000
2023-10-31 12:27:03.485000,1.50656,1.5065,4500000,6300000
2023-10-31 12:27:04.127000,1.50656,1.50651,4500000,1800000
2023-10-31 12:27:04.382000,1.50656,1.5065,4500000,6300000
2023-10-31 12:27:05.578000,1.50657,1.5065,4500000,1800000
2023-10-31 12:27:06.169000,1.50656,1.5065,4500000,6300000
2023-10-31 12:27:06.479000,1.50656,1.50651,4500000,1800000
2023-10-31 12:27:08.181000,1.50656,1.5065,4500000,6300000
2023-10-31 12:27:08.452000,1.50656,1.50651,1200000,1800000
2023-10-31 12:27:09.659000,1.50656,1.5065,4500000,6300000
2023-10-31 12:27:10.699000,1.50656,1.50651,4500000,1800000
2023-10-31 12:27:11.520000,1.50656,1.5065,4500000,6300000
2023-10-31 12:27:12.282000,1.50656,1.50651,1200000,1800000
2023-10-31 12:27:17.358000,1.50656,1.5065,4500000,5400000
2023-10-31 12:27:19.853000,1.50657,1.5065,4500000,1800000
2023-10-31 12:27:20.813000,1.50656,1.5065,4500000,5400000
2023-10-31 12:27:21.296000,1.50656,1.50653,1200000,1800000
2023-10-31 12:27:21.454000,1.50656,1.50651,1200000,5400000
2023-10-31 12:27:21.980000,1.50656,1.50652,1200000,1800000
2023-10-31 12:27:22.083000,1.50656,1.50651,1200000,6300000
2023-10-31 12:27:22.619000,1.50657,1.50652,4500000,1800000
2023-10-31 12:27:22.671000,1.50655,1.5065,1200000,6300000
2023-10-31 12:27:22.940000,1.50655,1.50652,1200000,1800000
2023-10-31 12:27:23.043000,1.50655,1.50651,1200000,1800000
2023-10-31 12:27:23.145000,1.50655,1.5065,1200000,6300000
2023-10-31 12:27:23.247000,1.50655,1.50651,1200000,5400000
2023-10-31 12:27:23.350000,1.50655,1.5065,1200000,6300000
2023-10-31 12:27:24.837000,1.50655,1.50651,1200000,1800000
2023-10-31 12:27:25.113000,1.50655,1.5065,1200000,6300000
2023-10-31 12:27:25.384000,1.50655,1.50651,1200000,1800000
2023-10-31 12:27:25.853000,1.50655,1.5065,1200000,6300000
2023-10-31 12:27:26.246000,1.50655,1.50651,1200000,1800000
2023-10-31 12:27:26.374000,1.50655,1.50652,1200000,1800000
2023-10-31 12:27:26.588000,1.50655,1.50651,1200000,5400000
2023-10-31 12:27:26.753000,1.50655,1.50652,1200000,1800000
2023-10-31 12:27:27.090000,1.50655,1.50651,1200000,3600000
2023-10-31 12:27:29.837000,1.50655,1.5065,1200000,6300000
2023-10-31 12:27:32.832000,1.50655,1.50651,1200000,1800000
2023-10-31 12:27:36.854000,1.50657,1.5065,4500000,1800000
2023-10-31 12:27:39.503000,1.50655,1.50651,1200000,1800000
2023-10-31 12:27:39.634000,1.50656,1.50651,4500000,1800000
2023-10-31 12:27:40.329000,1.50657,1.50649,4500000,6300000
2023-10-31 12:27:40.843000,1.50657,1.5065,1200000,5400000
2023-10-31 12:27:41.144000,1.50656,1.50652,1200000,1800000
2023-10-31 12:27:41.297000,1.50656,1.50651,1200000,5400000
2023-10-31 12:27:43.381000,1.50656,1.5065,4500000,6300000
2023-10-31 12:27:43.851000,1.50657,1.5065,4500000,1800000
2023-10-31 12:27:44.251000,1.50653,1.5065,1200000,3600000
2023-10-31 12:27:44.354000,1.50653,1.50648,1200000,7200000
2023-10-31 12:27:45.154000,1.50653,1.50649,1200000,1800000
2023-10-31 12:27:46.096000,1.50655,1.50649,4500000,6300000
2023-10-31 12:27:46.404000,1.50655,1.5065,1200000,1800000
2023-10-31 12:27:46.506000,1.50656,1.50651,4500000,1800000
2023-10-31 12:27:48.295000,1.50656,1.50652,1200000,1800000
2023-10-31 12:27:48.667000,1.50657,1.50652,1200000,1800000
2023-10-31 12:27:49.261000,1.50656,1.50652,1200000,1800000
2023-10-31 12:27:49.363000,1.50656,1.50651,1200000,5400000
2023-10-31 12:27:49.983000,1.50656,1.50652,1200000,1800000
2023-10-31 12:27:50.297000,1.50656,1.50653,1200000,1800000
2023-10-31 12:27:50.525000,1.50656,1.50652,1200000,1800000
2023-10-31 12:27:51.644000,1.50656,1.50653,1200000,1800000
2023-10-31 12:27:51.984000,1.50656,1.50652,1200000,2700000
2023-10-31 12:27:52.316000,1.50656,1.50653,1200000,1800000
2023-10-31 12:27:52.723000,1.50657,1.50653,1350000,1800000
2023-10-31 12:27:53.246000,1.50657,1.50652,1350000,2700000
2023-10-31 12:27:54.013000,1.50659,1.50656,1100000,1800000
2023-10-31 12:27:54.064000,1.5066,1.50656,1200000,1800000
2023-10-31 12:27:54.881000,1.5066,1.50655,5400000,1200000
2023-10-31 12:27:55.035000,1.50658,1.50655,1200000,1200000
2023-10-31 12:27:55.138000,1.50659,1.50654,1200000,6300000
2023-10-31 12:27:55.241000,1.5066,1.50654,1200000,6300000
2023-10-31 12:27:55.378000,1.5066,1.50655,1200000,6300000
2023-10-31 12:27:55.480000,1.5066,1.50656,1200000,1800000
2023-10-31 12:27:56.253000,1.50658,1.50655,5400000,1200000
2023-10-31 12:27:56.305000,1.50658,1.50653,5400000,1800000
2023-10-31 12:27:56.508000,1.50659,1.50651,6300000,2700000
2023-10-31 12:27:56.998000,1.50657,1.50652,1200000,2700000
2023-10-31 12:28:00.780000,1.50657,1.50651,5400000,1200000
2023-10-31 12:28:00.883000,1.50657,1.50652,1800000,1800000
2023-10-31 12:28:01.056000,1.50657,1.5065,6300000,3600000
2023-10-31 12:28:01.209000,1.50657,1.50651,5400000,3600000
2023-10-31 12:28:01.363000,1.50655,1.50651,1200000,1800000
2023-10-31 12:28:01.465000,1.50655,1.5065,1200000,1800000
2023-10-31 12:28:07.139000,1.50655,1.50651,5400000,1200000
2023-10-31 12:28:08.896000,1.50655,1.5065,5400000,2700000
2023-10-31 12:28:10.055000,1.50654,1.50649,3600000,2700000
2023-10-31 12:28:10.414000,1.50655,1.50649,5400000,1800000
2023-10-31 12:28:10.614000,1.50655,1.50648,5400000,6300000
2023-10-31 12:28:10.858000,1.50655,1.50649,1800000,3600000
2023-10-31 12:28:10.960000,1.50655,1.50648,5400000,6300000
2023-10-31 12:28:11.075000,1.50654,1.50648,3600000,6300000
2023-10-31 12:28:11.231000,1.50655,1.50649,5400000,1800000
2023-10-31 12:28:14.245000,1.50655,1.5065,4500000,1800000
2023-10-31 12:28:14.499000,1.50656,1.50648,1200000,5400000
2023-10-31 12:28:14.798000,1.50655,1.5065,4500000,1800000
2023-10-31 12:28:15.698000,1.50655,1.50651,1200000,1800000
2023-10-31 12:28:15.852000,1.50655,1.5065,4500000,1800000
2023-10-31 12:28:16.378000,1.50655,1.50649,1200000,5400000
2023-10-31 12:28:16.662000,1.50655,1.5065,1200000,5400000
2023-10-31 12:28:19.076000,1.50655,1.50649,1200000,5400000
2023-10-31 12:28:19.178000,1.50655,1.5065,1200000,3600000
2023-10-31 12:28:19.285000,1.50656,1.50648,1200000,5400000
2023-10-31 12:28:20.186000,1.50655,1.5065,1200000,5400000
2023-10-31 12:28:20.475000,1.50656,1.5065,1200000,1800000
2023-10-31 12:28:21.144000,1.50655,1.50649,1200000,5400000
2023-10-31 12:28:21.417000,1.50655,1.5065,1200000,1200000
2023-10-31 12:28:23.104000,1.50655,1.50649,4500000,6300000
2023-10-31 12:28:23.898000,1.50655,1.5065,4500000,1800000
2023-10-31 12:28:25.154000,1.50654,1.50649,3600000,1800000
2023-10-31 12:28:25.256000,1.50655,1.5065,4500000,1800000
2023-10-31 12:28:26.546000,1.50655,1.50651,1200000,1800000
2023-10-31 12:28:26.674000,1.50655,1.5065,4500000,2700000
2023-10-31 12:28:27.069000,1.50655,1.50651,1200000,1800000
2023-10-31 12:28:27.946000,1.50655,1.5065,4500000,2700000
2023-10-31 12:28:29.714000,1.50654,1.50649,3600000,2700000
2023-10-31 12:28:29.817000,1.50655,1.50649,1200000,6300000
2023-10-31 12:28:29.919000,1.50656,1.50649,4500000,1200000
2023-10-31 12:28:34.114000,1.50655,1.50649,1200000,7200000
2023-10-31 12:28:34.596000,1.50655,1.5065,4500000,1800000
2023-10-31 12:28:35.148000,1.50655,1.50648,5400000,2700000
2023-10-31 12:28:35.454000,1.50654,1.50648,4500000,6300000
2023-10-31 12:28:35.709000,1.50654,1.50649,4500000,1800000
2023-10-31 12:28:36.950000,1.50654,1.5065,1200000,2250000
2023-10-31 12:28:37.090000,1.50654,1.50649,4500000,1200000
2023-10-31 12:28:37.299000,1.50654,1.50648,4500000,6750000
2023-10-31 12:28:37.610000,1.50654,1.50649,1200000,5400000
2023-10-31 12:28:38.773000,1.50654,1.50648,1200000,5400000
2023-10-31 12:28:40.074000,1.50654,1.50649,1200000,3600000
2023-10-31 12:28:40.233000,1.50654,1.50648,4500000,5400000
2023-10-31 12:28:40.336000,1.50654,1.50649,4500000,1800000
2023-10-31 12:28:40.594000,1.50654,1.50648,4500000,5400000
2023-10-31 12:28:42.343000,1.50656,1.50651,1200000,6300000
2023-10-31 12:28:42.447000,1.50656,1.50654,1200000,1800000
2023-10-31 12:28:42.560000,1.50659,1.50654,5400000,1800000
2023-10-31 12:28:42.812000,1.50658,1.50654,1200000,1800000
2023-10-31 12:28:43.375000,1.50658,1.50653,4500000,2700000
2023-10-31 12:28:43.478000,1.50658,1.50654,4500000,1200000
2023-10-31 12:28:43.580000,1.50658,1.50653,4500000,2700000
2023-10-31 12:28:43.699000,1.50658,1.50654,4500000,1200000
2023-10-31 12:28:44.025000,1.50658,1.50655,1200000,1200000
2023-10-31 12:28:44.525000,1.50658,1.50654,4500000,1200000
2023-10-31 12:28:44.895000,1.50659,1.50654,1200000,6300000
2023-10-31 12:28:44.947000,1.5066,1.50656,1200000,1200000
2023-10-31 12:28:45.256000,1.5066,1.50655,3600000,3600000
2023-10-31 12:28:45.359000,1.50659,1.50654,4500000,1200000
2023-10-31 12:28:45.884000,1.50659,1.50653,5400000,6300000
2023-10-31 12:28:47.363000,1.50659,1.50655,1200000,1800000
2023-10-31 12:28:47.466000,1.5066,1.50655,5400000,2700000
2023-10-31 12:28:47.954000,1.50659,1.50655,1800000,1200000
2023-10-31 12:28:48.057000,1.50659,1.50654,5400000,1200000
2023-10-31 12:28:48.210000,1.50659,1.50653,5400000,1800000
2023-10-31 12:28:48.852000,1.50658,1.50653,3600000,1800000
2023-10-31 12:28:49.032000,1.5066,1.50652,5400000,3600000
2023-10-31 12:28:50.617000,1.50658,1.50653,3600000,1800000
2023-10-31 12:28:50.836000,1.50659,1.50653,5400000,1800000
2023-10-31 12:28:51.177000,1.5066,1.50653,5400000,1200000
2023-10-31 12:28:51.646000,1.50658,1.50654,3600000,1200000
2023-10-31 12:28:51.795000,1.50659,1.50654,6300000,1200000
2023-10-31 12:28:51.901000,1.50658,1.50654,3600000,1200000
2023-10-31 12:28:52.381000,1.50659,1.50654,6300000,1200000
2023-10-31 12:28:52.926000,1.50659,1.50656,1200000,1200000
2023-10-31 12:28:53.400000,1.50659,1.50657,2700000,1800000
2023-10-31 12:28:53.503000,1.50657,1.50653,1200000,2700000
2023-10-31 12:28:53.937000,1.50659,1.50655,3600000,1800000
2023-10-31 12:28:54.039000,1.5066,1.50656,1200000,1200000
2023-10-31 12:28:55.119000,1.50658,1.50654,3600000,1200000
2023-10-31 12:28:55.519000,1.50658,1.50652,3600000,7200000
2023-10-31 12:28:56.166000,1.50657,1.50652,1200000,7200000
2023-10-31 12:28:57.879000,1.50657,1.50653,1200000,1200000
2023-10-31 12:28:58.598000,1.50653,1.50648,3600000,2700000
2023-10-31 12:29:00.023000,1.50651,1.50647,1200000,1800000
2023-10-31 12:29:00.176000,1.50652,1.50647,5400000,1800000
2023-10-31 12:29:00.562000,1.50651,1.50647,1200000,2700000
2023-10-31 12:29:00.667000,1.50652,1.50645,1200000,6300000
2023-10-31 12:29:01.212000,1.50651,1.50647,1800000,1800000
2023-10-31 12:29:01.314000,1.50651,1.50646,5400000,1800000
2023-10-31 12:29:01.416000,1.50651,1.50647,1800000,1800000
2023-10-31 12:29:02.201000,1.50651,1.50646,5400000,2700000
2023-10-31 12:29:02.872000,1.50651,1.50645,5400000,1800000
2023-10-31 12:29:03.923000,1.50651,1.50647,4500000,1200000
2023-10-31 12:29:04.026000,1.50651,1.50648,1200000,1200000
2023-10-31 12:29:04.484000,1.50651,1.50647,1200000,2700000
2023-10-31 12:29:06.299000,1.50651,1.50646,1200000,5400000
2023-10-31 12:29:11.535000,1.5065,1.50645,3600000,2700000
2023-10-31 12:29:11.736000,1.5065,1.50646,3600000,1800000
2023-10-31 12:29:11.965000,1.50651,1.50646,1200000,5400000
2023-10-31 12:29:12.819000,1.50651,1.50645,3600000,1200000
2023-10-31 12:29:12.921000,1.50651,1.50646,1200000,5400000
2023-10-31 12:29:13.024000,1.50651,1.50647,1200000,1200000
2023-10-31 12:29:14.605000,1.50651,1.50646,1200000,6300000
2023-10-31 12:29:15.647000,1.50651,1.50647,1200000,1200000
2023-10-31 12:29:16.359000,1.50651,1.50648,1200000,1200000
2023-10-31 12:29:17.852000,1.50651,1.50647,1200000,1200000
2023-10-31 12:29:19.494000,1.50651,1.50648,1200000,1200000
2023-10-31 12:29:20.325000,1.50651,1.50647,4500000,1200000
2023-10-31 12:29:22.338000,1.50651,1.50646,4500000,1200000
2023-10-31 12:29:22.866000,1.5065,1.50646,3600000,1200000
2023-10-31 12:29:22.968000,1.50651,1.50647,4500000,1200000
2023-10-31 12:29:23.464000,1.50651,1.50648,4500000,1200000
2023-10-31 12:29:24.164000,1.50651,1.50646,3600000,1200000
2023-10-31 12:29:24.794000,1.50653,1.50647,4500000,7200000
2023-10-31 12:29:24.898000,1.50652,1.50647,1200000,6300000
2023-10-31 12:29:25.357000,1.50653,1.50647,4500000,6750000
2023-10-31 12:29:25.562000,1.50653,1.50649,1200000,6300000
2023-10-31 12:29:25.614000,1.50656,1.50649,1200000,4500000
2023-10-31 12:29:25.784000,1.50659,1.50655,1800000,1200000
2023-10-31 12:29:25.887000,1.5066,1.50655,5400000,1200000
2023-10-31 12:29:26.030000,1.50659,1.50655,1200000,1200000
2023-10-31 12:29:26.210000,1.5066,1.50653,1200000,6300000
2023-10-31 12:29:28.002000,1.5066,1.50654,1200000,6300000
2023-10-31 12:29:29.179000,1.5066,1.50655,1200000,6300000
2023-10-31 12:29:30.047000,1.50661,1.50655,5400000,7200000
2023-10-31 12:29:30.301000,1.50661,1.50656,5400000,1200000
2023-10-31 12:29:30.604000,1.50663,1.50658,1200000,5400000
2023-10-31 12:29:30.656000,1.50666,1.50657,5400000,6300000
2023-10-31 12:29:30.759000,1.50665,1.50659,1800000,1200000
2023-10-31 12:29:31.069000,1.50664,1.50659,3600000,1200000
2023-10-31 12:29:31.273000,1.50664,1.50658,3600000,6300000
2023-10-31 12:29:31.375000,1.50665,1.50658,5400000,6300000
2023-10-31 12:29:31.580000,1.50664,1.50658,3600000,6300000
2023-10-31 12:29:31.801000,1.50665,1.50658,5400000,6300000
2023-10-31 12:29:32.403000,1.50665,1.50659,5400000,1200000
2023-10-31 12:29:32.814000,1.50665,1.50658,5400000,6300000
2023-10-31 12:29:32.994000,1.50665,1.50659,1800000,1800000
2023-10-31 12:29:33.096000,1.50665,1.50658,5400000,6300000
2023-10-31 12:29:33.514000,1.50665,1.50659,1800000,1800000
2023-10-31 12:29:33.566000,1.50662,1.50658,4500000,1200000
2023-10-31 12:29:33.618000,1.50662,1.50656,5400000,5400000
2023-10-31 12:29:42.713000,1.50662,1.50657,1200000,3600000
2023-10-31 12:29:44.520000,1.50662,1.50656,4500000,5850000
2023-10-31 12:29:44.789000,1.50663,1.50659,4500000,1200000
2023-10-31 12:29:44.841000,1.50672,1.50665,4500000,5400000
2023-10-31 12:29:44.893000,1.50673,1.50668,3600000,1800000
2023-10-31 12:29:44.996000,1.50676,1.5067,1800000,5400000
2023-10-31 12:29:45.099000,1.50676,1.50671,1800000,3600000
2023-10-31 12:29:45.201000,1.50676,1.5067,5400000,5400000
2023-10-31 12:29:45.355000,1.50677,1.5067,1200000,5400000
2023-10-31 12:29:46.726000,1.50676,1.5067,4500000,5400000
2023-10-31 12:29:48.791000,1.50684,1.50679,1200000,5400000
2023-10-31 12:29:48.844000,1.50686,1.5068,3600000,1200000
2023-10-31 12:29:48.947000,1.50686,1.50679,4500000,3600000
2023-10-31 12:29:49.049000,1.50685,1.5068,1200000,1800000
2023-10-31 12:29:49.152000,1.50685,1.50679,1200000,5400000
2023-10-31 12:29:49.204000,1.50688,1.50681,4500000,5400000
2023-10-31 12:29:49.256000,1.50686,1.5068,4500000,5400000
2023-10-31 12:29:50.057000,1.50685,1.5068,1200000,1800000
2023-10-31 12:29:50.463000,1.50682,1.50678,1200000,1800000
2023-10-31 12:29:50.566000,1.50683,1.50678,5400000,1800000
2023-10-31 12:29:50.670000,1.50681,1.50675,3600000,5470000
2023-10-31 12:29:50.823000,1.50683,1.50676,5400000,5470000
2023-10-31 12:29:51.526000,1.50683,1.50676,5400000,5400000
2023-10-31 12:29:51.680000,1.50684,1.50678,1200000,1800000
2023-10-31 12:29:52.554000,1.50686,1.50678,1800000,1800000
2023-10-31 12:29:53.217000,1.50686,1.50679,1800000,1800000
2023-10-31 12:29:55.588000,1.50686,1.50681,4950000,2250000
2023-10-31 12:29:56.215000,1.50686,1.50679,2700000,2250000
2023-10-31 12:29:56.452000,1.50685,1.50679,1200000,2250000
2023-10-31 12:29:56.554000,1.50685,1.50678,1200000,2250000
2023-10-31 12:29:57.293000,1.50685,1.50677,4500000,2250000
2023-10-31 12:29:57.741000,1.50685,1.50678,1200000,1800000
2023-10-31 12:29:58.678000,1.50685,1.50679,1200000,2250000
2023-10-31 12:29:58.852000,1.5069,1.50687,1200000,2250000
2023-10-31 12:29:58.904000,1.50696,1.50688,1200000,2250000
2023-10-31 12:29:58.956000,1.50689,1.50686,1200000,1800000
2023-10-31 12:29:59.008000,1.50689,1.50682,1200000,1800000
2023-10-31 12:29:59.110000,1.50689,1.50681,1200000,1800000
2023-10-31 12:29:59.473000,1.50689,1.50682,1200000,1800000
2023-10-31 12:29:59.524000,1.50687,1.50682,3600000,1800000
2023-10-31 12:29:59.756000,1.50688,1.50683,1200000,2250000
2023-10-31 12:29:59.982000,1.50682,1.50679,1200000,2250000
2023-10-31 12:30:00.085000,1.50683,1.50677,4500000,3600000
2023-10-31 12:30:00.733000,1.50683,1.50678,4500000,1800000
2023-10-31 12:30:01.126000,1.50683,1.50679,1200000,1800000
2023-10-31 12:30:01.179000,1.507,1.50696,8550000,1200000
2023-10-31 12:30:01.232000,1.50707,1.50701,1200000,1800000
2023-10-31 12:30:01.285000,1.50704,1.50699,1200000,1200000
2023-10-31 12:30:01.337000,1.50706,1.50694,3600000,3600000
2023-10-31 12:30:01.388000,1.50773,1.50755,900000,1600000
2023-10-31 12:30:01.440000,1.50781,1.50757,1200000,3600000
2023-10-31 12:30:01.492000,1.50779,1.50765,4500000,3600000
2023-10-31 12:30:01.543000,1.50784,1.50764,5400000,1800000
2023-10-31 12:30:01.595000,1.50778,1.5076,1200000,1800000
2023-10-31 12:30:01.698000,1.50771,1.50755,3150000,1200000
2023-10-31 12:30:01.800000,1.5077,1.50755,1350000,900000
2023-10-31 12:30:01.852000,1.50755,1.50731,1800000,4950000
2023-10-31 12:30:01.903000,1.50755,1.50743,1800000,900000
2023-10-31 12:30:01.954000,1.50755,1.50735,1800000,1200000
2023-10-31 12:30:02.006000,1.50755,1.50731,1800000,4050000
2023-10-31 12:30:02.058000,1.50766,1.50744,3150000,1800000
2023-10-31 12:30:02.161000,1.5076,1.50742,3600000,1800000
2023-10-31 12:30:02.213000,1.50754,1.50735,1800000,3600000
2023-10-31 12:30:02.265000,1.50754,1.50732,5400000,1800000
2023-10-31 12:30:02.317000,1.50751,1.50729,1200000,2100000
2023-10-31 12:30:02.420000,1.50749,1.50738,1200000,3600000
2023-10-31 12:30:02.472000,1.50732,1.50727,1200000,1200000
2023-10-31 12:30:02.524000,1.50732,1.50724,4500000,1800000
2023-10-31 12:30:02.628000,1.50739,1.50732,1800000,1200000
2023-10-31 12:30:02.732000,1.50732,1.50725,3600000,1200000
2023-10-31 12:30:02.834000,1.50738,1.50732,3600000,3600000
2023-10-31 12:30:02.886000,1.50736,1.50727,3600000,2250000
2023-10-31 12:30:02.989000,1.50736,1.50728,3600000,1800000
2023-10-31 12:30:03.040000,1.50737,1.50724,3600000,3600000
2023-10-31 12:30:03.092000,1.50739,1.50731,1200000,1800000
2023-10-31 12:30:03.234000,1.50743,1.50732,4500000,1800000
2023-10-31 12:30:03.291000,1.5074,1.50727,1200000,1800000
2023-10-31 12:30:03.343000,1.50737,1.50727,3600000,1800000
2023-10-31 12:30:03.446000,1.50748,1.50738,1200000,1800000
2023-10-31 12:30:03.497000,1.50751,1.50737,4500000,1800000
2023-10-31 12:30:03.651000,1.5075,1.50737,1200000,1800000
2023-10-31 12:30:03.804000,1.50748,1.50737,3600000,1800000
2023-10-31 12:30:03.956000,1.50748,1.50739,3600000,1800000
2023-10-31 12:30:04.060000,1.50749,1.50738,3600000,1800000
2023-10-31 12:30:04.212000,1.50749,1.50739,3600000,1800000
2023-10-31 12:30:04.398000,1.50749,1.50738,4500000,2250000
2023-10-31 12:30:04.501000,1.50748,1.50738,3600000,2250000
2023-10-31 12:30:04.603000,1.50747,1.50738,1200000,2250000
2023-10-31 12:30:04.736000,1.50742,1.50738,1200000,2250000
2023-10-31 12:30:04.839000,1.50748,1.50738,3600000,1800000
2023-10-31 12:30:04.994000,1.50749,1.50739,4500000,1800000
2023-10-31 12:30:05.148000,1.50748,1.50738,4500000,1800000
2023-10-31 12:30:05.352000,1.50748,1.50741,3600000,1800000
2023-10-31 12:30:05.454000,1.5075,1.50742,3600000,2700000
2023-10-31 12:30:05.556000,1.50753,1.50743,3600000,2700000
2023-10-31 12:30:05.760000,1.50753,1.50747,3600000,1800000
2023-10-31 12:30:05.811000,1.50753,1.50745,4500000,1800000
2023-10-31 12:30:05.915000,1.50752,1.50744,3600000,1200000
2023-10-31 12:30:06.018000,1.50749,1.50743,3600000,1200000
2023-10-31 12:30:06.172000,1.50749,1.50741,4500000,1800000
2023-10-31 12:30:06.225000,1.50747,1.5074,3600000,1800000
2023-10-31 12:30:06.327000,1.50747,1.50739,3600000,1800000
2023-10-31 12:30:06.430000,1.50743,1.50738,1200000,1800000
2023-10-31 12:30:06.482000,1.50738,1.5073,4500000,1800000
2023-10-31 12:30:06.584000,1.50737,1.50734,3600000,1800000
2023-10-31 12:30:06.637000,1.50745,1.50737,3600000,3600000
2023-10-31 12:30:06.740000,1.50747,1.50737,4500000,2250000
2023-10-31 12:30:06.842000,1.50746,1.50739,3600000,1800000
2023-10-31 12:30:07.089000,1.50742,1.50735,1200000,1800000
2023-10-31 12:30:07.193000,1.50725,1.50714,5400000,1200000
2023-10-31 12:30:07.245000,1.5072,1.50712,4500000,1800000
2023-10-31 12:30:07.348000,1.50715,1.50708,3600000,1800000
2023-10-31 12:30:07.450000,1.50714,1.50707,3600000,1800000
2023-10-31 12:30:07.502000,1.5072,1.5071,4500000,1800000
2023-10-31 12:30:07.606000,1.50715,1.50707,4500000,1800000
2023-10-31 12:30:07.708000,1.50715,1.50708,4500000,1800000
2023-10-31 12:30:07.912000,1.50715,1.50707,4500000,1800000
2023-10-31 12:30:08.202000,1.50715,1.50705,4500000,1800000
2023-10-31 12:30:08.844000,1.50708,1.50699,1200000,1800000
2023-10-31 12:30:08.948000,1.50709,1.50699,1200000,1800000
2023-10-31 12:30:09.052000,1.50703,1.50696,3600000,2250000
2023-10-31 12:30:09.432000,1.50701,1.50693,3600000,1800000
2023-10-31 12:30:09.484000,1.50706,1.50697,3600000,1200000
2023-10-31 12:30:09.536000,1.50703,1.50695,1200000,1800000
2023-10-31 12:30:09.639000,1.50703,1.50693,1200000,2700000
2023-10-31 12:30:09.741000,1.50702,1.50693,3600000,1200000
2023-10-31 12:30:09.894000,1.50703,1.50693,1200000,2700000
2023-10-31 12:30:10.059000,1.50703,1.50694,4500000,3600000
2023-10-31 12:30:10.161000,1.50703,1.50695,4500000,2250000
2023-10-31 12:30:10.367000,1.50709,1.50704,1100000,2700000
2023-10-31 12:30:10.420000,1.50722,1.50714,4500000,1800000
2023-10-31 12:30:10.472000,1.50724,1.50715,3600000,1800000
2023-10-31 12:30:10.524000,1.50729,1.50724,3600000,1800000
2023-10-31 12:30:10.628000,1.50732,1.50724,1800000,5400000
2023-10-31 12:30:10.732000,1.50737,1.50727,4500000,1200000
2023-10-31 12:30:10.784000,1.50732,1.50722,1200000,1800000
2023-10-31 12:30:10.887000,1.50736,1.50728,3600000,3600000
2023-10-31 12:30:10.989000,1.50737,1.50728,1200000,1200000
2023-10-31 12:30:11.144000,1.50736,1.50728,1200000,1800000
2023-10-31 12:30:11.285000,1.50733,1.50726,1200000,1800000
2023-10-31 12:30:11.336000,1.50731,1.50723,1200000,1800000
2023-10-31 12:30:11.387000,1.50731,1.50721,3600000,2700000
2023-10-31 12:30:11.439000,1.50735,1.50728,1200000,2250000
2023-10-31 12:30:11.492000,1.50724,1.50723,1800000,2700000
2023-10-31 12:30:11.543000,1.5072,1.50715,1200000,1800000
2023-10-31 12:30:11.595000,1.50718,1.50711,4500000,1800000
2023-10-31 12:30:11.663000,1.50716,1.50709,3600000,2250000
2023-10-31 12:30:11.715000,1.50718,1.5071,3600000,1800000
2023-10-31 12:30:11.767000,1.50712,1.50708,1200000,1800000
2023-10-31 12:30:11.819000,1.50708,1.507,3600000,1200000
2023-10-31 12:30:11.872000,1.50706,1.50698,1600000,1800000
2023-10-31 12:30:11.925000,1.50701,1.50694,3600000,1800000
2023-10-31 12:30:11.977000,1.50708,1.50699,3600000,1800000
2023-10-31 12:30:12.080000,1.50707,1.50698,3600000,2250000
2023-10-31 12:30:12.134000,1.50704,1.50695,4500000,2250000
2023-10-31 12:30:12.187000,1.50711,1.50698,3600000,2250000
2023-10-31 12:30:12.239000,1.50707,1.50698,3600000,1800000
2023-10-31 12:30:12.341000,1.50708,1.50698,3600000,1800000
2023-10-31 12:30:12.495000,1.5071,1.507,3600000,3600000
2023-10-31 12:30:12.598000,1.5072,1.50708,3600000,1800000
2023-10-31 12:30:12.752000,1.50718,1.50708,1200000,1800000
2023-10-31 12:30:12.855000,1.50717,1.50707,4500000,1800000
2023-10-31 12:30:12.958000,1.50721,1.50709,3600000,1800000
2023-10-31 12:30:13.010000,1.50726,1.50724,5400000,2250000
2023-10-31 12:30:13.062000,1.5073,1.50724,1200000,1800000
2023-10-31 12:30:13.113000,1.50731,1.50726,1200000,5400000
2023-10-31 12:30:13.165000,1.50733,1.50726,4500000,1800000
2023-10-31 12:30:13.269000,1.50738,1.5073,3600000,1800000
2023-10-31 12:30:13.372000,1.50738,1.50728,3600000,2250000
2023-10-31 12:30:13.781000,1.50739,1.50731,3970000,1800000
2023-10-31 12:30:13.833000,1.50739,1.50731,3600000,1800000
2023-10-31 12:30:13.936000,1.50746,1.5074,4050000,1200000
2023-10-31 12:30:13.989000,1.5075,1.50742,3600000,2250000
2023-10-31 12:30:14.093000,1.50747,1.50742,3600000,1200000
2023-10-31 12:30:14.145000,1.50752,1.50742,5470000,1800000
2023-10-31 12:30:14.197000,1.50754,1.50744,4350000,1800000
2023-10-31 12:30:14.301000,1.50754,1.50744,1200000,2250000
2023-10-31 12:30:14.404000,1.50752,1.50743,3600000,2250000
2023-10-31 12:30:14.508000,1.50756,1.50745,4500000,2250000
2023-10-31 12:30:14.612000,1.50758,1.50751,4350000,2250000
2023-10-31 12:30:14.716000,1.50758,1.50753,1800000,1800000
2023-10-31 12:30:14.820000,1.50757,1.50753,3600000,2250000
2023-10-31 12:30:14.974000,1.50757,1.50752,3600000,1800000
2023-10-31 12:30:15.180000,1.50761,1.50755,4050000,1800000
2023-10-31 12:30:15.283000,1.5076,1.50755,4500000,1800000
2023-10-31 12:30:15.335000,1.50758,1.50752,3600000,1800000
2023-10-31 12:30:15.387000,1.50754,1.50747,4590000,1800000
2023-10-31 12:30:15.441000,1.50749,1.50743,3600000,2700000
2023-10-31 12:30:15.494000,1.50753,1.50746,3600000,1800000
2023-10-31 12:30:15.546000,1.50754,1.50751,1800000,1800000
2023-10-31 12:30:15.597000,1.50763,1.50757,3600000,1800000
2023-10-31 12:30:15.649000,1.50765,1.50762,3600000,2250000
2023-10-31 12:30:15.701000,1.50769,1.50762,7650000,1800000
2023-10-31 12:30:15.754000,1.50769,1.50757,1890000,1800000
2023-10-31 12:30:15.806000,1.50766,1.50759,2700000,1800000
2023-10-31 12:30:15.910000,1.50756,1.50752,3600000,2250000
2023-10-31 12:30:15.962000,1.50757,1.5075,4590000,1800000
2023-10-31 12:30:16.014000,1.50759,1.50754,3620000,2250000
2023-10-31 12:30:16.067000,1.50756,1.50747,1200000,1800000
2023-10-31 12:30:16.120000,1.50757,1.50749,4590000,1800000
2023-10-31 12:30:16.223000,1.50756,1.50749,1200000,1800000
2023-10-31 12:30:16.274000,1.50755,1.50747,3600000,1800000
2023-10-31 12:30:16.377000,1.50756,1.50747,4500000,1800000
2023-10-31 12:30:16.531000,1.50747,1.50742,1820000,2250000
2023-10-31 12:30:16.634000,1.5074,1.50733,3600000,1800000
2023-10-31 12:30:16.738000,1.50744,1.50737,4420000,1800000
2023-10-31 12:30:16.790000,1.50746,1.50736,3600000,1800000
2023-10-31 12:30:16.893000,1.50746,1.5074,4050000,1800000
2023-10-31 12:30:16.997000,1.5075,1.50741,5170000,1800000
2023-10-31 12:30:17.101000,1.5075,1.50745,1200000,1800000
2023-10-31 12:30:17.154000,1.50753,1.50745,3600000,1800000
2023-10-31 12:30:17.309000,1.50751,1.50745,3600000,1800000
2023-10-31 12:30:17.463000,1.50751,1.50744,4050000,1800000
2023-10-31 12:30:17.566000,1.50754,1.50745,1600000,1800000
2023-10-31 12:30:17.617000,1.50753,1.50746,1200000,1800000
2023-10-31 12:30:17.721000,1.50754,1.50746,3600000,1800000
2023-10-31 12:30:17.928000,1.50756,1.50748,1350000,1800000
2023-10-31 12:30:18.031000,1.50758,1.50755,1200000,1800000
2023-10-31 12:30:18.083000,1.50763,1.50758,1800000,1800000
2023-10-31 12:30:18.186000,1.50767,1.50759,1200000,1800000
2023-10-31 12:30:18.390000,1.50767,1.5076,1200000,1800000
2023-10-31 12:30:18.442000,1.50762,1.50756,3600000,2700000
2023-10-31 12:30:18.580000,1.50771,1.50762,4500000,1800000
2023-10-31 12:30:18.634000,1.5077,1.50763,3970000,1800000
2023-10-31 12:30:18.739000,1.50783,1.5077,4240000,3690000
2023-10-31 12:30:18.791000,1.50783,1.50777,4950000,1800000
2023-10-31 12:30:18.842000,1.5078,1.50776,3600000,1800000
2023-10-31 12:30:19.047000,1.50785,1.50781,1320000,1800000
2023-10-31 12:30:19.099000,1.50778,1.50774,3600000,4050000
2023-10-31 12:30:19.203000,1.50776,1.50772,1440000,2250000
2023-10-31 12:30:19.256000,1.50772,1.50767,1440000,1800000
2023-10-31 12:30:19.359000,1.50768,1.50764,1200000,1800000
2023-10-31 12:30:19.462000,1.50768,1.50763,1200000,1800000
2023-10-31 12:30:19.616000,1.50766,1.5076,3600000,1800000
2023-10-31 12:30:19.668000,1.50764,1.50759,1200000,1800000
2023-10-31 12:30:19.720000,1.50764,1.50757,1200000,1800000
2023-10-31 12:30:19.823000,1.50766,1.50758,2030000,1800000
2023-10-31 12:30:19.875000,1.50767,1.5076,5040000,1800000
2023-10-31 12:30:19.927000,1.50768,1.50757,4500000,1800000
2023-10-31 12:30:19.979000,1.50764,1.50758,1200000,1800000
2023-10-31 12:30:20.030000,1.50766,1.50758,1440000,1800000
2023-10-31 12:30:20.134000,1.5076,1.50756,3600000,1800000
2023-10-31 12:30:20.185000,1.50763,1.50756,3600000,1800000
2023-10-31 12:30:20.288000,1.50765,1.50759,1200000,1800000
2023-10-31 12:30:20.443000,1.50767,1.50761,4500000,1800000
2023-10-31 12:30:20.699000,1.50766,1.50759,2700000,2250000
2023-10-31 12:30:20.751000,1.50763,1.50759,1200000,2250000
2023-10-31 12:30:20.804000,1.50762,1.50756,5490000,1800000
2023-10-31 12:30:20.855000,1.50761,1.50754,1200000,1800000
2023-10-31 12:30:21.112000,1.50765,1.5076,4050000,1800000
2023-10-31 12:30:21.215000,1.50767,1.50762,1200000,2250000
2023-10-31 12:30:21.369000,1.50767,1.50761,1200000,1800000
2023-10-31 12:30:21.472000,1.50766,1.5076,3600000,1800000
2023-10-31 12:30:21.524000,1.50763,1.50755,3720000,1800000
2023-10-31 12:30:21.627000,1.50764,1.50758,1350000,1800000
2023-10-31 12:30:21.731000,1.50766,1.50757,4140000,1800000
2023-10-31 12:30:21.783000,1.5076,1.50755,1200000,1800000
2023-10-31 12:30:21.886000,1.50762,1.50753,1890000,1800000
2023-10-31 12:30:22.141000,1.50758,1.50754,3600000,1800000
2023-10-31 12:30:22.295000,1.50754,1.50748,4350000,3600000
2023-10-31 12:30:22.400000,1.50756,1.50748,4500000,1800000
2023-10-31 12:30:22.655000,1.50754,1.50748,5040000,1800000
2023-10-31 12:30:22.708000,1.50752,1.50744,4500000,1800000
2023-10-31 12:30:22.810000,1.50752,1.50745,3600000,1800000
2023-10-31 12:30:23.016000,1.50753,1.50746,1440000,1800000
2023-10-31 12:30:23.120000,1.50754,1.50746,1200000,1800000
2023-10-31 12:30:23.324000,1.50755,1.50748,4500000,1800000
2023-10-31 12:30:23.580000,1.50754,1.50748,4500000,1800000
2023-10-31 12:30:23.735000,1.50753,1.50748,1200000,1800000
2023-10-31 12:30:23.865000,1.50753,1.50747,1200000,1800000
2023-10-31 12:30:24.172000,1.50752,1.50747,1200000,1800000
2023-10-31 12:30:24.274000,1.50752,1.50746,1200000,1800000
2023-10-31 12:30:24.456000,1.50753,1.50747,4500000,1800000
2023-10-31 12:30:24.712000,1.50753,1.50748,1200000,1800000
2023-10-31 12:30:24.815000,1.50757,1.5075,4350000,1800000
2023-10-31 12:30:24.918000,1.50757,1.5075,4500000,1800000
2023-10-31 12:30:25.021000,1.50757,1.50751,4500000,1800000
2023-10-31 12:30:25.175000,1.50755,1.50749,1440000,1800000
2023-10-31 12:30:25.278000,1.50752,1.50746,1200000,1800000
2023-10-31 12:30:25.381000,1.5075,1.50745,1440000,1800000
2023-10-31 12:30:25.486000,1.5075,1.50746,1200000,1800000
2023-10-31 12:30:25.539000,1.50756,1.5075,1720000,1800000
2023-10-31 12:30:25.591000,1.5075,1.50745,3600000,2250000
2023-10-31 12:30:25.643000,1.50753,1.50746,3600000,1800000
2023-10-31 12:30:25.898000,1.50752,1.50746,1200000,1800000
2023-10-31 12:30:26.001000,1.50752,1.50745,4500000,1800000
2023-10-31 12:30:26.104000,1.50752,1.50746,4500000,1800000
2023-10-31 12:30:26.208000,1.50744,1.50737,3600000,1820000
2023-10-31 12:30:26.312000,1.5074,1.50736,1200000,2250000
2023-10-31 12:30:26.518000,1.5074,1.50735,4500000,2250000
2023-10-31 12:30:26.656000,1.5074,1.50736,4500000,2250000
2023-10-31 12:30:26.761000,1.50743,1.50738,1200000,1800000
2023-10-31 12:30:26.813000,1.50741,1.50737,3600000,1800000
2023-10-31 12:30:27.069000,1.50741,1.50738,4050000,1800000
2023-10-31 12:30:27.121000,1.50742,1.50735,4050000,1800000
2023-10-31 12:30:27.275000,1.50741,1.50737,4050000,1800000
2023-10-31 12:30:27.480000,1.50743,1.50739,4350000,1800000
2023-10-31 12:30:27.532000,1.50741,1.50736,4050000,1800000
2023-10-31 12:30:27.635000,1.50742,1.50737,3600000,1800000
2023-10-31 12:30:27.789000,1.50741,1.50736,4050000,1800000
2023-10-31 12:30:27.943000,1.50743,1.50739,3600000,1800000
2023-10-31 12:30:27.995000,1.50742,1.50737,3600000,1800000
2023-10-31 12:30:28.098000,1.50742,1.50737,3600000,1800000
2023-10-31 12:30:28.150000,1.50743,1.5074,1600000,1800000
2023-10-31 12:30:28.202000,1.50747,1.50745,1200000,1800000
2023-10-31 12:30:28.255000,1.50747,1.50743,1200000,8100000
2023-10-31 12:30:28.359000,1.50747,1.50743,1200000,1200000
2023-10-31 12:30:28.463000,1.5075,1.50748,1200000,1800000
2023-10-31 12:30:28.514000,1.50753,1.50748,1200000,1800000
2023-10-31 12:30:28.617000,1.50752,1.50746,1200000,1800000
2023-10-31 12:30:28.721000,1.50747,1.50743,3600000,1800000
2023-10-31 12:30:29.085000,1.50747,1.50742,3600000,1800000
2023-10-31 12:30:29.188000,1.50748,1.50742,5400000,1800000
2023-10-31 12:30:29.514000,1.50747,1.50742,3600000,1800000
2023-10-31 12:30:29.668000,1.50748,1.50742,4500000,1800000
2023-10-31 12:30:30.278000,1.50746,1.50742,3600000,1800000
2023-10-31 12:30:30.540000,1.50747,1.50742,4500000,1800000
2023-10-31 12:30:30.643000,1.50745,1.50741,3600000,1800000
2023-10-31 12:30:30.746000,1.50747,1.50742,2250000,1800000
2023-10-31 12:30:30.849000,1.50745,1.50741,1200000,1800000
2023-10-31 12:30:30.952000,1.50747,1.50742,1100000,1800000
2023-10-31 12:30:31.055000,1.50748,1.50741,1350000,1800000
2023-10-31 12:30:31.361000,1.50748,1.50742,1800000,1800000
2023-10-31 12:30:31.465000,1.50749,1.50742,5400000,1800000
2023-10-31 12:30:31.568000,1.50749,1.50743,5400000,1800000
2023-10-31 12:30:31.671000,1.50748,1.50743,4500000,1800000
2023-10-31 12:30:31.875000,1.50748,1.50742,4500000,1800000
2023-10-31 12:30:31.978000,1.50748,1.50741,1200000,1800000
2023-10-31 12:30:32.183000,1.50744,1.50738,1800000,1800000
2023-10-31 12:30:32.287000,1.50745,1.50738,5400000,1800000
2023-10-31 12:30:32.745000,1.50744,1.50738,4500000,1800000
2023-10-31 12:30:32.899000,1.50744,1.50739,1200000,1800000
2023-10-31 12:30:33.154000,1.50745,1.50739,3600000,1800000
2023-10-31 12:30:33.359000,1.50745,1.50741,3600000,1800000
2023-10-31 12:30:33.564000,1.50746,1.50741,4050000,1800000
2023-10-31 12:30:33.718000,1.50747,1.50738,4050000,1800000
2023-10-31 12:30:33.820000,1.50745,1.50739,3600000,1800000
2023-10-31 12:30:34.635000,1.50742,1.50737,3600000,2700000
2023-10-31 12:30:34.737000,1.50742,1.50737,3600000,2700000
2023-10-31 12:30:35.043000,1.50742,1.50738,3600000,2700000
2023-10-31 12:30:35.096000,1.50743,1.50735,3600000,5400000
2023-10-31 12:30:35.149000,1.50743,1.50741,3600000,1800000
2023-10-31 12:30:35.201000,1.5075,1.50747,1100000,1800000
2023-10-31 12:30:35.306000,1.50755,1.50749,1350000,1800000
2023-10-31 12:30:35.426000,1.50756,1.50751,4050000,1800000
2023-10-31 12:30:35.531000,1.50755,1.50752,3600000,1800000
2023-10-31 12:30:35.634000,1.50758,1.50752,1200000,1800000
2023-10-31 12:30:36.728000,1.50757,1.50751,4500000,1800000
2023-10-31 12:30:36.933000,1.50753,1.50749,1200000,1800000
2023-10-31 12:30:36.985000,1.50748,1.50745,1800000,1200000
2023-10-31 12:30:37.037000,1.50748,1.50742,5400000,1800000
2023-10-31 12:30:37.140000,1.50747,1.50742,3600000,1800000
2023-10-31 12:30:37.395000,1.50746,1.50741,3600000,1800000
2023-10-31 12:30:37.498000,1.50747,1.50742,4500000,1800000
2023-10-31 12:30:37.754000,1.50749,1.50746,1200000,1200000
2023-10-31 12:30:37.856000,1.50753,1.50749,1200000,1800000
2023-10-31 12:30:38.012000,1.50753,1.50746,5400000,1800000
2023-10-31 12:30:38.166000,1.50751,1.50745,3600000,1800000
2023-10-31 12:30:38.423000,1.50752,1.50748,3600000,1800000
2023-10-31 12:30:38.527000,1.50751,1.50745,3600000,1800000
2023-10-31 12:30:38.580000,1.50748,1.50742,5400000,1800000
2023-10-31 12:30:38.788000,1.50748,1.50741,1200000,1800000
2023-10-31 12:30:38.941000,1.50749,1.50743,5850000,1800000
2023-10-31 12:30:38.993000,1.5075,1.50747,1200000,1200000
2023-10-31 12:30:39.045000,1.50755,1.50749,5400000,1800000
2023-10-31 12:30:39.250000,1.50755,1.50748,4350000,1800000
2023-10-31 12:30:39.353000,1.50754,1.50749,3600000,1800000
2023-10-31 12:30:39.659000,1.50753,1.50749,1200000,2250000
2023-10-31 12:30:39.711000,1.50753,1.50747,4500000,1800000
2023-10-31 12:30:39.763000,1.50751,1.50745,3600000,1800000
2023-10-31 12:30:39.866000,1.50752,1.50745,4500000,1800000
2023-10-31 12:30:40.122000,1.50751,1.50745,3600000,1800000
2023-10-31 12:30:40.226000,1.50749,1.50743,5400000,1800000
2023-10-31 12:30:40.328000,1.50748,1.50743,1200000,1800000
2023-10-31 12:30:40.431000,1.5075,1.50743,1200000,1800000
2023-10-31 12:30:40.483000,1.50754,1.50748,5400000,1800000
2023-10-31 12:30:40.638000,1.50753,1.50747,3600000,1800000
2023-10-31 12:30:40.792000,1.50752,1.50746,3600000,1800000
2023-10-31 12:30:40.946000,1.50752,1.50747,3600000,1800000
2023-10-31 12:30:41.048000,1.50752,1.50746,3600000,1800000
2023-10-31 12:30:41.577000,1.50748,1.50742,4500000,1800000
2023-10-31 12:30:41.789000,1.50747,1.50742,3600000,1800000
2023-10-31 12:30:41.892000,1.50751,1.50745,3600000,1800000
2023-10-31 12:30:41.995000,1.50752,1.50747,1200000,1800000
2023-10-31 12:30:42.251000,1.5075,1.50746,1800000,1800000
2023-10-31 12:30:42.355000,1.50746,1.5074,4500000,1800000
2023-10-31 12:30:43.119000,1.50747,1.50741,5400000,1800000
2023-10-31 12:30:43.323000,1.50747,1.5074,4500000,2700000
2023-10-31 12:30:43.426000,1.50747,1.50741,5400000,1800000
2023-10-31 12:30:43.529000,1.5075,1.50745,2250000,1800000
2023-10-31 12:30:43.631000,1.50751,1.50745,1200000,1800000
2023-10-31 12:30:43.734000,1.5075,1.50744,3600000,1800000
2023-10-31 12:30:43.837000,1.50751,1.50746,1200000,1800000
2023-10-31 12:30:44.042000,1.50752,1.50745,1200000,1800000
2023-10-31 12:30:44.144000,1.50752,1.50746,1200000,1800000
2023-10-31 12:30:44.349000,1.50752,1.50745,1200000,1800000
2023-10-31 12:30:44.452000,1.50748,1.50742,3600000,1800000
2023-10-31 12:30:44.555000,1.50746,1.50742,1800000,1800000
2023-10-31 12:30:44.608000,1.50745,1.50739,3600000,1800000
2023-10-31 12:30:44.712000,1.50742,1.50738,1200000,1800000
2023-10-31 12:30:44.765000,1.50742,1.50735,3600000,1800000
2023-10-31 12:30:44.817000,1.50741,1.50734,3600000,1800000
2023-10-31 12:30:45.074000,1.5074,1.50734,3600000,1800000
2023-10-31 12:30:45.433000,1.5074,1.50733,3600000,1800000
2023-10-31 12:30:45.537000,1.50742,1.5074,4500000,1200000
2023-10-31 12:30:45.642000,1.50745,1.50739,3970000,1800000
2023-10-31 12:30:45.694000,1.50745,1.50739,4500000,1800000
2023-10-31 12:30:45.797000,1.50745,1.5074,4500000,1800000
2023-10-31 12:30:45.951000,1.50745,1.50739,3600000,2250000
2023-10-31 12:30:46.373000,1.50747,1.50742,5400000,1800000
2023-10-31 12:30:46.579000,1.50747,1.50743,5400000,1800000
2023-10-31 12:30:46.682000,1.50748,1.5074,1800000,1800000
2023-10-31 12:30:46.784000,1.50746,1.50741,3600000,1800000
2023-10-31 12:30:46.887000,1.50745,1.50741,3600000,1800000
2023-10-31 12:30:46.990000,1.50746,1.5074,4500000,1800000
2023-10-31 12:30:47.708000,1.50746,1.50741,4500000,1800000
2023-10-31 12:30:47.811000,1.50747,1.50742,5400000,1800000
2023-10-31 12:30:48.117000,1.50746,1.50741,4500000,1800000
2023-10-31 12:30:48.424000,1.50745,1.50741,1200000,1800000
2023-10-31 12:30:48.628000,1.50745,1.50742,1200000,1800000
2023-10-31 12:30:48.780000,1.50745,1.50741,1200000,1800000
2023-10-31 12:30:48.883000,1.50744,1.5074,1200000,1800000
2023-10-31 12:30:48.986000,1.50745,1.5074,5400000,1800000
2023-10-31 12:30:49.089000,1.50745,1.50739,4500000,1800000
2023-10-31 12:30:50.012000,1.50744,1.50737,5400000,1800000
2023-10-31 12:30:50.207000,1.50743,1.50737,1200000,1800000
2023-10-31 12:30:50.586000,1.50742,1.5074,1200000,1800000
2023-10-31 12:30:50.740000,1.50736,1.50733,1200000,3600000
2023-10-31 12:30:50.792000,1.50734,1.50731,1200000,1800000
2023-10-31 12:30:50.844000,1.50734,1.50729,4500000,1800000
2023-10-31 12:30:51.483000,1.50733,1.50729,1200000,1800000
2023-10-31 12:30:51.536000,1.50731,1.50727,3600000,2250000
2023-10-31 12:30:51.642000,1.50726,1.50722,3600000,1800000
2023-10-31 12:30:51.745000,1.50727,1.50723,3600000,1800000
2023-10-31 12:30:51.900000,1.50729,1.50724,3600000,1800000
2023-10-31 12:30:52.003000,1.5073,1.50726,4500000,1800000
2023-10-31 12:30:52.156000,1.50729,1.50726,1200000,1800000
2023-10-31 12:30:52.395000,1.5073,1.50726,4500000,1800000
2023-10-31 12:30:52.555000,1.50731,1.50724,1200000,1800000
2023-10-31 12:30:52.813000,1.50733,1.50729,4500000,1800000
2023-10-31 12:30:52.917000,1.50735,1.50728,1800000,1800000
2023-10-31 12:30:53.070000,1.50734,1.5073,1800000,1800000
2023-10-31 12:30:53.173000,1.50734,1.50729,1800000,1800000
2023-10-31 12:30:53.687000,1.50733,1.50729,1200000,1800000
2023-10-31 12:30:54.554000,1.50733,1.50728,1200000,1800000
2023-10-31 12:30:54.760000,1.50733,1.5073,1200000,2250000
2023-10-31 12:30:54.886000,1.50735,1.50729,4500000,1800000
2023-10-31 12:30:54.990000,1.50733,1.50728,4500000,1800000
2023-10-31 12:30:55.195000,1.50734,1.5073,3600000,1800000
2023-10-31 12:30:55.298000,1.50733,1.5073,1200000,1800000
2023-10-31 12:30:55.405000,1.50734,1.50728,1200000,1800000
2023-10-31 12:30:55.508000,1.50733,1.5073,1200000,1800000
2023-10-31 12:30:55.586000,1.50733,1.50728,1200000,5400000
2023-10-31 12:30:55.851000,1.50734,1.50729,4500000,1800000
2023-10-31 12:30:55.954000,1.50733,1.50728,4500000,1800000
2023-10-31 12:30:56.064000,1.50735,1.50728,4500000,1800000
2023-10-31 12:30:56.440000,1.50735,1.50729,4500000,1800000
2023-10-31 12:30:56.661000,1.50734,1.50729,4500000,2250000
2023-10-31 12:30:56.765000,1.50733,1.50729,1200000,2250000
2023-10-31 12:30:56.873000,1.50733,1.5073,1200000,1800000
2023-10-31 12:30:57.280000,1.50733,1.50729,1200000,2250000
2023-10-31 12:30:57.384000,1.50727,1.50725,1200000,1800000
2023-10-31 12:30:57.436000,1.50727,1.50721,4500000,2700000
2023-10-31 12:30:57.538000,1.50728,1.50721,1200000,1800000
2023-10-31 12:30:57.723000,1.50721,1.50718,1200000,1800000
2023-10-31 12:30:57.826000,1.50723,1.50719,1200000,1800000
2023-10-31 12:30:58.795000,1.50725,1.50719,5400000,6300000
2023-10-31 12:30:58.897000,1.50725,1.5072,4500000,4500000
2023-10-31 12:30:59.153000,1.50725,1.5072,1200000,4500000
2023-10-31 12:30:59.631000,1.50725,1.50721,4500000,1800000
2023-10-31 12:30:59.734000,1.50724,1.50719,1200000,2250000
2023-10-31 12:30:59.838000,1.50723,1.50719,4500000,1800000
2023-10-31 12:31:00.093000,1.50724,1.50719,1800000,1800000
2023-10-31 12:31:00.248000,1.50724,1.5072,1200000,1800000
2023-10-31 12:31:00.400000,1.50726,1.50719,1200000,1800000
2023-10-31 12:31:00.963000,1.50722,1.50717,4350000,2250000
2023-10-31 12:31:01.066000,1.50721,1.50718,1350000,1800000
2023-10-31 12:31:01.231000,1.50721,1.50717,1350000,1800000
2023-10-31 12:31:01.427000,1.50721,1.50716,1350000,1800000
2023-10-31 12:31:01.561000,1.5072,1.50716,3600000,1800000
2023-10-31 12:31:02.184000,1.50722,1.50717,4350000,1800000
2023-10-31 12:31:02.846000,1.5072,1.50716,3600000,1800000
2023-10-31 12:31:04.584000,1.5072,1.50715,3600000,3150000
2023-10-31 12:31:04.721000,1.5072,1.50717,3600000,1800000
2023-10-31 12:31:04.823000,1.5072,1.50715,4500000,1800000
2023-10-31 12:31:05.118000,1.50723,1.50718,5100000,5400000
2023-10-31 12:31:05.223000,1.50722,1.50717,3600000,2700000
2023-10-31 12:31:11.177000,1.50721,1.50716,4050000,2700000
2023-10-31 12:31:12.122000,1.50722,1.50717,4350000,1800000
2023-10-31 12:31:12.685000,1.50723,1.50718,3600000,2700000
2023-10-31 12:31:12.737000,1.50724,1.50719,5400000,1800000
2023-10-31 12:31:12.789000,1.50721,1.50717,3600000,1200000
2023-10-31 12:31:12.944000,1.50723,1.50718,4350000,1800000
2023-10-31 12:31:13.238000,1.50722,1.50717,5100000,1800000
2023-10-31 12:31:13.496000,1.50721,1.50716,4050000,2700000
2023-10-31 12:31:13.690000,1.50723,1.50722,1350000,1800000
2023-10-31 12:31:13.794000,1.50725,1.50722,1200000,1800000
2023-10-31 12:31:14.152000,1.50728,1.50723,4350000,1800000
2023-10-31 12:31:14.204000,1.50723,1.50721,1200000,1200000
2023-10-31 12:31:14.256000,1.50722,1.50717,4050000,2700000
2023-10-31 12:31:17.127000,1.50724,1.50717,4230000,1800000
2023-10-31 12:31:17.538000,1.50722,1.50718,4350000,1800000
2023-10-31 12:31:17.669000,1.50722,1.50717,4350000,2700000
2023-10-31 12:31:19.498000,1.50722,1.50716,4350000,6300000
2023-10-31 12:31:20.516000,1.50722,1.50717,4350000,1800000
2023-10-31 12:31:20.718000,1.50722,1.50717,4500000,1800000
2023-10-31 12:31:21.177000,1.50721,1.50716,3600000,2700000
2023-10-31 12:31:21.640000,1.50722,1.50717,4500000,1800000
2023-10-31 12:31:22.057000,1.50722,1.50715,3600000,2700000
2023-10-31 12:31:22.314000,1.50722,1.50717,4500000,1800000
2023-10-31 12:31:22.416000,1.50721,1.50716,3600000,2700000
2023-10-31 12:31:22.655000,1.50722,1.50716,4500000,6300000
2023-10-31 12:31:22.758000,1.50722,1.50717,4500000,1800000
2023-10-31 12:31:24.218000,1.50723,1.50719,2700000,1800000
2023-10-31 12:31:24.270000,1.50722,1.50717,3600000,1800000
2023-10-31 12:31:25.102000,1.50722,1.50718,3600000,1800000
2023-10-31 12:31:26.175000,1.50722,1.50717,3600000,1800000
2023-10-31 12:31:26.378000,1.50722,1.50716,3600000,6300000
2023-10-31 12:31:26.480000,1.50722,1.50717,3600000,1800000
2023-10-31 12:31:27.802000,1.50722,1.50718,3600000,1800000
2023-10-31 12:31:29.223000,1.50722,1.50717,3600000,1800000
2023-10-31 12:31:30.670000,1.50721,1.50716,3600000,2700000
2023-10-31 12:31:30.888000,1.50722,1.50717,3600000,1800000
2023-10-31 12:31:30.939000,1.50725,1.50718,6300000,1800000
2023-10-31 12:31:31.043000,1.50724,1.5072,3600000,1800000
2023-10-31 12:31:31.096000,1.50723,1.50718,6300000,2700000
2023-10-31 12:31:31.198000,1.50722,1.50717,3600000,2700000
2023-10-31 12:31:31.712000,1.50722,1.50718,1200000,1800000
2023-10-31 12:31:31.815000,1.50722,1.50717,5400000,2700000
2023-10-31 12:31:33.279000,1.50712,1.50711,1200000,1200000
2023-10-31 12:31:33.331000,1.50712,1.50707,6300000,1800000
2023-10-31 12:31:33.384000,1.5071,1.50706,1200000,1800000
2023-10-31 12:31:33.486000,1.5071,1.50705,5400000,1200000
2023-10-31 12:31:33.690000,1.5071,1.50704,1800000,2700000
2023-10-31 12:31:34.446000,1.5071,1.50705,1800000,1800000
2023-10-31 12:31:34.631000,1.5071,1.50704,1800000,2700000
2023-10-31 12:31:35.201000,1.5071,1.50705,5400000,1800000
2023-10-31 12:31:35.723000,1.50708,1.50703,3600000,2700000
2023-10-31 12:31:35.827000,1.50709,1.50704,4500000,1800000
2023-10-31 12:31:36.031000,1.50708,1.50703,3600000,2700000
2023-10-31 12:31:36.235000,1.50709,1.50704,4500000,1800000
2023-10-31 12:31:36.337000,1.50708,1.50703,3600000,2700000
2023-10-31 12:31:36.594000,1.5071,1.50704,5400000,1800000
2023-10-31 12:31:37.482000,1.50703,1.50702,1200000,1800000
2023-10-31 12:31:37.534000,1.50702,1.50698,6300000,1100000
2023-10-31 12:31:37.586000,1.50701,1.50696,4500000,1800000
2023-10-31 12:31:37.689000,1.50701,1.50697,1800000,1800000
2023-10-31 12:31:37.842000,1.50701,1.50696,3600000,1800000
2023-10-31 12:31:37.946000,1.50701,1.50697,1200000,1800000
2023-10-31 12:31:38.049000,1.50699,1.50694,4500000,1800000
2023-10-31 12:31:38.152000,1.50699,1.50694,4470000,1800000
2023-10-31 12:31:38.491000,1.50699,1.50694,5040000,1800000
2023-10-31 12:31:38.543000,1.50692,1.50688,4500000,1100000
2023-10-31 12:31:38.595000,1.50692,1.50687,5040000,1800000
2023-10-31 12:31:38.647000,1.5069,1.50686,3600000,1800000
2023-10-31 12:31:38.699000,1.50689,1.50684,3600000,1800000
2023-10-31 12:31:38.802000,1.50688,1.50684,3600000,2250000
2023-10-31 12:31:38.904000,1.50689,1.50684,3600000,2250000
2023-10-31 12:31:39.215000,1.5069,1.50684,4500000,6750000
2023-10-31 12:31:39.318000,1.50689,1.50684,3600000,3150000
2023-10-31 12:31:39.738000,1.50688,1.50684,3600000,1800000
2023-10-31 12:31:39.944000,1.50688,1.50683,3600000,1800000
2023-10-31 12:31:40.148000,1.50689,1.50684,4500000,1800000
2023-10-31 12:31:40.444000,1.50688,1.50683,3600000,1800000
2023-10-31 12:31:40.649000,1.50691,1.50687,3600000,1800000
2023-10-31 12:31:40.752000,1.5069,1.50685,3600000,1800000
2023-10-31 12:31:41.009000,1.5069,1.50686,3600000,1800000
2023-10-31 12:31:41.312000,1.50687,1.50683,4500000,1800000
2023-10-31 12:31:41.416000,1.50688,1.50683,4500000,1800000
2023-10-31 12:31:41.519000,1.50686,1.50681,1200000,1800000
2023-10-31 12:31:41.673000,1.50689,1.50684,5400000,1800000
2023-10-31 12:31:42.245000,1.50687,1.50684,1200000,1800000
2023-10-31 12:31:42.297000,1.50687,1.50682,4500000,1800000
2023-10-31 12:31:42.884000,1.50687,1.50684,1200000,1800000
2023-10-31 12:31:42.935000,1.50687,1.50682,4500000,1800000
2023-10-31 12:31:42.987000,1.50687,1.50684,1200000,1800000
2023-10-31 12:31:43.362000,1.50687,1.50682,4500000,1800000
2023-10-31 12:31:43.619000,1.50687,1.50683,1200000,1800000
2023-10-31 12:31:44.206000,1.50687,1.50682,4500000,1800000
2023-10-31 12:31:45.018000,1.50688,1.50683,3600000,1800000
2023-10-31 12:31:45.222000,1.50687,1.50682,3600000,1800000
2023-10-31 12:31:45.325000,1.50688,1.50683,1800000,1800000
2023-10-31 12:31:45.479000,1.50687,1.50683,1200000,1800000
2023-10-31 12:31:45.581000,1.50687,1.50684,1200000,1800000
2023-10-31 12:31:45.633000,1.50689,1.50684,1200000,1800000
2023-10-31 12:31:45.687000,1.50692,1.50687,5670000,2700000
2023-10-31 12:31:45.793000,1.50696,1.50693,3600000,1800000
2023-10-31 12:31:45.896000,1.50698,1.50693,1200000,1800000
2023-10-31 12:31:46.013000,1.50698,1.50694,1200000,1800000
2023-10-31 12:31:46.116000,1.50699,1.50694,1800000,1800000
2023-10-31 12:31:46.219000,1.50699,1.50695,1800000,1800000
2023-10-31 12:31:46.701000,1.507,1.50693,1800000,1800000
2023-10-31 12:31:47.150000,1.50696,1.50691,5400000,1800000
2023-10-31 12:31:47.304000,1.50691,1.50686,3600000,2250000
2023-10-31 12:31:47.407000,1.5069,1.50686,1200000,1800000
2023-10-31 12:31:47.867000,1.50696,1.50689,5470000,1800000
2023-10-31 12:31:47.919000,1.50698,1.50692,5100000,1800000
2023-10-31 12:31:48.021000,1.50699,1.50691,5400000,1800000
2023-10-31 12:31:48.073000,1.50696,1.50692,1200000,1800000
2023-10-31 12:31:48.176000,1.50698,1.50694,5400000,1800000
2023-10-31 12:31:48.281000,1.50693,1.50691,1200000,3600000
2023-10-31 12:31:48.336000,1.50693,1.50689,1200000,2700000
2023-10-31 12:31:48.439000,1.50693,1.5069,1200000,1800000
2023-10-31 12:31:48.541000,1.50693,1.50689,1200000,2700000
2023-10-31 12:31:48.645000,1.50691,1.50687,4500000,1800000
2023-10-31 12:31:48.748000,1.50689,1.50686,1200000,1800000
2023-10-31 12:31:48.852000,1.5069,1.50685,3600000,1800000
2023-10-31 12:31:48.955000,1.50694,1.50688,4500000,5400000
2023-10-31 12:31:49.059000,1.50696,1.50692,1200000,1800000
2023-10-31 12:31:49.162000,1.50696,1.50693,1200000,1800000
2023-10-31 12:31:49.265000,1.50696,1.50695,1200000,1800000
2023-10-31 12:31:49.367000,1.50696,1.50694,1200000,1800000
2023-10-31 12:31:49.470000,1.50698,1.50695,1800000,1800000
2023-10-31 12:31:49.838000,1.50699,1.50695,1200000,1800000
2023-10-31 12:31:49.941000,1.50699,1.50694,4500000,1800000
2023-10-31 12:31:50.805000,1.50699,1.50695,1200000,1800000
2023-10-31 12:31:51.176000,1.50698,1.50695,1200000,1800000
2023-10-31 12:31:51.329000,1.50698,1.50694,1200000,1800000
2023-10-31 12:31:51.590000,1.50697,1.50691,1200000,1800000
2023-10-31 12:31:51.693000,1.50697,1.50694,1200000,1800000
2023-10-31 12:31:51.795000,1.50697,1.50693,1200000,1800000
2023-10-31 12:31:51.898000,1.50695,1.50691,4500000,1800000
2023-10-31 12:31:52.002000,1.50694,1.50691,1200000,1800000
2023-10-31 12:31:52.438000,1.50695,1.50688,1200000,1800000
2023-10-31 12:31:53.136000,1.5069,1.50685,3600000,1800000
2023-10-31 12:31:53.249000,1.50691,1.50685,4500000,5400000
2023-10-31 12:31:53.358000,1.5069,1.50685,3600000,1800000
2023-10-31 12:31:53.823000,1.50692,1.50687,4500000,1800000
2023-10-31 12:31:53.875000,1.50694,1.50688,3600000,5400000
2023-10-31 12:31:54.029000,1.50697,1.50691,4500000,5400000
2023-10-31 12:31:54.131000,1.50697,1.50694,1200000,2250000
2023-10-31 12:31:54.234000,1.50698,1.50694,4500000,2250000
2023-10-31 12:31:54.336000,1.50698,1.50693,4500000,2250000
2023-10-31 12:31:54.439000,1.50698,1.50694,1200000,2250000
2023-10-31 12:31:54.727000,1.507,1.50693,4500000,1800000
2023-10-31 12:31:54.830000,1.50699,1.50695,1200000,1800000
2023-10-31 12:31:54.932000,1.50699,1.50694,4500000,1800000
2023-10-31 12:31:55.476000,1.50698,1.50692,1200000,1800000
2023-10-31 12:31:55.578000,1.50699,1.50692,1200000,1800000
2023-10-31 12:31:55.681000,1.50699,1.50693,4500000,1800000
2023-10-31 12:31:55.905000,1.507,1.50693,4500000,1800000
2023-10-31 12:31:56.114000,1.507,1.50694,5400000,1800000
2023-10-31 12:31:56.471000,1.507,1.50695,5400000,1800000
2023-10-31 12:31:56.574000,1.507,1.50696,1800000,1800000
2023-10-31 12:31:56.626000,1.50699,1.50694,3600000,1800000
2023-10-31 12:31:57.174000,1.50699,1.50695,1200000,1800000
2023-10-31 12:31:57.286000,1.507,1.50693,4500000,1800000
2023-10-31 12:31:58.937000,1.507,1.50695,5400000,1800000
2023-10-31 12:31:59.702000,1.50699,1.50694,3600000,1800000
2023-10-31 12:32:00.780000,1.50699,1.50693,4500000,1800000
2023-10-31 12:32:00.938000,1.50698,1.50693,1800000,1800000
2023-10-31 12:32:01.041000,1.50697,1.50692,7200000,1800000
2023-10-31 12:32:01.272000,1.50696,1.50691,3600000,2250000
2023-10-31 12:32:01.375000,1.50697,1.50691,5400000,5400000
2023-10-31 12:32:01.478000,1.50696,1.50691,3600000,1800000
2023-10-31 12:32:01.703000,1.50699,1.50693,1800000,1800000
2023-10-31 12:32:02.032000,1.50699,1.50694,4500000,1800000
2023-10-31 12:32:02.186000,1.50701,1.50696,3600000,1800000
2023-10-31 12:32:02.290000,1.50699,1.50694,5400000,1800000
2023-10-31 12:32:02.937000,1.50699,1.50695,1200000,1800000
2023-10-31 12:32:03.040000,1.507,1.50695,5400000,1800000
2023-10-31 12:32:03.143000,1.507,1.50696,1800000,1800000
2023-10-31 12:32:03.348000,1.50699,1.50694,3600000,1800000
2023-10-31 12:32:03.814000,1.50701,1.50694,4500000,1800000
2023-10-31 12:32:03.969000,1.50702,1.50697,4500000,1800000
2023-10-31 12:32:04.123000,1.50704,1.50701,1350000,1800000
2023-10-31 12:32:04.175000,1.50706,1.50701,4500000,1800000
2023-10-31 12:32:04.634000,1.50706,1.50702,1200000,1800000
2023-10-31 12:32:04.686000,1.50705,1.507,4500000,1800000
2023-10-31 12:32:04.738000,1.50703,1.50698,3600000,1800000
2023-10-31 12:32:04.841000,1.50704,1.50699,6300000,1800000
2023-10-31 12:32:04.944000,1.50703,1.50698,3600000,1800000
2023-10-31 12:32:05.149000,1.50704,1.50699,6300000,1800000
2023-10-31 12:32:05.252000,1.50704,1.507,1200000,1800000
2023-10-31 12:32:05.355000,1.50702,1.50697,3600000,2700000
2023-10-31 12:32:05.460000,1.50702,1.50698,1200000,1800000
2023-10-31 12:32:05.838000,1.50703,1.50699,1200000,1800000
2023-10-31 12:32:05.940000,1.50703,1.50698,1200000,1800000
2023-10-31 12:32:06.095000,1.50703,1.50699,1200000,1800000
2023-10-31 12:32:06.205000,1.50704,1.50699,5400000,1800000
2023-10-31 12:32:06.308000,1.50704,1.507,1200000,1800000
2023-10-31 12:32:06.620000,1.50705,1.50701,1200000,1800000
2023-10-31 12:32:06.672000,1.50707,1.50701,3600000,5400000
2023-10-31 12:32:06.724000,1.50709,1.50704,1800000,1800000
2023-10-31 12:32:06.828000,1.50712,1.50709,1200000,1800000
2023-10-31 12:32:06.931000,1.50713,1.50709,1200000,1800000
2023-10-31 12:32:07.039000,1.50713,1.5071,1200000,1800000
2023-10-31 12:32:07.143000,1.50715,1.50711,4350000,1320000
2023-10-31 12:32:07.247000,1.50714,1.50713,1200000,1800000
2023-10-31 12:32:07.299000,1.50709,1.50706,1200000,1800000
2023-10-31 12:32:07.351000,1.50704,1.50699,1200000,2100000
2023-10-31 12:32:07.403000,1.50703,1.50699,3600000,1800000
2023-10-31 12:32:07.506000,1.50705,1.50699,6300000,1200000
2023-10-31 12:32:07.558000,1.50708,1.50704,1200000,1800000
2023-10-31 12:32:07.610000,1.50704,1.50699,4500000,1800000
2023-10-31 12:32:07.662000,1.50708,1.50704,1200000,1800000
2023-10-31 12:32:07.714000,1.50704,1.50699,4500000,1800000
2023-10-31 12:32:07.766000,1.50702,1.50698,5400000,2700000
2023-10-31 12:32:08.303000,1.50702,1.50697,5400000,1800000
2023-10-31 12:32:08.409000,1.50704,1.507,6300000,1200000
2023-10-31 12:32:08.461000,1.50709,1.50705,5400000,1800000
2023-10-31 12:32:08.563000,1.5071,1.50705,1800000,1800000
2023-10-31 12:32:08.768000,1.5071,1.50707,1200000,1800000
2023-10-31 12:32:08.871000,1.50711,1.50708,1200000,1800000
2023-10-31 12:32:09.442000,1.50711,1.50709,1200000,1800000
2023-10-31 12:32:09.645000,1.50713,1.50709,1600000,1800000
2023-10-31 12:32:09.750000,1.50717,1.50712,3600000,1800000
2023-10-31 12:32:09.853000,1.50718,1.50713,4500000,1800000
2023-10-31 12:32:09.957000,1.50714,1.5071,5400000,1200000
2023-10-31 12:32:10.060000,1.50712,1.50708,3600000,1800000
2023-10-31 12:32:10.264000,1.50712,1.50707,3600000,2700000
2023-10-31 12:32:10.457000,1.50711,1.50706,3600000,2700000
2023-10-31 12:32:10.560000,1.50712,1.50706,4500000,6300000
2023-10-31 12:32:10.663000,1.50713,1.50706,6300000,1800000
2023-10-31 12:32:10.830000,1.50711,1.50707,3600000,1800000
2023-10-31 12:32:11.035000,1.50713,1.50706,6300000,1800000
2023-10-31 12:32:11.845000,1.50712,1.50708,4500000,1800000
2023-10-31 12:32:11.948000,1.50708,1.50704,1200000,5400000
2023-10-31 12:32:12.051000,1.50708,1.50705,1200000,1800000
2023-10-31 12:32:12.103000,1.5071,1.50705,1200000,5400000
2023-10-31 12:32:12.360000,1.50706,1.50703,2700000,5400000
2023-10-31 12:32:12.464000,1.50704,1.50701,5400000,1200000
2023-10-31 12:32:12.617000,1.50704,1.50699,3600000,1800000
2023-10-31 12:32:12.719000,1.50703,1.50699,3600000,2250000
2023-10-31 12:32:12.978000,1.50703,1.50698,3600000,2250000
2023-10-31 12:32:13.183000,1.50703,1.50697,3600000,2250000
2023-10-31 12:32:13.286000,1.50703,1.50698,3600000,1800000
2023-10-31 12:32:13.494000,1.50704,1.50699,4500000,1800000
2023-10-31 12:32:13.700000,1.50706,1.50701,4500000,1800000
2023-10-31 12:32:13.956000,1.50703,1.50696,3600000,2250000
2023-10-31 12:32:14.388000,1.50701,1.50697,3600000,2250000
2023-10-31 12:32:14.441000,1.50703,1.50698,3600000,2250000
2023-10-31 12:32:14.646000,1.50701,1.50697,3600000,1800000
2023-10-31 12:32:14.850000,1.50703,1.50698,3600000,2250000
2023-10-31 12:32:15.257000,1.50702,1.50697,4500000,1800000
2023-10-31 12:32:15.411000,1.50702,1.50698,1200000,1800000
2023-10-31 12:32:16.279000,1.50702,1.50697,4500000,2250000
2023-10-31 12:32:16.483000,1.50702,1.50698,1200000,1800000
2023-10-31 12:32:16.586000,1.50702,1.50696,1200000,1800000
2023-10-31 12:32:17.127000,1.50699,1.50696,1200000,1800000
2023-10-31 12:32:17.230000,1.50699,1.50697,1200000,1800000
2023-10-31 12:32:18.097000,1.50701,1.50697,1350000,1800000
2023-10-31 12:32:18.150000,1.507,1.50695,3600000,1800000
2023-10-31 12:32:18.201000,1.50701,1.50697,1200000,1800000
2023-10-31 12:32:22.993000,1.50701,1.50698,1200000,1800000
2023-10-31 12:32:23.352000,1.50701,1.50697,1200000,1800000
2023-10-31 12:32:23.556000,1.50701,1.50698,1200000,1800000
2023-10-31 12:32:24.034000,1.50703,1.50698,3600000,1800000
2023-10-31 12:32:24.085000,1.50704,1.50699,6300000,1800000
2023-10-31 12:32:24.597000,1.50703,1.50699,1200000,1800000
2023-10-31 12:32:24.843000,1.50703,1.507,4500000,1200000
2023-10-31 12:32:24.895000,1.50707,1.50702,1350000,5400000
2023-10-31 12:32:24.946000,1.50708,1.50704,2100000,1800000
2023-10-31 12:32:25.049000,1.50711,1.50703,4950000,5400000
2023-10-31 12:32:25.152000,1.5071,1.50706,1350000,1800000
2023-10-31 12:32:25.267000,1.50708,1.50706,1200000,1800000
2023-10-31 12:32:26.637000,1.50709,1.50706,1200000,1800000
2023-10-31 12:32:26.741000,1.5071,1.50706,1200000,1800000
2023-10-31 12:32:26.955000,1.5071,1.50707,1200000,1800000
2023-10-31 12:32:27.415000,1.50709,1.50707,1200000,1800000
2023-10-31 12:32:27.518000,1.50709,1.50706,1200000,1800000
2023-10-31 12:32:27.991000,1.50709,1.50705,1200000,1800000
2023-10-31 12:32:28.248000,1.50709,1.50706,1200000,1800000
2023-10-31 12:32:30.188000,1.50709,1.50705,1200000,1800000
2023-10-31 12:32:30.443000,1.50709,1.50706,1200000,1800000
2023-10-31 12:32:31.426000,1.50712,1.50708,4430000,1800000
2023-10-31 12:32:31.530000,1.50711,1.50707,4500000,1800000
2023-10-31 12:32:31.632000,1.5071,1.50707,1200000,1800000
2023-10-31 12:32:32.040000,1.50707,1.50705,1200000,2250000
2023-10-31 12:32:32.092000,1.50703,1.50699,5400000,2250000
2023-10-31 12:32:32.195000,1.50702,1.50698,4500000,1200000
2023-10-31 12:32:32.451000,1.50701,1.50698,3600000,1200000
2023-10-31 12:32:32.560000,1.50701,1.50697,3600000,1800000
2023-10-31 12:32:33.631000,1.50702,1.50697,4500000,1800000
2023-10-31 12:32:33.986000,1.50703,1.50698,4500000,1800000
2023-10-31 12:32:34.091000,1.50702,1.50698,1200000,1800000
2023-10-31 12:32:34.145000,1.50704,1.50702,1200000,1800000
2023-10-31 12:32:34.201000,1.50707,1.50703,1100000,3600000
2023-10-31 12:32:34.303000,1.50708,1.50703,1200000,3600000
2023-10-31 12:32:34.406000,1.50708,1.50705,1200000,1800000
2023-10-31 12:32:34.816000,1.50708,1.50706,1200000,1800000
2023-10-31 12:32:34.918000,1.50709,1.50706,1200000,1800000
2023-10-31 12:32:35.313000,1.50711,1.50705,4500000,1800000
2023-10-31 12:32:35.415000,1.5071,1.50705,4500000,1800000
2023-10-31 12:32:35.877000,1.5071,1.50706,4500000,1800000
2023-10-31 12:32:36.988000,1.50708,1.50706,1200000,1800000
2023-10-31 12:32:38.336000,1.50707,1.50701,4500000,3600000
2023-10-31 12:32:38.440000,1.50707,1.50705,1200000,1800000
2023-10-31 12:32:38.707000,1.50708,1.50705,1200000,1800000
2023-10-31 12:32:39.012000,1.50708,1.50706,1200000,1800000
2023-10-31 12:32:39.910000,1.50711,1.50705,3600000,1800000
2023-10-31 12:32:40.013000,1.50708,1.50705,1200000,1800000
2023-10-31 12:32:40.065000,1.50712,1.50707,5500000,1800000
2023-10-31 12:32:40.119000,1.50709,1.50706,1200000,1800000
2023-10-31 12:32:40.222000,1.50709,1.50705,4500000,1800000
2023-10-31 12:32:40.478000,1.50709,1.50706,1200000,1800000
2023-10-31 12:32:41.447000,1.5071,1.50706,1200000,1800000
2023-10-31 12:32:41.550000,1.50713,1.50709,4150000,2700000
2023-10-31 12:32:41.654000,1.50714,1.50711,1100000,1800000
2023-10-31 12:32:41.706000,1.50715,1.50712,1200000,1800000
2023-10-31 12:32:41.809000,1.50714,1.5071,1800000,6300000
2023-10-31 12:32:41.862000,1.50714,1.50712,1200000,1800000
2023-10-31 12:32:41.965000,1.50716,1.50711,1800000,1800000
2023-10-31 12:32:42.068000,1.50712,1.50708,1200000,1800000
2023-10-31 12:32:42.271000,1.50712,1.50709,1200000,1800000
2023-10-31 12:32:42.519000,1.50712,1.50707,4500000,2700000
2023-10-31 12:32:43.427000,1.50712,1.50709,4500000,1800000
2023-10-31 12:32:44.031000,1.50712,1.50707,4500000,1800000
2023-10-31 12:32:44.134000,1.50711,1.50707,1200000,1800000
2023-10-31 12:32:44.974000,1.50713,1.50706,4500000,2700000
2023-10-31 12:32:45.079000,1.50711,1.50706,5400000,1800000
2023-10-31 12:32:48.020000,1.50711,1.50707,1200000,1800000
2023-10-31 12:32:50.662000,1.50707,1.50703,5400000,2700000
2023-10-31 12:32:50.766000,1.50707,1.50704,1350000,1800000
2023-10-31 12:32:50.870000,1.50708,1.50707,1200000,2250000
2023-10-31 12:32:50.922000,1.50711,1.50707,4950000,2250000
2023-10-31 12:32:51.025000,1.50711,1.50706,1200000,2250000
2023-10-31 12:32:51.179000,1.5071,1.50706,1200000,2250000
2023-10-31 12:32:51.333000,1.5071,1.50707,1200000,1800000
2023-10-31 12:32:51.486000,1.50708,1.50707,1200000,1800000
2023-10-31 12:32:51.589000,1.50708,1.50706,1200000,1800000
2023-10-31 12:32:52.802000,1.50708,1.50707,1200000,1800000
2023-10-31 12:32:53.271000,1.50709,1.50707,1200000,1800000
2023-10-31 12:32:53.373000,1.50709,1.50705,1200000,1800000
2023-10-31 12:32:53.772000,1.50709,1.50708,1200000,1800000
2023-10-31 12:32:54.699000,1.50709,1.50707,1200000,1800000
2023-10-31 12:32:55.388000,1.50713,1.50709,4250000,1800000
2023-10-31 12:32:55.493000,1.50715,1.50712,1100000,1800000
2023-10-31 12:32:55.700000,1.50715,1.50712,1200000,1800000
2023-10-31 12:32:55.803000,1.50715,1.50713,1200000,2700000
2023-10-31 12:32:55.855000,1.50722,1.50716,4500000,5400000
2023-10-31 12:32:55.907000,1.50724,1.50719,4500000,1800000
2023-10-31 12:32:56.119000,1.50724,1.50721,1200000,1800000
2023-10-31 12:32:56.245000,1.50724,1.5072,1200000,3600000
2023-10-31 12:32:56.365000,1.50724,1.50719,5400000,1800000
2023-10-31 12:32:56.468000,1.50724,1.5072,1200000,1800000
2023-10-31 12:32:56.882000,1.50724,1.50721,1200000,1800000
2023-10-31 12:32:56.984000,1.50725,1.50719,1200000,1800000
2023-10-31 12:32:57.086000,1.50724,1.50719,1200000,1800000
2023-10-31 12:32:57.304000,1.50729,1.50727,1800000,1800000
2023-10-31 12:32:57.356000,1.50732,1.5073,1720000,1800000
2023-10-31 12:32:57.409000,1.50733,1.5073,1200000,1800000
2023-10-31 12:32:57.460000,1.50734,1.50727,4500000,1800000
2023-10-31 12:32:57.512000,1.50733,1.5073,1200000,1800000
2023-10-31 12:32:57.564000,1.50732,1.50728,5400000,1800000
2023-10-31 12:32:57.667000,1.50732,1.50727,5400000,1800000
2023-10-31 12:32:57.896000,1.50731,1.50727,3600000,1800000
2023-10-31 12:32:58.015000,1.50734,1.50729,1200000,1800000
2023-10-31 12:32:58.272000,1.50736,1.50728,5400000,5400000
2023-10-31 12:32:58.324000,1.50735,1.50731,6300000,1800000
2023-10-31 12:32:58.477000,1.50734,1.50729,3600000,1800000
2023-10-31 12:32:58.849000,1.50735,1.5073,5400000,1800000
2023-10-31 12:32:58.951000,1.50735,1.50731,5400000,1800000
2023-10-31 12:32:59.090000,1.50736,1.50729,6300000,1800000
2023-10-31 12:32:59.650000,1.50735,1.50731,5400000,1800000
2023-10-31 12:32:59.752000,1.50735,1.5073,5400000,1800000
2023-10-31 12:32:59.855000,1.50735,1.50731,1800000,1800000
2023-10-31 12:32:59.906000,1.50734,1.50729,3600000,1800000
2023-10-31 12:33:00.060000,1.50735,1.5073,5400000,1800000
2023-10-31 12:33:00.162000,1.50735,1.50731,1800000,1800000
2023-10-31 12:33:00.265000,1.50735,1.5073,3600000,2250000
2023-10-31 12:33:00.317000,1.50736,1.50732,2250000,1800000
2023-10-31 12:33:00.419000,1.50736,1.5073,2250000,5400000
2023-10-31 12:33:00.472000,1.50736,1.50732,4950000,1800000
2023-10-31 12:33:00.574000,1.50737,1.50732,4500000,1800000
2023-10-31 12:33:00.696000,1.50736,1.50731,3600000,1800000
2023-10-31 12:33:01.004000,1.50737,1.50732,5400000,1800000
2023-10-31 12:33:01.108000,1.50735,1.5073,4500000,1800000
2023-10-31 12:33:01.312000,1.50735,1.50731,1200000,1800000
2023-10-31 12:33:01.540000,1.50734,1.5073,3600000,1800000
2023-10-31 12:33:01.642000,1.50735,1.50731,4500000,1800000
2023-10-31 12:33:02.163000,1.50736,1.50731,4500000,1800000
2023-10-31 12:33:02.266000,1.50733,1.50731,1200000,1800000
2023-10-31 12:33:02.318000,1.50733,1.50728,4500000,1800000
2023-10-31 12:33:02.995000,1.50733,1.50729,4500000,1800000
2023-10-31 12:33:03.380000,1.50733,1.5073,3600000,1200000
2023-10-31 12:33:03.550000,1.50734,1.5073,5590000,1200000
2023-10-31 12:33:03.652000,1.50735,1.50728,5400000,1800000
2023-10-31 12:33:03.756000,1.50733,1.50729,1200000,1800000
2023-10-31 12:33:04.070000,1.50735,1.50728,5400000,1800000
2023-10-31 12:33:04.173000,1.50733,1.50729,1200000,1800000
2023-10-31 12:33:05.846000,1.50733,1.5073,1200000,1890000
2023-10-31 12:33:05.949000,1.50738,1.50737,1200000,1800000
2023-10-31 12:33:06.001000,1.50735,1.50733,1200000,4120000
2023-10-31 12:33:06.054000,1.50739,1.50736,1100000,2700000
2023-10-31 12:33:06.106000,1.50743,1.50739,7200000,1800000
2023-10-31 12:33:06.158000,1.50743,1.50741,3600000,1800000
2023-10-31 12:33:06.262000,1.50743,1.5074,1200000,1800000
2023-10-31 12:33:06.365000,1.50743,1.50741,1200000,1800000
2023-10-31 12:33:06.486000,1.50743,1.5074,1200000,1800000
2023-10-31 12:33:06.589000,1.50744,1.50741,1800000,1800000
2023-10-31 12:33:06.856000,1.50744,1.5074,1800000,1800000
2023-10-31 12:33:06.958000,1.50744,1.50741,1800000,1800000
2023-10-31 12:33:07.162000,1.50744,1.5074,1800000,1800000
2023-10-31 12:33:07.555000,1.50744,1.50741,1800000,1800000
2023-10-31 12:33:07.811000,1.50743,1.50739,1800000,5850000
2023-10-31 12:33:07.863000,1.50741,1.50736,4500000,2250000
2023-10-31 12:33:08.220000,1.50741,1.50737,1200000,1800000
2023-10-31 12:33:08.375000,1.5074,1.50735,5400000,1800000
2023-10-31 12:33:08.580000,1.5074,1.50734,1200000,1800000
2023-10-31 12:33:09.638000,1.5074,1.50735,1800000,5400000
2023-10-31 12:33:09.791000,1.50739,1.50735,1200000,1800000
2023-10-31 12:33:10.107000,1.50738,1.50734,1200000,2700000
2023-10-31 12:33:10.210000,1.50742,1.50735,4500000,1800000
2023-10-31 12:33:11.032000,1.50741,1.50737,5400000,1800000
2023-10-31 12:33:11.353000,1.50741,1.50738,1200000,1800000
2023-10-31 12:33:11.406000,1.50743,1.50739,1800000,1800000
2023-10-31 12:33:11.509000,1.50744,1.50739,1200000,5400000
2023-10-31 12:33:11.763000,1.50744,1.5074,1200000,1800000
2023-10-31 12:33:11.866000,1.50745,1.5074,5400000,1800000
2023-10-31 12:33:12.070000,1.50745,1.50741,1200000,2870000
2023-10-31 12:33:12.123000,1.50748,1.50745,5850000,1800000
2023-10-31 12:33:12.175000,1.50747,1.50743,1200000,3600000
2023-10-31 12:33:12.227000,1.50746,1.50741,3600000,1800000
2023-10-31 12:33:12.380000,1.50747,1.50742,4500000,1800000
2023-10-31 12:33:12.483000,1.50747,1.50743,1200000,1800000
2023-10-31 12:33:12.621000,1.50747,1.50742,4500000,1800000
2023-10-31 12:33:13.200000,1.50746,1.50742,3600000,1800000
2023-10-31 12:33:13.302000,1.50747,1.50743,1200000,1800000
2023-10-31 12:33:13.407000,1.50747,1.50742,4500000,1800000
2023-10-31 12:33:13.997000,1.50747,1.50743,1200000,1800000
2023-10-31 12:33:14.603000,1.50747,1.50744,1200000,1800000
2023-10-31 12:33:14.705000,1.50747,1.50743,4500000,1800000
2023-10-31 12:33:14.936000,1.50747,1.50744,1200000,1800000
2023-10-31 12:33:15.039000,1.50747,1.50743,1200000,1800000
2023-10-31 12:33:15.735000,1.50747,1.5074,3600000,1800000
2023-10-31 12:33:16.506000,1.50747,1.50743,1800000,1800000
2023-10-31 12:33:16.609000,1.50746,1.50739,3600000,2250000
2023-10-31 12:33:16.892000,1.50746,1.50742,4500000,2250000
2023-10-31 12:33:16.944000,1.50745,1.5074,3600000,1800000
2023-10-31 12:33:17.046000,1.50747,1.5074,5400000,1800000
2023-10-31 12:33:17.150000,1.50743,1.50739,1200000,6300000
2023-10-31 12:33:17.203000,1.50745,1.5074,4500000,1800000
2023-10-31 12:33:17.423000,1.50745,1.50739,1200000,1800000
2023-10-31 12:33:17.646000,1.50744,1.50741,1200000,1800000
2023-10-31 12:33:17.699000,1.50744,1.50739,4500000,2700000
2023-10-31 12:33:17.954000,1.50744,1.5074,1200000,1800000
2023-10-31 12:33:18.112000,1.50745,1.5074,5400000,1800000
2023-10-31 12:33:18.224000,1.50745,1.50741,1800000,1800000
2023-10-31 12:33:18.326000,1.50744,1.5074,3600000,1800000
2023-10-31 12:33:18.428000,1.50745,1.50741,1800000,1800000
2023-10-31 12:33:18.649000,1.50744,1.50741,1200000,1800000
2023-10-31 12:33:18.803000,1.50744,1.5074,1200000,1800000
2023-10-31 12:33:19.007000,1.50744,1.50741,1200000,1800000
2023-10-31 12:33:19.535000,1.50743,1.50738,3600000,1800000
2023-10-31 12:33:19.586000,1.50744,1.50741,2340000,1800000
2023-10-31 12:33:20,1.50744,1.50739,4140000,1800000
2023-10-31 12:33:20.103000,1.50745,1.50742,2340000,1800000
2023-10-31 12:33:20.258000,1.50745,1.50742,1990000,2250000
2023-10-31 12:33:20.360000,1.50746,1.50741,2340000,2250000
2023-10-31 12:33:20.524000,1.50746,1.50743,1200000,1800000
2023-10-31 12:33:20.786000,1.50747,1.50744,1200000,1800000
2023-10-31 12:33:20.939000,1.50747,1.50743,1440000,1800000
2023-10-31 12:33:21.245000,1.50743,1.50739,1440000,2700000
2023-10-31 12:33:21.349000,1.50743,1.50739,1800000,3600000
2023-10-31 12:33:21.452000,1.50743,1.50742,1200000,1800000
2023-10-31 12:33:21.504000,1.50743,1.50739,1200000,1800000
2023-10-31 12:33:21.555000,1.50743,1.50742,1200000,1800000
2023-10-31 12:33:21.708000,1.50743,1.50741,1200000,1800000
2023-10-31 12:33:21.913000,1.50743,1.5074,1200000,1800000
2023-10-31 12:33:22.425000,1.50743,1.50739,1200000,1800000
2023-10-31 12:33:22.528000,1.50742,1.50737,4470000,1800000
2023-10-31 12:33:22.632000,1.50741,1.50738,1440000,1800000
2023-10-31 12:33:22.684000,1.50739,1.50735,1720000,2700000
2023-10-31 12:33:22.737000,1.50734,1.50733,1800000,1350000
2023-10-31 12:33:22.789000,1.50731,1.50728,1440000,4500000
2023-10-31 12:33:22.892000,1.50733,1.5073,2340000,1800000
2023-10-31 12:33:22.996000,1.50731,1.50727,1200000,1200000
2023-10-31 12:33:23.099000,1.5073,1.50727,1200000,1800000
2023-10-31 12:33:23.202000,1.5073,1.50726,4500000,1800000
2023-10-31 12:33:23.508000,1.5073,1.50727,1200000,1800000
2023-10-31 12:33:23.661000,1.5073,1.50726,1200000,1800000
2023-10-31 12:33:23.892000,1.5073,1.50727,1440000,1800000
2023-10-31 12:33:23.995000,1.50731,1.50727,1200000,1800000
2023-10-31 12:33:24.097000,1.5073,1.50727,1200000,2250000
2023-10-31 12:33:24.606000,1.50731,1.50725,1200000,1800000
2023-10-31 12:33:25.168000,1.5073,1.50727,1200000,1800000
2023-10-31 12:33:25.271000,1.50731,1.50727,1200000,1800000
2023-10-31 12:33:25.377000,1.50733,1.50729,2340000,2250000
2023-10-31 12:33:25.713000,1.50733,1.5073,2340000,1800000
2023-10-31 12:33:26.216000,1.50734,1.50727,5940000,2250000
2023-10-31 12:33:26.318000,1.50733,1.50729,2340000,3600000
2023-10-31 12:33:26.422000,1.50734,1.50728,2220000,3600000
2023-10-31 12:33:26.524000,1.50733,1.50729,2340000,2250000
2023-10-31 12:33:26.627000,1.50735,1.50729,2340000,2250000
2023-10-31 12:33:27.481000,1.50735,1.5073,1800000,2250000
2023-10-31 12:33:27.584000,1.50733,1.50731,1200000,1800000
2023-10-31 12:33:27.637000,1.50731,1.50727,1800000,1800000
2023-10-31 12:33:29.374000,1.5073,1.50726,1200000,1800000
2023-10-31 12:33:29.528000,1.5073,1.50727,1200000,1800000
2023-10-31 12:33:29.848000,1.5073,1.50728,1200000,1800000
2023-10-31 12:33:30.742000,1.50733,1.50728,1800000,1800000
2023-10-31 12:33:30.846000,1.50731,1.5073,1200000,1800000
2023-10-31 12:33:30.900000,1.50725,1.50723,1800000,1200000
2023-10-31 12:33:30.952000,1.50723,1.5072,4500000,1800000
2023-10-31 12:33:31.055000,1.50722,1.50717,3600000,1800000
2023-10-31 12:33:31.106000,1.50723,1.50719,4600000,1800000
2023-10-31 12:33:31.209000,1.50723,1.50718,1330000,5400000
2023-10-31 12:33:31.313000,1.50722,1.50716,5400000,5400000
2023-10-31 12:33:31.417000,1.5072,1.50717,1200000,1800000
2023-10-31 12:33:31.876000,1.5072,1.50718,1200000,2250000
2023-10-31 12:33:32.080000,1.50723,1.50718,3600000,2250000
2023-10-31 12:33:32.183000,1.50723,1.50719,1900000,2250000
2023-10-31 12:33:32.302000,1.50724,1.50717,1900000,3600000
2023-10-31 12:33:32.455000,1.50722,1.50717,3600000,1800000
2023-10-31 12:33:32.621000,1.50721,1.50717,1800000,5400000
2023-10-31 12:33:33.028000,1.50721,1.50718,1800000,2250000
2023-10-31 12:33:33.355000,1.50721,1.50717,1800000,1800000
2023-10-31 12:33:33.457000,1.5072,1.50717,1800000,1800000
2023-10-31 12:33:33.561000,1.50719,1.50716,1200000,1800000
2023-10-31 12:33:33.714000,1.50719,1.50714,4500000,2250000
2023-10-31 12:33:33.766000,1.50719,1.50716,1200000,2250000
2023-10-31 12:33:34.558000,1.50719,1.50717,1200000,2250000
2023-10-31 12:33:34.712000,1.50719,1.50718,1200000,2250000
2023-10-31 12:33:34.814000,1.5072,1.50717,1800000,4500000
2023-10-31 12:33:34.916000,1.5072,1.50716,1800000,3600000
2023-10-31 12:33:35.078000,1.5072,1.50718,1800000,2250000
2023-10-31 12:33:35.517000,1.5072,1.50716,1800000,1800000
2023-10-31 12:33:36.944000,1.5072,1.50717,1200000,4500000
2023-10-31 12:33:37.054000,1.50721,1.50717,1200000,4500000
2023-10-31 12:33:37.285000,1.5072,1.50716,1200000,6300000
2023-10-31 12:33:37.542000,1.5072,1.50717,1800000,4500000
2023-10-31 12:33:37.795000,1.5072,1.50716,1800000,2250000
2023-10-31 12:33:37.897000,1.5072,1.50717,1800000,2250000
2023-10-31 12:33:40.346000,1.50717,1.50712,4500000,2250000
2023-10-31 12:33:40.398000,1.50715,1.50711,1200000,2700000
2023-10-31 12:33:40.501000,1.50718,1.50715,1890000,1800000
2023-10-31 12:33:40.813000,1.50719,1.50713,1200000,1800000
2023-10-31 12:33:43.240000,1.50719,1.50714,1800000,5400000
2023-10-31 12:33:43.342000,1.50719,1.50715,1800000,1800000
2023-10-31 12:33:43.904000,1.50719,1.50716,1800000,1800000
2023-10-31 12:33:44.008000,1.50719,1.50715,1800000,1800000
2023-10-31 12:33:44.111000,1.50718,1.50714,2250000,1800000
2023-10-31 12:33:44.213000,1.50717,1.50713,4500000,1800000
2023-10-31 12:33:44.265000,1.50716,1.50711,4500000,2700000
2023-10-31 12:33:44.368000,1.50715,1.50711,1200000,2700000
2023-10-31 12:33:44.470000,1.50717,1.5071,4500000,2700000
2023-10-31 12:33:44.631000,1.50715,1.50711,1200000,2700000
2023-10-31 12:33:44.836000,1.50717,1.50712,5400000,1800000
2023-10-31 12:33:45.260000,1.50717,1.50714,1800000,1800000
2023-10-31 12:33:45.559000,1.50717,1.50715,1200000,1800000
2023-10-31 12:33:47.102000,1.50717,1.50714,1200000,1800000
2023-10-31 12:33:47.256000,1.50717,1.50712,4500000,1800000
2023-10-31 12:33:47.410000,1.50717,1.50713,1200000,1800000
2023-10-31 12:33:47.796000,1.5072,1.50716,2100000,5400000
2023-10-31 12:33:47.899000,1.5072,1.50716,4500000,1800000
2023-10-31 12:33:48.223000,1.50722,1.50716,4350000,5400000
2023-10-31 12:33:48.325000,1.50722,1.50717,4500000,1800000
2023-10-31 12:33:49.057000,1.50719,1.50715,1200000,1800000
2023-10-31 12:33:49.160000,1.50718,1.50713,3600000,2700000
2023-10-31 12:33:49.313000,1.50719,1.50714,4500000,1800000
2023-10-31 12:33:50.182000,1.5072,1.50715,1800000,2250000
2023-10-31 12:33:50.285000,1.5072,1.50714,1200000,2340000
2023-10-31 12:33:50.541000,1.5072,1.50716,4500000,1800000
2023-10-31 12:33:50.873000,1.5072,1.50717,1200000,1800000
2023-10-31 12:33:51.064000,1.5072,1.50716,1800000,1800000
2023-10-31 12:33:51.167000,1.50719,1.50716,1350000,1800000
2023-10-31 12:33:51.218000,1.50718,1.50714,3600000,1800000
2023-10-31 12:33:51.360000,1.50719,1.50714,1350000,1800000
2023-10-31 12:33:51.502000,1.50718,1.50714,3600000,1800000
2023-10-31 12:33:51.911000,1.50719,1.50715,1350000,1800000
2023-10-31 12:33:52.674000,1.50721,1.50717,4730000,1800000
2023-10-31 12:33:52.878000,1.50721,1.50718,1200000,1800000
2023-10-31 12:33:53.186000,1.50724,1.50722,1330000,1200000
2023-10-31 12:33:53.239000,1.5073,1.50727,5400000,1800000
2023-10-31 12:33:53.291000,1.50733,1.5073,1100000,1800000
2023-10-31 12:33:53.343000,1.50726,1.50724,2250000,1200000
2023-10-31 12:33:53.394000,1.50727,1.50724,1200000,1200000
2023-10-31 12:33:53.446000,1.50724,1.50719,3600000,4500000
2023-10-31 12:33:53.702000,1.50727,1.5072,4950000,2970000
2023-10-31 12:33:53.754000,1.50725,1.50718,3600000,4500000
2023-10-31 12:33:53.857000,1.50724,1.50721,1800000,1800000
2023-10-31 12:33:53.961000,1.50724,1.50719,4500000,1800000
2023-10-31 12:33:54.063000,1.50723,1.50719,1200000,1800000
2023-10-31 12:33:54.217000,1.5072,1.50718,2700000,1800000
2023-10-31 12:33:54.320000,1.5072,1.50717,2700000,1800000
2023-10-31 12:33:54.423000,1.50723,1.50719,1200000,1800000
2023-10-31 12:33:54.923000,1.50724,1.50719,4500000,1800000
2023-10-31 12:33:55.025000,1.50723,1.50719,1200000,1800000
2023-10-31 12:33:55.389000,1.50721,1.50718,1200000,1800000
2023-10-31 12:33:55.492000,1.50721,1.50717,3060000,1800000
2023-10-31 12:33:55.594000,1.5072,1.50717,2160000,1800000
2023-10-31 12:33:56.509000,1.50726,1.50719,4950000,1800000
2023-10-31 12:33:56.613000,1.50724,1.50719,5400000,2700000
2023-10-31 12:33:57.175000,1.50723,1.50719,1200000,2700000
2023-10-31 12:33:57.518000,1.5073,1.50727,3970000,1800000
2023-10-31 12:33:57.570000,1.50732,1.50728,1800000,1800000
2023-10-31 12:33:57.774000,1.50732,1.50729,1200000,1800000
2023-10-31 12:33:58.473000,1.50734,1.50729,3600000,1800000
2023-10-31 12:33:58.576000,1.50732,1.50725,5400000,1800000
2023-10-31 12:33:58.678000,1.50729,1.50726,1300000,1800000
2023-10-31 12:33:58.782000,1.50728,1.50725,2610000,1800000
2023-10-31 12:33:58.884000,1.50729,1.50725,2610000,1800000
2023-10-31 12:34:02.126000,1.50729,1.50726,3510000,1800000
2023-10-31 12:34:02.229000,1.50729,1.50727,1200000,1800000
2023-10-31 12:34:03.020000,1.50729,1.50725,1200000,5400000
2023-10-31 12:34:06.039000,1.50726,1.50724,1200000,3600000
2023-10-31 12:34:06.143000,1.50727,1.50724,1200000,1800000
2023-10-31 12:34:06.490000,1.50728,1.50725,2430000,1800000
2023-10-31 12:34:06.747000,1.50728,1.50726,1200000,1800000
2023-10-31 12:34:06.849000,1.5073,1.50726,6300000,1800000
2023-10-31 12:34:07.186000,1.50734,1.50732,1100000,1800000
2023-10-31 12:34:07.241000,1.50746,1.50741,3600000,1800000
2023-10-31 12:34:07.294000,1.50741,1.50737,3600000,2700000
2023-10-31 12:34:07.347000,1.50744,1.50742,1440000,1800000
2023-10-31 12:34:07.399000,1.50742,1.50737,4720000,1200000
2023-10-31 12:34:07.451000,1.50739,1.50733,4500000,1800000
2023-10-31 12:34:07.503000,1.50744,1.50741,1200000,1800000
2023-10-31 12:34:07.555000,1.50744,1.50739,6300000,2700000
2023-10-31 12:34:07.658000,1.50744,1.50742,1200000,1800000
2023-10-31 12:34:07.710000,1.50744,1.5074,1800000,1800000
2023-10-31 12:34:07.762000,1.50743,1.50737,3600000,1800000
2023-10-31 12:34:07.865000,1.50743,1.50738,3600000,2700000
2023-10-31 12:34:07.968000,1.50744,1.50741,1200000,1800000
2023-10-31 12:34:08.071000,1.50744,1.5074,1200000,1800000
2023-10-31 12:34:08.173000,1.50746,1.5074,5400000,1800000
2023-10-31 12:34:08.340000,1.50746,1.50741,5400000,1800000
2023-10-31 12:34:08.544000,1.50746,1.50742,1200000,1800000
2023-10-31 12:34:08.646000,1.50746,1.50741,4500000,1800000
2023-10-31 12:34:08.748000,1.50745,1.50741,3600000,1800000
2023-10-31 12:34:08.851000,1.50745,1.5074,4410000,1800000
2023-10-31 12:34:08.954000,1.50746,1.50741,4900000,1800000
2023-10-31 12:34:09.057000,1.50744,1.5074,3600000,1800000
2023-10-31 12:34:09.160000,1.50743,1.5074,1080000,1800000
2023-10-31 12:34:09.263000,1.50742,1.50739,1080000,1800000
2023-10-31 12:34:09.417000,1.50742,1.50738,1080000,1800000
2023-10-31 12:34:09.520000,1.50741,1.50738,1080000,1800000
2023-10-31 12:34:09.622000,1.50742,1.50738,1080000,1800000
2023-10-31 12:34:11.190000,1.50743,1.50736,5310000,1800000
2023-10-31 12:34:11.294000,1.50735,1.50733,1650000,12600000
2023-10-31 12:34:11.346000,1.50729,1.50725,1200000,1800000
2023-10-31 12:34:11.398000,1.50725,1.50722,1200000,1720000
2023-10-31 12:34:11.450000,1.50727,1.50725,2650000,10800000
2023-10-31 12:34:11.502000,1.50729,1.50725,5310000,10800000
2023-10-31 12:34:12.101000,1.50729,1.50726,1080000,1800000
2023-10-31 12:34:12.204000,1.5073,1.50726,4410000,1800000
2023-10-31 12:34:12.306000,1.50729,1.50726,1080000,1800000
2023-10-31 12:34:12.986000,1.5073,1.50724,1080000,1800000
2023-10-31 12:34:13.550000,1.50729,1.50726,1080000,1800000
2023-10-31 12:34:13.601000,1.50731,1.50727,4410000,1800000
2023-10-31 12:34:13.703000,1.5073,1.50726,3600000,1800000
2023-10-31 12:34:13.806000,1.50731,1.50726,4410000,1800000
2023-10-31 12:34:13.933000,1.5073,1.50726,1080000,1800000
2023-10-31 12:34:14.035000,1.50731,1.50727,1080000,1800000
2023-10-31 12:34:14.240000,1.50731,1.50728,1080000,1800000
2023-10-31 12:34:14.495000,1.50731,1.50729,1080000,1800000
2023-10-31 12:34:14.600000,1.50732,1.50729,1200000,1800000
2023-10-31 12:34:14.702000,1.50733,1.50729,1200000,1800000
2023-10-31 12:34:15.162000,1.50733,1.5073,1200000,1800000
2023-10-31 12:34:15.214000,1.50734,1.50733,1260000,1200000
2023-10-31 12:34:15.267000,1.50739,1.50733,1100000,1800000
2023-10-31 12:34:15.319000,1.5074,1.50737,1660000,1800000
2023-10-31 12:34:15.422000,1.50741,1.50736,1710000,1800000
2023-10-31 12:34:15.524000,1.5074,1.50738,1200000,1800000
2023-10-31 12:34:15.627000,1.50741,1.50738,1200000,1800000
2023-10-31 12:34:15.830000,1.50741,1.50739,1200000,1800000
2023-10-31 12:34:16.015000,1.50742,1.50739,1200000,1800000
2023-10-31 12:34:16.600000,1.50744,1.5074,4500000,1800000
2023-10-31 12:34:16.652000,1.50742,1.50739,1200000,1800000
2023-10-31 12:34:16.868000,1.50744,1.50742,5400000,1800000
2023-10-31 12:34:16.973000,1.50754,1.50753,2250000,1200000
2023-10-31 12:34:17.025000,1.50759,1.50755,4500000,1800000
2023-10-31 12:34:17.130000,1.50761,1.50757,2250000,1800000
2023-10-31 12:34:17.234000,1.50759,1.50754,1200000,14400000
2023-10-31 12:34:17.388000,1.5076,1.50754,4500000,14400000
2023-10-31 12:34:17.491000,1.50759,1.50754,3600000,10800000
2023-10-31 12:34:17.593000,1.50759,1.50755,3600000,1800000
2023-10-31 12:34:17.798000,1.50761,1.50759,1200000,1800000
2023-10-31 12:34:17.850000,1.50766,1.50762,4240000,1800000
2023-10-31 12:34:17.903000,1.50759,1.50756,4500000,1200000
2023-10-31 12:34:18.006000,1.50759,1.50755,4500000,1800000
2023-10-31 12:34:18.108000,1.50759,1.50754,4500000,1800000
2023-10-31 12:34:18.213000,1.50758,1.50754,3600000,1800000
2023-10-31 12:34:18.366000,1.50759,1.50754,4500000,1800000
2023-10-31 12:34:18.469000,1.50759,1.50752,3600000,2700000
2023-10-31 12:34:18.622000,1.50759,1.50754,4500000,1800000
2023-10-31 12:34:18.783000,1.50758,1.50754,1200000,1800000
2023-10-31 12:34:18.886000,1.50758,1.50752,3600000,1800000
2023-10-31 12:34:18.988000,1.50758,1.50753,4500000,1800000
2023-10-31 12:34:19.193000,1.50759,1.50754,4500000,1800000
2023-10-31 12:34:19.325000,1.50761,1.50757,1200000,1800000
2023-10-31 12:34:19.429000,1.50762,1.50757,4500000,1800000
2023-10-31 12:34:19.745000,1.5076,1.50755,1200000,3600000
2023-10-31 12:34:19.847000,1.50759,1.50754,3600000,1800000
2023-10-31 12:34:20.104000,1.50758,1.50754,4500000,1800000
2023-10-31 12:34:20.257000,1.50758,1.50753,4500000,1800000
2023-10-31 12:34:20.420000,1.50759,1.50754,3600000,1800000
2023-10-31 12:34:20.523000,1.50761,1.50753,5400000,1800000
2023-10-31 12:34:20.626000,1.50759,1.50752,3600000,1800000
2023-10-31 12:34:20.832000,1.50758,1.50754,3600000,1800000
2023-10-31 12:34:20.945000,1.50759,1.50755,3600000,1800000
2023-10-31 12:34:21.047000,1.50758,1.50754,3600000,1800000
2023-10-31 12:34:21.201000,1.50759,1.50754,3600000,1800000
2023-10-31 12:34:21.305000,1.50761,1.50758,4050000,1800000
2023-10-31 12:34:21.409000,1.50759,1.50754,3600000,1800000
2023-10-31 12:34:21.513000,1.50761,1.50756,1200000,1800000
2023-10-31 12:34:21.617000,1.50754,1.50752,1200000,1200000
2023-10-31 12:34:21.669000,1.50757,1.50754,1320000,1800000
2023-10-31 12:34:21.721000,1.50753,1.5075,1200000,2250000
2023-10-31 12:34:21.773000,1.50753,1.50746,3600000,1800000
2023-10-31 12:34:21.927000,1.50753,1.50747,6300000,5400000
2023-10-31 12:34:22.030000,1.50751,1.50747,1200000,1800000
2023-10-31 12:34:22.423000,1.50752,1.50748,1200000,1800000
2023-10-31 12:34:22.578000,1.50752,1.50747,4500000,1800000
2023-10-31 12:34:22.681000,1.50751,1.50747,1200000,1800000
2023-10-31 12:34:23.044000,1.50752,1.50748,4500000,1800000
2023-10-31 12:34:23.250000,1.50751,1.50747,1200000,1800000
2023-10-31 12:34:23.506000,1.50751,1.50748,1200000,1800000
2023-10-31 12:34:23.884000,1.50752,1.50748,5400000,1800000
2023-10-31 12:34:24.870000,1.50751,1.50748,1200000,1800000
2023-10-31 12:34:24.922000,1.50753,1.50749,3600000,1800000
2023-10-31 12:34:25.025000,1.50752,1.50748,3600000,1800000
2023-10-31 12:34:25.128000,1.50753,1.50749,5400000,1800000
2023-10-31 12:34:25.500000,1.50757,1.50753,3600000,1800000
2023-10-31 12:34:25.604000,1.50761,1.50759,1200000,1800000
2023-10-31 12:34:25.758000,1.50761,1.50757,1200000,1800000
2023-10-31 12:34:25.914000,1.50758,1.50754,1100000,1800000
2023-10-31 12:34:25.965000,1.5076,1.50755,4500000,1800000
2023-10-31 12:34:26.259000,1.5076,1.50756,1200000,1800000
2023-10-31 12:34:26.362000,1.50761,1.50757,1200000,1800000
2023-10-31 12:34:26.567000,1.50761,1.50758,1200000,1800000
2023-10-31 12:34:26.669000,1.50762,1.50757,5400000,1800000
2023-10-31 12:34:26.772000,1.50762,1.50758,5400000,1800000
2023-10-31 12:34:27.259000,1.50764,1.5076,1200000,1800000
2023-10-31 12:34:27.386000,1.50764,1.50761,1200000,1800000
2023-10-31 12:34:27.489000,1.50764,1.50762,1200000,1800000
2023-10-31 12:34:27.666000,1.5076,1.50756,3600000,3150000
2023-10-31 12:34:27.820000,1.5076,1.50755,3600000,1800000
2023-10-31 12:34:27.922000,1.50759,1.50754,3600000,1800000
2023-10-31 12:34:28.025000,1.50759,1.50753,4500000,1800000
2023-10-31 12:34:28.554000,1.50758,1.50753,3600000,1800000
2023-10-31 12:34:28.656000,1.5076,1.50753,3600000,1800000
2023-10-31 12:34:28.861000,1.50758,1.50754,3600000,1800000
2023-10-31 12:34:28.964000,1.50754,1.50752,1200000,1800000
2023-10-31 12:34:29.068000,1.50754,1.50751,1200000,1800000
2023-10-31 12:34:29.523000,1.50756,1.50752,4500000,1800000
2023-10-31 12:34:29.626000,1.50757,1.50753,1200000,1800000
2023-10-31 12:34:29.882000,1.50759,1.50754,4500000,1800000
2023-10-31 12:34:30.036000,1.50759,1.50756,1200000,1800000
2023-10-31 12:34:30.400000,1.50759,1.50754,4500000,1800000
2023-10-31 12:34:31.255000,1.50761,1.50757,1800000,1800000
2023-10-31 12:34:31.359000,1.50764,1.50761,3600000,1800000
2023-10-31 12:34:31.463000,1.50768,1.50764,1200000,1800000
2023-10-31 12:34:31.905000,1.50768,1.50763,5400000,1800000
2023-10-31 12:34:32.008000,1.50767,1.50763,3600000,1800000
2023-10-31 12:34:32.110000,1.50768,1.50764,1200000,1800000
2023-10-31 12:34:32.468000,1.50768,1.50763,1800000,1800000
2023-10-31 12:34:32.671000,1.50765,1.50763,1800000,1800000
2023-10-31 12:34:32.776000,1.50766,1.50761,3600000,1800000
2023-10-31 12:34:32.879000,1.50764,1.5076,1200000,1800000
2023-10-31 12:34:33.069000,1.50765,1.5076,5400000,1800000
2023-10-31 12:34:33.173000,1.50766,1.50762,4500000,1800000
2023-10-31 12:34:33.550000,1.50766,1.50761,4500000,1800000
2023-10-31 12:34:33.805000,1.50767,1.50762,4500000,1800000
2023-10-31 12:34:35.310000,1.50763,1.50758,4500000,1800000
2023-10-31 12:34:35.415000,1.50766,1.50761,4500000,1800000
2023-10-31 12:34:35.670000,1.50767,1.50762,3600000,1800000
2023-10-31 12:34:35.772000,1.50766,1.50762,4500000,1800000
2023-10-31 12:34:36.264000,1.50767,1.50763,3600000,1800000
2023-10-31 12:34:36.417000,1.50768,1.50763,5400000,1800000
2023-10-31 12:34:36.520000,1.50767,1.50762,3600000,1800000
2023-10-31 12:34:36.623000,1.50768,1.50763,4500000,1800000
2023-10-31 12:34:36.725000,1.50767,1.50762,5400000,1800000
2023-10-31 12:34:37.032000,1.50767,1.50763,4500000,1800000
2023-10-31 12:34:37.084000,1.50766,1.50761,3600000,1800000
2023-10-31 12:34:37.237000,1.50767,1.50761,3600000,1800000
2023-10-31 12:34:37.340000,1.50766,1.50763,1200000,1800000
2023-10-31 12:34:37.442000,1.50767,1.50763,1800000,1800000
2023-10-31 12:34:37.669000,1.50766,1.50763,1200000,1800000
2023-10-31 12:34:37.892000,1.50767,1.50763,1200000,1800000
2023-10-31 12:34:38.339000,1.50765,1.50763,1200000,1800000
2023-10-31 12:34:38.391000,1.50765,1.50761,5400000,1800000
2023-10-31 12:34:38.723000,1.50766,1.50762,5400000,1800000
2023-10-31 12:34:39.031000,1.50766,1.50761,6300000,1800000
2023-10-31 12:34:39.084000,1.50764,1.5076,1200000,1800000
2023-10-31 12:34:39.137000,1.50762,1.50757,5400000,1800000
2023-10-31 12:34:39.189000,1.50757,1.50755,1200000,2700000
2023-10-31 12:34:39.241000,1.50757,1.50752,5400000,1800000
2023-10-31 12:34:40.004000,1.50757,1.50753,1200000,1800000
2023-10-31 12:34:40.265000,1.50758,1.50754,3600000,1800000
2023-10-31 12:34:40.317000,1.50761,1.50757,2700000,1800000
2023-10-31 12:34:40.422000,1.50765,1.5076,6300000,1800000
2023-10-31 12:34:40.474000,1.50763,1.50759,1200000,1800000
2023-10-31 12:34:40.627000,1.50763,1.5076,1200000,1800000
2023-10-31 12:34:40.730000,1.50763,1.50759,1200000,1800000
2023-10-31 12:34:41.088000,1.50765,1.5076,7200000,1800000
2023-10-31 12:34:41.190000,1.50765,1.50761,5400000,1800000
2023-10-31 12:34:41.242000,1.50763,1.50759,1200000,1800000
2023-10-31 12:34:42.991000,1.50763,1.5076,1200000,1800000
2023-10-31 12:34:43.094000,1.50764,1.5076,1200000,1800000
2023-10-31 12:34:43.248000,1.50766,1.50762,1200000,1800000
2023-10-31 12:34:43.351000,1.50767,1.50763,1800000,1800000
2023-10-31 12:34:43.719000,1.50767,1.50764,1800000,1800000
2023-10-31 12:34:43.873000,1.50766,1.50762,3600000,1800000
2023-10-31 12:34:43.975000,1.50767,1.50762,6300000,1800000
2023-10-31 12:34:44.078000,1.50767,1.50763,1200000,1800000
2023-10-31 12:34:44.430000,1.50768,1.50764,3600000,1800000
2023-10-31 12:34:44.533000,1.50769,1.50764,4500000,1800000
2023-10-31 12:34:44.635000,1.50768,1.50764,1200000,1800000
2023-10-31 12:34:44.738000,1.50768,1.50765,1200000,1800000
2023-10-31 12:34:44.841000,1.5077,1.50764,1200000,1800000
2023-10-31 12:34:44.983000,1.50769,1.50764,4500000,1800000
2023-10-31 12:34:45.136000,1.50769,1.50765,4500000,1800000
2023-10-31 12:34:45.349000,1.50768,1.50764,1200000,1800000
2023-10-31 12:34:45.657000,1.50767,1.50763,1200000,1800000
2023-10-31 12:34:45.913000,1.50767,1.50764,1200000,1800000
2023-10-31 12:34:46.570000,1.50769,1.50764,1200000,1800000
2023-10-31 12:34:46.727000,1.50768,1.50764,1200000,1800000
