time,ask,bid,ask_volume,bid_volume
2023-01-06 14:55:00.030000,1.3394,1.33932,3600000,1200000
2023-01-06 14:55:00.132000,1.33939,1.33932,3600000,4500000
2023-01-06 14:55:00.183000,1.33942,1.33932,4040000,1200000
2023-01-06 14:55:00.460000,1.33941,1.33934,4040000,3600000
2023-01-06 14:55:00.584000,1.33942,1.33933,5100000,1200000
2023-01-06 14:55:00.737000,1.33942,1.33934,5100000,1200000
2023-01-06 14:55:00.945000,1.33939,1.33931,1320000,4500000
2023-01-06 14:55:01.047000,1.33934,1.33928,1800000,1500000
2023-01-06 14:55:01.099000,1.33941,1.3393,4040000,3600000
2023-01-06 14:55:01.150000,1.33942,1.33932,4040000,1200000
2023-01-06 14:55:01.730000,1.33941,1.33934,4040000,1200000
2023-01-06 14:55:02.117000,1.33942,1.33933,6000000,1200000
2023-01-06 14:55:02.220000,1.33942,1.33936,4940000,1200000
2023-01-06 14:55:03.376000,1.33945,1.33939,2750000,1740000
2023-01-06 14:55:03.428000,1.33952,1.33945,3600000,1200000
2023-01-06 14:55:03.530000,1.33951,1.33943,4200000,1200000
2023-01-06 14:55:03.632000,1.33949,1.33944,3600000,1200000
2023-01-06 14:55:03.784000,1.33944,1.3394,3600000,1200000
2023-01-06 14:55:03.836000,1.33949,1.3394,1200000,4500000
2023-01-06 14:55:03.938000,1.33947,1.33941,4500000,3600000
2023-01-06 14:55:03.989000,1.33945,1.33939,2400000,1200000
2023-01-06 14:55:04.040000,1.33941,1.33934,4040000,3600000
2023-01-06 14:55:04.142000,1.33942,1.33933,6900000,1200000
2023-01-06 14:55:04.295000,1.33939,1.33932,3600000,1200000
2023-01-06 14:55:04.346000,1.33942,1.33932,5040000,4500000
2023-01-06 14:55:04.569000,1.33941,1.33932,3600000,1800000
2023-01-06 14:55:04.943000,1.33942,1.33932,4940000,2030000
2023-01-06 14:55:04.995000,1.33934,1.3393,3600000,1200000
2023-01-06 14:55:05.148000,1.33935,1.3393,3600000,1200000
2023-01-06 14:55:05.250000,1.3394,1.33933,4040000,4640000
2023-01-06 14:55:05.402000,1.33939,1.33933,3600000,1200000
2023-01-06 14:55:05.663000,1.33941,1.33933,1800000,1200000
2023-01-06 14:55:05.765000,1.33936,1.33932,6000000,1200000
2023-01-06 14:55:05.867000,1.33933,1.33929,3600000,1200000
2023-01-06 14:55:06.048000,1.33934,1.33929,3600000,1800000
2023-01-06 14:55:06.270000,1.33934,1.33927,3600000,3600000
2023-01-06 14:55:06.410000,1.33932,1.33927,3600000,1200000
2023-01-06 14:55:06.512000,1.33932,1.33926,3600000,4500000
2023-01-06 14:55:06.563000,1.33934,1.33926,5400000,1200000
2023-01-06 14:55:06.668000,1.33934,1.33927,5400000,1200000
2023-01-06 14:55:06.821000,1.33932,1.33926,3600000,3600000
2023-01-06 14:55:06.974000,1.33934,1.33925,6900000,1800000
2023-01-06 14:55:07.149000,1.33934,1.33927,6900000,1200000
2023-01-06 14:55:07.251000,1.33932,1.33927,3600000,1200000
2023-01-06 14:55:07.556000,1.33932,1.33926,3600000,1200000
2023-01-06 14:55:07.657000,1.33932,1.33926,5100000,1200000
2023-01-06 14:55:07.709000,1.33932,1.33926,4500000,1200000
2023-01-06 14:55:07.811000,1.33934,1.33926,4500000,1200000
2023-01-06 14:55:07.913000,1.33933,1.33926,3600000,1200000
2023-01-06 14:55:08.090000,1.33931,1.33926,3600000,1200000
2023-01-06 14:55:08.141000,1.33938,1.3393,1800000,4800000
2023-01-06 14:55:08.192000,1.33938,1.33933,1800000,1200000
2023-01-06 14:55:08.294000,1.33938,1.33932,5400000,4500000
2023-01-06 14:55:08.396000,1.33939,1.33935,1800000,3600000
2023-01-06 14:55:08.448000,1.33945,1.33936,3600000,3600000
2023-01-06 14:55:08.499000,1.33945,1.33935,5480000,1200000
2023-01-06 14:55:08.789000,1.33942,1.33935,3600000,1200000
2023-01-06 14:55:08.891000,1.33941,1.33935,3600000,1200000
2023-01-06 14:55:09.048000,1.33943,1.33937,3600000,1200000
2023-01-06 14:55:09.150000,1.33942,1.33937,3600000,1200000
2023-01-06 14:55:09.444000,1.33943,1.33936,3600000,1200000
2023-01-06 14:55:09.546000,1.33943,1.33937,4500000,4500000
2023-01-06 14:55:09.800000,1.33939,1.33933,1200000,3600000
2023-01-06 14:55:09.952000,1.33938,1.33936,1200000,3600000
2023-01-06 14:55:10.003000,1.33943,1.33936,4500000,3600000
2023-01-06 14:55:10.180000,1.33938,1.33933,1200000,3600000
2023-01-06 14:55:10.231000,1.33938,1.33931,1200000,3600000
2023-01-06 14:55:10.282000,1.33936,1.33931,1200000,3600000
2023-01-06 14:55:10.385000,1.33937,1.33933,1200000,3830000
2023-01-06 14:55:10.537000,1.33937,1.33934,1200000,1200000
2023-01-06 14:55:11.269000,1.33942,1.33935,1200000,3900000
2023-01-06 14:55:11.320000,1.33941,1.33939,1200000,3600000
2023-01-06 14:55:11.371000,1.33944,1.33939,1200000,3600000
2023-01-06 14:55:11.524000,1.3394,1.33937,3600000,1200000
2023-01-06 14:55:11.626000,1.33943,1.33937,1200000,4500000
2023-01-06 14:55:11.830000,1.3394,1.33937,3600000,1200000
2023-01-06 14:55:11.881000,1.33935,1.33931,3600000,1500000
2023-01-06 14:55:11.994000,1.33933,1.33931,1200000,1200000
2023-01-06 14:55:12.046000,1.33929,1.33927,1200000,1500000
2023-01-06 14:55:12.099000,1.33929,1.33924,1200000,1500000
2023-01-06 14:55:12.150000,1.3393,1.33924,3600000,1200000
2023-01-06 14:55:12.252000,1.33929,1.33924,1200000,4500000
2023-01-06 14:55:12.355000,1.33928,1.33926,1200000,3600000
2023-01-06 14:55:12.457000,1.33928,1.33924,1200000,3600000
2023-01-06 14:55:12.609000,1.33929,1.33926,1200000,3600000
2023-01-06 14:55:12.661000,1.33931,1.33925,1200000,3600000
2023-01-06 14:55:12.762000,1.33931,1.33924,1200000,4730000
2023-01-06 14:55:13.010000,1.33935,1.3393,1200000,1200000
2023-01-06 14:55:13.112000,1.33934,1.33928,1200000,1200000
2023-01-06 14:55:13.265000,1.33931,1.33928,3600000,1200000
2023-01-06 14:55:13.367000,1.33928,1.33921,3600000,4500000
2023-01-06 14:55:13.520000,1.33931,1.33917,4730000,4580000
2023-01-06 14:55:13.571000,1.33929,1.33923,3600000,3600000
2023-01-06 14:55:13.674000,1.33929,1.33922,3600000,3600000
2023-01-06 14:55:13.776000,1.33928,1.33919,3600000,4140000
2023-01-06 14:55:13.878000,1.33929,1.3392,3600000,4040000
2023-01-06 14:55:13.930000,1.33932,1.33921,1200000,3600000
2023-01-06 14:55:14.031000,1.33933,1.33921,4500000,4370000
2023-01-06 14:55:14.351000,1.33933,1.33924,4500000,3600000
2023-01-06 14:55:14.466000,1.3393,1.33922,3600000,3600000
2023-01-06 14:55:14.568000,1.33931,1.33922,3600000,3600000
2023-01-06 14:55:14.670000,1.33932,1.33923,3600000,4040000
2023-01-06 14:55:14.772000,1.33932,1.33924,3600000,3600000
2023-01-06 14:55:14.874000,1.33932,1.33925,3600000,3600000
2023-01-06 14:55:14.976000,1.33933,1.33924,3600000,3600000
2023-01-06 14:55:15.078000,1.3393,1.33923,3600000,4040000
2023-01-06 14:55:15.129000,1.33932,1.33923,3600000,4040000
2023-01-06 14:55:15.241000,1.3393,1.33923,3600000,4040000
2023-01-06 14:55:15.444000,1.3393,1.33927,3600000,1200000
2023-01-06 14:55:15.833000,1.33932,1.33926,3600000,1200000
2023-01-06 14:55:15.885000,1.33934,1.33926,3600000,1200000
2023-01-06 14:55:15.936000,1.33934,1.33925,3600000,3830000
2023-01-06 14:55:16.038000,1.33932,1.33924,3600000,3600000
2023-01-06 14:55:16.140000,1.33934,1.33926,4500000,3600000
2023-01-06 14:55:16.191000,1.33935,1.33928,1200000,4140000
2023-01-06 14:55:16.293000,1.33938,1.3393,4500000,3600000
2023-01-06 14:55:16.496000,1.33936,1.33927,3600000,3600000
2023-01-06 14:55:16.598000,1.33936,1.33926,3600000,4370000
2023-01-06 14:55:16.700000,1.33938,1.33926,3600000,3600000
2023-01-06 14:55:16.944000,1.33936,1.33927,4500000,3600000
2023-01-06 14:55:16.995000,1.33936,1.33929,1200000,1200000
2023-01-06 14:55:17.046000,1.33938,1.33929,4500000,1200000
2023-01-06 14:55:17.154000,1.33937,1.33929,3600000,1200000
2023-01-06 14:55:17.488000,1.33937,1.33928,4500000,4500000
2023-01-06 14:55:17.825000,1.33935,1.33928,3600000,1200000
2023-01-06 14:55:18.663000,1.33936,1.33928,3600000,4500000
2023-01-06 14:55:19.394000,1.33936,1.33929,3600000,1200000
2023-01-06 14:55:19.742000,1.33938,1.33929,1200000,1200000
2023-01-06 14:55:19.844000,1.33937,1.33929,3600000,4500000
2023-01-06 14:55:19.997000,1.33939,1.33929,3600000,5040000
2023-01-06 14:55:20.099000,1.33941,1.33931,5400000,3600000
2023-01-06 14:55:20.201000,1.33941,1.3393,4500000,1440000
2023-01-06 14:55:20.443000,1.33932,1.33929,3600000,1200000
2023-01-06 14:55:20.545000,1.33934,1.33928,1200000,1200000
2023-01-06 14:55:20.647000,1.33932,1.33929,3600000,1200000
2023-01-06 14:55:20.699000,1.33932,1.33924,3600000,1200000
2023-01-06 14:55:20.910000,1.33933,1.33924,4500000,1200000
2023-01-06 14:55:21.011000,1.33931,1.33924,3600000,1200000
2023-01-06 14:55:21.215000,1.3393,1.33924,3600000,1200000
2023-01-06 14:55:21.371000,1.3393,1.33921,3600000,4500000
2023-01-06 14:55:22.310000,1.33927,1.33921,3600000,1200000
2023-01-06 14:55:22.411000,1.3393,1.3392,4500000,1200000
2023-01-06 14:55:22.513000,1.33927,1.3392,3600000,1200000
2023-01-06 14:55:23.361000,1.33925,1.3392,1800000,1200000
2023-01-06 14:55:23.463000,1.33924,1.3392,3600000,1200000
2023-01-06 14:55:23.565000,1.33927,1.3392,3600000,1200000
2023-01-06 14:55:24.340000,1.33927,1.33921,3600000,1200000
2023-01-06 14:55:25.330000,1.33927,1.3392,3600000,1200000
2023-01-06 14:55:25.700000,1.33929,1.3392,3600000,1200000
2023-01-06 14:55:25.866000,1.3393,1.3392,4500000,1200000
2023-01-06 14:55:26.321000,1.3393,1.33922,4500000,1200000
2023-01-06 14:55:26.588000,1.33931,1.33922,4500000,1200000
2023-01-06 14:55:26.690000,1.33928,1.33922,3600000,1200000
2023-01-06 14:55:26.974000,1.3393,1.33924,3600000,1200000
2023-01-06 14:55:27.076000,1.33931,1.33924,3600000,1200000
2023-01-06 14:55:27.293000,1.33929,1.33924,3600000,1200000
2023-01-06 14:55:27.447000,1.33929,1.33921,3600000,4500000
2023-01-06 14:55:27.718000,1.33927,1.33921,4040000,1200000
2023-01-06 14:55:27.820000,1.33926,1.33921,3600000,1200000
2023-01-06 14:55:27.973000,1.33928,1.33921,3600000,1200000
2023-01-06 14:55:28.196000,1.33927,1.33921,3600000,1200000
2023-01-06 14:55:28.298000,1.33923,1.33916,3600000,4500000
2023-01-06 14:55:28.451000,1.33921,1.33916,3600000,1200000
2023-01-06 14:55:28.655000,1.33923,1.33917,3600000,1200000
2023-01-06 14:55:28.757000,1.33924,1.33915,5100000,1200000
2023-01-06 14:55:28.858000,1.33921,1.33915,3600000,1200000
2023-01-06 14:55:29.077000,1.33923,1.33914,3600000,1200000
2023-01-06 14:55:29.388000,1.33922,1.33914,3600000,3600000
2023-01-06 14:55:29.772000,1.33921,1.33914,3600000,3600000
2023-01-06 14:55:29.874000,1.33923,1.33913,3600000,3600000
2023-01-06 14:55:29.976000,1.33922,1.33915,3600000,3600000
2023-01-06 14:55:30.078000,1.33923,1.33915,3600000,3600000
2023-01-06 14:55:30.419000,1.33922,1.33915,3600000,1200000
2023-01-06 14:55:30.826000,1.33924,1.33915,4500000,1200000
2023-01-06 14:55:30.877000,1.33922,1.33915,3600000,4500000
2023-01-06 14:55:30.979000,1.33923,1.33917,3600000,1200000
2023-01-06 14:55:31.132000,1.33921,1.33917,3600000,1200000
2023-01-06 14:55:31.234000,1.33923,1.33915,4940000,1200000
2023-01-06 14:55:31.386000,1.33923,1.33914,3600000,1200000
2023-01-06 14:55:31.594000,1.33923,1.33915,4940000,1200000
2023-01-06 14:55:31.873000,1.33915,1.33911,3600000,1200000
2023-01-06 14:55:31.975000,1.33914,1.3391,3600000,1200000
2023-01-06 14:55:32.128000,1.33914,1.33906,3600000,1200000
2023-01-06 14:55:32.921000,1.33911,1.33904,4040000,4500000
2023-01-06 14:55:33.023000,1.33907,1.339,2240000,1200000
2023-01-06 14:55:33.176000,1.33906,1.33898,3600000,4040000
2023-01-06 14:55:33.278000,1.33907,1.33897,4040000,4740000
2023-01-06 14:55:33.381000,1.33907,1.33897,4500000,4580000
2023-01-06 14:55:33.585000,1.33904,1.33896,3600000,3680000
2023-01-06 14:55:33.746000,1.33906,1.33896,3600000,3600000
2023-01-06 14:55:34.020000,1.33904,1.33897,3600000,3600000
2023-01-06 14:55:34.122000,1.33901,1.33895,3600000,3600000
2023-01-06 14:55:34.173000,1.33899,1.33891,3600000,3600000
2023-01-06 14:55:34.275000,1.33898,1.3389,3600000,3680000
2023-01-06 14:55:34.509000,1.33895,1.33888,3600000,3600000
2023-01-06 14:55:34.560000,1.33898,1.33887,4040000,3600000
2023-01-06 14:55:34.676000,1.33898,1.33886,3600000,4140000
2023-01-06 14:55:34.727000,1.33898,1.33886,3600000,7760000
2023-01-06 14:55:34.778000,1.33899,1.3389,4500000,3600000
2023-01-06 14:55:34.881000,1.33898,1.3389,4040000,3600000
2023-01-06 14:55:34.932000,1.33896,1.33889,3600000,3600000
2023-01-06 14:55:35.049000,1.33897,1.33888,3600000,3600000
2023-01-06 14:55:35.223000,1.33896,1.33888,3600000,3600000
2023-01-06 14:55:35.356000,1.33897,1.33888,3600000,3600000
2023-01-06 14:55:35.997000,1.33897,1.33889,3600000,3600000
2023-01-06 14:55:36.210000,1.33895,1.33888,3600000,3600000
2023-01-06 14:55:37.212000,1.33898,1.33888,4500000,3600000
2023-01-06 14:55:37.377000,1.33895,1.33888,3600000,3600000
2023-01-06 14:55:37.593000,1.33895,1.33889,3600000,1200000
2023-01-06 14:55:37.768000,1.33897,1.33888,3600000,1200000
2023-01-06 14:55:38.284000,1.33895,1.33889,3600000,1200000
2023-01-06 14:55:38.437000,1.33898,1.33889,1440000,1200000
2023-01-06 14:55:38.539000,1.33896,1.33888,3600000,1200000
2023-01-06 14:55:39.179000,1.33898,1.33889,1440000,1200000
2023-01-06 14:55:39.230000,1.33895,1.33889,3600000,1200000
2023-01-06 14:55:39.281000,1.33898,1.33888,1440000,4200000
2023-01-06 14:55:39.332000,1.33895,1.33885,3600000,3600000
2023-01-06 14:55:39.384000,1.33893,1.33884,3600000,4040000
2023-01-06 14:55:39.435000,1.33896,1.33885,2780000,3600000
2023-01-06 14:55:39.486000,1.33895,1.33885,1320000,3600000
2023-01-06 14:55:39.588000,1.33891,1.33884,3600000,3600000
2023-01-06 14:55:39.690000,1.33888,1.33883,3600000,1200000
2023-01-06 14:55:39.792000,1.33889,1.33883,3600000,1200000
2023-01-06 14:55:39.944000,1.33889,1.33881,5940000,1200000
2023-01-06 14:55:40.046000,1.33889,1.33881,1200000,4040000
2023-01-06 14:55:40.148000,1.33889,1.33881,5040000,1200000
2023-01-06 14:55:40.250000,1.33887,1.33881,3600000,1200000
2023-01-06 14:55:40.352000,1.33889,1.33881,6170000,1200000
2023-01-06 14:55:40.513000,1.33882,1.33877,1320000,1200000
2023-01-06 14:55:40.615000,1.33882,1.33875,4500000,1200000
2023-01-06 14:55:40.775000,1.33881,1.33875,3600000,1200000
2023-01-06 14:55:41.017000,1.33883,1.33874,3600000,1200000
2023-01-06 14:55:41.068000,1.33884,1.33875,3600000,4500000
2023-01-06 14:55:41.120000,1.33887,1.33879,3600000,3600000
2023-01-06 14:55:41.222000,1.33887,1.3388,3600000,3600000
2023-01-06 14:55:41.324000,1.33888,1.33879,4140000,3600000
2023-01-06 14:55:41.431000,1.33887,1.33878,3600000,3600000
2023-01-06 14:55:41.533000,1.33886,1.33878,3600000,3600000
2023-01-06 14:55:41.635000,1.33885,1.33877,3600000,3600000
2023-01-06 14:55:41.737000,1.33882,1.33874,3600000,1200000
2023-01-06 14:55:41.890000,1.33882,1.33875,3600000,4500000
2023-01-06 14:55:42.749000,1.33876,1.3387,4370000,1200000
2023-01-06 14:55:42.851000,1.33873,1.3387,3600000,1200000
2023-01-06 14:55:42.952000,1.33874,1.33867,3600000,4200000
2023-01-06 14:55:43.054000,1.33872,1.33865,3600000,4200000
2023-01-06 14:55:43.221000,1.33873,1.33864,3600000,4200000
2023-01-06 14:55:43.350000,1.33871,1.33864,3600000,4200000
2023-01-06 14:55:43.553000,1.33872,1.33865,3600000,4200000
2023-01-06 14:55:44.458000,1.33872,1.33865,3600000,3600000
2023-01-06 14:55:44.655000,1.33871,1.33864,3600000,3600000
2023-01-06 14:55:44.706000,1.33873,1.33866,3600000,3600000
2023-01-06 14:55:44.808000,1.3388,1.3387,4580000,3600000
2023-01-06 14:55:44.860000,1.33878,1.33871,1320000,3600000
2023-01-06 14:55:44.962000,1.33873,1.33866,3600000,3600000
2023-01-06 14:55:45.013000,1.33878,1.33867,4730000,3600000
2023-01-06 14:55:45.064000,1.33877,1.3387,4500000,3600000
2023-01-06 14:55:45.115000,1.33876,1.33868,3600000,3600000
2023-01-06 14:55:45.217000,1.33876,1.33869,3600000,3600000
2023-01-06 14:55:45.462000,1.33876,1.33864,4990000,1200000
2023-01-06 14:55:45.514000,1.33874,1.33867,4040000,3600000
2023-01-06 14:55:45.615000,1.33873,1.33866,3600000,3600000
2023-01-06 14:55:45.734000,1.33873,1.33865,3600000,3600000
2023-01-06 14:55:45.836000,1.3387,1.33863,4040000,3600000
2023-01-06 14:55:45.938000,1.33867,1.33859,3900000,4200000
2023-01-06 14:55:46.040000,1.33865,1.33857,4500000,4200000
2023-01-06 14:55:46.350000,1.33866,1.33857,3600000,3600000
2023-01-06 14:55:46.452000,1.33865,1.33858,3600000,3600000
2023-01-06 14:55:46.554000,1.33866,1.3386,3600000,3600000
2023-01-06 14:55:46.656000,1.33871,1.3386,5400000,3600000
2023-01-06 14:55:46.708000,1.33871,1.33866,1200000,3600000
2023-01-06 14:55:46.759000,1.33875,1.33868,3600000,3600000
2023-01-06 14:55:46.810000,1.33873,1.33865,3600000,3600000
2023-01-06 14:55:47.017000,1.33871,1.33864,4040000,3600000
2023-01-06 14:55:47.069000,1.3387,1.33862,3600000,3600000
2023-01-06 14:55:47.120000,1.33867,1.3386,3600000,3600000
2023-01-06 14:55:47.222000,1.33866,1.33858,3600000,3600000
2023-01-06 14:55:47.480000,1.33863,1.33855,3600000,3600000
2023-01-06 14:55:47.582000,1.33866,1.33856,5340000,3600000
2023-01-06 14:55:47.633000,1.33866,1.33856,5270000,3600000
2023-01-06 14:55:47.684000,1.33862,1.33855,4270000,3600000
2023-01-06 14:55:47.789000,1.33862,1.33853,4270000,4200000
2023-01-06 14:55:47.891000,1.33861,1.33854,3600000,4040000
2023-01-06 14:55:49.248000,1.33863,1.33854,4040000,4640000
2023-01-06 14:55:49.617000,1.33861,1.33855,3600000,1200000
2023-01-06 14:55:49.856000,1.33863,1.33854,4500000,1200000
2023-01-06 14:55:50.026000,1.33861,1.33855,3600000,1200000
2023-01-06 14:55:50.151000,1.33861,1.33856,3600000,1200000
2023-01-06 14:55:50.543000,1.33862,1.33856,3600000,1200000
2023-01-06 14:55:50.594000,1.33865,1.33856,3600000,4640000
2023-01-06 14:55:50.696000,1.33866,1.33858,3600000,3600000
2023-01-06 14:55:50.798000,1.33868,1.33859,4580000,3600000
2023-01-06 14:55:50.900000,1.33865,1.33858,3600000,3600000
2023-01-06 14:55:51.002000,1.33866,1.33857,3600000,4500000
2023-01-06 14:55:51.129000,1.33865,1.33857,3600000,4500000
2023-01-06 14:55:51.245000,1.33866,1.33858,3600000,1200000
2023-01-06 14:55:51.697000,1.33866,1.33859,4040000,1200000
2023-01-06 14:55:51.799000,1.33865,1.33858,3600000,4500000
2023-01-06 14:55:52.100000,1.33865,1.33858,4740000,1200000
2023-01-06 14:55:52.207000,1.33861,1.33858,3600000,1200000
2023-01-06 14:55:52.410000,1.33863,1.33858,3610000,1200000
2023-01-06 14:55:52.726000,1.3386,1.33855,3600000,1200000
2023-01-06 14:55:52.941000,1.33862,1.33855,4040000,1200000
2023-01-06 14:55:53.144000,1.33863,1.33859,4500000,1200000
2023-01-06 14:55:53.246000,1.33865,1.33859,4040000,1200000
2023-01-06 14:55:53.297000,1.33863,1.33858,3600000,1200000
2023-01-06 14:55:53.630000,1.33864,1.33858,3600000,1200000
2023-01-06 14:55:53.731000,1.33864,1.33857,3600000,4500000
2023-01-06 14:55:54.567000,1.33865,1.33857,3600000,4500000
2023-01-06 14:55:54.669000,1.33866,1.33859,3600000,3600000
2023-01-06 14:55:54.771000,1.33867,1.33859,4040000,3600000
2023-01-06 14:55:54.882000,1.33865,1.33859,3600000,3600000
2023-01-06 14:55:54.984000,1.33866,1.33858,3600000,4500000
2023-01-06 14:55:55.149000,1.33865,1.33858,3600000,4500000
2023-01-06 14:55:55.251000,1.33866,1.33858,3600000,4500000
2023-01-06 14:55:55.352000,1.33865,1.33858,3600000,4500000
2023-01-06 14:55:55.739000,1.33866,1.33858,3600000,4500000
2023-01-06 14:55:55.861000,1.33865,1.33858,3600000,4500000
2023-01-06 14:55:56.079000,1.33862,1.33858,4040000,1200000
2023-01-06 14:55:56.130000,1.33862,1.33855,4040000,1200000
2023-01-06 14:55:56.282000,1.33861,1.33855,3600000,4500000
2023-01-06 14:55:57.815000,1.33861,1.33857,3600000,1200000
2023-01-06 14:55:57.866000,1.33863,1.33857,1200000,4500000
2023-01-06 14:55:57.917000,1.33866,1.33857,3600000,4500000
2023-01-06 14:55:58.019000,1.33866,1.33858,3600000,3600000
2023-01-06 14:55:58.121000,1.33865,1.33858,3600000,3600000
2023-01-06 14:55:58.840000,1.33866,1.33858,3600000,3600000
2023-01-06 14:55:59.044000,1.33869,1.33861,3600000,4040000
2023-01-06 14:55:59.096000,1.33871,1.33862,4940000,4500000
2023-01-06 14:55:59.147000,1.33871,1.33864,4500000,3600000
2023-01-06 14:55:59.249000,1.3387,1.33864,3600000,3600000
2023-01-06 14:55:59.460000,1.33872,1.33868,1200000,4940000
2023-01-06 14:55:59.551000,1.3388,1.33875,1500000,3600000
2023-01-06 14:55:59.603000,1.33884,1.33875,3600000,3600000
2023-01-06 14:55:59.705000,1.33883,1.33876,3600000,3600000
2023-01-06 14:55:59.858000,1.33883,1.33875,4940000,3600000
2023-01-06 14:56:00.180000,1.33884,1.33875,4580000,3600000
2023-01-06 14:56:00.434000,1.33881,1.33875,3600000,3600000
2023-01-06 14:56:00.698000,1.33883,1.33875,4580000,3600000
2023-01-06 14:56:00.800000,1.33884,1.33876,4140000,3600000
2023-01-06 14:56:00.851000,1.33882,1.33876,4640000,3600000
2023-01-06 14:56:00.902000,1.33878,1.33871,3600000,3600000
2023-01-06 14:56:00.953000,1.3388,1.33873,4040000,1200000
2023-01-06 14:56:01.055000,1.33881,1.33873,3600000,4500000
2023-01-06 14:56:01.157000,1.33883,1.33875,3600000,3600000
2023-01-06 14:56:01.259000,1.33884,1.33875,4140000,3600000
2023-01-06 14:56:01.361000,1.33881,1.33874,1200000,3600000
2023-01-06 14:56:01.463000,1.33879,1.33872,4140000,1200000
2023-01-06 14:56:02.160000,1.3388,1.33872,4040000,3600000
2023-01-06 14:56:02.211000,1.3388,1.3387,4040000,3600000
2023-01-06 14:56:02.313000,1.33881,1.33871,4040000,3600000
2023-01-06 14:56:02.364000,1.3388,1.3387,4040000,3600000
2023-01-06 14:56:03.359000,1.33878,1.33871,3600000,3600000
2023-01-06 14:56:03.462000,1.33876,1.3387,3600000,3600000
2023-01-06 14:56:03.615000,1.33878,1.33869,4580000,3600000
2023-01-06 14:56:03.666000,1.33875,1.33868,3600000,3600000
2023-01-06 14:56:03.768000,1.33869,1.33862,3600000,3830000
2023-01-06 14:56:03.870000,1.33871,1.33862,3600000,3600000
2023-01-06 14:56:04.579000,1.33871,1.33861,5040000,3600000
2023-01-06 14:56:05.050000,1.33866,1.33859,3600000,3600000
2023-01-06 14:56:05.101000,1.33869,1.3386,4040000,3600000
2023-01-06 14:56:05.220000,1.3387,1.3386,1320000,3600000
2023-01-06 14:56:05.572000,1.33872,1.33859,4040000,4580000
2023-01-06 14:56:05.775000,1.3387,1.33864,3600000,3600000
2023-01-06 14:56:05.826000,1.33872,1.3386,4040000,3600000
2023-01-06 14:56:05.982000,1.33872,1.33864,1200000,5660000
2023-01-06 14:56:06.084000,1.3388,1.33873,3600000,3600000
2023-01-06 14:56:06.187000,1.33881,1.33872,3600000,4140000
2023-01-06 14:56:06.340000,1.33883,1.33874,3600000,3600000
2023-01-06 14:56:06.442000,1.33885,1.33876,3600000,5520000
2023-01-06 14:56:06.544000,1.33887,1.33879,3600000,3600000
2023-01-06 14:56:06.646000,1.33888,1.3388,4140000,3600000
2023-01-06 14:56:06.697000,1.33886,1.33877,4140000,3600000
2023-01-06 14:56:06.800000,1.33887,1.33881,3600000,3600000
2023-01-06 14:56:06.851000,1.33889,1.33879,5040000,3600000
2023-01-06 14:56:06.902000,1.33886,1.33879,3600000,3600000
2023-01-06 14:56:07.110000,1.33888,1.33879,3600000,3600000
2023-01-06 14:56:07.165000,1.33889,1.33881,4580000,3600000
2023-01-06 14:56:07.271000,1.33889,1.3388,3600000,3600000
2023-01-06 14:56:07.579000,1.33887,1.3388,3600000,3600000
2023-01-06 14:56:07.837000,1.33888,1.33879,4140000,3600000
2023-01-06 14:56:08.183000,1.33886,1.33876,4140000,3600000
2023-01-06 14:56:08.285000,1.33885,1.33876,3600000,3600000
2023-01-06 14:56:09.032000,1.33887,1.33878,3600000,2960000
2023-01-06 14:56:09.134000,1.3389,1.33882,3600000,3600000
2023-01-06 14:56:09.236000,1.33893,1.33883,7070000,3600000
2023-01-06 14:56:09.287000,1.33888,1.33879,4500000,4500000
2023-01-06 14:56:09.491000,1.33889,1.33879,1800000,6840000
2023-01-06 14:56:09.595000,1.33891,1.33882,4140000,3600000
2023-01-06 14:56:09.873000,1.3389,1.33882,4140000,3600000
2023-01-06 14:56:09.976000,1.33885,1.33877,3600000,3600000
2023-01-06 14:56:10.078000,1.33882,1.33875,3600000,3600000
2023-01-06 14:56:10.179000,1.33883,1.33875,3600000,3600000
2023-01-06 14:56:10.382000,1.33882,1.33875,3600000,3600000
2023-01-06 14:56:10.484000,1.33883,1.33874,3600000,3600000
2023-01-06 14:56:10.589000,1.33882,1.33875,3600000,3600000
2023-01-06 14:56:11.124000,1.33886,1.33877,3600000,1200000
2023-01-06 14:56:11.175000,1.33887,1.33879,3600000,3600000
2023-01-06 14:56:11.277000,1.33886,1.33879,3600000,3600000
2023-01-06 14:56:11.379000,1.33885,1.33878,3600000,3600000
2023-01-06 14:56:11.480000,1.33884,1.33876,3600000,3600000
2023-01-06 14:56:11.582000,1.33883,1.33876,3600000,3600000
2023-01-06 14:56:11.790000,1.33882,1.33876,3600000,3600000
2023-01-06 14:56:11.893000,1.33883,1.33876,3600000,3600000
2023-01-06 14:56:11.999000,1.33882,1.33875,3600000,3600000
2023-01-06 14:56:12.946000,1.33883,1.33876,4500000,4040000
2023-01-06 14:56:12.998000,1.33886,1.33879,3600000,3600000
2023-01-06 14:56:13.049000,1.33888,1.33878,5940000,4040000
2023-01-06 14:56:13.100000,1.33885,1.33878,4040000,3600000
2023-01-06 14:56:13.202000,1.33884,1.33877,3600000,3600000
2023-01-06 14:56:13.405000,1.33883,1.33876,3600000,3600000
2023-01-06 14:56:13.456000,1.33883,1.33874,3600000,3600000
2023-01-06 14:56:14.956000,1.33883,1.33876,3600000,3600000
2023-01-06 14:56:15.058000,1.33885,1.33878,3600000,3600000
2023-01-06 14:56:15.262000,1.33884,1.33878,3600000,3600000
2023-01-06 14:56:15.314000,1.33883,1.33875,3600000,3600000
2023-01-06 14:56:15.523000,1.33887,1.33878,4500000,3600000
2023-01-06 14:56:15.625000,1.33886,1.33878,3600000,3600000
2023-01-06 14:56:15.731000,1.33886,1.33879,3600000,3600000
2023-01-06 14:56:15.946000,1.33888,1.33881,4040000,3600000
2023-01-06 14:56:16.200000,1.33886,1.33879,3600000,3600000
2023-01-06 14:56:16.382000,1.33887,1.33879,3600000,3600000
2023-01-06 14:56:16.484000,1.33885,1.33879,3600000,3600000
2023-01-06 14:56:16.586000,1.33886,1.33879,3600000,3600000
2023-01-06 14:56:16.637000,1.33889,1.33878,5040000,3600000
2023-01-06 14:56:16.688000,1.33889,1.33879,3600000,3600000
2023-01-06 14:56:16.841000,1.33888,1.33881,3600000,3600000
2023-01-06 14:56:16.943000,1.33888,1.3388,3600000,3600000
2023-01-06 14:56:17.230000,1.33888,1.33881,3600000,3600000
2023-01-06 14:56:17.332000,1.33888,1.33879,3600000,3600000
2023-01-06 14:56:17.440000,1.33888,1.3388,3600000,3600000
2023-01-06 14:56:17.694000,1.33893,1.33883,5940000,3600000
2023-01-06 14:56:17.745000,1.33894,1.33889,1200000,3600000
2023-01-06 14:56:17.797000,1.33899,1.33892,3600000,3600000
2023-01-06 14:56:18.227000,1.33898,1.33891,3600000,3600000
2023-01-06 14:56:18.532000,1.339,1.33893,3600000,3600000
2023-01-06 14:56:18.947000,1.33901,1.33894,3600000,1200000
2023-01-06 14:56:19.100000,1.33903,1.33896,1200000,5660000
2023-01-06 14:56:19.152000,1.33908,1.33899,4940000,3600000
2023-01-06 14:56:19.203000,1.33907,1.33903,3600000,1200000
2023-01-06 14:56:19.305000,1.33908,1.33899,3600000,4500000
2023-01-06 14:56:19.508000,1.33906,1.33899,1200000,4500000
2023-01-06 14:56:19.610000,1.33906,1.33897,4940000,1200000
2023-01-06 14:56:19.764000,1.33907,1.339,1200000,4040000
2023-01-06 14:56:19.866000,1.33913,1.33906,4940000,4500000
2023-01-06 14:56:19.968000,1.33912,1.33905,3600000,1200000
2023-01-06 14:56:20.069000,1.33913,1.33906,4500000,3600000
2023-01-06 14:56:20.222000,1.33915,1.33908,3600000,3600000
2023-01-06 14:56:20.324000,1.33914,1.33907,3600000,4500000
2023-01-06 14:56:20.426000,1.33918,1.33912,1200000,3600000
2023-01-06 14:56:20.529000,1.33916,1.33908,5400000,4500000
2023-01-06 14:56:20.630000,1.33919,1.33912,4800000,4500000
2023-01-06 14:56:20.685000,1.33919,1.33912,4730000,4500000
2023-01-06 14:56:20.792000,1.33918,1.33911,4500000,3600000
2023-01-06 14:56:20.844000,1.33917,1.33909,3600000,4500000
2023-01-06 14:56:20.946000,1.33918,1.33911,4500000,3600000
2023-01-06 14:56:21.121000,1.33918,1.3391,3600000,1200000
2023-01-06 14:56:21.223000,1.33918,1.33911,3600000,4500000
2023-01-06 14:56:21.325000,1.3392,1.33913,4940000,3600000
2023-01-06 14:56:21.427000,1.33918,1.33911,3600000,1200000
2023-01-06 14:56:21.528000,1.3392,1.33913,4940000,3600000
2023-01-06 14:56:23.062000,1.33915,1.33911,4500000,1200000
2023-01-06 14:56:23.114000,1.33915,1.33908,4940000,3600000
2023-01-06 14:56:23.584000,1.33914,1.33907,3600000,3600000
2023-01-06 14:56:24.053000,1.33913,1.33906,3600000,4500000
2023-01-06 14:56:24.104000,1.33907,1.33901,1570000,5100000
2023-01-06 14:56:24.206000,1.33906,1.33899,4040000,3600000
2023-01-06 14:56:24.337000,1.3391,1.33903,4040000,3600000
2023-01-06 14:56:24.439000,1.33911,1.33904,4040000,3600000
2023-01-06 14:56:24.780000,1.3391,1.33903,3600000,3600000
2023-01-06 14:56:27.540000,1.33909,1.33902,4200000,3600000
2023-01-06 14:56:27.642000,1.33909,1.33902,4040000,3600000
2023-01-06 14:56:28.005000,1.33911,1.33904,4500000,3600000
2023-01-06 14:56:28.597000,1.3391,1.33903,3600000,3600000
2023-01-06 14:56:29.990000,1.33907,1.33901,4040000,4500000
2023-01-06 14:56:30.092000,1.33907,1.339,4040000,3600000
2023-01-06 14:56:30.875000,1.33909,1.33902,4040000,3600000
2023-01-06 14:56:31.229000,1.33911,1.33904,4500000,3600000
2023-01-06 14:56:31.331000,1.33916,1.33908,5400000,3600000
2023-01-06 14:56:31.432000,1.33917,1.33908,5400000,4500000
2023-01-06 14:56:32.806000,1.33921,1.33911,4940000,1200000
2023-01-06 14:56:32.857000,1.3392,1.33914,3600000,3600000
2023-01-06 14:56:32.959000,1.33921,1.33914,4040000,3600000
2023-01-06 14:56:33.476000,1.33922,1.33915,3600000,3600000
2023-01-06 14:56:33.578000,1.33924,1.33917,4040000,3600000
2023-01-06 14:56:33.679000,1.33923,1.33916,3600000,3600000
2023-01-06 14:56:33.809000,1.33923,1.33914,3600000,3600000
2023-01-06 14:56:33.911000,1.33923,1.33915,3600000,3600000
2023-01-06 14:56:34.013000,1.33924,1.33917,4040000,3600000
2023-01-06 14:56:34.115000,1.33922,1.33915,5100000,3600000
2023-01-06 14:56:34.218000,1.33916,1.33909,6440000,4500000
2023-01-06 14:56:34.320000,1.33915,1.33908,3600000,3600000
2023-01-06 14:56:34.422000,1.33919,1.3391,4200000,3600000
2023-01-06 14:56:34.929000,1.33918,1.33911,3600000,3600000
2023-01-06 14:56:35.031000,1.33919,1.33912,4040000,3600000
2023-01-06 14:56:35.345000,1.33917,1.3391,1200000,3600000
2023-01-06 14:56:35.470000,1.33916,1.33909,5400000,3600000
2023-01-06 14:56:35.577000,1.33916,1.33909,6440000,3600000
2023-01-06 14:56:35.920000,1.33917,1.3391,4040000,3600000
2023-01-06 14:56:35.972000,1.3392,1.33913,4200000,3600000
2023-01-06 14:56:36.184000,1.3392,1.33909,4200000,4500000
2023-01-06 14:56:36.286000,1.3392,1.3391,3600000,3600000
2023-01-06 14:56:36.537000,1.33918,1.33911,4040000,3600000
2023-01-06 14:56:37.084000,1.33916,1.33909,4040000,3600000
2023-01-06 14:56:37.186000,1.33918,1.3391,4200000,3600000
2023-01-06 14:56:38.366000,1.33918,1.33911,4200000,3600000
2023-01-06 14:56:38.602000,1.33919,1.33912,3600000,3600000
2023-01-06 14:56:40.457000,1.33924,1.33916,5630000,3600000
2023-01-06 14:56:40.560000,1.33923,1.33917,3600000,3600000
2023-01-06 14:56:40.661000,1.33925,1.33918,4500000,3600000
2023-01-06 14:56:41.089000,1.33925,1.33918,5540000,3600000
2023-01-06 14:56:41.140000,1.33921,1.33914,4040000,4500000
2023-01-06 14:56:41.242000,1.3392,1.33913,4940000,3600000
2023-01-06 14:56:42.322000,1.3392,1.33913,4200000,3600000
2023-01-06 14:56:42.424000,1.33919,1.33912,4040000,3600000
2023-01-06 14:56:42.526000,1.33916,1.3391,4500000,1200000
2023-01-06 14:56:42.628000,1.33918,1.33911,4200000,3600000
2023-01-06 14:56:42.680000,1.33915,1.33909,4200000,1200000
2023-01-06 14:56:42.782000,1.33909,1.33905,4040000,1200000
2023-01-06 14:56:42.833000,1.33909,1.33902,3600000,3600000
2023-01-06 14:56:42.942000,1.33917,1.33909,1800000,3600000
2023-01-06 14:56:43.373000,1.33918,1.33911,3600000,3600000
2023-01-06 14:56:43.847000,1.33919,1.33913,1200000,3600000
2023-01-06 14:56:43.949000,1.3392,1.33913,4040000,3600000
2023-01-06 14:56:44.203000,1.33922,1.33913,3600000,3600000
2023-01-06 14:56:44.305000,1.33925,1.33918,5400000,3600000
2023-01-06 14:56:44.642000,1.33926,1.33918,1200000,3600000
2023-01-06 14:56:44.693000,1.33927,1.3392,4040000,3600000
2023-01-06 14:56:44.745000,1.3393,1.33921,6740000,3600000
2023-01-06 14:56:44.847000,1.33928,1.33921,3600000,3600000
2023-01-06 14:56:44.949000,1.33928,1.33923,3600000,1200000
2023-01-06 14:56:45,1.3393,1.33923,4500000,3600000
2023-01-06 14:56:45.102000,1.3393,1.33922,3600000,1200000
2023-01-06 14:56:45.204000,1.3393,1.33921,3600000,3600000
2023-01-06 14:56:47.023000,1.33928,1.33919,3600000,1800000
2023-01-06 14:56:47.133000,1.33929,1.33922,3600000,3600000
2023-01-06 14:56:48.293000,1.33931,1.33923,4200000,1200000
2023-01-06 14:56:48.902000,1.33925,1.3392,4040000,1200000
2023-01-06 14:56:49.004000,1.33925,1.33918,5840000,3600000
2023-01-06 14:56:49.829000,1.33924,1.33918,1200000,3600000
2023-01-06 14:56:49.931000,1.33923,1.33918,1800000,3600000
2023-01-06 14:56:49.982000,1.33923,1.33914,3600000,4500000
2023-01-06 14:56:50.602000,1.33923,1.33916,1200000,3600000
2023-01-06 14:56:50.704000,1.33924,1.33917,3600000,3600000
2023-01-06 14:56:51.110000,1.33926,1.33917,4940000,3600000
2023-01-06 14:56:52.004000,1.33922,1.33917,1200000,4500000
2023-01-06 14:56:52.056000,1.33921,1.33915,3600000,1200000
2023-01-06 14:56:52.158000,1.3392,1.33913,4500000,3600000
2023-01-06 14:56:52.260000,1.33919,1.33912,3600000,3600000
2023-01-06 14:56:52.362000,1.33917,1.33911,3600000,1200000
2023-01-06 14:56:52.463000,1.3392,1.3391,5840000,3600000
2023-01-06 14:56:52.953000,1.33919,1.33912,3600000,3600000
2023-01-06 14:56:53.222000,1.33919,1.33911,3600000,3600000
2023-01-06 14:56:53.572000,1.3392,1.33911,3600000,3600000
2023-01-06 14:56:54.099000,1.33919,1.33911,3600000,3600000
2023-01-06 14:56:54.858000,1.33921,1.33915,3600000,3600000
2023-01-06 14:56:54.909000,1.33921,1.33912,3600000,4500000
2023-01-06 14:56:56.570000,1.33918,1.33911,4500000,3600000
2023-01-06 14:56:57.844000,1.33919,1.33912,3600000,3600000
2023-01-06 14:56:58.639000,1.33917,1.33911,4940000,1200000
2023-01-06 14:56:58.690000,1.33918,1.33909,5540000,1200000
2023-01-06 14:56:58.741000,1.33918,1.33912,1200000,3600000
2023-01-06 14:56:58.843000,1.33919,1.33912,3600000,3600000
2023-01-06 14:57:00.169000,1.33917,1.3391,4040000,1200000
2023-01-06 14:57:00.220000,1.33916,1.33909,4940000,3600000
2023-01-06 14:57:00.441000,1.33917,1.33911,1200000,3600000
2023-01-06 14:57:00.543000,1.3392,1.33913,4040000,3600000
2023-01-06 14:57:00.696000,1.33923,1.33916,3600000,4500000
2023-01-06 14:57:00.797000,1.33925,1.33917,3240000,3600000
2023-01-06 14:57:00.870000,1.33923,1.33916,3600000,4500000
2023-01-06 14:57:00.972000,1.33924,1.33917,3600000,3600000
2023-01-06 14:57:01.873000,1.33925,1.33917,4940000,3600000
2023-01-06 14:57:02.125000,1.33925,1.33918,4940000,3600000
2023-01-06 14:57:03.868000,1.33925,1.33917,7200000,3600000
2023-01-06 14:57:03.970000,1.33923,1.33916,3600000,3600000
2023-01-06 14:57:04.072000,1.33924,1.33917,3600000,3600000
2023-01-06 14:57:04.338000,1.33925,1.33917,5400000,3600000
2023-01-06 14:57:04.440000,1.33924,1.33917,3600000,3600000
2023-01-06 14:57:04.921000,1.33924,1.33917,4200000,3600000
2023-01-06 14:57:05.922000,1.33923,1.33916,4040000,4500000
2023-01-06 14:57:06.508000,1.33924,1.33917,4200000,3600000
2023-01-06 14:57:06.714000,1.33924,1.33916,4200000,4500000
2023-01-06 14:57:08.085000,1.33924,1.33917,4200000,3600000
2023-01-06 14:57:08.847000,1.33923,1.33916,4040000,1200000
2023-01-06 14:57:08.949000,1.33923,1.33915,4040000,3600000
2023-01-06 14:57:09.588000,1.33924,1.33917,4200000,3600000
2023-01-06 14:57:11.058000,1.33924,1.33917,4040000,3600000
2023-01-06 14:57:11.970000,1.33922,1.33916,5640000,1200000
2023-01-06 14:57:12.021000,1.3392,1.33912,4200000,3600000
2023-01-06 14:57:12.123000,1.33919,1.33911,4200000,3600000
2023-01-06 14:57:12.225000,1.33919,1.33912,4200000,3600000
2023-01-06 14:57:12.838000,1.33919,1.33911,4200000,3600000
2023-01-06 14:57:13.089000,1.33918,1.33911,4200000,3600000
2023-01-06 14:57:13.242000,1.33919,1.33912,4200000,3600000
2023-01-06 14:57:13.363000,1.33918,1.33911,4200000,4500000
2023-01-06 14:57:14.419000,1.33918,1.33911,4040000,4500000
2023-01-06 14:57:14.851000,1.3392,1.33912,4200000,3600000
2023-01-06 14:57:14.902000,1.33922,1.33914,4160000,3600000
2023-01-06 14:57:15.005000,1.33922,1.33915,3600000,1200000
2023-01-06 14:57:15.106000,1.33922,1.33916,3600000,1200000
2023-01-06 14:57:15.208000,1.33923,1.33916,4040000,4500000
2023-01-06 14:57:15.310000,1.33924,1.33917,4040000,3600000
2023-01-06 14:57:15.932000,1.33926,1.33918,1340000,3680000
2023-01-06 14:57:16.034000,1.33932,1.33925,4040000,4500000
2023-01-06 14:57:16.200000,1.33933,1.33926,4040000,3600000
2023-01-06 14:57:16.505000,1.33935,1.33926,4200000,4500000
2023-01-06 14:57:16.983000,1.33933,1.33926,3600000,4500000
2023-01-06 14:57:17.085000,1.33934,1.33926,4040000,4500000
2023-01-06 14:57:17.588000,1.33936,1.33929,4200000,3600000
2023-01-06 14:57:17.639000,1.33937,1.33929,1670000,3600000
2023-01-06 14:57:17.691000,1.33937,1.33931,3600000,3600000
2023-01-06 14:57:17.793000,1.3394,1.33933,4040000,3600000
2023-01-06 14:57:17.844000,1.33937,1.33931,1800000,3600000
2023-01-06 14:57:17.946000,1.33934,1.33927,4040000,4500000
2023-01-06 14:57:19.057000,1.33933,1.33926,3600000,3600000
2023-01-06 14:57:19.159000,1.33933,1.33925,4040000,3600000
2023-01-06 14:57:19.434000,1.33934,1.33927,5100000,3600000
2023-01-06 14:57:19.973000,1.33939,1.33931,1200000,3600000
2023-01-06 14:57:20.075000,1.33938,1.33931,4040000,3600000
2023-01-06 14:57:20.228000,1.33937,1.33929,3600000,3600000
2023-01-06 14:57:20.330000,1.33938,1.3393,4040000,3600000
2023-01-06 14:57:20.432000,1.33939,1.33928,4040000,3600000
2023-01-06 14:57:20.534000,1.33938,1.33929,4200000,3600000
2023-01-06 14:57:21.062000,1.33936,1.33928,3600000,3600000
2023-01-06 14:57:21.195000,1.33936,1.33929,3600000,3600000
2023-01-06 14:57:21.297000,1.33937,1.33929,3600000,3600000
2023-01-06 14:57:21.456000,1.33936,1.33929,3600000,3600000
2023-01-06 14:57:21.734000,1.33937,1.3393,3600000,3600000
2023-01-06 14:57:21.835000,1.33936,1.33929,3600000,3600000
2023-01-06 14:57:21.937000,1.33937,1.3393,4040000,3600000
2023-01-06 14:57:22.822000,1.33937,1.33929,4040000,3600000
2023-01-06 14:57:23.140000,1.33936,1.33928,3600000,3600000
2023-01-06 14:57:23.500000,1.33934,1.33927,3600000,3600000
2023-01-06 14:57:23.602000,1.33937,1.3393,4040000,3600000
2023-01-06 14:57:23.893000,1.33938,1.33931,4040000,3600000
2023-01-06 14:57:26.361000,1.33934,1.33928,1340000,3600000
2023-01-06 14:57:26.412000,1.33934,1.33926,5100000,3600000
2023-01-06 14:57:26.550000,1.33934,1.33927,5100000,3600000
2023-01-06 14:57:26.602000,1.33938,1.33934,4640000,3860000
2023-01-06 14:57:26.655000,1.33944,1.33938,4730000,3600000
2023-01-06 14:57:26.706000,1.33946,1.33942,1200000,3600000
2023-01-06 14:57:26.758000,1.33946,1.3394,1200000,3600000
2023-01-06 14:57:26.809000,1.33947,1.3394,4040000,3600000
2023-01-06 14:57:26.860000,1.33943,1.33936,3600000,3600000
2023-01-06 14:57:27.115000,1.33942,1.33933,4040000,3600000
2023-01-06 14:57:27.216000,1.33942,1.33932,4040000,3600000
2023-01-06 14:57:27.267000,1.33943,1.33936,5100000,3600000
2023-01-06 14:57:27.371000,1.33942,1.33932,3600000,4500000
2023-01-06 14:57:27.423000,1.33943,1.33936,4500000,3600000
2023-01-06 14:57:27.524000,1.33945,1.33936,4040000,3600000
2023-01-06 14:57:27.886000,1.33945,1.33938,3600000,3600000
2023-01-06 14:57:27.988000,1.33947,1.33938,3600000,3600000
2023-01-06 14:57:28.742000,1.33947,1.33939,3600000,3600000
2023-01-06 14:57:28.844000,1.33948,1.33939,4040000,3600000
2023-01-06 14:57:28.946000,1.3395,1.3394,4200000,3600000
2023-01-06 14:57:29.098000,1.3395,1.33939,4200000,3600000
2023-01-06 14:57:29.201000,1.33949,1.33939,3600000,3600000
2023-01-06 14:57:29.637000,1.3395,1.33942,4200000,3600000
2023-01-06 14:57:30.170000,1.33948,1.33941,3600000,3600000
2023-01-06 14:57:30.272000,1.33949,1.33942,3600000,3600000
2023-01-06 14:57:31.098000,1.33949,1.33942,5100000,3600000
2023-01-06 14:57:31.149000,1.33947,1.33938,3600000,3600000
2023-01-06 14:57:31.251000,1.33946,1.33938,3600000,3600000
2023-01-06 14:57:31.505000,1.33947,1.3394,3600000,3600000
2023-01-06 14:57:33.083000,1.33944,1.33937,3600000,4040000
2023-01-06 14:57:33.421000,1.33947,1.3394,4040000,3600000
2023-01-06 14:57:33.944000,1.33949,1.33942,4040000,3600000
2023-01-06 14:57:34.254000,1.3395,1.33943,4200000,3600000
2023-01-06 14:57:34.406000,1.3395,1.33943,4040000,3600000
2023-01-06 14:57:35.739000,1.3395,1.33943,4200000,3600000
2023-01-06 14:57:35.891000,1.3395,1.33943,4040000,3600000
2023-01-06 14:57:35.994000,1.33959,1.33954,1200000,3600000
2023-01-06 14:57:36.096000,1.33964,1.33957,4200000,3600000
2023-01-06 14:57:36.198000,1.33966,1.33959,3600000,3600000
2023-01-06 14:57:36.452000,1.33964,1.33956,3600000,3600000
2023-01-06 14:57:36.503000,1.33965,1.33958,3600000,3600000
2023-01-06 14:57:36.826000,1.33964,1.33958,1800000,3600000
2023-01-06 14:57:36.877000,1.3396,1.33955,1200000,3600000
2023-01-06 14:57:36.928000,1.3396,1.33953,4500000,3600000
2023-01-06 14:57:37.139000,1.33954,1.33949,3600000,1200000
2023-01-06 14:57:37.242000,1.33956,1.33949,4040000,3600000
2023-01-06 14:57:37.445000,1.33957,1.3395,3600000,3600000
2023-01-06 14:57:37.496000,1.33956,1.33947,3600000,3600000
2023-01-06 14:57:37.598000,1.33956,1.33946,3600000,3600000
2023-01-06 14:57:37.751000,1.33958,1.33951,3600000,3600000
2023-01-06 14:57:38.005000,1.33959,1.33947,4200000,3600000
2023-01-06 14:57:38.056000,1.33958,1.33951,4040000,3600000
2023-01-06 14:57:38.157000,1.33959,1.33947,5100000,3600000
2023-01-06 14:57:38.268000,1.33956,1.33948,3600000,3600000
2023-01-06 14:57:38.401000,1.33957,1.33947,3600000,3600000
2023-01-06 14:57:38.553000,1.33956,1.33948,3600000,3600000
2023-01-06 14:57:39.388000,1.33957,1.33949,3600000,3600000
2023-01-06 14:57:39.873000,1.33962,1.3395,4640000,1920000
2023-01-06 14:57:39.975000,1.33964,1.33957,4040000,3600000
2023-01-06 14:57:40.180000,1.33964,1.33956,4040000,3600000
2023-01-06 14:57:42.933000,1.3396,1.33953,6000000,3600000
2023-01-06 14:57:43.035000,1.33959,1.33951,4040000,3600000
2023-01-06 14:57:43.187000,1.33959,1.33952,4040000,3600000
2023-01-06 14:57:44.950000,1.33958,1.3395,3600000,3600000
2023-01-06 14:57:45.103000,1.33958,1.33951,3600000,3600000
2023-01-06 14:57:47.647000,1.3396,1.33953,4040000,3600000
2023-01-06 14:57:47.749000,1.33964,1.33956,4040000,3600000
2023-01-06 14:57:47.800000,1.33967,1.33959,6900000,3600000
2023-01-06 14:57:47.902000,1.33967,1.33959,4200000,3600000
2023-01-06 14:57:48.175000,1.33965,1.33958,3600000,3600000
2023-01-06 14:57:48.277000,1.33966,1.33959,4040000,3600000
2023-01-06 14:57:48.782000,1.33969,1.33959,4640000,3600000
2023-01-06 14:57:49.189000,1.33969,1.33959,4200000,3600000
2023-01-06 14:57:49.391000,1.33968,1.3396,5540000,3600000
2023-01-06 14:57:49.493000,1.33966,1.33959,4040000,3600000
2023-01-06 14:57:49.595000,1.33967,1.3396,4200000,3600000
2023-01-06 14:57:50.511000,1.33967,1.3396,4040000,3600000
2023-01-06 14:57:51.092000,1.33968,1.3396,4040000,3600000
2023-01-06 14:57:51.194000,1.33967,1.3396,4200000,3600000
2023-01-06 14:57:51.809000,1.33968,1.33959,4040000,3600000
2023-01-06 14:57:51.860000,1.33969,1.33961,4940000,3600000
2023-01-06 14:57:51.962000,1.33969,1.33962,4040000,3600000
2023-01-06 14:57:52.615000,1.33971,1.33965,1200000,3600000
2023-01-06 14:57:52.717000,1.33972,1.33965,4040000,3600000
2023-01-06 14:57:54.621000,1.33972,1.33965,4200000,3600000
2023-01-06 14:57:54.722000,1.33972,1.33964,4200000,3600000
2023-01-06 14:57:55.107000,1.33972,1.33964,4040000,3600000
2023-01-06 14:57:55.536000,1.33973,1.33966,4200000,3600000
2023-01-06 14:57:56.088000,1.33974,1.33964,3600000,3600000
2023-01-06 14:57:56.139000,1.33976,1.33968,4640000,3600000
2023-01-06 14:57:56.241000,1.33977,1.33969,4200000,3600000
2023-01-06 14:57:56.828000,1.33976,1.3397,4040000,3600000
2023-01-06 14:57:56.967000,1.33977,1.33969,4200000,3600000
2023-01-06 14:57:58.108000,1.33976,1.3397,4040000,3600000
2023-01-06 14:57:58.210000,1.33977,1.33969,4640000,3600000
2023-01-06 14:57:58.466000,1.33975,1.33969,3600000,3600000
2023-01-06 14:57:58.616000,1.33976,1.3397,4040000,3600000
2023-01-06 14:57:58.875000,1.33978,1.33971,4500000,3600000
2023-01-06 14:57:58.926000,1.33978,1.33973,1200000,3600000
2023-01-06 14:57:58.977000,1.33981,1.33973,4040000,3600000
2023-01-06 14:57:59.532000,1.33979,1.33973,3600000,3600000
2023-01-06 14:57:59.684000,1.33981,1.33973,4040000,3600000
2023-01-06 14:57:59.839000,1.3398,1.33973,3600000,3600000
2023-01-06 14:57:59.941000,1.33981,1.33973,4040000,3600000
2023-01-06 14:58:00.071000,1.33979,1.33973,1200000,3600000
2023-01-06 14:58:00.122000,1.33977,1.3397,3600000,3600000
2023-01-06 14:58:00.223000,1.33977,1.3397,4200000,3600000
2023-01-06 14:58:00.918000,1.33977,1.33964,4200000,4040000
2023-01-06 14:58:00.969000,1.33976,1.33969,4040000,3600000
2023-01-06 14:58:01.071000,1.33978,1.3397,5100000,3600000
2023-01-06 14:58:02.029000,1.33977,1.3397,4200000,3600000
2023-01-06 14:58:02.131000,1.33978,1.33968,4040000,3600000
2023-01-06 14:58:02.290000,1.33977,1.3397,4040000,3600000
2023-01-06 14:58:02.750000,1.33978,1.3397,1200000,4740000
2023-01-06 14:58:02.852000,1.33982,1.33975,3600000,3600000
2023-01-06 14:58:03.005000,1.33983,1.33977,5450000,3600000
2023-01-06 14:58:03.071000,1.33982,1.33974,3600000,3600000
2023-01-06 14:58:03.195000,1.33983,1.33977,5450000,3600000
2023-01-06 14:58:03.297000,1.33982,1.33976,3600000,3600000
2023-01-06 14:58:03.505000,1.33983,1.33979,1850000,1620000
2023-01-06 14:58:03.607000,1.33988,1.33979,1200000,5100000
2023-01-06 14:58:03.709000,1.33987,1.33979,1200000,4500000
2023-01-06 14:58:03.760000,1.33987,1.33982,1200000,3600000
2023-01-06 14:58:03.863000,1.33991,1.33988,1200000,3600000
2023-01-06 14:58:03.914000,1.33996,1.33988,1200000,4800000
2023-01-06 14:58:03.966000,1.33997,1.3399,3600000,3600000
2023-01-06 14:58:04.068000,1.33998,1.3399,4500000,3600000
2023-01-06 14:58:04.169000,1.34,1.3399,3600000,3600000
2023-01-06 14:58:04.271000,1.33998,1.33992,3600000,3600000
2023-01-06 14:58:04.322000,1.34003,1.33998,1800000,1320000
2023-01-06 14:58:04.425000,1.34009,1.34002,3600000,3600000
2023-01-06 14:58:04.831000,1.3401,1.34003,3600000,3600000
2023-01-06 14:58:04.984000,1.3401,1.34001,3600000,3600000
2023-01-06 14:58:05.087000,1.34013,1.34004,5400000,3600000
2023-01-06 14:58:05.189000,1.34012,1.34004,3600000,3600000
2023-01-06 14:58:05.443000,1.3401,1.34004,1200000,3600000
2023-01-06 14:58:05.545000,1.34004,1.33998,1200000,3600000
2023-01-06 14:58:05.648000,1.34005,1.33998,3600000,3600000
2023-01-06 14:58:05.856000,1.34006,1.33999,3600000,3600000
2023-01-06 14:58:07.113000,1.34008,1.34001,3600000,3600000
2023-01-06 14:58:07.214000,1.34009,1.34002,3600000,3600000
2023-01-06 14:58:07.458000,1.3401,1.34002,3600000,3600000
2023-01-06 14:58:07.560000,1.3401,1.34003,3600000,3600000
2023-01-06 14:58:08.665000,1.3401,1.34001,3600000,3600000
2023-01-06 14:58:08.769000,1.3401,1.34002,3600000,3600000
2023-01-06 14:58:09.145000,1.34009,1.34002,3600000,3600000
2023-01-06 14:58:09.464000,1.3401,1.34002,3600000,3600000
2023-01-06 14:58:09.566000,1.34007,1.34,4500000,3600000
2023-01-06 14:58:09.668000,1.34007,1.33998,1200000,2360000
2023-01-06 14:58:09.770000,1.34012,1.34002,3600000,3600000
2023-01-06 14:58:09.872000,1.34011,1.34004,3600000,3600000
2023-01-06 14:58:10.517000,1.34011,1.34003,3600000,3600000
2023-01-06 14:58:10.857000,1.34011,1.34002,3600000,3600000
2023-01-06 14:58:11.357000,1.34011,1.34003,3600000,3600000
2023-01-06 14:58:11.510000,1.34012,1.34004,3600000,3600000
2023-01-06 14:58:11.612000,1.34011,1.34001,3600000,3600000
2023-01-06 14:58:11.873000,1.34012,1.34005,3600000,3600000
2023-01-06 14:58:12.025000,1.34011,1.34003,3600000,3600000
2023-01-06 14:58:12.278000,1.34011,1.34004,3600000,3600000
2023-01-06 14:58:13.194000,1.34011,1.34005,3600000,1200000
2023-01-06 14:58:13.854000,1.3401,1.34005,3600000,1200000
2023-01-06 14:58:14.184000,1.34013,1.34007,1200000,3600000
2023-01-06 14:58:14.286000,1.34014,1.34007,4500000,3600000
2023-01-06 14:58:14.540000,1.34015,1.34008,3600000,3600000
2023-01-06 14:58:15.065000,1.34014,1.34007,3600000,1200000
2023-01-06 14:58:15.175000,1.34021,1.34014,3600000,1200000
2023-01-06 14:58:15.279000,1.34022,1.34014,3600000,1200000
2023-01-06 14:58:15.381000,1.34028,1.34021,3830000,3600000
2023-01-06 14:58:15.651000,1.34028,1.3402,3600000,1200000
2023-01-06 14:58:15.753000,1.34028,1.34019,3600000,3600000
2023-01-06 14:58:15.906000,1.34028,1.34018,3600000,3600000
2023-01-06 14:58:16.008000,1.34027,1.34018,3600000,3600000
2023-01-06 14:58:16.122000,1.34028,1.34021,3600000,3600000
2023-01-06 14:58:16.186000,1.34027,1.34018,3600000,3600000
2023-01-06 14:58:16.593000,1.34026,1.34018,3600000,3600000
2023-01-06 14:58:17.294000,1.34028,1.34021,3600000,3600000
2023-01-06 14:58:17.542000,1.34026,1.34018,3600000,3600000
2023-01-06 14:58:17.743000,1.34028,1.34021,3600000,3600000
2023-01-06 14:58:17.896000,1.34026,1.34018,3600000,3600000
2023-01-06 14:58:17.947000,1.3403,1.34027,1200000,3600000
2023-01-06 14:58:18.049000,1.34031,1.34024,1200000,3600000
2023-01-06 14:58:18.152000,1.34032,1.34027,1200000,4140000
2023-01-06 14:58:18.203000,1.34041,1.34033,4500000,3600000
2023-01-06 14:58:18.254000,1.34036,1.34028,3900000,1200000
2023-01-06 14:58:18.306000,1.34035,1.34026,3600000,3600000
2023-01-06 14:58:18.408000,1.34031,1.34025,1200000,3600000
2023-01-06 14:58:18.459000,1.34031,1.34023,4500000,3600000
2023-01-06 14:58:18.564000,1.34031,1.34022,4500000,3600000
2023-01-06 14:58:19.351000,1.3403,1.34018,4500000,3600000
2023-01-06 14:58:19.402000,1.34029,1.34016,3600000,4580000
2023-01-06 14:58:19.454000,1.3403,1.34019,5840000,3600000
2023-01-06 14:58:20.890000,1.3403,1.34021,4940000,3600000
2023-01-06 14:58:20.992000,1.34031,1.3402,5540000,3600000
2023-01-06 14:58:21.043000,1.3403,1.34017,4040000,4810000
2023-01-06 14:58:21.479000,1.3403,1.34017,4040000,4760000
2023-01-06 14:58:21.582000,1.3403,1.34019,3600000,3600000
2023-01-06 14:58:21.684000,1.3403,1.3402,3600000,3600000
2023-01-06 14:58:21.786000,1.34031,1.34021,4500000,3600000
2023-01-06 14:58:22.817000,1.3403,1.34021,3600000,3600000
2023-01-06 14:58:22.919000,1.34029,1.3402,1340000,3600000
2023-01-06 14:58:22.970000,1.34027,1.34019,3600000,3600000
2023-01-06 14:58:23.022000,1.3403,1.34021,4500000,3600000
2023-01-06 14:58:23.174000,1.34031,1.34021,4940000,3600000
2023-01-06 14:58:23.332000,1.3403,1.3402,3600000,3600000
2023-01-06 14:58:23.434000,1.3403,1.34016,4500000,3600000
2023-01-06 14:58:23.485000,1.34031,1.34017,5400000,3600000
2023-01-06 14:58:23.536000,1.34029,1.34016,3600000,3600000
2023-01-06 14:58:23.587000,1.3403,1.34018,4500000,3600000
2023-01-06 14:58:23.757000,1.34029,1.34015,3600000,1620000
2023-01-06 14:58:23.808000,1.34029,1.34018,3600000,3600000
2023-01-06 14:58:23.910000,1.3403,1.34018,4500000,3600000
2023-01-06 14:58:24.012000,1.3403,1.34019,4500000,3600000
2023-01-06 14:58:24.450000,1.3403,1.34018,4500000,3600000
2023-01-06 14:58:24.672000,1.34029,1.34017,3600000,3600000
2023-01-06 14:58:25.070000,1.34028,1.34018,3600000,3600000
2023-01-06 14:58:25.441000,1.34029,1.34017,3600000,4040000
2023-01-06 14:58:25.543000,1.34029,1.34016,3600000,4040000
2023-01-06 14:58:25.668000,1.34027,1.34017,3600000,3600000
2023-01-06 14:58:25.770000,1.34026,1.34017,3600000,3600000
2023-01-06 14:58:28.212000,1.34025,1.34017,3600000,3600000
2023-01-06 14:58:28.976000,1.34027,1.34015,3600000,4740000
2023-01-06 14:58:29.279000,1.34027,1.34016,3600000,4200000
2023-01-06 14:58:29.890000,1.34027,1.34017,3600000,1320000
2023-01-06 14:58:29.992000,1.34028,1.34018,3600000,1320000
2023-01-06 14:58:30.572000,1.34032,1.34026,5400000,2520000
2023-01-06 14:58:30.674000,1.34042,1.34032,4270000,3600000
2023-01-06 14:58:30.776000,1.34042,1.34031,3600000,4580000
2023-01-06 14:58:30.965000,1.34039,1.3403,3600000,3600000
2023-01-06 14:58:31.019000,1.3404,1.34028,1200000,5040000
2023-01-06 14:58:31.070000,1.34042,1.34028,4040000,4810000
2023-01-06 14:58:31.122000,1.3404,1.34027,3600000,4580000
2023-01-06 14:58:31.603000,1.34041,1.34035,1200000,3600000
2023-01-06 14:58:31.705000,1.3404,1.34034,1200000,3600000
2023-01-06 14:58:31.807000,1.34041,1.34034,7200000,3600000
2023-01-06 14:58:32.061000,1.34042,1.34035,6740000,3600000
2023-01-06 14:58:32.163000,1.34038,1.34029,3600000,4040000
2023-01-06 14:58:32.265000,1.34041,1.3403,3600000,4740000
2023-01-06 14:58:32.468000,1.3404,1.3403,3600000,4040000
2023-01-06 14:58:32.520000,1.34042,1.3403,3600000,4740000
2023-01-06 14:58:32.571000,1.3404,1.34031,3600000,4040000
2023-01-06 14:58:32.673000,1.34042,1.3403,3600000,4740000
2023-01-06 14:58:33.067000,1.34043,1.34033,3600000,4040000
2023-01-06 14:58:33.694000,1.34043,1.34035,3600000,4040000
2023-01-06 14:58:33.797000,1.34044,1.34035,3600000,4040000
2023-01-06 14:58:34.404000,1.34042,1.34034,3600000,3600000
2023-01-06 14:58:34.506000,1.34045,1.34032,3600000,1320000
2023-01-06 14:58:34.826000,1.34041,1.34032,3600000,3600000
2023-01-06 14:58:34.877000,1.3404,1.3403,3600000,4580000
2023-01-06 14:58:34.979000,1.34039,1.3403,3600000,4140000
2023-01-06 14:58:35.098000,1.3404,1.34029,3600000,4320000
2023-01-06 14:58:35.150000,1.34039,1.34026,3600000,4140000
2023-01-06 14:58:35.486000,1.34038,1.34026,3600000,5060000
2023-01-06 14:58:35.589000,1.34038,1.34026,3600000,4760000
2023-01-06 14:58:35.952000,1.34038,1.34027,3600000,1620000
2023-01-06 14:58:36.755000,1.34038,1.34027,3600000,1320000
2023-01-06 14:58:36.936000,1.34037,1.34025,3600000,2030000
2023-01-06 14:58:36.988000,1.34035,1.34025,3600000,2570000
2023-01-06 14:58:37.705000,1.34035,1.34024,3600000,1320000
2023-01-06 14:58:38.111000,1.34035,1.34025,3600000,1320000
2023-01-06 14:58:38.851000,1.34037,1.34026,3600000,4200000
2023-01-06 14:58:39.359000,1.34041,1.34028,1200000,3600000
2023-01-06 14:58:39.460000,1.34038,1.34029,3600000,3600000
2023-01-06 14:58:39.613000,1.3404,1.34029,3600000,4040000
2023-01-06 14:58:39.715000,1.34039,1.34029,3600000,4040000
2023-01-06 14:58:39.766000,1.34039,1.34031,3600000,3600000
2023-01-06 14:58:39.868000,1.3404,1.34031,3600000,3600000
2023-01-06 14:58:39.970000,1.34038,1.34028,3600000,4580000
2023-01-06 14:58:40.122000,1.3404,1.34031,3600000,3600000
2023-01-06 14:58:40.307000,1.3404,1.34031,3600000,4740000
2023-01-06 14:58:40.409000,1.34044,1.34038,2780000,3600000
2023-01-06 14:58:40.460000,1.34049,1.34037,4500000,4040000
2023-01-06 14:58:40.742000,1.34049,1.34038,4940000,3600000
2023-01-06 14:58:40.954000,1.34049,1.34037,4500000,4580000
2023-01-06 14:58:41.250000,1.34046,1.34035,3600000,3600000
2023-01-06 14:58:41.352000,1.34044,1.34035,3600000,3600000
2023-01-06 14:58:41.562000,1.34046,1.34033,3600000,4580000
2023-01-06 14:58:42.017000,1.34038,1.34032,6900000,2750000
2023-01-06 14:58:42.069000,1.3403,1.34024,3600000,3830000
2023-01-06 14:58:42.120000,1.34032,1.34021,3600000,1740000
2023-01-06 14:58:42.171000,1.34029,1.34019,3600000,6380000
2023-01-06 14:58:42.222000,1.34031,1.34019,3600000,2780000
2023-01-06 14:58:42.273000,1.34033,1.34026,4040000,3600000
2023-01-06 14:58:42.375000,1.34031,1.3402,3600000,1500000
2023-01-06 14:58:42.477000,1.34031,1.34018,3600000,4990000
2023-01-06 14:58:42.579000,1.3403,1.34016,4040000,4580000
2023-01-06 14:58:43.147000,1.3403,1.34017,3600000,1320000
2023-01-06 14:58:43.452000,1.34028,1.34017,1200000,1320000
2023-01-06 14:58:43.937000,1.34029,1.34018,1200000,4580000
2023-01-06 14:58:44.038000,1.34029,1.34019,3600000,3600000
2023-01-06 14:58:44.147000,1.34029,1.34019,3600000,5940000
2023-01-06 14:58:44.198000,1.34033,1.34021,4940000,4740000
2023-01-06 14:58:47.239000,1.34031,1.34021,3600000,4970000
2023-01-06 14:58:48.020000,1.34031,1.34018,3600000,5180000
2023-01-06 14:58:48.250000,1.3403,1.34019,3600000,4580000
2023-01-06 14:58:50.072000,1.34031,1.34024,1200000,1500000
2023-01-06 14:58:50.123000,1.34034,1.34023,3600000,5060000
2023-01-06 14:58:50.174000,1.34034,1.34027,3600000,3600000
2023-01-06 14:58:50.225000,1.34032,1.34024,3600000,4140000
2023-01-06 14:58:51.918000,1.34035,1.34029,3600000,2040000
2023-01-06 14:58:51.969000,1.34038,1.3403,3600000,4500000
2023-01-06 14:58:52.020000,1.3404,1.34031,3600000,4040000
2023-01-06 14:58:52.122000,1.3404,1.3403,3600000,4500000
2023-01-06 14:58:52.173000,1.34037,1.3403,3600000,3600000
2023-01-06 14:58:52.291000,1.34035,1.34027,3600000,3600000
2023-01-06 14:58:52.342000,1.34037,1.34029,3600000,3600000
2023-01-06 14:58:52.444000,1.34034,1.34026,3600000,4040000
2023-01-06 14:58:52.546000,1.34035,1.34027,3600000,3600000
2023-01-06 14:58:52.736000,1.34035,1.34026,3600000,3600000
2023-01-06 14:58:52.888000,1.34035,1.34025,3600000,4040000
2023-01-06 14:58:53.142000,1.34036,1.34028,3600000,3600000
2023-01-06 14:58:53.397000,1.34033,1.34025,3600000,3600000
2023-01-06 14:58:54.926000,1.34035,1.34025,3600000,3600000
2023-01-06 14:58:56.919000,1.34028,1.34023,2700000,1200000
2023-01-06 14:58:57.021000,1.34035,1.34025,3600000,1320000
2023-01-06 14:58:57.669000,1.34033,1.34023,3600000,1320000
2023-01-06 14:58:57.771000,1.34034,1.34025,3600000,4040000
2023-01-06 14:58:57.924000,1.34034,1.34023,3600000,4580000
2023-01-06 14:58:58.026000,1.34034,1.34023,3600000,4740000
2023-01-06 14:58:58.563000,1.34034,1.34023,3600000,4580000
2023-01-06 14:58:58.614000,1.34034,1.34027,3600000,3600000
2023-01-06 14:58:58.895000,1.34034,1.34024,3600000,1320000
2023-01-06 14:58:59.048000,1.34036,1.34023,3600000,4580000
2023-01-06 14:58:59.504000,1.34036,1.34025,3600000,1320000
2023-01-06 14:58:59.921000,1.34036,1.34026,3600000,1320000
2023-01-06 14:59:00.125000,1.34036,1.34026,3600000,3600000
2023-01-06 14:59:00.227000,1.34036,1.34029,3600000,3600000
2023-01-06 14:59:00.278000,1.34039,1.34031,3600000,3600000
2023-01-06 14:59:00.380000,1.34039,1.34032,3600000,3600000
2023-01-06 14:59:00.482000,1.3404,1.34032,3600000,3600000
2023-01-06 14:59:00.910000,1.3404,1.3403,1200000,3600000
2023-01-06 14:59:00.962000,1.34037,1.34027,3600000,3600000
2023-01-06 14:59:01.063000,1.34037,1.3403,3600000,3600000
2023-01-06 14:59:01.165000,1.3403,1.34025,1200000,4040000
2023-01-06 14:59:01.217000,1.34028,1.3402,3600000,4940000
2023-01-06 14:59:01.268000,1.34027,1.34018,3600000,4040000
2023-01-06 14:59:01.370000,1.34026,1.34019,3600000,3600000
2023-01-06 14:59:01.472000,1.34026,1.34018,3600000,3600000
2023-01-06 14:59:01.802000,1.34025,1.34018,3600000,3600000
2023-01-06 14:59:02.318000,1.34029,1.34018,3600000,3600000
2023-01-06 14:59:02.893000,1.34024,1.34015,3600000,4940000
2023-01-06 14:59:02.995000,1.34027,1.34019,4800000,3600000
2023-01-06 14:59:03.046000,1.34027,1.34015,3900000,4740000
2023-01-06 14:59:03.269000,1.34027,1.34015,3600000,4200000
2023-01-06 14:59:03.370000,1.34027,1.34015,3900000,4200000
2023-01-06 14:59:03.472000,1.34027,1.34015,3600000,4200000
2023-01-06 14:59:03.641000,1.34027,1.34015,3600000,4740000
2023-01-06 14:59:03.899000,1.34026,1.34015,1200000,4280000
2023-01-06 14:59:04.001000,1.34027,1.34015,3600000,4280000
2023-01-06 14:59:04.103000,1.34028,1.34018,3600000,3600000
2023-01-06 14:59:04.205000,1.34027,1.34019,3600000,3600000
2023-01-06 14:59:04.307000,1.34026,1.34019,3600000,3600000
2023-01-06 14:59:04.409000,1.34027,1.34015,3830000,4140000
2023-01-06 14:59:04.562000,1.34027,1.34015,3600000,4280000
2023-01-06 14:59:04.663000,1.34026,1.34015,3600000,4280000
2023-01-06 14:59:04.766000,1.34026,1.34014,4800000,4760000
2023-01-06 14:59:04.868000,1.34025,1.34014,1800000,3600000
2023-01-06 14:59:04.919000,1.34021,1.3401,4940000,5540000
2023-01-06 14:59:05.021000,1.34018,1.34011,3600000,3600000
2023-01-06 14:59:05.298000,1.34018,1.3401,4040000,3600000
2023-01-06 14:59:05.656000,1.3402,1.34007,4870000,3600000
2023-01-06 14:59:05.707000,1.34018,1.3401,4040000,3600000
2023-01-06 14:59:05.809000,1.34017,1.34009,3600000,3600000
2023-01-06 14:59:06.063000,1.34017,1.34006,3600000,4040000
2023-01-06 14:59:06.165000,1.34019,1.34006,4200000,4040000
2023-01-06 14:59:06.267000,1.34019,1.34006,4200000,4640000
2023-01-06 14:59:06.369000,1.34018,1.34006,1200000,3600000
2023-01-06 14:59:06.637000,1.34019,1.34006,4640000,4040000
2023-01-06 14:59:06.768000,1.34019,1.34006,4040000,4040000
2023-01-06 14:59:06.819000,1.34019,1.34006,4200000,4040000
2023-01-06 14:59:07.166000,1.34019,1.34006,4040000,4040000
2023-01-06 14:59:07.218000,1.34018,1.3401,3600000,3600000
2023-01-06 14:59:07.335000,1.34016,1.34009,3600000,3600000
2023-01-06 14:59:07.538000,1.34015,1.34008,3600000,3600000
2023-01-06 14:59:07.819000,1.34016,1.34009,4040000,3600000
2023-01-06 14:59:07.921000,1.34016,1.34008,4040000,3600000
2023-01-06 14:59:08.876000,1.34016,1.34008,4340000,3600000
2023-01-06 14:59:09.317000,1.34017,1.34009,4040000,3600000
2023-01-06 14:59:09.470000,1.34016,1.34008,4270000,3600000
2023-01-06 14:59:09.573000,1.34016,1.34008,4200000,3600000
2023-01-06 14:59:09.725000,1.34016,1.34008,4040000,3600000
2023-01-06 14:59:09.849000,1.34016,1.34008,4340000,4500000
2023-01-06 14:59:10.058000,1.34015,1.34007,3830000,3600000
2023-01-06 14:59:10.215000,1.34017,1.34008,3600000,1200000
2023-01-06 14:59:10.368000,1.34018,1.34008,3600000,4040000
2023-01-06 14:59:10.470000,1.34016,1.34009,5100000,1200000
2023-01-06 14:59:10.521000,1.34015,1.34007,3600000,1200000
2023-01-06 14:59:10.724000,1.34015,1.34008,3830000,3600000
2023-01-06 14:59:10.877000,1.34015,1.34007,3600000,4500000
2023-01-06 14:59:10.928000,1.34008,1.34001,3600000,3600000
2023-01-06 14:59:11.030000,1.34009,1.34001,3600000,3600000
2023-01-06 14:59:11.407000,1.34008,1.34001,3600000,3600000
2023-01-06 14:59:12.235000,1.34008,1.34,3600000,3600000
2023-01-06 14:59:12.388000,1.3401,1.34004,3600000,1920000
2023-01-06 14:59:12.439000,1.34012,1.34006,2700000,3600000
2023-01-06 14:59:12.541000,1.34011,1.34006,4270000,1200000
2023-01-06 14:59:12.592000,1.3401,1.34003,3600000,1200000
2023-01-06 14:59:12.643000,1.34008,1.34,3600000,4040000
2023-01-06 14:59:12.904000,1.34009,1.34001,3600000,3600000
2023-01-06 14:59:13.204000,1.34008,1.34001,3600000,1200000
2023-01-06 14:59:13.306000,1.34011,1.34006,4200000,2240000
2023-01-06 14:59:13.357000,1.34012,1.34005,4040000,5540000
2023-01-06 14:59:13.459000,1.34012,1.34005,3600000,3600000
2023-01-06 14:59:13.611000,1.34012,1.34005,3600000,5540000
2023-01-06 14:59:13.662000,1.34014,1.34007,3600000,3600000
2023-01-06 14:59:13.776000,1.34015,1.34007,3600000,4500000
2023-01-06 14:59:14.043000,1.34015,1.34008,3600000,3600000
2023-01-06 14:59:14.094000,1.3402,1.34011,6600000,4140000
2023-01-06 14:59:14.146000,1.3402,1.34015,2700000,3600000
2023-01-06 14:59:14.197000,1.34022,1.34015,3600000,5400000
2023-01-06 14:59:14.400000,1.34021,1.34015,4040000,1800000
2023-01-06 14:59:14.603000,1.34022,1.34015,4040000,1200000
2023-01-06 14:59:14.705000,1.34024,1.34016,3600000,4500000
2023-01-06 14:59:14.866000,1.34024,1.34017,3600000,1200000
2023-01-06 14:59:14.968000,1.34029,1.34024,1640000,1200000
2023-01-06 14:59:15.018000,1.34033,1.34024,3600000,3600000
2023-01-06 14:59:15.120000,1.34033,1.34026,3600000,1200000
2023-01-06 14:59:15.222000,1.34033,1.34025,3600000,4500000
2023-01-06 14:59:15.324000,1.34033,1.34026,3600000,1200000
2023-01-06 14:59:15.567000,1.34033,1.34025,3600000,5400000
2023-01-06 14:59:15.669000,1.34034,1.34026,3600000,5400000
2023-01-06 14:59:15.771000,1.34035,1.34028,3600000,3600000
2023-01-06 14:59:15.873000,1.34035,1.34027,3600000,4500000
2023-01-06 14:59:16.052000,1.34035,1.34028,4040000,1200000
2023-01-06 14:59:16.337000,1.34035,1.34027,4040000,1200000
2023-01-06 14:59:16.439000,1.34034,1.34026,3600000,5400000
2023-01-06 14:59:16.855000,1.34031,1.34026,3600000,1200000
2023-01-06 14:59:16.957000,1.34031,1.34025,3600000,1200000
2023-01-06 14:59:17.008000,1.34031,1.34023,3600000,4500000
2023-01-06 14:59:17.110000,1.34031,1.34024,3600000,1200000
2023-01-06 14:59:17.414000,1.34031,1.34023,3600000,4500000
2023-01-06 14:59:17.752000,1.34033,1.34025,4040000,3600000
2023-01-06 14:59:17.854000,1.34032,1.34025,3600000,4500000
2023-01-06 14:59:17.967000,1.3403,1.34023,3600000,1800000
2023-01-06 14:59:18.221000,1.34033,1.34025,4200000,3600000
2023-01-06 14:59:18.323000,1.34033,1.34025,3600000,5400000
2023-01-06 14:59:18.424000,1.34031,1.34025,3600000,1200000
2023-01-06 14:59:18.526000,1.34031,1.34024,3600000,4500000
2023-01-06 14:59:18.757000,1.34033,1.34023,4040000,4500000
2023-01-06 14:59:18.910000,1.34032,1.34025,3600000,1200000
2023-01-06 14:59:19.012000,1.3403,1.34022,6530000,1440000
2023-01-06 14:59:19.063000,1.3403,1.34025,2700000,3600000
2023-01-06 14:59:19.115000,1.34031,1.34023,4500000,5400000
2023-01-06 14:59:19.217000,1.34033,1.34023,3600000,4500000
2023-01-06 14:59:19.319000,1.34034,1.34025,3600000,3600000
2023-01-06 14:59:19.420000,1.34032,1.34026,3600000,1200000
2023-01-06 14:59:19.522000,1.34032,1.34024,3600000,4500000
2023-01-06 14:59:19.624000,1.34031,1.34024,3600000,4500000
2023-01-06 14:59:19.941000,1.3403,1.34024,3600000,1800000
2023-01-06 14:59:19.992000,1.34029,1.34023,3600000,1800000
2023-01-06 14:59:20.043000,1.34029,1.34022,4040000,4500000
2023-01-06 14:59:20.249000,1.3403,1.34022,3680000,1200000
2023-01-06 14:59:20.351000,1.34029,1.34023,3600000,1200000
2023-01-06 14:59:20.453000,1.3403,1.34022,3680000,1200000
2023-01-06 14:59:20.612000,1.34029,1.34022,3600000,4500000
2023-01-06 14:59:20.713000,1.3403,1.34022,3600000,1200000
2023-01-06 14:59:20.876000,1.34031,1.34023,4140000,1200000
2023-01-06 14:59:20.978000,1.34031,1.34024,4280000,1200000
2023-01-06 14:59:21.080000,1.3403,1.34022,4040000,1800000
2023-01-06 14:59:21.347000,1.3403,1.34023,4040000,1200000
2023-01-06 14:59:21.817000,1.34031,1.34024,1320000,1200000
2023-01-06 14:59:21.919000,1.3403,1.34023,4040000,1200000
2023-01-06 14:59:22.417000,1.34032,1.34024,3600000,3600000
2023-01-06 14:59:22.468000,1.34033,1.34027,3600000,1200000
2023-01-06 14:59:22.519000,1.34033,1.34024,3600000,4500000
2023-01-06 14:59:22.622000,1.34031,1.34025,3600000,1200000
2023-01-06 14:59:22.724000,1.3403,1.34023,3600000,1200000
2023-01-06 14:59:22.975000,1.34032,1.34023,3600000,1200000
2023-01-06 14:59:23.448000,1.34031,1.34023,4040000,1200000
2023-01-06 14:59:23.601000,1.34032,1.34025,4040000,3600000
2023-01-06 14:59:23.804000,1.34032,1.34026,3600000,3600000
2023-01-06 14:59:23.906000,1.34033,1.34025,3600000,1200000
2023-01-06 14:59:24.015000,1.34033,1.34026,3600000,1200000
2023-01-06 14:59:24.479000,1.34033,1.34027,3600000,1200000
2023-01-06 14:59:24.741000,1.34033,1.34025,3600000,1200000
2023-01-06 14:59:24.843000,1.34034,1.34025,3600000,1200000
2023-01-06 14:59:24.945000,1.34033,1.34026,5220000,1200000
2023-01-06 14:59:25.047000,1.34031,1.34024,3600000,3600000
2023-01-06 14:59:25.149000,1.3403,1.34022,4140000,4500000
2023-01-06 14:59:25.251000,1.34029,1.3402,1320000,1200000
2023-01-06 14:59:25.353000,1.34028,1.34018,3600000,3600000
2023-01-06 14:59:25.455000,1.34029,1.34019,3600000,1940000
2023-01-06 14:59:25.557000,1.34033,1.34025,4140000,4500000
2023-01-06 14:59:25.659000,1.34034,1.34026,4280000,1200000
2023-01-06 14:59:25.761000,1.34037,1.34031,4200000,1320000
2023-01-06 14:59:25.812000,1.34042,1.34039,1200000,3600000
2023-01-06 14:59:25.864000,1.34049,1.34041,1200000,4500000
2023-01-06 14:59:25.915000,1.34048,1.34045,1200000,3600000
2023-01-06 14:59:25.966000,1.34053,1.34046,3600000,1200000
2023-01-06 14:59:26.082000,1.34057,1.3405,3680000,4500000
2023-01-06 14:59:26.188000,1.34056,1.34048,4040000,4500000
2023-01-06 14:59:26.290000,1.34055,1.34048,1320000,4500000
2023-01-06 14:59:26.341000,1.34053,1.34047,3600000,1200000
2023-01-06 14:59:26.392000,1.34052,1.34043,3600000,3600000
2023-01-06 14:59:26.596000,1.34049,1.34043,1320000,4500000
2023-01-06 14:59:26.698000,1.34049,1.34041,3680000,3600000
2023-01-06 14:59:26.854000,1.34048,1.34041,3600000,4500000
2023-01-06 14:59:27.210000,1.34048,1.3404,3600000,3600000
2023-01-06 14:59:27.362000,1.34048,1.34041,3600000,4500000
2023-01-06 14:59:27.515000,1.34049,1.34042,4140000,3600000
2023-01-06 14:59:27.566000,1.34052,1.34044,4040000,1200000
2023-01-06 14:59:27.668000,1.3405,1.34043,4040000,3600000
2023-01-06 14:59:28.025000,1.34052,1.34045,5180000,3600000
2023-01-06 14:59:28.076000,1.34052,1.34045,4580000,4500000
2023-01-06 14:59:28.127000,1.34048,1.34036,5640000,1200000
2023-01-06 14:59:28.229000,1.34044,1.34037,3600000,3600000
2023-01-06 14:59:28.969000,1.34043,1.34035,3600000,3600000
2023-01-06 14:59:29.071000,1.34048,1.34036,1800000,4760000
2023-01-06 14:59:29.122000,1.34049,1.34042,3600000,1200000
2023-01-06 14:59:29.224000,1.34051,1.34042,3600000,1200000
2023-01-06 14:59:29.327000,1.3405,1.34043,3600000,3600000
2023-01-06 14:59:29.581000,1.34053,1.34045,4580000,1200000
2023-01-06 14:59:29.683000,1.34052,1.34044,4140000,1200000
2023-01-06 14:59:29.785000,1.34052,1.34045,4140000,3600000
2023-01-06 14:59:29.886000,1.34052,1.34044,4140000,3600000
2023-01-06 14:59:30.057000,1.34051,1.34043,3600000,1200000
2023-01-06 14:59:30.108000,1.34049,1.34043,1320000,1200000
2023-01-06 14:59:30.210000,1.34048,1.34041,3600000,3600000
2023-01-06 14:59:30.312000,1.34049,1.34041,4040000,3600000
2023-01-06 14:59:30.567000,1.34048,1.3404,3600000,1200000
2023-01-06 14:59:30.671000,1.34049,1.34041,4580000,3600000
2023-01-06 14:59:30.794000,1.34048,1.3404,3600000,1200000
2023-01-06 14:59:30.895000,1.34045,1.34041,1200000,3600000
2023-01-06 14:59:30.947000,1.34039,1.34031,3600000,4500000
2023-01-06 14:59:30.998000,1.34037,1.34029,4140000,3600000
2023-01-06 14:59:31.100000,1.34035,1.34027,3600000,3600000
2023-01-06 14:59:31.202000,1.34037,1.34029,4140000,3600000
2023-01-06 14:59:31.304000,1.34036,1.34028,3600000,3600000
2023-01-06 14:59:31.972000,1.34038,1.34028,5640000,3600000
2023-01-06 14:59:32.023000,1.34035,1.34027,3600000,3600000
2023-01-06 14:59:32.226000,1.34033,1.34025,3600000,3600000
2023-01-06 14:59:32.509000,1.34035,1.34025,4200000,3600000
2023-01-06 14:59:32.611000,1.34034,1.34026,4040000,3600000
2023-01-06 14:59:32.916000,1.34029,1.34025,1800000,3600000
2023-01-06 14:59:32.967000,1.34022,1.34015,4040000,3600000
2023-01-06 14:59:33.018000,1.34019,1.34012,6300000,3600000
2023-01-06 14:59:33.124000,1.34018,1.3401,3600000,3600000
2023-01-06 14:59:33.861000,1.34019,1.34012,4040000,3600000
2023-01-06 14:59:34.296000,1.3402,1.34012,3600000,3600000
2023-01-06 14:59:34.600000,1.34023,1.34015,7200000,3600000
2023-01-06 14:59:34.702000,1.34025,1.34018,4200000,3600000
2023-01-06 14:59:34.753000,1.34028,1.3402,4040000,3600000
2023-01-06 14:59:36.021000,1.34027,1.34016,3600000,4940000
2023-01-06 14:59:36.123000,1.34027,1.34017,3600000,1200000
2023-01-06 14:59:36.734000,1.34028,1.3402,4040000,3600000
2023-01-06 14:59:36.959000,1.34027,1.34017,3600000,1200000
2023-01-06 14:59:37.010000,1.34028,1.3402,3600000,3600000
2023-01-06 14:59:37.264000,1.34027,1.34018,3600000,1200000
2023-01-06 14:59:37.534000,1.34027,1.34017,3600000,4500000
2023-01-06 14:59:37.847000,1.34029,1.34019,3600000,4940000
2023-01-06 14:59:37.949000,1.3403,1.3402,4500000,1200000
2023-01-06 14:59:38.051000,1.34027,1.34017,3600000,1200000
2023-01-06 14:59:38.153000,1.34026,1.34016,3600000,1200000
2023-01-06 14:59:38.255000,1.34025,1.34015,3600000,4500000
2023-01-06 14:59:38.509000,1.34026,1.34018,3600000,3600000
2023-01-06 14:59:38.715000,1.34024,1.34014,3600000,4500000
2023-01-06 14:59:38.838000,1.34026,1.34018,3600000,3600000
2023-01-06 14:59:38.889000,1.34025,1.34014,3600000,5400000
2023-01-06 14:59:38.997000,1.34026,1.34018,3600000,3600000
2023-01-06 14:59:39.098000,1.34026,1.34016,3600000,1200000
2023-01-06 14:59:39.150000,1.34027,1.34019,3600000,3600000
2023-01-06 14:59:39.201000,1.34027,1.34015,3600000,1200000
2023-01-06 14:59:39.303000,1.34025,1.34016,3600000,1200000
2023-01-06 14:59:39.354000,1.34021,1.3401,3600000,5100000
2023-01-06 14:59:39.405000,1.34021,1.34013,3600000,3600000
2023-01-06 14:59:39.457000,1.34021,1.3401,3600000,1940000
2023-01-06 14:59:39.688000,1.34021,1.3401,3600000,1200000
2023-01-06 14:59:40.016000,1.34021,1.34009,3600000,3600000
2023-01-06 14:59:40.118000,1.34011,1.34005,3600000,1200000
2023-01-06 14:59:40.171000,1.34011,1.34003,3600000,3600000
2023-01-06 14:59:40.272000,1.34012,1.34002,3600000,3600000
2023-01-06 14:59:40.526000,1.34012,1.34001,3600000,3600000
2023-01-06 14:59:40.578000,1.34023,1.34019,1200000,1340000
2023-01-06 14:59:40.629000,1.34035,1.34019,3600000,3600000
2023-01-06 14:59:40.731000,1.34029,1.34017,1200000,3600000
2023-01-06 14:59:40.833000,1.34026,1.34013,4200000,3600000
2023-01-06 14:59:40.935000,1.34025,1.34011,4200000,3600000
2023-01-06 14:59:41.088000,1.34023,1.34008,3600000,1200000
2023-01-06 14:59:41.139000,1.34027,1.34011,1200000,3600000
2023-01-06 14:59:41.241000,1.34014,1.34007,1200000,3600000
2023-01-06 14:59:41.292000,1.34024,1.34008,3600000,3600000
2023-01-06 14:59:41.496000,1.34023,1.34008,1200000,3600000
2023-01-06 14:59:41.547000,1.34025,1.34009,1200000,3600000
2023-01-06 14:59:41.801000,1.34024,1.3401,3600000,3600000
2023-01-06 14:59:41.903000,1.34025,1.34009,1200000,3600000
2023-01-06 14:59:42.005000,1.34024,1.3401,3600000,3600000
2023-01-06 14:59:42.208000,1.34024,1.34012,3600000,1200000
2023-01-06 14:59:42.310000,1.34025,1.34012,3600000,1200000
2023-01-06 14:59:42.361000,1.34027,1.3401,1200000,4500000
2023-01-06 14:59:42.412000,1.34026,1.34012,3600000,3600000
2023-01-06 14:59:43.028000,1.3403,1.34023,1200000,1200000
2023-01-06 14:59:43.130000,1.34035,1.34019,3600000,3600000
2023-01-06 14:59:43.232000,1.34033,1.3402,4200000,3600000
2023-01-06 14:59:43.385000,1.34026,1.34013,1200000,4200000
2023-01-06 14:59:43.437000,1.34024,1.34011,3600000,3600000
2023-01-06 14:59:43.488000,1.34027,1.34013,3600000,3600000
2023-01-06 14:59:43.539000,1.34023,1.3401,3600000,3600000
2023-01-06 14:59:43.642000,1.34024,1.3401,4500000,3600000
2023-01-06 14:59:43.693000,1.34024,1.34008,1200000,1200000
2023-01-06 14:59:44.209000,1.34024,1.34007,3600000,1200000
2023-01-06 14:59:44.311000,1.34024,1.34008,4500000,1200000
2023-01-06 14:59:44.413000,1.34023,1.3401,3600000,3600000
2023-01-06 14:59:44.535000,1.34023,1.34009,3600000,3600000
2023-01-06 14:59:44.738000,1.34024,1.34007,4500000,1200000
2023-01-06 14:59:45.088000,1.34025,1.34007,3600000,1200000
2023-01-06 14:59:45.139000,1.34025,1.3401,3600000,3600000
2023-01-06 14:59:45.241000,1.34022,1.34009,3600000,3600000
2023-01-06 14:59:45.860000,1.34021,1.34009,1200000,3600000
2023-01-06 14:59:46.114000,1.34021,1.34007,4500000,3600000
2023-01-06 14:59:46.165000,1.34019,1.3401,1200000,3600000
2023-01-06 14:59:46.216000,1.34019,1.34008,1200000,3600000
2023-01-06 14:59:46.369000,1.3402,1.34008,1200000,3600000
2023-01-06 14:59:46.478000,1.34018,1.34006,3600000,4500000
2023-01-06 14:59:46.682000,1.3402,1.34007,4500000,3600000
2023-01-06 14:59:47.040000,1.34017,1.34007,3600000,4500000
2023-01-06 14:59:47.091000,1.34021,1.34006,4500000,4500000
2023-01-06 14:59:47.142000,1.34017,1.34007,3600000,4500000
2023-01-06 14:59:47.244000,1.3401,1.34004,3600000,1200000
2023-01-06 14:59:47.346000,1.34006,1.33995,4500000,4500000
2023-01-06 14:59:47.397000,1.34007,1.33997,3600000,3600000
2023-01-06 14:59:47.499000,1.33999,1.33997,1200000,1200000
2023-01-06 14:59:47.550000,1.33997,1.3399,1200000,2520000
2023-01-06 14:59:47.602000,1.33992,1.33988,3600000,1200000
2023-01-06 14:59:47.653000,1.33991,1.3398,3600000,5100000
2023-01-06 14:59:47.906000,1.33991,1.3398,3600000,4500000
2023-01-06 14:59:47.958000,1.33987,1.3398,3600000,1200000
2023-01-06 14:59:48.009000,1.33988,1.33975,3600000,4500000
2023-01-06 14:59:48.216000,1.33988,1.33975,3600000,4500000
2023-01-06 14:59:48.520000,1.33989,1.33977,4500000,1200000
2023-01-06 14:59:48.622000,1.33987,1.33977,3600000,4500000
2023-01-06 14:59:48.724000,1.3399,1.33977,900000,2400000
2023-01-06 14:59:48.775000,1.34015,1.33998,4500000,4500000
2023-01-06 14:59:48.826000,1.34011,1.33997,3600000,4500000
2023-01-06 14:59:48.877000,1.34011,1.33996,1200000,3600000
2023-01-06 14:59:48.978000,1.34016,1.33999,4500000,3600000
2023-01-06 14:59:49.080000,1.34015,1.34001,4500000,1200000
2023-01-06 14:59:49.520000,1.34013,1.34001,3600000,1200000
2023-01-06 14:59:49.867000,1.34015,1.34001,4200000,1200000
2023-01-06 14:59:49.969000,1.34015,1.34001,3600000,1200000
2023-01-06 14:59:50.020000,1.34017,1.34001,5400000,4500000
2023-01-06 14:59:50.121000,1.34016,1.34001,3600000,4500000
2023-01-06 14:59:50.233000,1.34017,1.34001,3600000,1200000
2023-01-06 14:59:50.335000,1.34018,1.34002,1340000,1200000
2023-01-06 14:59:50.437000,1.34017,1.34004,1200000,1200000
2023-01-06 14:59:50.539000,1.3402,1.34007,1800000,1200000
2023-01-06 14:59:50.641000,1.34022,1.34008,3600000,1200000
2023-01-06 14:59:50.843000,1.34022,1.3401,3600000,1200000
2023-01-06 14:59:50.945000,1.34025,1.34012,1200000,3600000
2023-01-06 14:59:51.047000,1.34025,1.34011,1200000,1200000
2023-01-06 14:59:51.300000,1.34027,1.34011,1200000,1200000
2023-01-06 14:59:51.503000,1.34028,1.34013,1200000,1200000
2023-01-06 14:59:51.605000,1.34026,1.34011,1200000,1200000
2023-01-06 14:59:51.656000,1.34028,1.34011,1200000,1200000
2023-01-06 14:59:51.757000,1.34027,1.34012,1200000,1200000
2023-01-06 14:59:52.065000,1.34027,1.34011,1200000,3600000
2023-01-06 14:59:52.166000,1.34027,1.34011,1800000,3600000
2023-01-06 14:59:52.270000,1.34027,1.34009,5100000,1200000
2023-01-06 14:59:52.372000,1.34027,1.34011,1800000,1200000
2023-01-06 14:59:52.473000,1.34028,1.34011,4500000,1200000
2023-01-06 14:59:52.575000,1.34023,1.34011,1200000,1200000
2023-01-06 14:59:52.677000,1.34019,1.34007,3600000,1200000
2023-01-06 14:59:52.778000,1.34019,1.34008,3600000,1200000
2023-01-06 14:59:52.886000,1.34019,1.34009,3600000,1200000
2023-01-06 14:59:52.937000,1.34021,1.34009,1200000,1200000
2023-01-06 14:59:53.042000,1.34018,1.34009,3600000,1200000
2023-01-06 14:59:53.295000,1.34019,1.34009,3600000,1200000
2023-01-06 14:59:53.346000,1.34022,1.34009,1200000,3600000
2023-01-06 14:59:53.448000,1.34021,1.34009,1200000,4500000
2023-01-06 14:59:53.567000,1.34019,1.34009,3600000,1200000
2023-01-06 14:59:53.668000,1.34017,1.34009,3600000,1200000
2023-01-06 14:59:53.808000,1.34015,1.34009,3600000,1200000
2023-01-06 14:59:53.859000,1.3402,1.34009,1200000,4500000
2023-01-06 14:59:53.961000,1.34022,1.34009,1200000,3600000
2023-01-06 14:59:54.107000,1.34022,1.34008,1200000,1200000
2023-01-06 14:59:54.208000,1.34019,1.34009,3600000,3600000
2023-01-06 14:59:54.325000,1.34019,1.34007,3600000,3600000
2023-01-06 14:59:54.458000,1.34019,1.34008,3600000,3600000
2023-01-06 14:59:54.611000,1.34018,1.34007,3600000,1200000
2023-01-06 14:59:54.713000,1.34017,1.34008,3600000,1200000
2023-01-06 14:59:55.128000,1.34021,1.34008,1200000,1200000
2023-01-06 14:59:55.179000,1.34019,1.34006,1200000,1200000
2023-01-06 14:59:55.281000,1.34019,1.34005,1200000,3600000
2023-01-06 14:59:55.383000,1.34015,1.34006,3600000,3600000
2023-01-06 14:59:55.485000,1.34017,1.34008,3600000,3600000
2023-01-06 14:59:55.587000,1.34019,1.3401,3600000,3600000
2023-01-06 14:59:55.638000,1.34018,1.34007,3600000,3600000
2023-01-06 14:59:55.892000,1.34016,1.34005,3600000,3600000
2023-01-06 14:59:55.994000,1.34019,1.34009,3600000,3600000
2023-01-06 14:59:56.150000,1.34015,1.34006,3600000,3600000
2023-01-06 14:59:56.505000,1.34021,1.34005,1200000,3600000
2023-01-06 14:59:56.556000,1.34021,1.33999,1200000,3600000
2023-01-06 14:59:56.607000,1.34024,1.33999,1200000,3600000
2023-01-06 14:59:56.658000,1.34019,1.34004,3600000,3600000
2023-01-06 14:59:56.709000,1.34019,1.34002,3600000,3600000
2023-01-06 14:59:56.760000,1.34019,1.34004,3600000,3600000
2023-01-06 14:59:56.862000,1.34019,1.34005,3600000,3600000
2023-01-06 14:59:57.036000,1.34024,1.34005,3600000,3600000
2023-01-06 14:59:57.138000,1.34025,1.34004,1200000,3600000
2023-01-06 14:59:57.189000,1.34021,1.34003,3600000,3600000
2023-01-06 14:59:57.342000,1.34021,1.34006,3600000,3600000
2023-01-06 14:59:57.548000,1.34026,1.34007,1200000,3600000
2023-01-06 14:59:57.720000,1.34022,1.34007,3600000,3600000
2023-01-06 14:59:58.024000,1.34021,1.34005,1200000,3600000
2023-01-06 14:59:58.126000,1.3402,1.34005,1200000,3600000
2023-01-06 14:59:58.177000,1.34019,1.34003,1200000,3600000
2023-01-06 14:59:58.280000,1.34019,1.34001,1200000,3600000
2023-01-06 14:59:58.331000,1.34017,1.34,1200000,3600000
2023-01-06 14:59:58.433000,1.34016,1.33996,4500000,4500000
2023-01-06 14:59:58.534000,1.34015,1.33995,3600000,3600000
2023-01-06 14:59:58.687000,1.34016,1.33994,4500000,3600000
2023-01-06 14:59:58.866000,1.34016,1.33993,4500000,3600000
2023-01-06 14:59:59.069000,1.34016,1.33994,4500000,3600000
2023-01-06 14:59:59.360000,1.34013,1.33993,1200000,3600000
2023-01-06 14:59:59.411000,1.34015,1.33993,4500000,3600000
2023-01-06 14:59:59.462000,1.34014,1.33996,3600000,3600000
2023-01-06 14:59:59.513000,1.34014,1.33993,4500000,3600000
2023-01-06 14:59:59.615000,1.34018,1.33995,2700000,3600000
2023-01-06 14:59:59.666000,1.34018,1.33989,2700000,3600000
2023-01-06 14:59:59.717000,1.34015,1.33989,3600000,3600000
2023-01-06 15:00:00.042000,1.33996,1.33989,1200000,3600000
2023-01-06 15:00:00.092000,1.34015,1.33989,3600000,3600000
2023-01-06 15:00:00.194000,1.34045,1.33971,3600000,1720000
2023-01-06 15:00:00.245000,1.33642,1.33594,900000,1800000
2023-01-06 15:00:00.296000,1.3366,1.33594,1200000,1680000
2023-01-06 15:00:00.347000,1.33643,1.33576,2240000,900000
2023-01-06 15:00:00.449000,1.33613,1.33592,1340000,900000
2023-01-06 15:00:00.500000,1.33624,1.33578,1200000,3600000
2023-01-06 15:00:00.551000,1.33595,1.3356,350000,4040000
2023-01-06 15:00:00.602000,1.33552,1.33517,900000,950000
2023-01-06 15:00:00.704000,1.33496,1.33477,900000,900000
2023-01-06 15:00:00.805000,1.33521,1.33488,900000,3600000
2023-01-06 15:00:00.856000,1.33518,1.3344,900000,900000
2023-01-06 15:00:00.907000,1.3355,1.33491,1200000,3600000
2023-01-06 15:00:00.958000,1.33518,1.33443,1800000,900000
2023-01-06 15:00:01.009000,1.33499,1.33445,900000,900000
2023-01-06 15:00:01.111000,1.33487,1.33452,900000,900000
2023-01-06 15:00:01.213000,1.33517,1.33461,900000,900000
2023-01-06 15:00:01.315000,1.335,1.33452,900000,900000
2023-01-06 15:00:01.448000,1.33487,1.33452,1200000,1200000
2023-01-06 15:00:01.552000,1.33478,1.33449,1200000,3600000
2023-01-06 15:00:01.657000,1.33464,1.33426,1800000,900000
2023-01-06 15:00:01.710000,1.33466,1.33443,440000,3600000
2023-01-06 15:00:01.762000,1.33427,1.33406,1200000,900000
2023-01-06 15:00:01.817000,1.33417,1.33379,1800000,1200000
2023-01-06 15:00:01.869000,1.33411,1.33356,2400000,900000
2023-01-06 15:00:01.970000,1.33404,1.33347,1800000,900000
2023-01-06 15:00:02.022000,1.33375,1.33356,1800000,1200000
2023-01-06 15:00:02.073000,1.33384,1.33356,1200000,900000
2023-01-06 15:00:02.124000,1.33395,1.33355,4040000,440000
2023-01-06 15:00:02.226000,1.33385,1.33337,1800000,1200000
2023-01-06 15:00:02.327000,1.33394,1.33337,1800000,900000
2023-01-06 15:00:02.385000,1.33384,1.33338,1200000,900000
2023-01-06 15:00:02.489000,1.33364,1.3334,3600000,1200000
2023-01-06 15:00:02.540000,1.33388,1.3334,4200000,1200000
2023-01-06 15:00:02.650000,1.33388,1.33344,3600000,1200000
2023-01-06 15:00:02.751000,1.33357,1.33331,440000,3600000
2023-01-06 15:00:02.853000,1.33365,1.33335,1200000,900000
2023-01-06 15:00:02.904000,1.33363,1.3334,3600000,3600000
2023-01-06 15:00:03.006000,1.33364,1.3334,1200000,3600000
2023-01-06 15:00:03.057000,1.33369,1.33365,1200000,3600000
2023-01-06 15:00:03.108000,1.33369,1.33347,900000,1200000
2023-01-06 15:00:03.159000,1.33393,1.33377,1340000,1200000
2023-01-06 15:00:03.261000,1.33491,1.33419,1500000,3600000
2023-01-06 15:00:03.362000,1.33476,1.33424,3600000,1200000
2023-01-06 15:00:03.464000,1.33463,1.33431,1800000,1200000
2023-01-06 15:00:03.515000,1.33494,1.33463,3600000,440000
2023-01-06 15:00:03.566000,1.335,1.33463,3600000,440000
2023-01-06 15:00:03.617000,1.33495,1.33436,3600000,3600000
2023-01-06 15:00:03.718000,1.33495,1.33434,3600000,5400000
2023-01-06 15:00:03.769000,1.33495,1.33441,3600000,1200000
2023-01-06 15:00:03.871000,1.33486,1.33441,3600000,1200000
2023-01-06 15:00:03.922000,1.33488,1.33441,3600000,1200000
2023-01-06 15:00:03.973000,1.33487,1.3344,1200000,1200000
2023-01-06 15:00:04.074000,1.33481,1.33443,5400000,1200000
2023-01-06 15:00:04.176000,1.3348,1.33444,1200000,1200000
2023-01-06 15:00:04.277000,1.33473,1.33453,1200000,440000
2023-01-06 15:00:04.416000,1.33478,1.33466,3600000,900000
2023-01-06 15:00:04.482000,1.33495,1.33444,3600000,3900000
2023-01-06 15:00:04.583000,1.33517,1.33512,3600000,1200000
2023-01-06 15:00:04.634000,1.33523,1.33513,1200000,1200000
2023-01-06 15:00:04.685000,1.33529,1.33513,3600000,1800000
2023-01-06 15:00:04.736000,1.33536,1.33528,3600000,3600000
2023-01-06 15:00:04.788000,1.33523,1.33505,5700000,1200000
2023-01-06 15:00:04.839000,1.33524,1.3349,3600000,1200000
2023-01-06 15:00:04.941000,1.33504,1.33479,1500000,3600000
2023-01-06 15:00:05.042000,1.33468,1.33445,900000,900000
2023-01-06 15:00:05.144000,1.33493,1.33468,2700000,3600000
2023-01-06 15:00:05.196000,1.33493,1.33476,1800000,3600000
2023-01-06 15:00:05.248000,1.33468,1.33447,440000,3600000
2023-01-06 15:00:05.299000,1.33469,1.33442,440000,1200000
2023-01-06 15:00:05.352000,1.33464,1.33441,3600000,1200000
2023-01-06 15:00:05.455000,1.33487,1.33459,3600000,900000
2023-01-06 15:00:05.507000,1.33482,1.33459,3600000,900000
2023-01-06 15:00:05.558000,1.33496,1.33462,3600000,4040000
2023-01-06 15:00:05.609000,1.33497,1.3346,1200000,900000
2023-01-06 15:00:05.660000,1.33502,1.33428,4340000,900000
2023-01-06 15:00:05.711000,1.335,1.33455,3900000,3600000
2023-01-06 15:00:05.813000,1.33502,1.33472,3900000,3600000
2023-01-06 15:00:05.915000,1.33513,1.33469,1500000,900000
2023-01-06 15:00:05.966000,1.33502,1.33481,3600000,1800000
2023-01-06 15:00:06.096000,1.33488,1.33453,1200000,4040000
2023-01-06 15:00:06.147000,1.33488,1.33459,1200000,1800000
2023-01-06 15:00:06.249000,1.33462,1.33456,1200000,900000
2023-01-06 15:00:06.300000,1.3345,1.33441,1200000,900000
2023-01-06 15:00:06.352000,1.33456,1.33428,1500000,3600000
2023-01-06 15:00:06.453000,1.33455,1.33436,3900000,3600000
2023-01-06 15:00:06.555000,1.33454,1.33441,3600000,1200000
2023-01-06 15:00:06.606000,1.3348,1.33454,1800000,3600000
2023-01-06 15:00:06.657000,1.33475,1.33454,1200000,3600000
2023-01-06 15:00:06.759000,1.33458,1.3341,3600000,3600000
2023-01-06 15:00:06.810000,1.33459,1.33445,1200000,3600000
2023-01-06 15:00:06.861000,1.33459,1.33437,1200000,3600000
2023-01-06 15:00:06.912000,1.33465,1.33454,900000,1200000
2023-01-06 15:00:06.964000,1.33504,1.33487,1200000,900000
2023-01-06 15:00:07.015000,1.33504,1.33489,1200000,3600000
2023-01-06 15:00:07.066000,1.33504,1.33483,3600000,3600000
2023-01-06 15:00:07.117000,1.33506,1.33484,1200000,3600000
2023-01-06 15:00:07.169000,1.33471,1.33465,900000,900000
2023-01-06 15:00:07.220000,1.33471,1.3345,1200000,3600000
2023-01-06 15:00:07.321000,1.3347,1.33451,1800000,3600000
2023-01-06 15:00:07.423000,1.33469,1.3345,900000,1800000
2023-01-06 15:00:07.476000,1.33492,1.33459,900000,1200000
2023-01-06 15:00:07.527000,1.33492,1.33471,900000,4040000
2023-01-06 15:00:07.578000,1.33505,1.33477,3600000,3600000
2023-01-06 15:00:07.636000,1.33504,1.33497,3600000,440000
2023-01-06 15:00:07.688000,1.3353,1.3351,1200000,1200000
2023-01-06 15:00:07.795000,1.33535,1.3351,900000,1800000
2023-01-06 15:00:07.897000,1.33535,1.33522,3600000,1200000
2023-01-06 15:00:08,1.33503,1.33498,1200000,900000
2023-01-06 15:00:08.102000,1.33541,1.3351,3600000,1200000
2023-01-06 15:00:08.153000,1.33541,1.33513,1200000,1200000
2023-01-06 15:00:08.205000,1.33553,1.33523,1200000,1200000
2023-01-06 15:00:08.256000,1.33553,1.33527,1200000,3600000
2023-01-06 15:00:08.358000,1.33557,1.33532,1200000,1200000
2023-01-06 15:00:08.409000,1.3356,1.33525,5220000,1200000
2023-01-06 15:00:08.460000,1.33543,1.33525,3600000,900000
2023-01-06 15:00:08.511000,1.33544,1.3351,3600000,3600000
2023-01-06 15:00:08.563000,1.33542,1.33506,1200000,3600000
2023-01-06 15:00:08.614000,1.33538,1.33506,1200000,3600000
2023-01-06 15:00:08.717000,1.33549,1.33508,4200000,1200000
2023-01-06 15:00:08.768000,1.33549,1.33513,1800000,1200000
2023-01-06 15:00:08.870000,1.33547,1.33522,1200000,1200000
2023-01-06 15:00:08.921000,1.33561,1.33528,3600000,1200000
2023-01-06 15:00:08.972000,1.33554,1.33528,3600000,1200000
2023-01-06 15:00:09.023000,1.33556,1.33527,3600000,1200000
2023-01-06 15:00:09.125000,1.33557,1.33527,3600000,1200000
2023-01-06 15:00:09.226000,1.3356,1.3353,4200000,1200000
2023-01-06 15:00:09.328000,1.33554,1.33525,1200000,1200000
2023-01-06 15:00:09.430000,1.33536,1.33522,900000,1200000
2023-01-06 15:00:09.532000,1.33527,1.33513,1200000,1200000
2023-01-06 15:00:09.634000,1.33528,1.33515,3600000,3600000
2023-01-06 15:00:09.685000,1.33529,1.33513,1200000,1200000
2023-01-06 15:00:09.736000,1.33524,1.33515,1200000,4040000
2023-01-06 15:00:09.787000,1.33524,1.33508,900000,2520000
2023-01-06 15:00:09.838000,1.33539,1.33524,4500000,3600000
2023-01-06 15:00:09.890000,1.33539,1.33522,1200000,1200000
2023-01-06 15:00:09.941000,1.33572,1.33559,900000,3600000
2023-01-06 15:00:10.042000,1.33582,1.33557,1200000,1440000
2023-01-06 15:00:10.093000,1.33581,1.33561,3600000,3600000
2023-01-06 15:00:10.195000,1.33583,1.33567,1200000,3600000
2023-01-06 15:00:10.246000,1.33584,1.33567,1200000,3600000
2023-01-06 15:00:10.348000,1.33585,1.33566,1200000,1800000
2023-01-06 15:00:10.399000,1.33585,1.33566,1200000,4320000
2023-01-06 15:00:10.501000,1.3359,1.33583,3600000,900000
2023-01-06 15:00:10.603000,1.33587,1.33581,1200000,1200000
2023-01-06 15:00:10.654000,1.33593,1.33581,1200000,1200000
2023-01-06 15:00:10.755000,1.33595,1.33581,1200000,1200000
2023-01-06 15:00:10.857000,1.33486,1.33462,1200000,3600000
2023-01-06 15:00:10.959000,1.33485,1.33471,900000,1200000
2023-01-06 15:00:11.010000,1.33564,1.33537,2520000,230000
2023-01-06 15:00:11.111000,1.33564,1.33549,1200000,1200000
2023-01-06 15:00:11.163000,1.33572,1.33548,1200000,1200000
2023-01-06 15:00:11.279000,1.33569,1.33544,1200000,3600000
2023-01-06 15:00:11.330000,1.33569,1.33542,1200000,3600000
2023-01-06 15:00:11.432000,1.33563,1.33537,1200000,5400000
2023-01-06 15:00:11.534000,1.33561,1.33536,1200000,3600000
2023-01-06 15:00:11.585000,1.33561,1.33534,1200000,1200000
2023-01-06 15:00:11.636000,1.33548,1.33509,2520000,3600000
2023-01-06 15:00:11.689000,1.33535,1.33512,2520000,900000
2023-01-06 15:00:11.740000,1.33527,1.33499,1200000,1200000
2023-01-06 15:00:11.791000,1.33524,1.33499,3600000,4500000
2023-01-06 15:00:11.893000,1.33521,1.33503,1200000,3600000
2023-01-06 15:00:11.944000,1.33532,1.33507,1200000,3600000
2023-01-06 15:00:12.046000,1.33532,1.33511,1200000,1200000
2023-01-06 15:00:12.097000,1.33531,1.33513,1200000,2520000
2023-01-06 15:00:12.148000,1.33534,1.33515,1200000,4500000
2023-01-06 15:00:12.199000,1.33534,1.33517,1200000,3600000
2023-01-06 15:00:12.301000,1.33521,1.33504,1200000,2700000
2023-01-06 15:00:12.403000,1.33525,1.33513,1200000,1200000
2023-01-06 15:00:12.504000,1.33524,1.33513,1200000,1200000
2023-01-06 15:00:12.555000,1.33527,1.33505,1200000,4500000
2023-01-06 15:00:12.657000,1.3361,1.33583,3600000,900000
2023-01-06 15:00:12.758000,1.33645,1.33607,4500000,1200000
2023-01-06 15:00:12.809000,1.33645,1.33613,1200000,3600000
2023-01-06 15:00:12.911000,1.33649,1.33614,1200000,4160000
2023-01-06 15:00:12.962000,1.3366,1.33612,1920000,4320000
2023-01-06 15:00:13.166000,1.33656,1.33612,1200000,6120000
2023-01-06 15:00:13.267000,1.33655,1.33612,1200000,6120000
2023-01-06 15:00:13.318000,1.33655,1.33612,1200000,4140000
2023-01-06 15:00:13.444000,1.33658,1.33612,1320000,4140000
2023-01-06 15:00:13.546000,1.33657,1.33612,1200000,4140000
2023-01-06 15:00:13.597000,1.33657,1.33611,5040000,6120000
2023-01-06 15:00:13.699000,1.33646,1.33613,1200000,2520000
2023-01-06 15:00:13.800000,1.33649,1.33622,1200000,4320000
2023-01-06 15:00:13.851000,1.33655,1.33623,3600000,6120000
2023-01-06 15:00:13.903000,1.33658,1.33647,1200000,1440000
2023-01-06 15:00:14.005000,1.33634,1.3362,4500000,900000
2023-01-06 15:00:14.056000,1.33627,1.3362,3600000,900000
2023-01-06 15:00:14.107000,1.33624,1.33604,1200000,2520000
2023-01-06 15:00:14.158000,1.33636,1.33601,1200000,6120000
2023-01-06 15:00:14.260000,1.33637,1.33606,1200000,2520000
2023-01-06 15:00:14.362000,1.33644,1.33609,3600000,2520000
2023-01-06 15:00:14.414000,1.33647,1.33609,3600000,2520000
2023-01-06 15:00:14.465000,1.33636,1.33606,1200000,2820000
2023-01-06 15:00:14.567000,1.33651,1.33615,4040000,2820000
2023-01-06 15:00:14.668000,1.33654,1.33616,4500000,2520000
2023-01-06 15:00:14.770000,1.33654,1.33615,4500000,4320000
2023-01-06 15:00:14.872000,1.33654,1.33616,4200000,6120000
2023-01-06 15:00:15.126000,1.33635,1.33613,2340000,3600000
2023-01-06 15:00:15.177000,1.33608,1.33597,3600000,3600000
2023-01-06 15:00:15.228000,1.33609,1.33595,1800000,1800000
2023-01-06 15:00:15.279000,1.33607,1.33595,3600000,5400000
2023-01-06 15:00:15.382000,1.33636,1.33614,3600000,3600000
2023-01-06 15:00:15.434000,1.33637,1.33612,1200000,1200000
2023-01-06 15:00:15.485000,1.33625,1.33601,1800000,2520000
2023-01-06 15:00:15.616000,1.33632,1.33612,2220000,3600000
2023-01-06 15:00:15.719000,1.33631,1.33616,3600000,900000
2023-01-06 15:00:15.821000,1.33631,1.33612,4500000,3600000
2023-01-06 15:00:15.923000,1.33619,1.33612,2520000,3600000
2023-01-06 15:00:15.974000,1.33619,1.3361,2520000,1200000
2023-01-06 15:00:16.025000,1.33616,1.33598,1440000,3600000
2023-01-06 15:00:16.077000,1.33616,1.33598,900000,4200000
2023-01-06 15:00:16.128000,1.33634,1.3362,4320000,1200000
2023-01-06 15:00:16.179000,1.33637,1.33626,1200000,3600000
2023-01-06 15:00:16.230000,1.33639,1.33623,3680000,1800000
2023-01-06 15:00:16.281000,1.33641,1.33625,1200000,4320000
2023-01-06 15:00:16.333000,1.33652,1.33634,3860000,1800000
2023-01-06 15:00:16.390000,1.33644,1.33634,3600000,1800000
2023-01-06 15:00:16.441000,1.33643,1.33629,3600000,3600000
2023-01-06 15:00:16.492000,1.33647,1.33626,1800000,1200000
2023-01-06 15:00:16.544000,1.33643,1.33627,1800000,3680000
2023-01-06 15:00:16.645000,1.33643,1.33635,1200000,2520000
2023-01-06 15:00:16.747000,1.33694,1.33669,1800000,1200000
2023-01-06 15:00:16.798000,1.33693,1.33669,3900000,1200000
2023-01-06 15:00:16.900000,1.33717,1.33689,1500000,1920000
2023-01-06 15:00:16.951000,1.33719,1.33689,3600000,1920000
2023-01-06 15:00:17.002000,1.33729,1.33698,3900000,4500000
2023-01-06 15:00:17.053000,1.33731,1.33698,2100000,6120000
2023-01-06 15:00:17.104000,1.33738,1.33701,4620000,4320000
2023-01-06 15:00:17.155000,1.33737,1.33702,3600000,4320000
2023-01-06 15:00:17.206000,1.33739,1.33708,1440000,3600000
2023-01-06 15:00:17.308000,1.33738,1.33702,3420000,3600000
2023-01-06 15:00:17.359000,1.33728,1.33692,2520000,1200000
2023-01-06 15:00:17.410000,1.33726,1.33684,1200000,4320000
2023-01-06 15:00:17.461000,1.33726,1.33685,1440000,4140000
2023-01-06 15:00:17.563000,1.33728,1.33683,2520000,6120000
2023-01-06 15:00:17.665000,1.33727,1.33686,2520000,3600000
2023-01-06 15:00:17.766000,1.33717,1.33682,2520000,6120000
2023-01-06 15:00:17.817000,1.33717,1.33684,2520000,4320000
2023-01-06 15:00:17.919000,1.33694,1.33683,4620000,3600000
2023-01-06 15:00:17.972000,1.33651,1.33614,1320000,2820000
2023-01-06 15:00:18.023000,1.33653,1.33627,2520000,1200000
2023-01-06 15:00:18.125000,1.33654,1.33627,1920000,1800000
2023-01-06 15:00:18.227000,1.33652,1.33624,1800000,2520000
2023-01-06 15:00:18.278000,1.33653,1.33637,1800000,1320000
2023-01-06 15:00:18.330000,1.33663,1.33645,1200000,1200000
2023-01-06 15:00:18.431000,1.33653,1.33637,3600000,1200000
2023-01-06 15:00:18.533000,1.33663,1.33641,1200000,1800000
2023-01-06 15:00:18.635000,1.33651,1.33636,3600000,1200000
2023-01-06 15:00:18.686000,1.33657,1.33636,1320000,1200000
2023-01-06 15:00:18.737000,1.33659,1.33633,2700000,1200000
2023-01-06 15:00:18.788000,1.33661,1.33633,2700000,1440000
2023-01-06 15:00:18.890000,1.33662,1.33641,1800000,2520000
2023-01-06 15:00:18.941000,1.33672,1.33647,1800000,2520000
2023-01-06 15:00:18.992000,1.33662,1.33645,1800000,2520000
2023-01-06 15:00:19.043000,1.33665,1.33647,3600000,4140000
2023-01-06 15:00:19.094000,1.33666,1.33646,3600000,4320000
2023-01-06 15:00:19.196000,1.33677,1.33664,1200000,3600000
2023-01-06 15:00:19.247000,1.3369,1.33667,4320000,4140000
2023-01-06 15:00:19.400000,1.3369,1.33668,4140000,4140000
2023-01-06 15:00:19.451000,1.33684,1.33667,1200000,3600000
2023-01-06 15:00:19.553000,1.3368,1.33665,1200000,2520000
2023-01-06 15:00:19.655000,1.33686,1.33667,1200000,4140000
2023-01-06 15:00:19.706000,1.33686,1.33667,1200000,4320000
2023-01-06 15:00:19.808000,1.33685,1.33667,1200000,4320000
2023-01-06 15:00:19.941000,1.33687,1.33671,1200000,1920000
2023-01-06 15:00:20.043000,1.33687,1.33665,4500000,4320000
2023-01-06 15:00:20.144000,1.33688,1.33668,4500000,4140000
2023-01-06 15:00:20.196000,1.33686,1.33666,3600000,4320000
2023-01-06 15:00:20.300000,1.33675,1.33664,3600000,1200000
2023-01-06 15:00:20.351000,1.33663,1.33657,4140000,3600000
2023-01-06 15:00:20.402000,1.33647,1.33639,3600000,1200000
2023-01-06 15:00:20.454000,1.33652,1.33642,4500000,1800000
2023-01-06 15:00:20.555000,1.33655,1.33649,1200000,2520000
2023-01-06 15:00:20.606000,1.33662,1.33655,1200000,3600000
2023-01-06 15:00:20.658000,1.33657,1.33638,3600000,4320000
2023-01-06 15:00:20.709000,1.33658,1.33642,4140000,3600000
2023-01-06 15:00:20.812000,1.33651,1.33644,1200000,3600000
2023-01-06 15:00:20.863000,1.33658,1.33645,3600000,4500000
2023-01-06 15:00:21.015000,1.33647,1.33632,6120000,3600000
2023-01-06 15:00:21.067000,1.33635,1.33617,4140000,3600000
2023-01-06 15:00:21.118000,1.33638,1.33625,1200000,3600000
2023-01-06 15:00:21.169000,1.33637,1.33619,3600000,4320000
2023-01-06 15:00:21.220000,1.33624,1.33618,3600000,1800000
2023-01-06 15:00:21.271000,1.33631,1.33611,3680000,3900000
2023-01-06 15:00:21.373000,1.33625,1.33611,3600000,3600000
2023-01-06 15:00:21.424000,1.33627,1.33611,2240000,4320000
2023-01-06 15:00:21.475000,1.33629,1.33612,3600000,4140000
2023-01-06 15:00:21.577000,1.33627,1.33611,1200000,3680000
2023-01-06 15:00:21.678000,1.3363,1.33613,3600000,3600000
2023-01-06 15:00:21.729000,1.3363,1.33613,3600000,4320000
2023-01-06 15:00:21.781000,1.33642,1.3363,1800000,4320000
2023-01-06 15:00:21.882000,1.3365,1.33633,3900000,3600000
2023-01-06 15:00:21.933000,1.3365,1.33633,3600000,4140000
2023-01-06 15:00:22.035000,1.33653,1.33636,3600000,4320000
2023-01-06 15:00:22.137000,1.33661,1.33647,3900000,1200000
2023-01-06 15:00:22.188000,1.33663,1.33647,3600000,3600000
2023-01-06 15:00:22.290000,1.33658,1.33645,3600000,1200000
2023-01-06 15:00:22.392000,1.33659,1.33647,4500000,3600000
2023-01-06 15:00:22.521000,1.33655,1.33645,1320000,1200000
2023-01-06 15:00:22.572000,1.33656,1.33645,4040000,1200000
2023-01-06 15:00:22.674000,1.33624,1.3362,1200000,1500000
2023-01-06 15:00:22.776000,1.33632,1.33622,1200000,3600000
2023-01-06 15:00:22.929000,1.3363,1.3362,3600000,1200000
2023-01-06 15:00:23.031000,1.33622,1.33619,1200000,3600000
2023-01-06 15:00:23.082000,1.3363,1.3362,1200000,1200000
2023-01-06 15:00:23.133000,1.33627,1.3362,3600000,1200000
2023-01-06 15:00:23.184000,1.33602,1.33596,4140000,4800000
2023-01-06 15:00:23.287000,1.33599,1.33594,1200000,3600000
2023-01-06 15:00:23.388000,1.33616,1.33596,3680000,4500000
2023-01-06 15:00:23.490000,1.33615,1.33596,3600000,4320000
2023-01-06 15:00:23.541000,1.33613,1.33594,4370000,3600000
2023-01-06 15:00:23.593000,1.33597,1.33591,1500000,1200000
2023-01-06 15:00:23.644000,1.33597,1.33591,2700000,3600000
2023-01-06 15:00:23.695000,1.33597,1.33583,2700000,3600000
2023-01-06 15:00:23.746000,1.33604,1.33582,6350000,3600000
2023-01-06 15:00:23.797000,1.33603,1.33587,4320000,1200000
2023-01-06 15:00:23.899000,1.336,1.33578,2520000,4040000
2023-01-06 15:00:23.950000,1.33588,1.33582,2520000,3600000
2023-01-06 15:00:24.002000,1.33569,1.33558,3600000,1500000
2023-01-06 15:00:24.103000,1.33554,1.33539,3600000,1200000
2023-01-06 15:00:24.205000,1.33555,1.33543,3600000,1500000
2023-01-06 15:00:24.256000,1.33556,1.33538,4140000,1200000
2023-01-06 15:00:24.307000,1.33549,1.33539,3600000,1800000
2023-01-06 15:00:24.358000,1.33552,1.33539,3600000,1800000
2023-01-06 15:00:24.460000,1.33538,1.33522,1200000,3600000
2023-01-06 15:00:24.511000,1.33538,1.33509,1920000,1200000
2023-01-06 15:00:24.563000,1.33531,1.33508,4140000,1200000
2023-01-06 15:00:24.665000,1.33523,1.33505,3600000,1200000
2023-01-06 15:00:24.766000,1.33523,1.33506,3600000,1200000
2023-01-06 15:00:25.021000,1.33522,1.33506,3600000,1200000
2023-01-06 15:00:25.123000,1.33515,1.33498,1200000,3600000
2023-01-06 15:00:25.226000,1.33519,1.33508,1440000,3600000
2023-01-06 15:00:25.328000,1.33513,1.33503,1200000,3600000
2023-01-06 15:00:25.379000,1.33513,1.33495,1200000,4500000
2023-01-06 15:00:25.430000,1.33519,1.33501,6120000,1800000
2023-01-06 15:00:25.532000,1.33515,1.33503,6120000,3600000
2023-01-06 15:00:25.634000,1.33518,1.33501,1320000,1200000
2023-01-06 15:00:25.685000,1.33519,1.33503,2360000,3600000
2023-01-06 15:00:25.736000,1.33521,1.33501,6120000,1200000
2023-01-06 15:00:25.787000,1.3352,1.33503,3600000,3600000
2023-01-06 15:00:25.889000,1.33521,1.33503,2520000,3600000
2023-01-06 15:00:25.991000,1.33521,1.33501,4320000,1200000
2023-01-06 15:00:26.042000,1.33526,1.33504,5400000,2700000
2023-01-06 15:00:26.094000,1.33515,1.33509,1880000,1500000
2023-01-06 15:00:26.145000,1.33518,1.33503,1200000,1200000
2023-01-06 15:00:26.247000,1.33511,1.33499,3600000,3600000
2023-01-06 15:00:26.350000,1.33521,1.33513,1200000,3600000
