time,ask,bid,ask_volume,bid_volume
2020-07-02 13:55:00.203000,1.07556,1.07554,1000000,4690000
2020-07-02 13:55:01.593000,1.07555,1.07552,5700000,2440000
2020-07-02 13:55:02.722000,1.07554,1.07552,1000000,1690000
2020-07-02 13:55:03.829000,1.07554,1.07551,1950000,1690000
2020-07-02 13:55:04.083000,1.07554,1.07552,1200000,1250000
2020-07-02 13:55:04.357000,1.07554,1.07551,1200000,4690000
2020-07-02 13:55:04.949000,1.07554,1.07552,1200000,1250000
2020-07-02 13:55:06.381000,1.07555,1.07552,1500000,1690000
2020-07-02 13:55:08.332000,1.07559,1.07557,4570000,1000000
2020-07-02 13:55:12.420000,1.07557,1.07555,3450000,3000000
2020-07-02 13:55:12.521000,1.07557,1.07554,3450000,1000000
2020-07-02 13:55:12.774000,1.07559,1.07557,2320000,1250000
2020-07-02 13:55:13.814000,1.0756,1.07557,5700000,1690000
2020-07-02 13:55:15.943000,1.0756,1.07557,5850000,1690000
2020-07-02 13:55:16.044000,1.07557,1.07556,1950000,1250000
2020-07-02 13:55:16.146000,1.07556,1.07554,4950000,1000000
2020-07-02 13:55:16.298000,1.07555,1.07552,3000000,1250000
2020-07-02 13:55:16.500000,1.07554,1.07551,1200000,6940000
2020-07-02 13:55:16.602000,1.07554,1.07552,1200000,1250000
2020-07-02 13:55:18.456000,1.07552,1.07551,1950000,1000000
2020-07-02 13:55:18.557000,1.07551,1.07549,1200000,4200000
2020-07-02 13:55:18.810000,1.07554,1.07551,5070000,5440000
2020-07-02 13:55:18.912000,1.07554,1.07551,2700000,5440000
2020-07-02 13:55:19.114000,1.07554,1.07552,1950000,1250000
2020-07-02 13:55:20.486000,1.07557,1.07556,1500000,1500000
2020-07-02 13:55:20.537000,1.07559,1.07556,4950000,2440000
2020-07-02 13:55:20.689000,1.07559,1.07557,1500000,1250000
2020-07-02 13:55:21.846000,1.07557,1.07556,1000000,3940000
2020-07-02 13:55:22.049000,1.07557,1.07555,3750000,1250000
2020-07-02 13:55:22.201000,1.07556,1.07555,1000000,1250000
2020-07-02 13:55:23.400000,1.07556,1.07554,1000000,1690000
2020-07-02 13:55:31.464000,1.07557,1.07554,4950000,1690000
2020-07-02 13:55:33.511000,1.07556,1.07553,1200000,5440000
2020-07-02 13:55:33.613000,1.07554,1.07552,1200000,3750000
2020-07-02 13:55:35.464000,1.07553,1.07551,1000000,1000000
2020-07-02 13:55:35.565000,1.07552,1.07551,1500000,1690000
2020-07-02 13:55:36.803000,1.07552,1.0755,1200000,1690000
2020-07-02 13:55:36.905000,1.07551,1.07549,5320000,1760000
2020-07-02 13:55:37.006000,1.0755,1.07548,7570000,1250000
2020-07-02 13:55:37.815000,1.0755,1.07547,2250000,1750000
2020-07-02 13:55:37.866000,1.07553,1.07551,6570000,1690000
2020-07-02 13:55:37.968000,1.07554,1.07551,5700000,1690000
2020-07-02 13:55:38.070000,1.07554,1.07551,4950000,1750000
2020-07-02 13:55:38.426000,1.07555,1.07551,6000000,5570000
2020-07-02 13:55:52.444000,1.07555,1.07551,6220000,5500000
2020-07-02 13:55:52.892000,1.07555,1.07551,5620000,5500000
2020-07-02 13:55:53.038000,1.07555,1.07551,6220000,5500000
2020-07-02 13:55:53.241000,1.07555,1.07551,6070000,5500000
2020-07-02 13:55:54.790000,1.07552,1.0755,1000000,5810000
2020-07-02 13:55:54.841000,1.07548,1.07546,1200000,4750000
2020-07-02 13:55:54.892000,1.07547,1.07545,1200000,1250000
2020-07-02 13:55:54.993000,1.07546,1.07543,1500000,5440000
2020-07-02 13:55:55.297000,1.07545,1.07543,3000000,1690000
2020-07-02 13:55:55.921000,1.07544,1.07542,3000000,1750000
2020-07-02 13:55:57.957000,1.07546,1.07543,1000000,2500000
2020-07-02 13:55:58.059000,1.07547,1.07543,5620000,5500000
2020-07-02 13:56:01.137000,1.07548,1.07546,3750000,1690000
2020-07-02 13:56:01.239000,1.07548,1.07546,3000000,2500000
2020-07-02 13:56:01.391000,1.07549,1.07546,4950000,2500000
2020-07-02 13:56:01.492000,1.07548,1.07546,1100000,1000000
2020-07-02 13:56:01.594000,1.07547,1.07544,1000000,4750000
2020-07-02 13:56:01.805000,1.07547,1.07544,1200000,3940000
2020-07-02 13:56:02.317000,1.07545,1.07543,1200000,1000000
2020-07-02 13:56:02.418000,1.07546,1.07543,2250000,3750000
2020-07-02 13:56:02.520000,1.07546,1.07543,3600000,3750000
2020-07-02 13:56:02.722000,1.07546,1.07543,1500000,3000000
2020-07-02 13:56:02.823000,1.07546,1.07542,2850000,1500000
2020-07-02 13:56:02.975000,1.07546,1.07543,3600000,3000000
2020-07-02 13:56:03.128000,1.07546,1.07543,1500000,3940000
2020-07-02 13:56:03.279000,1.07545,1.07543,3000000,1250000
2020-07-02 13:56:04.467000,1.07546,1.07543,1500000,4690000
2020-07-02 13:56:04.671000,1.07546,1.07544,1500000,1250000
2020-07-02 13:56:06.294000,1.07546,1.07543,1500000,4690000
2020-07-02 13:56:08.329000,1.07545,1.07543,3000000,1000000
2020-07-02 13:56:08.582000,1.07546,1.07543,1000000,4760000
2020-07-02 13:56:09.352000,1.07545,1.07543,3750000,1250000
2020-07-02 13:56:09.453000,1.07544,1.07541,4200000,3560000
2020-07-02 13:56:10.218000,1.07544,1.07542,3000000,1000000
2020-07-02 13:56:10.423000,1.07545,1.07542,4500000,1950000
2020-07-02 13:56:10.627000,1.07545,1.07543,3750000,1000000
2020-07-02 13:56:11.444000,1.07546,1.07543,1500000,2510000
2020-07-02 13:56:14.130000,1.07547,1.07543,6450000,5440000
2020-07-02 13:56:15.732000,1.07547,1.07546,1500000,1000000
2020-07-02 13:56:15.835000,1.07548,1.07545,1000000,7760000
2020-07-02 13:56:15.936000,1.07548,1.07545,1000000,9040000
2020-07-02 13:56:16.506000,1.07549,1.07546,1500000,2890000
2020-07-02 13:56:17.886000,1.07549,1.07547,3750000,1250000
2020-07-02 13:56:18.189000,1.07549,1.07546,3750000,2890000
2020-07-02 13:56:20.101000,1.07549,1.07546,3750000,2950000
2020-07-02 13:56:20.649000,1.07549,1.07546,3750000,1500000
2020-07-02 13:56:20.750000,1.07549,1.07546,3750000,1970000
2020-07-02 13:56:20.852000,1.07549,1.07546,3750000,1570000
2020-07-02 13:56:23.229000,1.07552,1.07551,3000000,1500000
2020-07-02 13:56:23.280000,1.07554,1.07551,2700000,1500000
2020-07-02 13:56:23.432000,1.07552,1.0755,2250000,1500000
2020-07-02 13:56:23.533000,1.07552,1.07549,2250000,1000000
2020-07-02 13:56:23.635000,1.07551,1.07549,1000000,1000000
2020-07-02 13:56:23.685000,1.07549,1.07546,1000000,4570000
2020-07-02 13:56:31.541000,1.07548,1.07546,1250000,1500000
2020-07-02 13:56:31.592000,1.07546,1.07545,1000000,1000000
2020-07-02 13:56:31.643000,1.07543,1.07541,1000000,1390000
2020-07-02 13:56:36.104000,1.07543,1.07542,1000000,1000000
2020-07-02 13:56:36.205000,1.07544,1.07543,1000000,1000000
2020-07-02 13:56:37.539000,1.07544,1.07542,1000000,1690000
2020-07-02 13:56:37.641000,1.07544,1.07541,3750000,2140000
2020-07-02 13:56:37.742000,1.07543,1.07541,1000000,2140000
2020-07-02 13:56:37.843000,1.07543,1.07542,1000000,1000000
2020-07-02 13:56:37.945000,1.07545,1.07543,1000000,4950000
2020-07-02 13:56:38.233000,1.07545,1.07544,1000000,1000000
2020-07-02 13:56:38.486000,1.07547,1.07545,1000000,3790000
2020-07-02 13:56:38.587000,1.07548,1.07545,1500000,3190000
2020-07-02 13:56:39.194000,1.07548,1.07545,1000000,5570000
2020-07-02 13:56:39.397000,1.07548,1.07546,1000000,1250000
2020-07-02 13:56:39.701000,1.07548,1.07546,1000000,4410000
2020-07-02 13:56:39.852000,1.07548,1.07546,1000000,4010000
2020-07-02 13:56:43.661000,1.07548,1.07545,1000000,5810000
2020-07-02 13:56:44.033000,1.07547,1.07545,1000000,2810000
2020-07-02 13:56:47.764000,1.07547,1.07546,1000000,1100000
2020-07-02 13:56:48.731000,1.07549,1.07545,3000000,8660000
2020-07-02 13:56:48.833000,1.07549,1.07546,1000000,5140000
2020-07-02 13:56:48.934000,1.07548,1.07546,1000000,2140000
2020-07-02 13:56:50.486000,1.0755,1.07548,4950000,1000000
2020-07-02 13:56:52.860000,1.07548,1.07547,1000000,1120000
2020-07-02 13:56:54.203000,1.07548,1.07546,1000000,6040000
2020-07-02 13:56:58.083000,1.07548,1.07547,1000000,1000000
2020-07-02 13:56:58.429000,1.0755,1.07547,6370000,1000000
2020-07-02 13:57:00.246000,1.07548,1.07547,1000000,1000000
2020-07-02 13:57:00.448000,1.07546,1.07545,1000000,1250000
2020-07-02 13:57:00.499000,1.07545,1.07542,4950000,1750000
2020-07-02 13:57:00.601000,1.07545,1.07542,5440000,1200000
2020-07-02 13:57:00.702000,1.07545,1.07541,5890000,6450000
2020-07-02 13:57:00.955000,1.07545,1.07544,3000000,1500000
2020-07-02 13:57:01.006000,1.07547,1.07546,1500000,1000000
2020-07-02 13:57:01.057000,1.07549,1.07546,4390000,1000000
2020-07-02 13:57:01.159000,1.07548,1.07546,3000000,1000000
2020-07-02 13:57:01.819000,1.07549,1.07546,6640000,1000000
2020-07-02 13:57:13.174000,1.07549,1.07546,5100000,1000000
2020-07-02 13:57:13.275000,1.07549,1.07546,4950000,1000000
2020-07-02 13:57:13.578000,1.07548,1.07546,3450000,1000000
2020-07-02 13:57:13.629000,1.07547,1.07544,1950000,6000000
2020-07-02 13:57:13.781000,1.07545,1.07544,1000000,3000000
2020-07-02 13:57:13.831000,1.07545,1.07542,1250000,2620000
2020-07-02 13:57:14.185000,1.07547,1.07544,5890000,1000000
2020-07-02 13:57:14.287000,1.07548,1.07545,4500000,2250000
2020-07-02 13:57:14.590000,1.07548,1.07546,1000000,1000000
2020-07-02 13:57:15.197000,1.0755,1.07548,1000000,1000000
2020-07-02 13:57:15.299000,1.07551,1.07548,3190000,1500000
2020-07-02 13:57:17.759000,1.07551,1.07547,3940000,7570000
2020-07-02 13:57:17.861000,1.07549,1.07546,2250000,2250000
2020-07-02 13:57:20.921000,1.07546,1.07545,1000000,1000000
2020-07-02 13:57:20.971000,1.07546,1.07543,1000000,1200000
2020-07-02 13:57:21.073000,1.07545,1.07543,1000000,1000000
2020-07-02 13:57:21.174000,1.07545,1.07542,1500000,1950000
2020-07-02 13:57:22.921000,1.07546,1.07544,1000000,1000000
2020-07-02 13:57:23.022000,1.07547,1.07544,2250000,4950000
2020-07-02 13:57:23.789000,1.07546,1.07544,1000000,4200000
2020-07-02 13:57:24.657000,1.07546,1.07543,2250000,5890000
2020-07-02 13:57:29.589000,1.07547,1.07545,1000000,1850000
2020-07-02 13:57:29.741000,1.07547,1.07545,1000000,1390000
2020-07-02 13:57:30.095000,1.07547,1.07544,1500000,4870000
2020-07-02 13:57:30.196000,1.07546,1.07543,1000000,5350000
2020-07-02 13:57:30.348000,1.07546,1.07543,1250000,1000000
2020-07-02 13:57:30.704000,1.07546,1.07542,1690000,2140000
2020-07-02 13:57:32.302000,1.07546,1.07542,1500000,3320000
2020-07-02 13:57:32.403000,1.07547,1.07544,4690000,1200000
2020-07-02 13:57:32.505000,1.07547,1.07544,1000000,1850000
2020-07-02 13:57:32.660000,1.07548,1.07545,3750000,1850000
2020-07-02 13:57:33.065000,1.07549,1.07546,4690000,1950000
2020-07-02 13:57:33.368000,1.07549,1.07546,4500000,3040000
2020-07-02 13:57:34.881000,1.07549,1.07548,3750000,1000000
2020-07-02 13:57:34.932000,1.07552,1.07549,1500000,2350000
2020-07-02 13:57:35.033000,1.0755,1.07548,1000000,1600000
2020-07-02 13:57:35.135000,1.0755,1.07547,4690000,1950000
2020-07-02 13:57:35.236000,1.07549,1.07546,3750000,1850000
2020-07-02 13:57:40.274000,1.0755,1.07547,1690000,2100000
2020-07-02 13:57:41.086000,1.07551,1.07548,1000000,5850000
2020-07-02 13:57:41.188000,1.07551,1.07548,1000000,7910000
2020-07-02 13:57:41.291000,1.07551,1.07548,1000000,6790000
2020-07-02 13:57:43.112000,1.07552,1.07549,3750000,1570000
2020-07-02 13:57:43.621000,1.07554,1.07552,1000000,1200000
2020-07-02 13:57:43.723000,1.07555,1.07552,3940000,1200000
2020-07-02 13:57:50.067000,1.07556,1.07553,3250000,1600000
2020-07-02 13:57:50.626000,1.07556,1.07554,3000000,1500000
2020-07-02 13:57:50.676000,1.07558,1.07557,1000000,1000000
2020-07-02 13:57:50.778000,1.07559,1.07556,1250000,5250000
2020-07-02 13:57:52.085000,1.0756,1.07558,4750000,1200000
2020-07-02 13:57:52.187000,1.07561,1.07558,1690000,4350000
2020-07-02 13:57:54.109000,1.07562,1.07559,3750000,1200000
2020-07-02 13:57:56.723000,1.07561,1.07559,1000000,1200000
2020-07-02 13:57:58.394000,1.07562,1.07559,6940000,2320000
2020-07-02 13:57:58.495000,1.07562,1.07559,6940000,2470000
2020-07-02 13:57:58.743000,1.07561,1.07559,1000000,1720000
2020-07-02 13:57:58.845000,1.07561,1.07559,3750000,1570000
2020-07-02 13:58:00.121000,1.0756,1.07558,3750000,1500000
2020-07-02 13:58:01.572000,1.07559,1.07556,2440000,1500000
2020-07-02 13:58:01.952000,1.07558,1.07556,1250000,1000000
2020-07-02 13:58:02.054000,1.07559,1.07556,5250000,2100000
2020-07-02 13:58:02.206000,1.07559,1.07556,1570000,1500000
2020-07-02 13:58:02.307000,1.07558,1.07555,3000000,1000000
2020-07-02 13:58:03.719000,1.07558,1.07555,8250000,2100000
2020-07-02 13:58:03.973000,1.07559,1.07555,5440000,2100000
2020-07-02 13:58:04.125000,1.07555,1.07554,1000000,1000000
2020-07-02 13:58:04.227000,1.07551,1.07548,1000000,1750000
2020-07-02 13:58:04.278000,1.07548,1.07546,1000000,4610000
2020-07-02 13:58:04.329000,1.07546,1.07543,2440000,1700000
2020-07-02 13:58:04.431000,1.07545,1.07543,1000000,1200000
2020-07-02 13:58:04.533000,1.07544,1.07542,1000000,1600000
2020-07-02 13:58:04.736000,1.07544,1.07542,1000000,1200000
2020-07-02 13:58:04.838000,1.07544,1.07542,1750000,1200000
2020-07-02 13:58:04.940000,1.07545,1.07542,9190000,1600000
2020-07-02 13:58:05.703000,1.07547,1.07544,10690000,1000000
2020-07-02 13:58:05.805000,1.07548,1.07546,1250000,1200000
2020-07-02 13:58:07.911000,1.07549,1.07546,1250000,3600000
2020-07-02 13:58:09.896000,1.07546,1.07545,1000000,4870000
2020-07-02 13:58:09.947000,1.07545,1.07543,1690000,1100000
2020-07-02 13:58:10.099000,1.07545,1.07542,2500000,1600000
2020-07-02 13:58:10.251000,1.07544,1.07542,1250000,1000000
2020-07-02 13:58:15.205000,1.07547,1.07546,1000000,1000000
2020-07-02 13:58:15.815000,1.07548,1.07545,3190000,4200000
2020-07-02 13:58:15.917000,1.07546,1.07544,1000000,5140000
2020-07-02 13:58:17.161000,1.07548,1.07546,1500000,1950000
2020-07-02 13:58:17.264000,1.07549,1.07547,3750000,1500000
2020-07-02 13:58:33.132000,1.07548,1.07547,3000000,1000000
2020-07-02 13:58:33.436000,1.07548,1.07546,3000000,1500000
2020-07-02 13:58:34.250000,1.07547,1.07546,1000000,1000000
2020-07-02 13:58:34.302000,1.07544,1.07542,1000000,4210000
2020-07-02 13:58:34.403000,1.07544,1.07542,3750000,1200000
2020-07-02 13:58:37.065000,1.07542,1.07541,1000000,2250000
2020-07-02 13:58:37.120000,1.07539,1.07538,4500000,1250000
2020-07-02 13:58:37.222000,1.07541,1.07538,8190000,1000000
2020-07-02 13:58:37.273000,1.07538,1.07536,4500000,1750000
2020-07-02 13:58:37.577000,1.07538,1.07536,3000000,1250000
2020-07-02 13:58:38.754000,1.07538,1.07537,3000000,1000000
2020-07-02 13:58:38.856000,1.07539,1.07537,7500000,1000000
2020-07-02 13:58:40.501000,1.07544,1.07542,6250000,1200000
2020-07-02 13:58:41.575000,1.07544,1.07542,1000000,1390000
2020-07-02 13:58:41.837000,1.07544,1.07543,1000000,1250000
2020-07-02 13:58:42.086000,1.07547,1.07545,4500000,1000000
2020-07-02 13:58:42.780000,1.07545,1.07544,1000000,1690000
2020-07-02 13:58:42.883000,1.07545,1.07543,3000000,2440000
2020-07-02 13:58:43.790000,1.07545,1.07542,3750000,2440000
2020-07-02 13:58:43.943000,1.07542,1.0754,1000000,7690000
2020-07-02 13:58:45.684000,1.07542,1.07539,1000000,1500000
2020-07-02 13:58:46.139000,1.07543,1.0754,6260000,1000000
2020-07-02 13:58:46.241000,1.07542,1.0754,3000000,1750000
2020-07-02 13:58:47.408000,1.07543,1.0754,4500000,2500000
2020-07-02 13:58:48.748000,1.07542,1.0754,1500000,1250000
2020-07-02 13:58:48.850000,1.07543,1.0754,5320000,1250000
2020-07-02 13:58:49.353000,1.07543,1.0754,4500000,2500000
2020-07-02 13:58:51.180000,1.07543,1.0754,4500000,1250000
2020-07-02 13:58:53.613000,1.07544,1.07541,8060000,1000000
2020-07-02 13:58:53.961000,1.07543,1.0754,2440000,4500000
2020-07-02 13:58:55.917000,1.07542,1.0754,3750000,1250000
2020-07-02 13:58:58.521000,1.07541,1.0754,1000000,1250000
2020-07-02 13:59:00.091000,1.07543,1.0754,4870000,1750000
2020-07-02 13:59:00.192000,1.07544,1.07541,1500000,1250000
2020-07-02 13:59:00.295000,1.07544,1.07542,4500000,1250000
2020-07-02 13:59:03.391000,1.07544,1.07541,3750000,2570000
2020-07-02 13:59:06.279000,1.07544,1.07541,4650000,1250000
2020-07-02 13:59:08.164000,1.07542,1.0754,3750000,1000000
2020-07-02 13:59:08.266000,1.07542,1.07539,4500000,1250000
2020-07-02 13:59:08.418000,1.07542,1.07538,6260000,5440000
2020-07-02 13:59:08.575000,1.07542,1.07538,7070000,4500000
2020-07-02 13:59:09.038000,1.07542,1.07539,5320000,1250000
2020-07-02 13:59:11.532000,1.07541,1.07539,1000000,1250000
2020-07-02 13:59:11.583000,1.0754,1.07538,1000000,4690000
2020-07-02 13:59:12.365000,1.0754,1.07537,2250000,4690000
2020-07-02 13:59:23.514000,1.07541,1.0754,3000000,1000000
2020-07-02 13:59:23.615000,1.07542,1.0754,4650000,1690000
2020-07-02 13:59:23.934000,1.07543,1.0754,4650000,1690000
2020-07-02 13:59:25.302000,1.07543,1.0754,1000000,5500000
2020-07-02 13:59:29.967000,1.07543,1.0754,1000000,1690000
2020-07-02 13:59:30.275000,1.07543,1.07541,1000000,1000000
2020-07-02 13:59:31.938000,1.07543,1.0754,1000000,1250000
2020-07-02 13:59:32.147000,1.07543,1.0754,1000000,4540000
2020-07-02 13:59:32.584000,1.07544,1.07541,3750000,1250000
2020-07-02 13:59:34.333000,1.07543,1.07541,1000000,1250000
2020-07-02 13:59:40.962000,1.07545,1.07543,3940000,1000000
2020-07-02 13:59:41.825000,1.07545,1.07543,3750000,1000000
2020-07-02 13:59:44.301000,1.07544,1.07543,3000000,1000000
2020-07-02 13:59:44.851000,1.07544,1.07542,3750000,1000000
2020-07-02 13:59:45.128000,1.07544,1.07541,3750000,1500000
2020-07-02 13:59:45.633000,1.0754,1.07539,1000000,1100000
2020-07-02 13:59:45.684000,1.07538,1.07536,1000000,1870000
2020-07-02 13:59:45.786000,1.07537,1.07535,2620000,1000000
2020-07-02 13:59:45.887000,1.07536,1.07533,1250000,1000000
2020-07-02 13:59:47.721000,1.07535,1.07532,1000000,2250000
2020-07-02 13:59:48.320000,1.07536,1.07534,3750000,1000000
2020-07-02 13:59:50.930000,1.07536,1.07533,1000000,3750000
2020-07-02 13:59:51.032000,1.07536,1.07532,1000000,1000000
2020-07-02 13:59:51.970000,1.07537,1.07534,1000000,1000000
2020-07-02 13:59:52.071000,1.07538,1.07535,2250000,1000000
2020-07-02 13:59:53.180000,1.07537,1.07534,1000000,1000000
2020-07-02 13:59:53.769000,1.07538,1.07534,1500000,1000000
2020-07-02 13:59:54.292000,1.07539,1.07534,1500000,1000000
2020-07-02 13:59:54.415000,1.07538,1.07534,3000000,1000000
2020-07-02 13:59:54.666000,1.07538,1.07533,3000000,1870000
2020-07-02 13:59:54.962000,1.07539,1.07533,1500000,1120000
2020-07-02 13:59:55.064000,1.07539,1.07536,1500000,2250000
2020-07-02 13:59:55.165000,1.0754,1.07537,1000000,1000000
2020-07-02 13:59:55.267000,1.07541,1.07537,1500000,1000000
2020-07-02 13:59:55.382000,1.07542,1.07539,4500000,1000000
2020-07-02 13:59:55.483000,1.07543,1.07539,1870000,1000000
2020-07-02 13:59:55.636000,1.07544,1.0754,2370000,1000000
2020-07-02 13:59:55.738000,1.07544,1.0754,1500000,1000000
2020-07-02 13:59:55.840000,1.07544,1.07541,3000000,1000000
2020-07-02 13:59:55.943000,1.07546,1.07544,3000000,1000000
2020-07-02 13:59:55.995000,1.07549,1.07545,1420000,1000000
2020-07-02 13:59:56.047000,1.07547,1.07543,1000000,1000000
2020-07-02 13:59:56.668000,1.07547,1.07542,1500000,1000000
2020-07-02 13:59:56.820000,1.07548,1.07544,1000000,1000000
2020-07-02 13:59:56.922000,1.07549,1.07546,1000000,1000000
2020-07-02 13:59:57.124000,1.0755,1.07546,4500000,1500000
2020-07-02 13:59:57.326000,1.07551,1.07548,3900000,2250000
2020-07-02 13:59:57.428000,1.07552,1.07548,2400000,1000000
2020-07-02 13:59:58.103000,1.07553,1.07548,3750000,1500000
2020-07-02 13:59:58.927000,1.07553,1.07548,3750000,2750000
2020-07-02 13:59:59.028000,1.07555,1.07549,1500000,4500000
2020-07-02 13:59:59.130000,1.07555,1.0755,1000000,1000000
2020-07-02 13:59:59.856000,1.07554,1.07549,1000000,2250000
2020-07-02 14:00:00.108000,1.07556,1.07554,4500000,1000000
2020-07-02 14:00:00.261000,1.07557,1.07555,1000000,1000000
2020-07-02 14:00:00.311000,1.07563,1.07554,6100000,1500000
2020-07-02 14:00:00.362000,1.0756,1.07555,1000000,1000000
2020-07-02 14:00:00.413000,1.07561,1.07553,1000000,5250000
2020-07-02 14:00:00.566000,1.0756,1.07553,1000000,3750000
2020-07-02 14:00:00.820000,1.07558,1.07553,1000000,3000000
2020-07-02 14:00:00.921000,1.07559,1.07553,1000000,3000000
2020-07-02 14:00:01.124000,1.07559,1.07554,1000000,1000000
2020-07-02 14:00:01.225000,1.07558,1.07553,1000000,4500000
2020-07-02 14:00:01.276000,1.0756,1.07553,1000000,3000000
2020-07-02 14:00:01.428000,1.0756,1.07552,1000000,1000000
2020-07-02 14:00:01.848000,1.07561,1.07552,2250000,1000000
2020-07-02 14:00:02.101000,1.0756,1.07552,1000000,3750000
2020-07-02 14:00:02.244000,1.07561,1.07554,4120000,1000000
2020-07-02 14:00:02.346000,1.07561,1.07555,3370000,3450000
2020-07-02 14:00:02.498000,1.0756,1.07555,2250000,1120000
2020-07-02 14:00:02.599000,1.0756,1.07554,1500000,1000000
2020-07-02 14:00:02.764000,1.07558,1.07553,1000000,2250000
2020-07-02 14:00:02.865000,1.07559,1.07554,1000000,1500000
2020-07-02 14:00:02.967000,1.07559,1.07555,1000000,1120000
2020-07-02 14:00:03.118000,1.0756,1.07555,1000000,1870000
2020-07-02 14:00:03.761000,1.07559,1.07555,1000000,1000000
2020-07-02 14:00:03.862000,1.0756,1.07556,1000000,1500000
2020-07-02 14:00:04.177000,1.07561,1.07556,1000000,1000000
2020-07-02 14:00:04.488000,1.07562,1.07556,1500000,1000000
2020-07-02 14:00:04.661000,1.07561,1.07556,1000000,2250000
2020-07-02 14:00:04.712000,1.07563,1.07556,3900000,1500000
2020-07-02 14:00:04.813000,1.07557,1.07555,1000000,3000000
2020-07-02 14:00:04.915000,1.07559,1.07553,1000000,1500000
2020-07-02 14:00:05.016000,1.07561,1.07553,5450000,3000000
2020-07-02 14:00:05.067000,1.0756,1.07555,1120000,1870000
2020-07-02 14:00:05.168000,1.07561,1.07554,1000000,1700000
2020-07-02 14:00:05.219000,1.07561,1.07554,1000000,1100000
2020-07-02 14:00:05.421000,1.07558,1.07554,1000000,1000000
2020-07-02 14:00:06.911000,1.07557,1.07554,1000000,1250000
2020-07-02 14:00:07.598000,1.07557,1.07552,1000000,1750000
2020-07-02 14:00:07.700000,1.07555,1.0755,1000000,1570000
2020-07-02 14:00:07.801000,1.07554,1.0755,1250000,1250000
2020-07-02 14:00:07.903000,1.07552,1.07549,1000000,1300000
2020-07-02 14:00:08.004000,1.07552,1.07548,1000000,1250000
2020-07-02 14:00:08.156000,1.0755,1.07546,1000000,2060000
2020-07-02 14:00:08.207000,1.0755,1.07547,1000000,3250000
2020-07-02 14:00:08.258000,1.07553,1.0755,1000000,1250000
2020-07-02 14:00:08.460000,1.07553,1.07549,1000000,1250000
2020-07-02 14:00:08.967000,1.07552,1.07548,1000000,1250000
2020-07-02 14:00:09.018000,1.07551,1.07546,1000000,1250000
2020-07-02 14:00:09.120000,1.0755,1.07546,1000000,4820000
2020-07-02 14:00:09.967000,1.0755,1.07547,1000000,1250000
2020-07-02 14:00:10.172000,1.0755,1.07546,1000000,4750000
2020-07-02 14:00:10.545000,1.0755,1.07545,1690000,8200000
2020-07-02 14:00:11.211000,1.0755,1.07548,1690000,1000000
2020-07-02 14:00:13.242000,1.07551,1.07547,1500000,2440000
2020-07-02 14:00:13.344000,1.07548,1.07545,1000000,2500000
2020-07-02 14:00:13.445000,1.07547,1.07546,1000000,1000000
2020-07-02 14:00:13.547000,1.07547,1.07545,1000000,3000000
2020-07-02 14:00:13.648000,1.07547,1.07544,1000000,1500000
2020-07-02 14:00:13.901000,1.07545,1.07543,1000000,3940000
2020-07-02 14:00:14.003000,1.07543,1.07541,1000000,1750000
2020-07-02 14:00:14.105000,1.07543,1.07541,1000000,1500000
2020-07-02 14:00:15.352000,1.0755,1.07548,4840000,3000000
2020-07-02 14:00:15.453000,1.07552,1.0755,1210000,1500000
2020-07-02 14:00:15.554000,1.07553,1.07551,1690000,1000000
2020-07-02 14:00:18.544000,1.07554,1.07552,1000000,1000000
2020-07-02 14:00:18.851000,1.07555,1.07553,1000000,1000000
2020-07-02 14:00:18.902000,1.07557,1.07555,3000000,1690000
2020-07-02 14:00:19.004000,1.07557,1.07556,1000000,1250000
2020-07-02 14:00:19.105000,1.07558,1.07556,1000000,1250000
2020-07-02 14:00:19.489000,1.07557,1.07556,1000000,1250000
2020-07-02 14:00:19.541000,1.07557,1.07554,4500000,1690000
2020-07-02 14:00:21.440000,1.07555,1.07553,1000000,1750000
2020-07-02 14:00:21.592000,1.07555,1.07553,1000000,1250000
2020-07-02 14:00:26.100000,1.07556,1.07554,1000000,1850000
2020-07-02 14:00:26.201000,1.07556,1.07554,3000000,1250000
2020-07-02 14:00:26.304000,1.07557,1.07554,1500000,1250000
2020-07-02 14:00:26.406000,1.07556,1.07553,1000000,4310000
2020-07-02 14:00:27.134000,1.07555,1.07551,1000000,5870000
2020-07-02 14:00:29.671000,1.07552,1.07551,1500000,3900000
2020-07-02 14:00:29.722000,1.07547,1.07545,1000000,2250000
2020-07-02 14:00:29.824000,1.07546,1.07543,1500000,4870000
2020-07-02 14:00:29.925000,1.07544,1.07542,3000000,1000000
2020-07-02 14:00:30.127000,1.07545,1.07542,3750000,1000000
2020-07-02 14:00:30.520000,1.07544,1.07541,1500000,1500000
2020-07-02 14:00:30.622000,1.07541,1.07538,2250000,3750000
2020-07-02 14:00:30.724000,1.0754,1.07536,2250000,5950000
2020-07-02 14:00:30.825000,1.0754,1.07536,1500000,5890000
2020-07-02 14:00:31.027000,1.0754,1.07536,2250000,6040000
2020-07-02 14:00:31.129000,1.07541,1.07538,3190000,4500000
2020-07-02 14:00:31.230000,1.07541,1.07539,2440000,1000000
2020-07-02 14:00:31.332000,1.07542,1.07539,1000000,4690000
2020-07-02 14:00:31.433000,1.07541,1.07538,1250000,5620000
2020-07-02 14:00:31.535000,1.0754,1.07537,1250000,5700000
2020-07-02 14:00:31.738000,1.0754,1.07537,1750000,3750000
2020-07-02 14:00:32.158000,1.0754,1.07537,1250000,5700000
2020-07-02 14:00:32.260000,1.07541,1.07538,1750000,3750000
2020-07-02 14:00:32.361000,1.07541,1.07538,1250000,4500000
2020-07-02 14:00:32.463000,1.07542,1.0754,1000000,1500000
2020-07-02 14:00:32.564000,1.07543,1.0754,5250000,1950000
2020-07-02 14:00:32.666000,1.07543,1.07541,3750000,1000000
2020-07-02 14:00:32.768000,1.07544,1.07541,5440000,1000000
2020-07-02 14:00:33.071000,1.0754,1.07539,1000000,1000000
2020-07-02 14:00:33.173000,1.07539,1.07537,1000000,1250000
2020-07-02 14:00:33.480000,1.07539,1.07535,2250000,2440000
2020-07-02 14:00:33.581000,1.07538,1.07535,3000000,2440000
2020-07-02 14:00:33.702000,1.0754,1.07539,1690000,1000000
2020-07-02 14:00:33.804000,1.07538,1.07536,3750000,1950000
2020-07-02 14:00:33.905000,1.07537,1.07536,1000000,1500000
2020-07-02 14:00:34.208000,1.07538,1.07536,3750000,1000000
2020-07-02 14:00:35.810000,1.07539,1.07536,5440000,1000000
2020-07-02 14:00:38.537000,1.07538,1.07536,1000000,1690000
2020-07-02 14:00:38.849000,1.07539,1.07536,4500000,1690000
2020-07-02 14:00:39.064000,1.07535,1.07533,1500000,1100000
2020-07-02 14:00:39.165000,1.07534,1.07532,1000000,3940000
2020-07-02 14:00:39.268000,1.07536,1.07534,5250000,1500000
2020-07-02 14:00:39.318000,1.07538,1.07535,1650000,1250000
2020-07-02 14:00:39.369000,1.07535,1.07533,1000000,1000000
2020-07-02 14:00:39.471000,1.07534,1.07531,1500000,6640000
2020-07-02 14:00:40.093000,1.07534,1.07532,1500000,3000000
2020-07-02 14:00:40.245000,1.07536,1.07535,1500000,2440000
2020-07-02 14:00:40.296000,1.07538,1.07535,3750000,2440000
2020-07-02 14:00:40.802000,1.07538,1.07536,1000000,1000000
2020-07-02 14:00:40.903000,1.07539,1.07536,5440000,1950000
2020-07-02 14:00:41.632000,1.07537,1.07536,1000000,1000000
2020-07-02 14:00:41.683000,1.07539,1.07536,1000000,1000000
2020-07-02 14:00:41.886000,1.0754,1.07538,1500000,1000000
2020-07-02 14:00:41.987000,1.07539,1.07537,1000000,1000000
2020-07-02 14:00:42.089000,1.0754,1.07537,1500000,1000000
2020-07-02 14:00:42.190000,1.07538,1.07535,1250000,1500000
2020-07-02 14:00:42.292000,1.07538,1.07536,1000000,1000000
2020-07-02 14:00:42.394000,1.07538,1.07535,1000000,1950000
2020-07-02 14:00:42.495000,1.07539,1.07537,3750000,1000000
2020-07-02 14:00:43.572000,1.07536,1.07535,1000000,1000000
2020-07-02 14:00:43.622000,1.07534,1.07533,1000000,1000000
2020-07-02 14:00:44.128000,1.07534,1.07532,1500000,1250000
2020-07-02 14:00:44.330000,1.07533,1.07532,1000000,1000000
2020-07-02 14:00:45.607000,1.07534,1.07531,1000000,5200000
2020-07-02 14:00:45.708000,1.07535,1.07531,5510000,3940000
2020-07-02 14:00:45.810000,1.07535,1.07531,4570000,5120000
2020-07-02 14:00:47.021000,1.07536,1.07534,1000000,2570000
2020-07-02 14:00:47.123000,1.07537,1.07535,1000000,1250000
2020-07-02 14:00:47.275000,1.07537,1.07535,1000000,1750000
2020-07-02 14:00:47.497000,1.07538,1.07535,1500000,4750000
2020-07-02 14:00:47.857000,1.07539,1.07536,4500000,4220000
2020-07-02 14:00:47.958000,1.07539,1.07538,3000000,1000000
2020-07-02 14:00:48.565000,1.07541,1.07538,2250000,1250000
2020-07-02 14:00:49.742000,1.07541,1.07539,1000000,1000000
2020-07-02 14:00:49.794000,1.07543,1.07541,1690000,1000000
2020-07-02 14:00:49.895000,1.07544,1.07541,6190000,1950000
2020-07-02 14:00:50.354000,1.07544,1.07542,3750000,1000000
2020-07-02 14:00:51.928000,1.07544,1.07541,3940000,1500000
2020-07-02 14:00:52.239000,1.07544,1.07541,1000000,5720000
2020-07-02 14:00:52.503000,1.07544,1.07541,1000000,2250000
2020-07-02 14:01:00.003000,1.07545,1.07542,4690000,1500000
2020-07-02 14:01:00.206000,1.07547,1.07544,2620000,2140000
2020-07-02 14:01:00.409000,1.07546,1.07544,1250000,1000000
2020-07-02 14:01:00.560000,1.07546,1.07543,1250000,1570000
2020-07-02 14:01:02.515000,1.07545,1.07543,1250000,1000000
2020-07-02 14:01:03.017000,1.07545,1.07542,1690000,1500000
2020-07-02 14:01:06.588000,1.07545,1.07541,1690000,1250000
2020-07-02 14:01:07.554000,1.07544,1.07541,1000000,1250000
2020-07-02 14:01:10.110000,1.07544,1.07541,3000000,1600000
2020-07-02 14:01:11.187000,1.07544,1.07541,3000000,1000000
2020-07-02 14:01:11.428000,1.07543,1.07541,1000000,1000000
2020-07-02 14:01:11.529000,1.07544,1.07541,3750000,1000000
2020-07-02 14:01:11.761000,1.07543,1.07541,1000000,1000000
2020-07-02 14:01:12.747000,1.07542,1.0754,1000000,4500000
2020-07-02 14:01:12.848000,1.07542,1.07539,1750000,3750000
2020-07-02 14:01:12.950000,1.07542,1.07539,1250000,3750000
2020-07-02 14:01:13.051000,1.07541,1.07539,1000000,3000000
2020-07-02 14:01:13.153000,1.07541,1.07538,1250000,4570000
2020-07-02 14:01:13.305000,1.0754,1.07538,1250000,4500000
2020-07-02 14:01:13.616000,1.0754,1.07537,2440000,1500000
2020-07-02 14:01:14.019000,1.07539,1.07536,2250000,2060000
2020-07-02 14:01:14.120000,1.07538,1.07536,1000000,1000000
2020-07-02 14:01:14.425000,1.07538,1.07535,2440000,1000000
2020-07-02 14:01:17.636000,1.07537,1.07534,3750000,1690000
2020-07-02 14:01:17.737000,1.07537,1.07535,1000000,1000000
2020-07-02 14:01:21.609000,1.07541,1.0754,3750000,1250000
2020-07-02 14:01:21.660000,1.07543,1.07541,1000000,1250000
2020-07-02 14:01:21.761000,1.07544,1.07541,1200000,2500000
2020-07-02 14:01:25.664000,1.07546,1.07544,1000000,2500000
2020-07-02 14:01:25.765000,1.07547,1.07544,4950000,2500000
2020-07-02 14:01:27.942000,1.07547,1.07544,4950000,1250000
2020-07-02 14:01:28.922000,1.07547,1.07544,3450000,5500000
2020-07-02 14:01:29.720000,1.07548,1.07546,5250000,1250000
2020-07-02 14:01:29.822000,1.07548,1.07545,1220000,5500000
2020-07-02 14:01:29.924000,1.07548,1.07546,1100000,1750000
2020-07-02 14:01:30.177000,1.07548,1.07546,1100000,1250000
2020-07-02 14:01:31.061000,1.07548,1.07545,2320000,1690000
2020-07-02 14:01:31.466000,1.07548,1.07547,1000000,1000000
2020-07-02 14:01:33.996000,1.07549,1.07546,3750000,2890000
2020-07-02 14:01:34.098000,1.0755,1.07548,1500000,1200000
2020-07-02 14:01:34.807000,1.0755,1.07547,4500000,2440000
2020-07-02 14:01:43.100000,1.0755,1.07549,1000000,1390000
2020-07-02 14:01:43.202000,1.0755,1.07547,5250000,2290000
2020-07-02 14:01:43.716000,1.0755,1.07547,5250000,1390000
2020-07-02 14:02:05.185000,1.0755,1.07547,1000000,2290000
2020-07-02 14:02:06.206000,1.0755,1.07547,1000000,2140000
2020-07-02 14:02:06.326000,1.0755,1.07548,1000000,1000000
2020-07-02 14:02:10.966000,1.0755,1.07549,3750000,1000000
2020-07-02 14:02:11.068000,1.07552,1.07549,1870000,2140000
2020-07-02 14:02:11.169000,1.07551,1.07549,1000000,1850000
2020-07-02 14:02:13.095000,1.07551,1.07549,1000000,4200000
2020-07-02 14:02:13.783000,1.07551,1.07549,1000000,4450000
2020-07-02 14:02:13.977000,1.07551,1.07549,1000000,4200000
2020-07-02 14:02:15.930000,1.07551,1.0755,1000000,1250000
2020-07-02 14:02:16.133000,1.07551,1.07549,1000000,3750000
2020-07-02 14:02:16.302000,1.07552,1.07549,1500000,4200000
2020-07-02 14:02:16.403000,1.07552,1.07549,1500000,5200000
2020-07-02 14:02:19.382000,1.07553,1.07552,1120000,4390000
2020-07-02 14:02:19.432000,1.07559,1.07555,2250000,6400000
2020-07-02 14:02:19.534000,1.07557,1.07555,6000000,1000000
2020-07-02 14:02:19.635000,1.07556,1.07554,3000000,1200000
2020-07-02 14:02:19.737000,1.07557,1.07554,4870000,1200000
2020-07-02 14:02:20.143000,1.07557,1.07553,3940000,1390000
2020-07-02 14:02:20.245000,1.07557,1.07553,3000000,2200000
2020-07-02 14:02:20.661000,1.07556,1.07553,1100000,1750000
2020-07-02 14:02:21.806000,1.07556,1.07553,6650000,1750000
2020-07-02 14:02:22.312000,1.07552,1.0755,3000000,2810000
2020-07-02 14:02:22.414000,1.07544,1.07542,1000000,3450000
2020-07-02 14:02:22.465000,1.07541,1.07538,4500000,2590000
2020-07-02 14:02:22.566000,1.07539,1.07536,4500000,2440000
2020-07-02 14:02:23.416000,1.07531,1.0753,1000000,1000000
2020-07-02 14:02:23.518000,1.07533,1.0753,1500000,3260000
2020-07-02 14:02:24.180000,1.07534,1.07531,2810000,4870000
2020-07-02 14:02:24.332000,1.07534,1.07533,1000000,1500000
2020-07-02 14:02:24.383000,1.07536,1.07534,1690000,1000000
2020-07-02 14:02:24.655000,1.07537,1.07534,2140000,1500000
2020-07-02 14:02:24.706000,1.07536,1.07534,1250000,1500000
2020-07-02 14:02:25.483000,1.07534,1.07533,1000000,3000000
2020-07-02 14:02:25.584000,1.07534,1.07531,2250000,4690000
2020-07-02 14:02:25.686000,1.07533,1.07531,3750000,1250000
2020-07-02 14:02:25.938000,1.07533,1.0753,4120000,2440000
2020-07-02 14:02:27.100000,1.07533,1.0753,3750000,3040000
2020-07-02 14:02:27.253000,1.07533,1.0753,3750000,2440000
2020-07-02 14:02:30.954000,1.07532,1.0753,1000000,1690000
2020-07-02 14:02:31.329000,1.07532,1.07529,4500000,3190000
2020-07-02 14:02:31.532000,1.07529,1.07526,2250000,2140000
2020-07-02 14:02:31.633000,1.07529,1.07528,1500000,4500000
2020-07-02 14:02:31.820000,1.07528,1.07525,1000000,1500000
2020-07-02 14:02:32.265000,1.07527,1.07525,1000000,1000000
2020-07-02 14:02:32.366000,1.07527,1.07524,4500000,1760000
2020-07-02 14:02:33.036000,1.07527,1.07525,4500000,1250000
2020-07-02 14:02:34.894000,1.07522,1.07521,1000000,1690000
2020-07-02 14:02:34.945000,1.07522,1.0752,1000000,1760000
2020-07-02 14:02:35.047000,1.07521,1.07519,1000000,1090000
2020-07-02 14:02:37.789000,1.07526,1.07525,4200000,1000000
2020-07-02 14:02:37.891000,1.07527,1.07525,1000000,1690000
2020-07-02 14:02:39.093000,1.07527,1.07524,4500000,1690000
2020-07-02 14:02:43.462000,1.07528,1.07525,1500000,5060000
2020-07-02 14:02:43.563000,1.07526,1.07524,1690000,1000000
2020-07-02 14:02:43.665000,1.07526,1.07523,4500000,1250000
2020-07-02 14:02:48.130000,1.07522,1.07521,1000000,2250000
2020-07-02 14:02:48.264000,1.07522,1.07519,1500000,4140000
2020-07-02 14:02:48.366000,1.07522,1.07519,1500000,3040000
2020-07-02 14:02:49.118000,1.0752,1.07517,1000000,6660000
2020-07-02 14:02:49.169000,1.07519,1.07517,1000000,1200000
2020-07-02 14:02:49.321000,1.07519,1.07518,1000000,1000000
2020-07-02 14:02:49.523000,1.07521,1.07518,4690000,1000000
2020-07-02 14:02:49.675000,1.07523,1.07522,4120000,1000000
2020-07-02 14:02:49.726000,1.07525,1.07522,1500000,4870000
2020-07-02 14:02:50.503000,1.07525,1.07523,1000000,1000000
2020-07-02 14:02:50.705000,1.07526,1.07523,5060000,1500000
2020-07-02 14:02:50.807000,1.07526,1.07524,4310000,1000000
2020-07-02 14:02:51.092000,1.07526,1.07523,5060000,1500000
2020-07-02 14:02:51.143000,1.07522,1.0752,1000000,1000000
2020-07-02 14:02:51.244000,1.07521,1.07518,1500000,1000000
2020-07-02 14:02:51.396000,1.0752,1.07518,1000000,1000000
2020-07-02 14:02:51.699000,1.0752,1.07517,1500000,4690000
2020-07-02 14:02:51.750000,1.07516,1.07515,1000000,3150000
2020-07-02 14:02:51.851000,1.07517,1.07514,1500000,3000000
2020-07-02 14:02:51.953000,1.07517,1.07513,4500000,5890000
2020-07-02 14:02:52.206000,1.07517,1.07513,3750000,5950000
2020-07-02 14:02:52.358000,1.07515,1.07513,1000000,3190000
2020-07-02 14:02:52.459000,1.07514,1.07511,1000000,2660000
2020-07-02 14:02:52.561000,1.07514,1.07511,1000000,2060000
2020-07-02 14:02:52.662000,1.07513,1.0751,1500000,4690000
2020-07-02 14:02:52.764000,1.07513,1.0751,4500000,2290000
2020-07-02 14:02:52.916000,1.07513,1.07512,1000000,1000000
2020-07-02 14:02:53.017000,1.07514,1.07512,1000000,1000000
2020-07-02 14:02:54.330000,1.07514,1.07513,1000000,1000000
2020-07-02 14:02:54.583000,1.07515,1.07513,3750000,1000000
2020-07-02 14:02:54.932000,1.07515,1.07514,3750000,1000000
2020-07-02 14:02:54.984000,1.07518,1.07517,1120000,1000000
2020-07-02 14:02:55.035000,1.0752,1.07517,3190000,1000000
2020-07-02 14:02:56.467000,1.0752,1.07518,3190000,1000000
2020-07-02 14:02:56.669000,1.07519,1.07517,2140000,3000000
2020-07-02 14:02:56.720000,1.07516,1.07515,1500000,1870000
2020-07-02 14:02:56.771000,1.07516,1.07513,1500000,4500000
2020-07-02 14:02:56.974000,1.07515,1.07512,1000000,1500000
2020-07-02 14:02:59.358000,1.07511,1.0751,1000000,1100000
2020-07-02 14:02:59.510000,1.0751,1.07508,1000000,5220000
2020-07-02 14:03:00.107000,1.07511,1.0751,1000000,1250000
2020-07-02 14:03:00.209000,1.07511,1.07508,1000000,1470000
2020-07-02 14:03:00.817000,1.07508,1.07507,1000000,1120000
2020-07-02 14:03:00.918000,1.07508,1.07506,1000000,1000000
2020-07-02 14:03:03.149000,1.0751,1.07509,3000000,1000000
2020-07-02 14:03:03.251000,1.07511,1.07508,1500000,3820000
2020-07-02 14:03:03.402000,1.07511,1.07508,1500000,4820000
2020-07-02 14:03:05.336000,1.0751,1.07508,1000000,1250000
2020-07-02 14:03:05.802000,1.0751,1.07507,1000000,5500000
2020-07-02 14:03:06.534000,1.0751,1.07507,1000000,5440000
2020-07-02 14:03:06.891000,1.07509,1.07507,1000000,3940000
2020-07-02 14:03:06.942000,1.07508,1.07505,2250000,1690000
2020-07-02 14:03:06.993000,1.07507,1.07505,1000000,2590000
2020-07-02 14:03:07.095000,1.07507,1.07505,1000000,1760000
2020-07-02 14:03:07.298000,1.07506,1.07504,1500000,3190000
2020-07-02 14:03:07.400000,1.07504,1.07502,1500000,3260000
2020-07-02 14:03:07.956000,1.07504,1.07501,1870000,3190000
2020-07-02 14:03:08.058000,1.07503,1.07501,1500000,3190000
2020-07-02 14:03:09.251000,1.07506,1.07503,4260000,1390000
2020-07-02 14:03:09.353000,1.07506,1.07504,4500000,1250000
2020-07-02 14:03:09.454000,1.07506,1.07503,4500000,2200000
2020-07-02 14:03:10.318000,1.07507,1.07503,1500000,4450000
2020-07-02 14:03:11.223000,1.07507,1.07504,1500000,1750000
2020-07-02 14:03:11.324000,1.07506,1.07504,1000000,2200000
2020-07-02 14:03:12.880000,1.07506,1.07504,1000000,1250000
2020-07-02 14:03:13.082000,1.07504,1.07502,1000000,1310000
2020-07-02 14:03:13.340000,1.07504,1.075,4500000,6260000
2020-07-02 14:03:14.070000,1.07503,1.075,3750000,1690000
2020-07-02 14:03:14.172000,1.07502,1.075,1000000,1000000
2020-07-02 14:03:18.008000,1.07501,1.07498,1000000,6360000
2020-07-02 14:03:18.111000,1.07499,1.07496,1250000,3300000
2020-07-02 14:03:18.214000,1.07496,1.07495,1000000,1000000
2020-07-02 14:03:18.316000,1.07496,1.07494,3750000,1000000
2020-07-02 14:03:19.449000,1.07495,1.07494,3000000,1000000
2020-07-02 14:03:19.652000,1.07496,1.07494,1000000,1000000
2020-07-02 14:03:20.046000,1.075,1.07498,4620000,1390000
2020-07-02 14:03:20.097000,1.07501,1.07498,1500000,5810000
2020-07-02 14:03:20.556000,1.07501,1.075,1000000,1000000
2020-07-02 14:03:20.607000,1.07503,1.075,2140000,1000000
2020-07-02 14:03:24.323000,1.07504,1.075,3640000,1250000
2020-07-02 14:03:26.888000,1.07503,1.075,1250000,1000000
2020-07-02 14:03:27.479000,1.07504,1.075,2440000,1000000
2020-07-02 14:03:28.813000,1.07507,1.07505,9090000,1000000
2020-07-02 14:03:28.914000,1.07506,1.07504,1000000,1310000
2020-07-02 14:03:29.168000,1.07505,1.07503,1000000,5500000
2020-07-02 14:03:29.219000,1.07504,1.07502,1000000,2250000
2020-07-02 14:03:29.320000,1.07504,1.07501,1500000,2250000
2020-07-02 14:03:30.129000,1.07503,1.07501,1000000,1000000
2020-07-02 14:03:33.202000,1.075,1.07498,3190000,3750000
2020-07-02 14:03:33.253000,1.07495,1.07494,1500000,1000000
2020-07-02 14:03:33.355000,1.07496,1.07494,1500000,1000000
2020-07-02 14:03:33.456000,1.07497,1.07494,6000000,3040000
2020-07-02 14:03:33.558000,1.07497,1.07494,4500000,2890000
2020-07-02 14:03:33.710000,1.07497,1.07494,4500000,3040000
2020-07-02 14:03:33.812000,1.075,1.07497,4500000,1200000
2020-07-02 14:03:34.116000,1.075,1.07497,1000000,5950000
2020-07-02 14:03:34.339000,1.07501,1.075,3750000,1000000
2020-07-02 14:03:34.441000,1.07503,1.075,1200000,1000000
2020-07-02 14:03:38.342000,1.07502,1.075,3750000,1690000
2020-07-02 14:03:38.632000,1.07503,1.07502,1000000,1200000
2020-07-02 14:03:38.683000,1.07505,1.07503,1200000,1200000
2020-07-02 14:03:38.784000,1.07505,1.07503,1200000,2200000
2020-07-02 14:03:39.088000,1.07506,1.07504,1000000,1250000
2020-07-02 14:03:40.136000,1.07506,1.07505,1200000,1250000
2020-07-02 14:03:40.239000,1.07507,1.07505,1200000,1250000
2020-07-02 14:03:40.340000,1.07508,1.07505,4500000,1250000
2020-07-02 14:03:42.693000,1.07505,1.07503,2440000,7120000
2020-07-02 14:03:42.744000,1.07502,1.075,1000000,1750000
2020-07-02 14:03:44.405000,1.07497,1.07495,1000000,5320000
2020-07-02 14:03:44.557000,1.07498,1.07496,1000000,2200000
2020-07-02 14:03:49.107000,1.07499,1.07498,1000000,1250000
2020-07-02 14:03:49.158000,1.075,1.07498,3750000,1250000
2020-07-02 14:03:49.259000,1.075,1.07499,1000000,1000000
2020-07-02 14:03:49.859000,1.075,1.07498,1000000,1250000
2020-07-02 14:03:50.234000,1.07497,1.07495,1000000,1010000
2020-07-02 14:03:52.616000,1.07497,1.07494,1000000,3000000
2020-07-02 14:03:52.667000,1.07493,1.07492,1000000,4870000
2020-07-02 14:03:52.718000,1.07492,1.0749,1000000,3750000
2020-07-02 14:03:52.819000,1.07493,1.0749,1500000,3820000
2020-07-02 14:03:52.921000,1.07491,1.07488,1000000,6520000
2020-07-02 14:03:54.014000,1.07489,1.07486,1000000,9100000
2020-07-02 14:03:54.115000,1.07489,1.07487,1000000,1750000
2020-07-02 14:03:56.058000,1.0749,1.07488,3750000,1750000
2020-07-02 14:03:57.157000,1.07487,1.07486,1000000,7500000
2020-07-02 14:03:57.208000,1.07486,1.07484,4500000,1000000
2020-07-02 14:03:57.360000,1.07486,1.07483,1500000,1390000
2020-07-02 14:03:57.411000,1.07484,1.07482,1000000,4090000
2020-07-02 14:03:57.664000,1.07483,1.07481,1000000,1760000
2020-07-02 14:03:57.766000,1.07483,1.07481,1000000,2510000
2020-07-02 14:03:57.970000,1.07483,1.07481,1000000,2510000
2020-07-02 14:03:58.375000,1.07484,1.07482,1000000,1250000
2020-07-02 14:03:58.780000,1.07487,1.07484,4500000,2570000
2020-07-02 14:03:58.881000,1.07486,1.07484,1000000,1760000
2020-07-02 14:03:58.983000,1.07485,1.07482,1500000,1310000
2020-07-02 14:03:59.084000,1.07485,1.07481,4500000,7160000
2020-07-02 14:04:00.216000,1.07485,1.07481,3750000,5320000
2020-07-02 14:04:00.321000,1.07485,1.07481,3750000,5350000
2020-07-02 14:04:00.443000,1.07485,1.07483,1000000,1250000
2020-07-02 14:04:00.604000,1.07486,1.07483,3000000,2600000
2020-07-02 14:04:00.706000,1.07487,1.07483,5250000,5600000
2020-07-02 14:04:00.808000,1.07487,1.07483,5250000,5440000
2020-07-02 14:04:00.858000,1.07485,1.07483,1000000,4690000
2020-07-02 14:04:03.017000,1.07484,1.07482,1000000,1000000
2020-07-02 14:04:03.118000,1.07484,1.07481,1000000,5510000
2020-07-02 14:04:03.270000,1.07482,1.0748,5440000,1870000
2020-07-02 14:04:03.372000,1.07481,1.07479,1000000,3850000
2020-07-02 14:04:03.524000,1.07482,1.0748,3750000,1350000
2020-07-02 14:04:03.626000,1.07482,1.0748,3000000,1350000
2020-07-02 14:04:03.921000,1.07484,1.07481,1500000,2600000
2020-07-02 14:04:04.074000,1.07488,1.07486,1570000,1250000
2020-07-02 14:04:04.175000,1.07486,1.07485,1500000,1250000
2020-07-02 14:04:04.226000,1.07486,1.07483,1500000,1760000
2020-07-02 14:04:04.327000,1.07483,1.07482,1000000,1310000
2020-07-02 14:04:04.480000,1.07485,1.07483,1000000,1250000
2020-07-02 14:04:05.045000,1.07483,1.07481,1000000,1010000
2020-07-02 14:04:05.148000,1.07484,1.07482,1000000,1010000
2020-07-02 14:04:05.604000,1.07482,1.07481,1000000,1250000
2020-07-02 14:04:05.706000,1.07483,1.07481,1000000,1010000
2020-07-02 14:04:06.111000,1.07484,1.07481,1500000,1250000
2020-07-02 14:04:06.212000,1.07483,1.07481,4500000,1250000
2020-07-02 14:04:06.693000,1.07484,1.07481,1500000,1760000
2020-07-02 14:04:06.744000,1.07484,1.07483,1500000,1250000
2020-07-02 14:04:07.698000,1.07486,1.07483,3750000,2720000
2020-07-02 14:04:07.799000,1.07487,1.07485,1500000,1010000
2020-07-02 14:04:07.953000,1.07487,1.07484,1000000,3940000
2020-07-02 14:04:08.567000,1.07487,1.07485,3750000,1250000
2020-07-02 14:04:08.971000,1.07486,1.07485,1000000,1250000
2020-07-02 14:04:09.230000,1.07486,1.07484,3750000,1250000
2020-07-02 14:04:12.891000,1.07487,1.07486,4500000,1250000
2020-07-02 14:04:13.094000,1.07488,1.07486,1500000,1450000
2020-07-02 14:04:13.196000,1.07487,1.07485,1000000,1820000
2020-07-02 14:04:14.564000,1.07486,1.07484,1000000,4690000
2020-07-02 14:04:14.994000,1.07486,1.07483,1500000,4690000
2020-07-02 14:04:15.196000,1.07483,1.07481,1000000,1690000
2020-07-02 14:04:15.298000,1.07484,1.07482,1500000,2140000
2020-07-02 14:04:15.400000,1.07485,1.07483,1000000,1250000
2020-07-02 14:04:15.502000,1.07485,1.07483,1000000,1250000
2020-07-02 14:04:19.361000,1.07484,1.07482,1000000,4690000
2020-07-02 14:04:19.412000,1.07482,1.0748,1000000,2260000
2020-07-02 14:04:19.513000,1.07482,1.0748,1000000,2140000
2020-07-02 14:04:21.820000,1.07479,1.07477,1000000,3750000
2020-07-02 14:04:22.879000,1.07477,1.07475,1000000,5440000
2020-07-02 14:04:22.980000,1.07476,1.07474,3000000,1250000
2020-07-02 14:04:23.237000,1.07477,1.07476,1500000,1250000
2020-07-02 14:04:23.439000,1.07477,1.07476,3000000,1250000
2020-07-02 14:04:23.541000,1.07479,1.07477,1500000,1200000
2020-07-02 14:04:23.642000,1.0748,1.07477,4690000,1950000
2020-07-02 14:04:24.300000,1.07476,1.07475,1000000,1690000
2020-07-02 14:04:24.502000,1.07477,1.07474,3750000,2970000
2020-07-02 14:04:25.806000,1.07474,1.07473,1000000,1250000
2020-07-02 14:04:25.891000,1.07474,1.07472,4500000,1010000
2020-07-02 14:04:27.176000,1.07474,1.07472,4500000,1250000
2020-07-02 14:04:28.919000,1.07475,1.07473,1000000,1250000
2020-07-02 14:04:29.071000,1.07476,1.07474,2250000,1250000
2020-07-02 14:04:29.283000,1.07475,1.07474,1000000,1250000
2020-07-02 14:04:29.940000,1.07475,1.07473,1000000,3940000
2020-07-02 14:04:30.671000,1.07476,1.07473,2140000,3750000
2020-07-02 14:04:31.235000,1.07479,1.07477,5440000,1000000
2020-07-02 14:04:31.338000,1.07479,1.07478,1000000,1000000
2020-07-02 14:04:31.439000,1.07479,1.07477,1000000,4390000
2020-07-02 14:04:34.971000,1.07479,1.07477,1000000,1750000
2020-07-02 14:04:35.230000,1.07479,1.07477,1000000,3940000
2020-07-02 14:04:35.555000,1.0748,1.07477,1500000,5500000
2020-07-02 14:04:37.338000,1.0748,1.07479,1500000,1250000
2020-07-02 14:04:38.487000,1.07481,1.07479,1500000,1250000
2020-07-02 14:04:39.370000,1.0748,1.07479,1000000,1250000
2020-07-02 14:04:43.204000,1.07481,1.07479,2250000,1250000
2020-07-02 14:04:43.407000,1.07481,1.07478,2250000,3940000
2020-07-02 14:04:44.542000,1.0748,1.07478,1250000,3000000
2020-07-02 14:04:44.593000,1.07472,1.0747,1000000,1200000
2020-07-02 14:04:44.695000,1.07473,1.0747,6190000,1950000
2020-07-02 14:04:44.848000,1.07475,1.07473,1500000,1000000
2020-07-02 14:04:45.051000,1.07476,1.07473,2250000,4500000
2020-07-02 14:04:51.552000,1.07475,1.07473,1000000,1000000
2020-07-02 14:04:54.470000,1.07477,1.07475,1200000,1200000
2020-07-02 14:04:54.522000,1.0748,1.07478,2250000,1000000
2020-07-02 14:04:54.826000,1.07481,1.07478,4200000,1000000
2020-07-02 14:04:57.192000,1.07482,1.07479,4500000,1000000
2020-07-02 14:04:58.554000,1.07481,1.07479,1500000,3000000
2020-07-02 14:04:58.655000,1.07478,1.07476,5440000,2250000
2020-07-02 14:04:58.757000,1.07477,1.07474,4500000,1760000
2020-07-02 14:04:58.909000,1.07472,1.0747,1000000,4670000
2020-07-02 14:04:58.960000,1.07469,1.07467,1000000,3370000
2020-07-02 14:04:59.062000,1.07469,1.07466,2320000,3940000
2020-07-02 14:04:59.113000,1.07469,1.07468,1250000,1000000
2020-07-02 14:04:59.265000,1.07469,1.07467,1250000,2250000
2020-07-02 14:04:59.619000,1.07472,1.0747,5250000,1000000
2020-07-02 14:04:59.670000,1.07473,1.07471,2020000,1250000
2020-07-02 14:04:59.986000,1.07475,1.07471,7690000,2290000
2020-07-02 14:05:00.088000,1.07473,1.07471,1000000,1690000
2020-07-02 14:05:01.726000,1.07472,1.0747,1000000,1000000
2020-07-02 14:05:02.233000,1.07472,1.07469,1690000,1500000
2020-07-02 14:05:02.335000,1.07469,1.07468,1500000,1000000
2020-07-02 14:05:02.386000,1.07469,1.07466,1500000,5440000
2020-07-02 14:05:02.742000,1.07468,1.07466,1950000,1250000
2020-07-02 14:05:02.895000,1.07466,1.07465,1000000,1250000
2020-07-02 14:05:02.945000,1.07465,1.07463,1000000,1000000
2020-07-02 14:05:03.148000,1.07466,1.07463,5770000,1500000
2020-07-02 14:05:03.403000,1.07465,1.07463,4390000,1000000
2020-07-02 14:05:03.505000,1.07461,1.07459,1000000,1000000
2020-07-02 14:05:03.608000,1.07463,1.0746,2250000,1600000
2020-07-02 14:05:03.709000,1.07461,1.07458,1000000,3640000
2020-07-02 14:05:03.811000,1.0746,1.07457,1000000,1600000
2020-07-02 14:05:03.862000,1.07457,1.07455,1000000,1010000
2020-07-02 14:05:03.912000,1.07459,1.07456,1000000,2060000
2020-07-02 14:05:04.572000,1.07459,1.07457,1000000,1000000
2020-07-02 14:05:06.056000,1.07459,1.07456,1000000,3640000
2020-07-02 14:05:06.448000,1.07459,1.07457,1000000,2140000
2020-07-02 14:05:07.029000,1.07459,1.07456,1000000,3070000
2020-07-02 14:05:07.232000,1.07456,1.07455,1000000,1120000
2020-07-02 14:05:07.283000,1.07456,1.07454,1000000,6000000
2020-07-02 14:05:07.384000,1.07456,1.07455,1000000,1250000
2020-07-02 14:05:07.435000,1.07458,1.07455,1500000,3940000
2020-07-02 14:05:07.689000,1.07455,1.07453,1500000,1500000
2020-07-02 14:05:07.804000,1.07455,1.07452,5250000,1390000
2020-07-02 14:05:08.210000,1.07454,1.07452,1000000,3000000
2020-07-02 14:05:08.311000,1.07453,1.0745,1500000,2890000
2020-07-02 14:05:09.222000,1.07454,1.07451,3750000,1910000
2020-07-02 14:05:09.323000,1.07455,1.07452,1500000,4070000
2020-07-02 14:05:09.475000,1.07455,1.07451,1500000,7040000
2020-07-02 14:05:09.831000,1.07457,1.07454,6750000,2570000
2020-07-02 14:05:09.933000,1.07456,1.07453,3000000,1250000
2020-07-02 14:05:10.034000,1.07453,1.07451,1000000,1570000
2020-07-02 14:05:10.136000,1.07452,1.0745,1500000,3950000
2020-07-02 14:05:10.648000,1.07454,1.07453,1000000,1120000
2020-07-02 14:05:10.801000,1.07455,1.07454,3750000,1000000
2020-07-02 14:05:10.904000,1.07456,1.07455,1000000,1000000
2020-07-02 14:05:11.006000,1.07457,1.07456,3000000,1000000
2020-07-02 14:05:11.310000,1.07456,1.07455,1000000,1000000
2020-07-02 14:05:11.614000,1.07457,1.07456,1000000,1000000
2020-07-02 14:05:11.816000,1.07458,1.07456,1000000,1000000
2020-07-02 14:05:13.378000,1.0746,1.07458,3370000,1000000
2020-07-02 14:05:13.480000,1.0746,1.07459,1000000,1000000
2020-07-02 14:05:13.733000,1.07461,1.0746,1000000,1000000
2020-07-02 14:05:13.886000,1.07465,1.07464,1120000,1250000
2020-07-02 14:05:13.988000,1.07465,1.07463,1000000,4190000
2020-07-02 14:05:14.039000,1.07467,1.07465,1500000,1870000
2020-07-02 14:05:14.090000,1.07468,1.07466,4200000,1000000
2020-07-02 14:05:14.193000,1.0747,1.07466,2100000,3190000
2020-07-02 14:05:14.295000,1.0747,1.07468,1000000,1000000
2020-07-02 14:05:14.397000,1.07471,1.07469,3750000,1000000
2020-07-02 14:05:15.125000,1.07471,1.07469,3000000,2700000
2020-07-02 14:05:15.226000,1.07472,1.0747,1250000,1000000
2020-07-02 14:05:15.327000,1.07472,1.07469,5890000,1000000
2020-07-02 14:05:15.429000,1.07471,1.07469,1000000,1000000
2020-07-02 14:05:15.530000,1.07471,1.0747,1000000,1000000
2020-07-02 14:05:15.632000,1.07471,1.07469,1000000,1000000
2020-07-02 14:05:15.763000,1.0747,1.07469,1000000,1000000
2020-07-02 14:05:16.232000,1.07471,1.0747,1000000,1000000
2020-07-02 14:05:16.334000,1.07471,1.07468,1000000,3940000
2020-07-02 14:05:16.998000,1.0747,1.07467,1690000,1000000
2020-07-02 14:05:17.502000,1.07469,1.07467,1000000,1000000
2020-07-02 14:05:18.935000,1.07468,1.07467,1000000,1000000
2020-07-02 14:05:20.426000,1.07465,1.07464,1000000,1120000
2020-07-02 14:05:20.528000,1.07464,1.07463,1000000,1000000
2020-07-02 14:05:20.781000,1.07464,1.07463,1000000,1000000
2020-07-02 14:05:20.882000,1.07464,1.07462,1000000,3750000
2020-07-02 14:05:21.537000,1.07462,1.0746,1000000,3690000
2020-07-02 14:05:21.639000,1.07462,1.0746,3750000,1000000
2020-07-02 14:05:21.740000,1.07462,1.07459,7390000,1000000
2020-07-02 14:05:21.846000,1.0746,1.07458,1000000,3750000
2020-07-02 14:05:23.964000,1.07461,1.07458,4500000,1690000
2020-07-02 14:05:24.066000,1.07463,1.0746,3190000,2720000
2020-07-02 14:05:24.167000,1.07464,1.07462,1000000,1250000
2020-07-02 14:05:24.421000,1.07465,1.07462,4500000,1500000
2020-07-02 14:05:24.522000,1.07466,1.07463,7390000,1500000
2020-07-02 14:05:24.992000,1.07465,1.07463,1500000,1500000
2020-07-02 14:05:25.093000,1.07465,1.07462,4500000,1500000
2020-07-02 14:05:29.821000,1.07465,1.07463,1000000,1000000
2020-07-02 14:05:30.175000,1.07466,1.07463,7390000,1000000
2020-07-02 14:05:30.444000,1.07465,1.07462,1000000,4500000
2020-07-02 14:05:30.979000,1.07464,1.07462,1250000,1000000
2020-07-02 14:05:31.637000,1.07465,1.07462,4750000,1000000
2020-07-02 14:05:32.952000,1.07465,1.07461,4750000,4690000
2020-07-02 14:05:33.710000,1.07465,1.07461,4750000,5120000
2020-07-02 14:05:33.862000,1.07465,1.07461,4750000,5120000
2020-07-02 14:05:34.065000,1.07465,1.07461,4750000,5870000
2020-07-02 14:05:34.471000,1.07465,1.07461,4750000,5810000
2020-07-02 14:05:34.658000,1.07465,1.07461,4750000,5120000
2020-07-02 14:05:35.561000,1.07465,1.07461,4750000,6370000
2020-07-02 14:05:36.664000,1.07465,1.07462,5500000,1760000
2020-07-02 14:05:36.944000,1.07465,1.07462,5500000,1820000
2020-07-02 14:05:37.448000,1.07466,1.07464,3190000,1390000
2020-07-02 14:05:37.600000,1.07467,1.07464,1250000,4390000
2020-07-02 14:05:38.033000,1.07469,1.07467,1250000,1500000
2020-07-02 14:05:38.235000,1.07469,1.07467,1250000,4500000
2020-07-02 14:05:38.337000,1.0747,1.07467,2500000,1000000
2020-07-02 14:05:39.614000,1.07471,1.07469,1250000,1000000
2020-07-02 14:05:40.149000,1.07469,1.07468,1250000,3000000
2020-07-02 14:05:40.251000,1.07469,1.07467,1250000,1200000
2020-07-02 14:05:40.353000,1.07469,1.07467,1750000,3750000
2020-07-02 14:05:40.834000,1.07469,1.07467,1390000,1000000
2020-07-02 14:05:40.939000,1.07469,1.07467,2200000,1000000
2020-07-02 14:05:42.171000,1.07468,1.07466,2500000,1000000
2020-07-02 14:05:42.222000,1.07465,1.07463,1250000,1000000
2020-07-02 14:05:42.375000,1.07464,1.07463,1000000,1000000
2020-07-02 14:05:42.476000,1.07464,1.07462,1000000,1000000
2020-07-02 14:05:46.926000,1.07465,1.07462,5500000,1370000
2020-07-02 14:05:47.078000,1.07466,1.07463,4690000,1250000
2020-07-02 14:05:48.244000,1.07466,1.07463,4690000,1250000
2020-07-02 14:05:48.496000,1.07466,1.07463,3940000,1690000
2020-07-02 14:05:48.598000,1.07466,1.07463,3940000,1750000
2020-07-02 14:05:48.800000,1.07466,1.07463,1250000,5810000
2020-07-02 14:05:48.902000,1.07467,1.07464,4750000,1250000
2020-07-02 14:05:49.254000,1.07467,1.07464,3750000,1250000
2020-07-02 14:05:49.355000,1.07468,1.07466,1250000,3940000
2020-07-02 14:05:49.456000,1.07468,1.07465,1250000,5810000
2020-07-02 14:05:49.659000,1.07468,1.07466,1250000,1000000
2020-07-02 14:05:54.346000,1.0747,1.07467,4500000,2320000
2020-07-02 14:05:54.397000,1.07471,1.07469,2250000,1200000
2020-07-02 14:05:54.499000,1.07471,1.07468,4690000,2250000
2020-07-02 14:05:55.252000,1.07471,1.07469,3750000,1200000
2020-07-02 14:05:55.354000,1.07474,1.07471,2500000,4950000
2020-07-02 14:05:55.709000,1.07474,1.07471,1690000,4950000
2020-07-02 14:05:56.702000,1.07475,1.07473,1250000,1500000
2020-07-02 14:05:57.202000,1.07477,1.07474,1500000,3950000
2020-07-02 14:05:57.303000,1.07477,1.07474,1500000,1870000
2020-07-02 14:05:57.406000,1.07478,1.07476,1000000,1500000
2020-07-02 14:05:57.610000,1.07479,1.07476,3820000,1500000
2020-07-02 14:05:57.964000,1.07479,1.07477,3750000,1000000
2020-07-02 14:05:59.159000,1.07477,1.07476,1250000,1000000
2020-07-02 14:05:59.934000,1.07476,1.07475,1000000,1500000
2020-07-02 14:06:00.036000,1.07475,1.07473,1250000,3750000
2020-07-02 14:06:00.443000,1.07477,1.07474,5950000,1000000
2020-07-02 14:06:00.759000,1.07477,1.07474,5140000,1000000
2020-07-02 14:06:01.863000,1.07477,1.07475,3000000,1570000
2020-07-02 14:06:02.167000,1.07477,1.07476,3000000,1000000
2020-07-02 14:06:03.222000,1.07477,1.07475,3000000,1690000
2020-07-02 14:06:03.676000,1.07477,1.07474,6250000,1000000
2020-07-02 14:06:04.100000,1.07478,1.07476,1250000,1000000
2020-07-02 14:06:04.202000,1.07479,1.07476,2140000,1500000
2020-07-02 14:06:04.607000,1.07479,1.07477,3750000,1000000
2020-07-02 14:06:08.325000,1.0748,1.07479,1000000,1000000
2020-07-02 14:06:08.426000,1.07481,1.07479,1650000,3750000
2020-07-02 14:06:11.057000,1.07482,1.07479,1500000,5160000
2020-07-02 14:06:11.615000,1.07483,1.07481,3000000,1000000
2020-07-02 14:06:11.717000,1.07484,1.07481,2890000,1000000
2020-07-02 14:06:13.015000,1.07483,1.07481,3000000,1000000
2020-07-02 14:06:14.809000,1.07484,1.07481,4690000,1500000
2020-07-02 14:06:15.498000,1.07483,1.07481,3000000,1500000
2020-07-02 14:06:16.242000,1.07482,1.0748,1000000,2440000
2020-07-02 14:06:17.507000,1.07481,1.0748,1000000,1690000
2020-07-02 14:06:22.834000,1.07482,1.07481,1000000,1250000
2020-07-02 14:06:25.458000,1.07481,1.07479,1000000,5440000
2020-07-02 14:06:25.611000,1.0748,1.07479,1000000,1250000
2020-07-02 14:06:26.916000,1.0748,1.07478,1000000,4690000
2020-07-02 14:06:28.400000,1.07483,1.07481,2250000,1000000
2020-07-02 14:06:28.502000,1.07482,1.07481,1000000,1000000
2020-07-02 14:06:28.553000,1.07484,1.07481,4120000,1000000
2020-07-02 14:06:28.654000,1.07484,1.07482,3000000,1500000
2020-07-02 14:06:28.756000,1.07485,1.07482,1950000,1500000
2020-07-02 14:06:29.260000,1.07486,1.07484,4500000,1000000
2020-07-02 14:06:29.363000,1.07487,1.07484,3190000,1500000
2020-07-02 14:06:30.239000,1.07487,1.07485,1000000,1500000
2020-07-02 14:06:30.341000,1.07489,1.07488,1000000,1000000
2020-07-02 14:06:30.392000,1.07491,1.07488,5620000,1000000
2020-07-02 14:06:31.036000,1.07488,1.07487,1000000,1000000
2020-07-02 14:06:31.087000,1.07487,1.07485,1000000,5890000
2020-07-02 14:06:31.188000,1.07488,1.07485,1500000,5440000
2020-07-02 14:06:31.290000,1.07487,1.07484,1500000,6190000
2020-07-02 14:06:34.429000,1.07486,1.07484,1000000,3940000
2020-07-02 14:06:34.530000,1.07486,1.07483,4500000,1690000
2020-07-02 14:06:35.114000,1.07482,1.0748,1500000,18940001
2020-07-02 14:06:35.215000,1.07482,1.07479,1500000,4690000
2020-07-02 14:06:35.418000,1.07481,1.07479,3750000,1250000
2020-07-02 14:06:36.249000,1.07486,1.07483,5510000,1500000
2020-07-02 14:06:36.502000,1.07487,1.07485,1000000,1950000
2020-07-02 14:06:36.553000,1.07489,1.07486,5020000,1000000
2020-07-02 14:06:37.072000,1.07488,1.07485,1500000,5440000
2020-07-02 14:06:37.581000,1.07487,1.07485,1000000,1000000
2020-07-02 14:06:37.834000,1.07487,1.07484,1570000,4500000
2020-07-02 14:06:38.959000,1.07488,1.07486,1000000,1000000
2020-07-02 14:06:40.470000,1.07489,1.07486,3750000,1690000
2020-07-02 14:06:42.379000,1.0749,1.07488,1000000,1000000
2020-07-02 14:06:44.115000,1.07492,1.0749,4500000,1000000
2020-07-02 14:06:51.364000,1.07492,1.07489,4500000,2440000
2020-07-02 14:06:55.501000,1.07492,1.0749,3750000,1000000
2020-07-02 14:07:02.332000,1.07489,1.07487,1200000,1500000
2020-07-02 14:07:02.435000,1.0749,1.07487,4500000,2890000
2020-07-02 14:07:02.536000,1.0749,1.07487,1000000,3700000
2020-07-02 14:07:02.841000,1.07489,1.07487,3750000,1000000
2020-07-02 14:07:03.372000,1.0749,1.07487,1500000,2140000
2020-07-02 14:07:03.474000,1.07489,1.07486,3750000,4750000
2020-07-02 14:07:03.801000,1.07489,1.07486,3750000,2440000
2020-07-02 14:07:04.181000,1.07491,1.07488,6250000,1500000
2020-07-02 14:07:04.283000,1.07491,1.07488,4500000,2440000
2020-07-02 14:07:05.041000,1.07491,1.07488,4500000,3700000
2020-07-02 14:07:05.193000,1.07492,1.07489,1000000,1690000
2020-07-02 14:07:06.351000,1.07494,1.07492,1000000,2700000
2020-07-02 14:07:06.453000,1.07492,1.0749,1500000,2060000
2020-07-02 14:07:06.974000,1.07489,1.07487,2700000,8440000
2020-07-02 14:07:07.075000,1.07488,1.07486,5700000,1250000
2020-07-02 14:07:07.177000,1.07488,1.07485,3750000,1950000
2020-07-02 14:07:07.536000,1.07487,1.07484,1000000,5250000
2020-07-02 14:07:08.237000,1.07488,1.07485,4500000,1950000
2020-07-02 14:07:09.306000,1.07488,1.07486,1000000,1000000
2020-07-02 14:07:09.458000,1.0749,1.07487,2620000,3190000
2020-07-02 14:07:19.323000,1.07489,1.07486,2890000,7500000
2020-07-02 14:07:19.425000,1.07488,1.07485,1000000,3750000
2020-07-02 14:07:19.526000,1.07487,1.07484,1500000,2250000
2020-07-02 14:07:22.295000,1.07487,1.07484,6700000,1000000
2020-07-02 14:07:22.420000,1.07487,1.07484,5890000,1000000
2020-07-02 14:07:22.843000,1.07486,1.07484,1000000,1000000
2020-07-02 14:07:22.894000,1.07488,1.07485,2440000,4950000
2020-07-02 14:07:22.995000,1.07489,1.07487,1000000,1000000
2020-07-02 14:07:23.097000,1.0749,1.07487,1950000,2250000
2020-07-02 14:07:23.198000,1.07489,1.07486,1000000,7500000
2020-07-02 14:07:25.634000,1.07488,1.07486,1000000,2510000
2020-07-02 14:07:25.735000,1.07487,1.07485,1000000,1000000
2020-07-02 14:07:26.182000,1.07487,1.07484,1000000,3000000
2020-07-02 14:07:26.679000,1.07486,1.07484,1500000,3000000
2020-07-02 14:07:26.780000,1.07486,1.07483,1500000,6260000
2020-07-02 14:07:26.881000,1.07486,1.07483,5290000,1120000
2020-07-02 14:07:26.983000,1.07485,1.07482,5140000,1000000
2020-07-02 14:07:32.821000,1.07487,1.07485,1500000,2440000
2020-07-02 14:07:32.923000,1.07488,1.07485,1950000,6190000
2020-07-02 14:07:33.763000,1.07485,1.07483,3640000,3000000
2020-07-02 14:07:33.814000,1.07481,1.0748,1000000,6940000
2020-07-02 14:07:34.017000,1.0748,1.07479,1000000,1250000
2020-07-02 14:07:34.630000,1.0748,1.07478,1000000,2500000
2020-07-02 14:07:35.934000,1.0748,1.07477,4500000,1500000
2020-07-02 14:07:39.492000,1.0748,1.07476,3750000,8890000
2020-07-02 14:07:39.594000,1.0748,1.07477,1000000,3000000
2020-07-02 14:07:40.125000,1.07481,1.07477,4950000,6940000
2020-07-02 14:07:40.839000,1.07481,1.07478,4500000,1000000
2020-07-02 14:07:43.734000,1.07481,1.07477,4500000,5890000
2020-07-02 14:07:44.705000,1.0748,1.07477,1000000,5890000
2020-07-02 14:07:45.680000,1.0748,1.07478,1000000,1250000
2020-07-02 14:07:47,1.07481,1.07478,1500000,1690000
2020-07-02 14:07:47.102000,1.07482,1.07479,1500000,4690000
2020-07-02 14:07:47.203000,1.07483,1.0748,5250000,1000000
2020-07-02 14:07:47.355000,1.07482,1.07479,1000000,6190000
2020-07-02 14:07:47.810000,1.07484,1.0748,1500000,4540000
2020-07-02 14:07:47.912000,1.07484,1.07482,3000000,1200000
2020-07-02 14:07:48.013000,1.07485,1.07482,5440000,1200000
2020-07-02 14:07:49.781000,1.07485,1.07483,5440000,1000000
2020-07-02 14:07:50.687000,1.07486,1.07484,1120000,4200000
2020-07-02 14:07:50.789000,1.07487,1.07484,1690000,4200000
2020-07-02 14:07:52.772000,1.07488,1.07485,5440000,2700000
2020-07-02 14:07:52.874000,1.07488,1.07486,1500000,1000000
2020-07-02 14:07:54.141000,1.07488,1.07487,1000000,1000000
2020-07-02 14:07:56.219000,1.07489,1.07487,3750000,1500000
2020-07-02 14:07:56.320000,1.07489,1.07486,4200000,1500000
2020-07-02 14:07:58.143000,1.0749,1.07487,3750000,3640000
2020-07-02 14:07:58.396000,1.0749,1.07488,3750000,1000000
2020-07-02 14:07:58.698000,1.0749,1.07487,3750000,3640000
2020-07-02 14:07:59.232000,1.07491,1.0749,1000000,1000000
2020-07-02 14:07:59.282000,1.07493,1.07491,5470000,1000000
2020-07-02 14:08:02.991000,1.07493,1.0749,4500000,1250000
2020-07-02 14:08:07.427000,1.07492,1.07489,1000000,5440000
2020-07-02 14:08:09.386000,1.07489,1.07487,3750000,2120000
2020-07-02 14:08:09.488000,1.07491,1.07488,8060000,1000000
2020-07-02 14:08:09.589000,1.07489,1.07487,1000000,1250000
2020-07-02 14:08:10.280000,1.07488,1.07486,1000000,3940000
2020-07-02 14:08:10.468000,1.07487,1.07484,1500000,7690000
2020-07-02 14:08:12.057000,1.07487,1.07484,1000000,6250000
2020-07-02 14:08:18.099000,1.07486,1.07484,1000000,3940000
2020-07-02 14:08:19.343000,1.07486,1.07483,1500000,1690000
2020-07-02 14:08:23.819000,1.07486,1.07483,4500000,2500000
2020-07-02 14:08:23.870000,1.07488,1.07486,1000000,1000000
2020-07-02 14:08:23.971000,1.07491,1.07488,1000000,1120000
2020-07-02 14:08:24.275000,1.07492,1.07488,1250000,2440000
2020-07-02 14:08:27.593000,1.07492,1.07489,1690000,1000000
2020-07-02 14:08:34.779000,1.07491,1.07489,1000000,1000000
2020-07-02 14:08:43.934000,1.07492,1.07489,1950000,1250000
2020-07-02 14:08:50.729000,1.07491,1.07488,4690000,1000000
2020-07-02 14:08:54.588000,1.07491,1.07489,3750000,1000000
2020-07-02 14:08:56.078000,1.07491,1.07488,1500000,1250000
2020-07-02 14:08:56.950000,1.07487,1.07486,1500000,7870000
2020-07-02 14:08:57.354000,1.07489,1.07487,3750000,1000000
2020-07-02 14:08:57.506000,1.07489,1.07486,1000000,9750000
2020-07-02 14:08:57.886000,1.07488,1.07486,1000000,3750000
2020-07-02 14:08:58.088000,1.07487,1.07485,1000000,1690000
2020-07-02 14:08:58.190000,1.07488,1.07485,1000000,5060000
2020-07-02 14:08:58.291000,1.07488,1.07486,1000000,1000000
2020-07-02 14:09:00.152000,1.07489,1.07486,5250000,1000000
2020-07-02 14:09:00.304000,1.07489,1.07488,1000000,1000000
2020-07-02 14:09:07.153000,1.07492,1.07491,1000000,1000000
2020-07-02 14:09:07.203000,1.07493,1.07491,1200000,3000000
2020-07-02 14:09:07.305000,1.07493,1.0749,1950000,6190000
2020-07-02 14:09:07.661000,1.07493,1.07491,1950000,1000000
2020-07-02 14:09:08.170000,1.07493,1.0749,1950000,6190000
2020-07-02 14:09:12.206000,1.07493,1.07491,1000000,1120000
2020-07-02 14:09:12.452000,1.07494,1.07491,1950000,4120000
2020-07-02 14:09:12.866000,1.07493,1.0749,1000000,7440000
2020-07-02 14:09:13.242000,1.07493,1.0749,1200000,4690000
2020-07-02 14:09:17.171000,1.07488,1.07486,1000000,4870000
2020-07-02 14:09:17.221000,1.07486,1.07484,1500000,3000000
2020-07-02 14:09:17.323000,1.07486,1.07483,4690000,1500000
2020-07-02 14:09:19.061000,1.07488,1.07486,2370000,1250000
2020-07-02 14:09:19.163000,1.07488,1.07486,1000000,1690000
2020-07-02 14:09:19.416000,1.07489,1.07486,1500000,2440000
2020-07-02 14:09:19.731000,1.0749,1.07487,4870000,1000000
2020-07-02 14:09:19.933000,1.0749,1.07488,3750000,1250000
2020-07-02 14:09:20.036000,1.07493,1.07491,1000000,1690000
2020-07-02 14:09:20.189000,1.07493,1.0749,1200000,4690000
2020-07-02 14:09:20.442000,1.07493,1.07491,1000000,1250000
2020-07-02 14:09:28.091000,1.07494,1.07491,5700000,1250000
2020-07-02 14:09:28.193000,1.07494,1.07492,2250000,1250000
2020-07-02 14:09:28.295000,1.07494,1.07492,4970000,1250000
2020-07-02 14:09:28.465000,1.07494,1.07491,4970000,1690000
2020-07-02 14:09:29.300000,1.07494,1.07491,4950000,1690000
2020-07-02 14:09:29.453000,1.07494,1.07491,2100000,5440000
2020-07-02 14:09:29.655000,1.07494,1.07491,1950000,5440000
2020-07-02 14:09:32.065000,1.07493,1.07491,1000000,1690000
2020-07-02 14:09:42.409000,1.07493,1.0749,2250000,4500000
2020-07-02 14:09:42.538000,1.07493,1.07491,1500000,1250000
2020-07-02 14:09:42.640000,1.07493,1.0749,2250000,5440000
2020-07-02 14:09:45.138000,1.07488,1.07486,2700000,2200000
2020-07-02 14:09:45.189000,1.07488,1.07485,7350000,1870000
2020-07-02 14:09:45.291000,1.07487,1.07485,3070000,2500000
2020-07-02 14:09:46.178000,1.07487,1.07485,6750000,1000000
2020-07-02 14:09:46.330000,1.07485,1.07483,1000000,3190000
2020-07-02 14:09:46.432000,1.07483,1.07482,1000000,1250000
2020-07-02 14:09:48.031000,1.07482,1.0748,2700000,3000000
2020-07-02 14:09:48.133000,1.07482,1.07479,1500000,5440000
2020-07-02 14:09:48.184000,1.07482,1.0748,1500000,1250000
2020-07-02 14:09:49.981000,1.07482,1.07479,1000000,1750000
2020-07-02 14:09:53.453000,1.07481,1.07479,1000000,1750000
2020-07-02 14:09:53.554000,1.07481,1.07479,1000000,1250000
2020-07-02 14:09:53.914000,1.0748,1.07478,1000000,4750000
2020-07-02 14:09:54.630000,1.07481,1.07479,1500000,1250000
2020-07-02 14:09:56.914000,1.07481,1.07479,1500000,1250000
2020-07-02 14:09:57.292000,1.07482,1.0748,2250000,1250000
2020-07-02 14:09:57.343000,1.07483,1.07481,1000000,5500000
2020-07-02 14:09:57.545000,1.07482,1.07481,1000000,3940000
2020-07-02 14:09:57.647000,1.07483,1.07481,1000000,3940000
2020-07-02 14:09:57.749000,1.07482,1.07481,1000000,3940000
2020-07-02 14:09:58.498000,1.07483,1.07481,1500000,4390000
2020-07-02 14:09:58.599000,1.07481,1.0748,1000000,3940000
2020-07-02 14:10:04.127000,1.07483,1.07481,2250000,5200000
2020-07-02 14:10:04.229000,1.07484,1.07482,5250000,3940000
2020-07-02 14:10:04.465000,1.07481,1.0748,1000000,4690000
2020-07-02 14:10:06.766000,1.07481,1.0748,1000000,4690000
2020-07-02 14:10:36.154000,1.0748,1.07479,1000000,4690000
2020-07-02 14:10:38.456000,1.07477,1.07476,1000000,2700000
2020-07-02 14:10:38.558000,1.07476,1.07474,1500000,3000000
2020-07-02 14:10:38.659000,1.07475,1.07473,1000000,4690000
2020-07-02 14:10:38.761000,1.07474,1.07473,1000000,1250000
2020-07-02 14:10:38.862000,1.07475,1.07473,1000000,5950000
2020-07-02 14:10:39.269000,1.07476,1.07474,1500000,4750000
2020-07-02 14:10:39.371000,1.07477,1.07476,1000000,3750000
2020-07-02 14:10:39.881000,1.07478,1.07476,4500000,3750000
2020-07-02 14:10:40.854000,1.07478,1.07476,5500000,3750000
2020-07-02 14:10:41.169000,1.07478,1.07475,5500000,3750000
2020-07-02 14:10:41.859000,1.07478,1.07476,3000000,1950000
2020-07-02 14:10:41.962000,1.07477,1.07476,1000000,4500000
2020-07-02 14:10:43.170000,1.07478,1.07476,2440000,3750000
2020-07-02 14:10:43.272000,1.07479,1.07477,3190000,3750000
2020-07-02 14:10:43.917000,1.0748,1.07477,4500000,6190000
2020-07-02 14:10:44.018000,1.0748,1.07478,3000000,4690000
2020-07-02 14:10:44.119000,1.07481,1.07478,4500000,4690000
2020-07-02 14:10:44.959000,1.07481,1.07479,1500000,3750000
2020-07-02 14:10:46.916000,1.07481,1.07478,1000000,8440000
2020-07-02 14:10:47.751000,1.07482,1.0748,1000000,4500000
2020-07-02 14:10:47.852000,1.07483,1.07481,1000000,3750000
2020-07-02 14:10:47.954000,1.07484,1.07481,4690000,4500000
2020-07-02 14:10:48.831000,1.07484,1.07482,3000000,4500000
2020-07-02 14:10:48.933000,1.07487,1.07484,2620000,1500000
2020-07-02 14:10:49.035000,1.07489,1.07485,5440000,8250000
2020-07-02 14:10:49.137000,1.07489,1.07486,3750000,1000000
2020-07-02 14:10:49.239000,1.07489,1.07487,1000000,1000000
2020-07-02 14:10:50.267000,1.0749,1.07488,1000000,1000000
2020-07-02 14:10:50.476000,1.07488,1.07487,1000000,1000000
2020-07-02 14:10:50.578000,1.07489,1.07486,1390000,1000000
2020-07-02 14:10:52.965000,1.07489,1.07487,1250000,1000000
2020-07-02 14:10:53.066000,1.0749,1.07487,6190000,5250000
2020-07-02 14:10:53.168000,1.0749,1.07488,5440000,1000000
2020-07-02 14:10:59.389000,1.07491,1.07488,4690000,1000000
2020-07-02 14:11:00.158000,1.07491,1.07489,3000000,1250000
2020-07-02 14:11:00.260000,1.07493,1.07491,1200000,1250000
2020-07-02 14:11:00.361000,1.07495,1.07491,3090000,2440000
2020-07-02 14:11:00.463000,1.07495,1.07493,4620000,1000000
2020-07-02 14:11:01.325000,1.07495,1.07493,4120000,1000000
2020-07-02 14:11:02.529000,1.07496,1.07493,5620000,1250000
2020-07-02 14:11:03.138000,1.07497,1.07493,6860000,7690000
2020-07-02 14:11:03.341000,1.07496,1.07493,3750000,5440000
2020-07-02 14:11:03.443000,1.07495,1.07493,1120000,1250000
2020-07-02 14:11:03.697000,1.07496,1.07493,4310000,5250000
2020-07-02 14:11:03.951000,1.07495,1.07492,4070000,3750000
2020-07-02 14:11:04.103000,1.07496,1.07493,7900000,1000000
2020-07-02 14:11:04.456000,1.07496,1.07493,3940000,1000000
2020-07-02 14:11:05.593000,1.07495,1.07493,3000000,1000000
2020-07-02 14:11:06.248000,1.07496,1.07493,1310000,1000000
2020-07-02 14:11:06.547000,1.07494,1.07491,2140000,8250000
2020-07-02 14:11:06.649000,1.07495,1.07492,8140000,1000000
2020-07-02 14:11:06.750000,1.07496,1.07493,8810000,1000000
2020-07-02 14:11:06.851000,1.07495,1.07493,1000000,1000000
2020-07-02 14:11:07.112000,1.07495,1.07492,1950000,4690000
2020-07-02 14:11:07.315000,1.07495,1.07492,4200000,6250000
2020-07-02 14:11:08.225000,1.07495,1.07492,1000000,8440000
2020-07-02 14:11:08.427000,1.07496,1.07493,3450000,1250000
2020-07-02 14:11:08.796000,1.07495,1.07492,1000000,5440000
2020-07-02 14:11:08.948000,1.07494,1.07492,1000000,1250000
2020-07-02 14:11:09.049000,1.07495,1.07492,4950000,1690000
2020-07-02 14:11:10.382000,1.07494,1.07492,1000000,1250000
2020-07-02 14:11:10.737000,1.07495,1.07492,4870000,1690000
2020-07-02 14:11:10.838000,1.07495,1.07492,1120000,10370000
2020-07-02 14:11:13.661000,1.07495,1.07494,1000000,3000000
2020-07-02 14:11:13.762000,1.07496,1.07493,1000000,3940000
2020-07-02 14:11:14.015000,1.07496,1.07494,1000000,1250000
2020-07-02 14:11:14.723000,1.07495,1.07494,1000000,1000000
2020-07-02 14:11:14.825000,1.07496,1.07494,3750000,1000000
2020-07-02 14:11:16.969000,1.07496,1.07493,5370000,1500000
2020-07-02 14:11:17.324000,1.07496,1.07493,4500000,1690000
2020-07-02 14:11:17.476000,1.07496,1.07494,3000000,1000000
2020-07-02 14:11:17.577000,1.07496,1.07493,3750000,6190000
2020-07-02 14:11:17.838000,1.07496,1.07494,3000000,1000000
2020-07-02 14:11:17.939000,1.07497,1.07494,12750000,1000000
2020-07-02 14:11:18.556000,1.07496,1.07494,3750000,1000000
2020-07-02 14:11:18.658000,1.07497,1.07494,7800000,1500000
2020-07-02 14:11:18.911000,1.07496,1.07494,1000000,1000000
2020-07-02 14:11:19.113000,1.07497,1.07494,7870000,1000000
2020-07-02 14:11:19.983000,1.07496,1.07494,1000000,1000000
2020-07-02 14:11:20.084000,1.07497,1.07494,8550000,1000000
2020-07-02 14:11:20.186000,1.07496,1.07494,1000000,1310000
2020-07-02 14:11:20.590000,1.07496,1.07493,4870000,1690000
2020-07-02 14:11:20.692000,1.07497,1.07494,6420000,1310000
2020-07-02 14:11:20.793000,1.07497,1.07494,6670000,1310000
2020-07-02 14:11:20.945000,1.07497,1.07493,9110000,4690000
2020-07-02 14:11:21.097000,1.07497,1.07495,5170000,1000000
2020-07-02 14:11:21.198000,1.07497,1.07494,5170000,2060000
2020-07-02 14:11:21.411000,1.07496,1.07494,1000000,1120000
2020-07-02 14:11:21.512000,1.07496,1.07493,3000000,1250000
2020-07-02 14:11:21.664000,1.07497,1.07494,12370000,1000000
2020-07-02 14:11:21.817000,1.07497,1.07495,7870000,1000000
2020-07-02 14:11:22.019000,1.07496,1.07495,1000000,1000000
2020-07-02 14:11:22.562000,1.07496,1.07493,1000000,4690000
2020-07-02 14:11:22.665000,1.07495,1.07493,1620000,1000000
2020-07-02 14:11:22.768000,1.07495,1.07494,1000000,1000000
2020-07-02 14:11:22.819000,1.07496,1.07494,4310000,1000000
2020-07-02 14:11:23.060000,1.07497,1.07492,8860000,7570000
2020-07-02 14:11:23.777000,1.07497,1.07494,5560000,1000000
2020-07-02 14:11:23.878000,1.07495,1.07493,1000000,1250000
2020-07-02 14:11:24.272000,1.07496,1.07493,3000000,1250000
2020-07-02 14:11:24.795000,1.07496,1.07492,3870000,5500000
2020-07-02 14:11:25.786000,1.07496,1.07492,3370000,6250000
2020-07-02 14:11:28.156000,1.07496,1.07494,2620000,1000000
2020-07-02 14:11:28.308000,1.07496,1.07493,2440000,3750000
2020-07-02 14:11:33.707000,1.07495,1.07492,1000000,7690000
2020-07-02 14:11:33.859000,1.07496,1.07492,9190000,8140000
2020-07-02 14:11:34.278000,1.07495,1.07492,3000000,4690000
2020-07-02 14:11:36.363000,1.07496,1.07492,8060000,4390000
2020-07-02 14:11:36.465000,1.07495,1.07492,3750000,2140000
2020-07-02 14:11:40.421000,1.07496,1.07493,6370000,5700000
2020-07-02 14:11:40.522000,1.07495,1.07492,1000000,8810000
2020-07-02 14:11:40.624000,1.07495,1.07493,1000000,1000000
2020-07-02 14:11:41.129000,1.07496,1.07493,4120000,5250000
2020-07-02 14:11:41.461000,1.07495,1.07493,1000000,4500000
2020-07-02 14:11:41.613000,1.07496,1.07493,4870000,5440000
2020-07-02 14:11:42.081000,1.07495,1.07493,1000000,7690000
2020-07-02 14:11:42.182000,1.07496,1.07493,1500000,5440000
2020-07-02 14:11:42.511000,1.07495,1.07493,1000000,4690000
2020-07-02 14:11:42.613000,1.07496,1.07493,4500000,5440000
2020-07-02 14:11:43.017000,1.07495,1.07493,1000000,7690000
2020-07-02 14:11:43.169000,1.07495,1.07492,4500000,6190000
2020-07-02 14:11:43.321000,1.07495,1.07493,1120000,3750000
2020-07-02 14:11:43.423000,1.07496,1.07493,1870000,4690000
2020-07-02 14:11:43.625000,1.07496,1.07492,6260000,7690000
2020-07-02 14:11:43.727000,1.07495,1.07492,2250000,3940000
2020-07-02 14:11:53.428000,1.07495,1.07492,4220000,5440000
2020-07-02 14:11:54.965000,1.07495,1.07492,3820000,5440000
2020-07-02 14:11:55.759000,1.07496,1.07493,6940000,1000000
2020-07-02 14:11:55.910000,1.07496,1.07493,7410000,4500000
2020-07-02 14:11:56.012000,1.07496,1.07493,6560000,4500000
2020-07-02 14:11:56.114000,1.07496,1.07493,7040000,4500000
2020-07-02 14:11:56.267000,1.07496,1.07493,4870000,4690000
2020-07-02 14:11:56.369000,1.07495,1.07492,5660000,1000000
2020-07-02 14:11:56.420000,1.07489,1.07486,1200000,5570000
2020-07-02 14:11:56.521000,1.0749,1.07488,1500000,1000000
2020-07-02 14:11:56.572000,1.07491,1.07489,4870000,1250000
2020-07-02 14:11:56.728000,1.07491,1.07489,1000000,1250000
2020-07-02 14:11:56.829000,1.07492,1.07489,2320000,4000000
2020-07-02 14:11:57.144000,1.07493,1.07491,1000000,7500000
2020-07-02 14:11:57.245000,1.07493,1.07492,1000000,1000000
2020-07-02 14:11:57.347000,1.07494,1.07491,2700000,8440000
2020-07-02 14:11:58.617000,1.07494,1.07492,1000000,1000000
2020-07-02 14:11:58.720000,1.07496,1.07493,4570000,4690000
2020-07-02 14:11:59.178000,1.07495,1.07493,3000000,4690000
2020-07-02 14:11:59.279000,1.07496,1.07493,5250000,3940000
2020-07-02 14:11:59.585000,1.07496,1.07494,3000000,1250000
2020-07-02 14:11:59.739000,1.07496,1.07493,3750000,5250000
2020-07-02 14:12:00.093000,1.07495,1.07492,1500000,8440000
2020-07-02 14:12:00.959000,1.07495,1.07492,1870000,8500000
2020-07-02 14:12:01.195000,1.07495,1.07492,1100000,3940000
2020-07-02 14:12:01.298000,1.07496,1.07493,6660000,1000000
2020-07-02 14:12:01.399000,1.07496,1.07493,5440000,1000000
2020-07-02 14:12:03.364000,1.07495,1.07493,1100000,4500000
2020-07-02 14:12:04.072000,1.07496,1.07493,1950000,5440000
2020-07-02 14:12:05.361000,1.07496,1.07494,1200000,1000000
2020-07-02 14:12:08.125000,1.07495,1.07494,1000000,1000000
2020-07-02 14:12:13.507000,1.07495,1.07493,1000000,1250000
2020-07-02 14:12:14.958000,1.07496,1.07493,3370000,1390000
2020-07-02 14:12:17.624000,1.07497,1.07493,12000000,1390000
2020-07-02 14:12:17.725000,1.07496,1.07493,1250000,1000000
2020-07-02 14:12:18.029000,1.07495,1.07493,1000000,1390000
2020-07-02 14:12:19.273000,1.07496,1.07493,1000000,1690000
2020-07-02 14:12:19.375000,1.07495,1.07493,3750000,1250000
2020-07-02 14:12:19.477000,1.07496,1.07493,1120000,2140000
2020-07-02 14:12:19.630000,1.07495,1.07493,1000000,4690000
2020-07-02 14:12:24.962000,1.07495,1.07492,4870000,1690000
2020-07-02 14:12:26.171000,1.07495,1.07492,1500000,9040000
2020-07-02 14:12:26.273000,1.07495,1.07492,1500000,8890000
2020-07-02 14:12:31.294000,1.07495,1.07493,1000000,1000000
2020-07-02 14:12:31.445000,1.07495,1.07492,1500000,8440000
2020-07-02 14:12:34.924000,1.07495,1.07493,1500000,3000000
2020-07-02 14:12:35.026000,1.07496,1.07493,7500000,6700000
2020-07-02 14:12:35.132000,1.07496,1.07493,5250000,5890000
2020-07-02 14:12:35.235000,1.07495,1.07492,1500000,8890000
2020-07-02 14:12:35.337000,1.07495,1.07492,1500000,9250000
2020-07-02 14:12:37.147000,1.07495,1.07492,1500000,4500000
2020-07-02 14:12:38.037000,1.07494,1.07492,1000000,1000000
2020-07-02 14:12:38.441000,1.07493,1.07492,1000000,1000000
2020-07-02 14:12:38.492000,1.07491,1.0749,6190000,1000000
2020-07-02 14:12:38.594000,1.07493,1.0749,6640000,4500000
2020-07-02 14:12:38.695000,1.07493,1.07491,1570000,1250000
2020-07-02 14:12:38.796000,1.07494,1.07493,1000000,1000000
2020-07-02 14:12:38.898000,1.07495,1.07493,1000000,1000000
2020-07-02 14:12:40.181000,1.07496,1.07493,4690000,5250000
2020-07-02 14:12:41.856000,1.07495,1.07493,4500000,4500000
2020-07-02 14:12:41.957000,1.07495,1.07492,1500000,8440000
2020-07-02 14:12:42.717000,1.07495,1.07493,1000000,2140000
2020-07-02 14:12:42.819000,1.07497,1.07494,1500000,8440000
2020-07-02 14:12:42.920000,1.07497,1.07495,1500000,3750000
2020-07-02 14:12:43.123000,1.07498,1.07495,4500000,5440000
2020-07-02 14:12:43.656000,1.07498,1.07496,3750000,1250000
2020-07-02 14:12:43.757000,1.07499,1.07496,1870000,8440000
2020-07-02 14:12:43.858000,1.07498,1.07496,1250000,3000000
2020-07-02 14:12:43.960000,1.07498,1.07497,3000000,1250000
2020-07-02 14:12:44.061000,1.07499,1.07496,4870000,5440000
2020-07-02 14:12:44.364000,1.07496,1.07494,1000000,9190000
2020-07-02 14:12:44.466000,1.07495,1.07493,2440000,1000000
2020-07-02 14:12:44.668000,1.07495,1.07492,3940000,8320000
2020-07-02 14:12:44.720000,1.07488,1.07486,1000000,1100000
2020-07-02 14:12:45.277000,1.07489,1.07486,5250000,4570000
2020-07-02 14:12:45.688000,1.07489,1.07486,4500000,5850000
2020-07-02 14:12:45.739000,1.07491,1.07488,2620000,6640000
2020-07-02 14:12:45.944000,1.07491,1.07489,1120000,3750000
2020-07-02 14:12:46.331000,1.07492,1.07489,6000000,4690000
2020-07-02 14:12:48.634000,1.07492,1.0749,1000000,6640000
2020-07-02 14:12:48.736000,1.07493,1.0749,3750000,2890000
2020-07-02 14:12:49.117000,1.07494,1.07491,6370000,5440000
2020-07-02 14:12:49.319000,1.07493,1.07491,1000000,5250000
2020-07-02 14:12:49.421000,1.07494,1.07492,1000000,1000000
2020-07-02 14:12:49.522000,1.07493,1.07492,1000000,1000000
2020-07-02 14:12:49.623000,1.07494,1.07491,1500000,9190000
2020-07-02 14:12:51.267000,1.07494,1.07492,1000000,1000000
2020-07-02 14:12:53.733000,1.07495,1.07492,1000000,8810000
2020-07-02 14:12:54.540000,1.07496,1.07493,5620000,4010000
2020-07-02 14:12:54.641000,1.07495,1.07493,1000000,4690000
2020-07-02 14:12:54.743000,1.07496,1.07493,5020000,5890000
2020-07-02 14:12:54.844000,1.07495,1.07493,1000000,3750000
2020-07-02 14:12:55.148000,1.07495,1.07492,1000000,5700000
2020-07-02 14:12:56.266000,1.07495,1.07493,1000000,1250000
2020-07-02 14:12:56.367000,1.07497,1.07494,4700000,5440000
2020-07-02 14:12:56.469000,1.07495,1.07493,1000000,1000000
2020-07-02 14:12:56.570000,1.07495,1.07492,1500000,10120000
2020-07-02 14:12:56.844000,1.07495,1.07493,1000000,1000000
2020-07-02 14:12:57.629000,1.07495,1.07492,1500000,9190000
2020-07-02 14:13:00.035000,1.07494,1.07492,1000000,4500000
2020-07-02 14:13:01.031000,1.07492,1.0749,1000000,9940000
2020-07-02 14:13:01.133000,1.0749,1.07488,1500000,1500000
2020-07-02 14:13:02.803000,1.07491,1.07488,1000000,2440000
2020-07-02 14:13:04.402000,1.07492,1.07489,4690000,1000000
2020-07-02 14:13:04.503000,1.07493,1.07491,2250000,1950000
2020-07-02 14:13:04.605000,1.07494,1.07491,2320000,6750000
2020-07-02 14:13:07.717000,1.07495,1.07492,2440000,1000000
2020-07-02 14:13:07.870000,1.07496,1.07494,4270000,1000000
2020-07-02 14:13:07.971000,1.07498,1.07495,6450000,2440000
2020-07-02 14:13:08.203000,1.07497,1.07495,1000000,1690000
2020-07-02 14:13:09.888000,1.07495,1.07493,1500000,1000000
2020-07-02 14:13:10.041000,1.07495,1.07492,6000000,2440000
2020-07-02 14:13:10.991000,1.07494,1.07492,2510000,1000000
2020-07-02 14:13:14.202000,1.07495,1.07492,7390000,1000000
2020-07-02 14:13:16.337000,1.07495,1.07493,3750000,1100000
2020-07-02 14:13:17.243000,1.07496,1.07493,4870000,2510000
2020-07-02 14:13:17.344000,1.07495,1.07493,3750000,1000000
2020-07-02 14:13:18.634000,1.07495,1.07492,4500000,2440000
2020-07-02 14:13:18.735000,1.07494,1.07492,1000000,1690000
2020-07-02 14:13:19.327000,1.07495,1.07492,1000000,2140000
2020-07-02 14:13:19.429000,1.07494,1.07492,1000000,2140000
2020-07-02 14:13:25.375000,1.07494,1.07491,5440000,1500000
2020-07-02 14:13:25.426000,1.0749,1.07487,4690000,4500000
2020-07-02 14:13:29.322000,1.0749,1.07488,1000000,5140000
2020-07-02 14:13:30.676000,1.07492,1.0749,4500000,1000000
2020-07-02 14:13:30.879000,1.07493,1.0749,1690000,4950000
2020-07-02 14:13:31.031000,1.07493,1.07491,1000000,1690000
2020-07-02 14:13:31.132000,1.07494,1.07491,1500000,8890000
2020-07-02 14:13:31.285000,1.07494,1.07492,1500000,1250000
2020-07-02 14:13:31.487000,1.07493,1.07491,1500000,3940000
2020-07-02 14:13:31.539000,1.07489,1.07487,4120000,1100000
2020-07-02 14:13:31.641000,1.07488,1.07486,1000000,2140000
2020-07-02 14:13:32.267000,1.07487,1.07485,1500000,1000000
2020-07-02 14:13:32.369000,1.07483,1.07481,1500000,5250000
2020-07-02 14:13:32.471000,1.07482,1.07481,1500000,1250000
2020-07-02 14:13:32.879000,1.07481,1.0748,1000000,1250000
2020-07-02 14:13:34.756000,1.07482,1.07481,2250000,1250000
2020-07-02 14:13:35.511000,1.07482,1.07479,1500000,3750000
2020-07-02 14:13:35.613000,1.07482,1.0748,1500000,1250000
2020-07-02 14:13:35.714000,1.07483,1.0748,5250000,2440000
2020-07-02 14:13:36.214000,1.07482,1.0748,1000000,1690000
2020-07-02 14:13:36.703000,1.07482,1.07481,1000000,1250000
2020-07-02 14:13:36.804000,1.07483,1.07481,1000000,1390000
2020-07-02 14:13:37.683000,1.07483,1.07482,1000000,1250000
2020-07-02 14:13:38.673000,1.07483,1.07481,1000000,2890000
2020-07-02 14:13:40.626000,1.07485,1.07482,4500000,2890000
2020-07-02 14:13:41.440000,1.07484,1.07482,3750000,1000000
2020-07-02 14:13:42.685000,1.07484,1.07481,1000000,6640000
2020-07-02 14:13:46.548000,1.07484,1.07482,3750000,1690000
2020-07-02 14:13:46.651000,1.07484,1.07483,1000000,1000000
2020-07-02 14:13:46.752000,1.07484,1.07482,1000000,1690000
2020-07-02 14:13:47.187000,1.07484,1.07481,4500000,2890000
2020-07-02 14:13:52.652000,1.07483,1.07481,1000000,1690000
2020-07-02 14:13:52.890000,1.07481,1.0748,1000000,1250000
2020-07-02 14:13:52.941000,1.0748,1.07477,1500000,4050000
2020-07-02 14:13:53.043000,1.07477,1.07475,1000000,1010000
2020-07-02 14:13:53.094000,1.07476,1.07473,1500000,3260000
2020-07-02 14:13:53.195000,1.07475,1.07473,1000000,1010000
2020-07-02 14:13:53.297000,1.07474,1.07473,1500000,1250000
2020-07-02 14:13:53.500000,1.07474,1.07472,1000000,1010000
2020-07-02 14:13:55.472000,1.07475,1.07472,1500000,5160000
2020-07-02 14:13:55.573000,1.07476,1.07473,1000000,5160000
2020-07-02 14:13:55.725000,1.07477,1.07474,3750000,1760000
2020-07-02 14:13:57.011000,1.07476,1.07474,1000000,1760000
2020-07-02 14:14:00.414000,1.07477,1.07474,3750000,2440000
2020-07-02 14:14:03.263000,1.07478,1.07477,1120000,1000000
2020-07-02 14:14:03.314000,1.07481,1.07479,2740000,1000000
2020-07-02 14:14:03.365000,1.07483,1.07481,1620000,1000000
2020-07-02 14:14:03.467000,1.07483,1.07481,1000000,1000000
2020-07-02 14:14:04.310000,1.07483,1.0748,1690000,2250000
2020-07-02 14:14:04.570000,1.07482,1.0748,1000000,1000000
2020-07-02 14:14:06.697000,1.0748,1.07478,1000000,3750000
2020-07-02 14:14:06.800000,1.07477,1.07474,1500000,7450000
2020-07-02 14:14:06.952000,1.07477,1.07474,1000000,4690000
2020-07-02 14:14:07.053000,1.07475,1.07473,1000000,1690000
2020-07-02 14:14:07.155000,1.07476,1.07473,1650000,1690000
2020-07-02 14:14:07.927000,1.07472,1.0747,1000000,1500000
2020-07-02 14:14:08.030000,1.07472,1.07469,1000000,4690000
2020-07-02 14:14:10.874000,1.07473,1.0747,1690000,5700000
2020-07-02 14:14:10.975000,1.07473,1.07471,1000000,1000000
2020-07-02 14:14:13.394000,1.07473,1.0747,1500000,5890000
2020-07-02 14:14:13.749000,1.07473,1.07472,3000000,1500000
2020-07-02 14:14:13.800000,1.07475,1.07472,5620000,1500000
2020-07-02 14:14:14.529000,1.07474,1.07472,1000000,1000000
2020-07-02 14:14:17.351000,1.07475,1.07473,1000000,1000000
2020-07-02 14:14:17.403000,1.07478,1.07476,5450000,1000000
2020-07-02 14:14:17.454000,1.0748,1.07476,6640000,8510000
2020-07-02 14:14:17.556000,1.07479,1.07476,1250000,4500000
2020-07-02 14:14:18.503000,1.07477,1.07476,1000000,1000000
2020-07-02 14:14:18.605000,1.07477,1.07475,1000000,1000000
2020-07-02 14:14:24.933000,1.07476,1.07474,1000000,1250000
2020-07-02 14:14:24.984000,1.07473,1.07472,1000000,1000000
2020-07-02 14:14:25.035000,1.07471,1.0747,1000000,1250000
2020-07-02 14:14:25.188000,1.07471,1.07469,1000000,1000000
2020-07-02 14:14:25.290000,1.0747,1.07468,1500000,1250000
2020-07-02 14:14:25.493000,1.0747,1.07467,1500000,4690000
2020-07-02 14:14:28.688000,1.0747,1.07467,1500000,5500000
2020-07-02 14:14:31.597000,1.0747,1.07468,1000000,1750000
2020-07-02 14:14:32.717000,1.0747,1.07468,1000000,1250000
2020-07-02 14:14:35.797000,1.07471,1.07468,4500000,1250000
2020-07-02 14:14:36.589000,1.0747,1.07467,1000000,5950000
2020-07-02 14:14:40.800000,1.07471,1.07468,3820000,1690000
2020-07-02 14:14:42.840000,1.07471,1.07468,3750000,2500000
2020-07-02 14:14:44.827000,1.07471,1.07468,3750000,1250000
2020-07-02 14:14:46.166000,1.07471,1.07469,3750000,1000000
2020-07-02 14:14:50.770000,1.07473,1.0747,1000000,2440000
2020-07-02 14:14:50.871000,1.07474,1.0747,5140000,5440000
2020-07-02 14:14:50.973000,1.07474,1.0747,3450000,6250000
2020-07-02 14:14:51.523000,1.07474,1.07472,3000000,1000000
2020-07-02 14:14:52.133000,1.07472,1.07471,1000000,1250000
2020-07-02 14:14:52.235000,1.07472,1.0747,1200000,1200000
2020-07-02 14:14:55.710000,1.07472,1.07469,3750000,2440000
2020-07-02 14:14:57.971000,1.07472,1.0747,4010000,1000000
2020-07-02 14:14:59.155000,1.07472,1.0747,4000000,1000000
2020-07-02 14:15:00.271000,1.07471,1.07469,1690000,1000000
