time,ask,bid,ask_volume,bid_volume
2017-07-14 13:10:00.376000,1.12345,1.12342,1500000,1000000
2017-07-14 13:10:00.581000,1.12343,1.12341,1000000,1000000
2017-07-14 13:10:00.888000,1.12346,1.12343,6370000,1000000
2017-07-14 13:10:03.498000,1.12346,1.12343,2480000,1000000
2017-07-14 13:10:04.012000,1.12346,1.12343,1540000,1000000
2017-07-14 13:10:04.380000,1.1235,1.12345,1920000,3000000
2017-07-14 13:10:04.432000,1.12349,1.12347,1050000,1000000
2017-07-14 13:10:04.940000,1.1235,1.12348,1050000,1000000
2017-07-14 13:10:05.462000,1.12349,1.12347,1120000,1000000
2017-07-14 13:10:07.059000,1.12351,1.12349,3420000,1000000
2017-07-14 13:10:07.111000,1.12351,1.12349,2670000,1000000
2017-07-14 13:10:07.879000,1.12352,1.12351,1120000,1000000
2017-07-14 13:10:08.091000,1.12354,1.12351,1540000,1000000
2017-07-14 13:10:08.601000,1.12355,1.12352,3040000,1000000
2017-07-14 13:10:09.138000,1.12355,1.12353,1370000,3000000
2017-07-14 13:10:09.189000,1.12358,1.12357,5250000,1000000
2017-07-14 13:10:09.292000,1.1236,1.12358,1540000,1000000
2017-07-14 13:10:09.808000,1.1236,1.12357,2290000,1000000
2017-07-14 13:10:11.967000,1.1236,1.12357,1170000,1870000
2017-07-14 13:10:12.069000,1.12358,1.12355,1000000,2250000
2017-07-14 13:10:12.375000,1.12359,1.12357,1540000,1000000
2017-07-14 13:10:14.677000,1.12359,1.12355,8670000,2250000
2017-07-14 13:10:14.880000,1.12357,1.12354,1920000,1120000
2017-07-14 13:10:15.424000,1.12358,1.12354,2290000,4870000
2017-07-14 13:10:15.763000,1.12366,1.12364,1000000,1000000
2017-07-14 13:10:15.917000,1.12367,1.12363,2480000,1120000
2017-07-14 13:10:15.968000,1.12367,1.12364,2480000,1000000
2017-07-14 13:10:16.428000,1.12366,1.12363,2810000,1000000
2017-07-14 13:10:16.942000,1.12365,1.12362,1000000,1120000
2017-07-14 13:10:17.503000,1.12362,1.1236,1000000,2250000
2017-07-14 13:10:17.554000,1.12362,1.12359,1000000,2620000
2017-07-14 13:10:18.278000,1.12361,1.12358,1000000,1500000
2017-07-14 13:10:18.686000,1.1236,1.12356,1350000,1120000
2017-07-14 13:10:19.869000,1.1236,1.12356,2850000,1120000
2017-07-14 13:10:20.380000,1.1236,1.12356,1620000,1370000
2017-07-14 13:10:20.890000,1.12361,1.12357,6790000,1120000
2017-07-14 13:10:21.581000,1.12359,1.12357,1120000,1120000
2017-07-14 13:10:22.090000,1.1236,1.12357,1170000,1120000
2017-07-14 13:10:22.602000,1.12359,1.12356,1170000,1120000
2017-07-14 13:10:23.151000,1.12359,1.12356,1430000,1120000
2017-07-14 13:10:24.204000,1.12359,1.12356,1120000,1120000
2017-07-14 13:10:24.766000,1.12359,1.12357,1120000,1870000
2017-07-14 13:10:25.331000,1.12361,1.12358,3750000,1120000
2017-07-14 13:10:25.840000,1.12363,1.1236,1500000,1120000
2017-07-14 13:10:25.942000,1.12363,1.1236,1120000,2250000
2017-07-14 13:10:26.479000,1.12364,1.1236,2250000,2250000
2017-07-14 13:10:27.011000,1.12364,1.1236,2620000,1870000
2017-07-14 13:10:27.571000,1.12363,1.1236,1120000,1870000
2017-07-14 13:10:28.081000,1.12363,1.1236,1500000,1120000
2017-07-14 13:10:28.471000,1.12364,1.12361,1120000,1870000
2017-07-14 13:10:29.355000,1.12362,1.12359,1120000,3000000
2017-07-14 13:10:29.868000,1.12361,1.12357,1500000,3000000
2017-07-14 13:10:30.383000,1.1236,1.12357,1120000,1500000
2017-07-14 13:10:30.894000,1.1236,1.12356,2620000,3000000
2017-07-14 13:10:31.403000,1.12362,1.1236,1500000,1000000
2017-07-14 13:10:31.455000,1.12364,1.12361,1500000,1870000
2017-07-14 13:10:32.015000,1.12362,1.12361,1000000,1000000
2017-07-14 13:10:32.066000,1.12361,1.12358,1000000,3750000
2017-07-14 13:10:32.582000,1.12364,1.12363,1120000,1000000
2017-07-14 13:10:32.734000,1.12367,1.12364,1870000,1000000
2017-07-14 13:10:33.246000,1.12366,1.12363,1000000,2250000
2017-07-14 13:10:33.786000,1.12368,1.12364,3940000,1000000
2017-07-14 13:10:34.324000,1.12366,1.12363,1000000,3750000
2017-07-14 13:10:35.172000,1.12367,1.12364,2620000,1000000
2017-07-14 13:10:35.766000,1.12367,1.12363,3340000,3750000
2017-07-14 13:10:36.463000,1.12367,1.12364,2960000,1000000
2017-07-14 13:10:36.975000,1.12367,1.12363,3340000,3370000
2017-07-14 13:10:38.261000,1.12367,1.12363,1500000,3370000
2017-07-14 13:10:38.770000,1.12367,1.12363,3340000,3370000
2017-07-14 13:10:38.873000,1.12368,1.12366,1500000,1500000
2017-07-14 13:10:39.027000,1.12376,1.12373,1000000,1120000
2017-07-14 13:10:39.561000,1.12377,1.12373,1120000,2250000
2017-07-14 13:10:40.121000,1.12377,1.12374,2440000,1120000
2017-07-14 13:10:40.324000,1.12375,1.12373,1690000,1000000
2017-07-14 13:10:40.376000,1.12373,1.12371,1000000,1000000
2017-07-14 13:10:40.530000,1.12372,1.12369,1000000,1870000
2017-07-14 13:10:40.735000,1.1237,1.12367,1000000,1500000
2017-07-14 13:10:41.146000,1.12368,1.12366,1500000,2620000
2017-07-14 13:10:41.250000,1.12367,1.12364,1500000,1500000
2017-07-14 13:10:41.839000,1.12367,1.12364,2620000,1000000
2017-07-14 13:10:43.057000,1.12367,1.12365,1120000,1250000
2017-07-14 13:10:43.604000,1.12367,1.12364,2620000,2060000
2017-07-14 13:10:45.693000,1.12369,1.12367,1000000,2850000
2017-07-14 13:10:45.898000,1.12377,1.12374,1000000,1120000
2017-07-14 13:10:46,1.12375,1.12372,1000000,2250000
2017-07-14 13:10:46.511000,1.12374,1.12372,1870000,1000000
2017-07-14 13:10:47.696000,1.12374,1.12371,3560000,1000000
2017-07-14 13:10:48.236000,1.12372,1.12369,2060000,1000000
2017-07-14 13:10:48.745000,1.12372,1.1237,1310000,1000000
2017-07-14 13:10:49.046000,1.12367,1.12366,1120000,1120000
2017-07-14 13:10:49.354000,1.12367,1.12364,2440000,1000000
2017-07-14 13:10:49.867000,1.12365,1.12362,2060000,1000000
2017-07-14 13:10:50.378000,1.12365,1.12362,2060000,1000000
2017-07-14 13:10:50.974000,1.12364,1.12362,1310000,1000000
2017-07-14 13:10:51.945000,1.12364,1.12361,1310000,1000000
2017-07-14 13:10:52.250000,1.12365,1.12363,1120000,1000000
2017-07-14 13:10:52.483000,1.12367,1.12364,2060000,2250000
2017-07-14 13:10:52.637000,1.12365,1.12364,1000000,1500000
2017-07-14 13:10:54.768000,1.12366,1.12363,1000000,2250000
2017-07-14 13:10:56.549000,1.12367,1.12364,2620000,1500000
2017-07-14 13:11:00.086000,1.12366,1.12364,1000000,1000000
2017-07-14 13:11:00.916000,1.12365,1.12363,1000000,1500000
2017-07-14 13:11:01.455000,1.12364,1.12362,1000000,1500000
2017-07-14 13:11:01.996000,1.12364,1.12362,1000000,1500000
2017-07-14 13:11:02.992000,1.12364,1.12362,1000000,1500000
2017-07-14 13:11:03.348000,1.12365,1.1236,5620000,1500000
2017-07-14 13:11:03.399000,1.12363,1.12361,1000000,1000000
2017-07-14 13:11:03.552000,1.12364,1.1236,3000000,1000000
2017-07-14 13:11:03.604000,1.12363,1.12358,3190000,1870000
2017-07-14 13:11:03.910000,1.1236,1.12358,1000000,1500000
2017-07-14 13:11:04.450000,1.12359,1.12357,1000000,1500000
2017-07-14 13:11:05.268000,1.12358,1.12356,1100000,2250000
2017-07-14 13:11:05.799000,1.12358,1.12356,1000000,2250000
2017-07-14 13:11:06.942000,1.12358,1.12356,1000000,2250000
2017-07-14 13:11:07.044000,1.12357,1.12354,1000000,2620000
2017-07-14 13:11:07.502000,1.12357,1.12356,1000000,1000000
2017-07-14 13:11:09.159000,1.12357,1.12355,1000000,1000000
2017-07-14 13:11:09.465000,1.12364,1.12362,1500000,1500000
2017-07-14 13:11:10.308000,1.12366,1.12362,1500000,2250000
2017-07-14 13:11:10.835000,1.12367,1.12363,3370000,1120000
2017-07-14 13:11:10.886000,1.12367,1.12366,1120000,1500000
2017-07-14 13:11:11.215000,1.12373,1.12369,3370000,2620000
2017-07-14 13:11:11.470000,1.12375,1.12372,1670000,1000000
2017-07-14 13:11:11.979000,1.12374,1.12371,1000000,2250000
2017-07-14 13:11:12.640000,1.12373,1.1237,1120000,1500000
2017-07-14 13:11:12.946000,1.1237,1.12368,1000000,2250000
2017-07-14 13:11:13.455000,1.12369,1.12368,1000000,1120000
2017-07-14 13:11:14.055000,1.1237,1.12368,1000000,1120000
2017-07-14 13:11:14.564000,1.1237,1.12366,1000000,3940000
2017-07-14 13:11:15.174000,1.1237,1.12366,1120000,2810000
2017-07-14 13:11:16.868000,1.12368,1.12366,1000000,1120000
2017-07-14 13:11:16.972000,1.12367,1.12364,1120000,1870000
2017-07-14 13:11:17.513000,1.12365,1.12363,1000000,1120000
2017-07-14 13:11:18.024000,1.12366,1.12362,1000000,3000000
2017-07-14 13:11:18.537000,1.12364,1.12362,1000000,1000000
2017-07-14 13:11:18.589000,1.12363,1.12359,1000000,3750000
2017-07-14 13:11:18.641000,1.12361,1.12359,1000000,1500000
2017-07-14 13:11:19.147000,1.12362,1.12358,1000000,3000000
2017-07-14 13:11:19.656000,1.12363,1.12359,2140000,1120000
2017-07-14 13:11:20.932000,1.12363,1.12359,3260000,1000000
2017-07-14 13:11:21.480000,1.12362,1.12358,1120000,1870000
2017-07-14 13:11:22.822000,1.12362,1.12359,1120000,1000000
2017-07-14 13:11:23.129000,1.12364,1.12361,1000000,2620000
2017-07-14 13:11:23.750000,1.12365,1.12361,1120000,2250000
2017-07-14 13:11:24.281000,1.12365,1.12361,1000000,2620000
2017-07-14 13:11:26.388000,1.12366,1.12362,1120000,1120000
2017-07-14 13:11:28.167000,1.12365,1.12361,1000000,4120000
2017-07-14 13:11:28.790000,1.12366,1.12362,1120000,1120000
2017-07-14 13:11:29.864000,1.12364,1.12361,1000000,2250000
2017-07-14 13:11:33.117000,1.12365,1.12361,1000000,3750000
2017-07-14 13:11:33.427000,1.12369,1.12368,3000000,1000000
2017-07-14 13:11:33.529000,1.12371,1.12368,1000000,2620000
2017-07-14 13:11:33.632000,1.12373,1.12372,1000000,3750000
2017-07-14 13:11:33.734000,1.12376,1.12372,3000000,8060000
2017-07-14 13:11:33.837000,1.12374,1.12372,1000000,1500000
2017-07-14 13:11:33.889000,1.12374,1.12371,1120000,1000000
2017-07-14 13:11:33.991000,1.12373,1.12369,1120000,1500000
2017-07-14 13:11:34.506000,1.12371,1.12368,1000000,1870000
2017-07-14 13:11:34.761000,1.12369,1.12365,2670000,1500000
2017-07-14 13:11:35.463000,1.12366,1.12364,1000000,1000000
2017-07-14 13:11:36.418000,1.12366,1.12363,1120000,1500000
2017-07-14 13:11:37.631000,1.12366,1.12363,1500000,1500000
2017-07-14 13:11:37.956000,1.12369,1.12366,1370000,1120000
2017-07-14 13:11:38.009000,1.12369,1.12366,1000000,1120000
2017-07-14 13:11:38.113000,1.1237,1.12368,3000000,1120000
2017-07-14 13:11:39.209000,1.12372,1.12371,3000000,2250000
2017-07-14 13:11:39.262000,1.12386,1.12384,12000000,1000000
2017-07-14 13:11:39.466000,1.12388,1.12385,1000000,1120000
2017-07-14 13:11:39.620000,1.12386,1.12384,1000000,1120000
2017-07-14 13:11:40.141000,1.12387,1.12384,2060000,1500000
2017-07-14 13:11:41.130000,1.12389,1.12385,1370000,1200000
2017-07-14 13:11:41.182000,1.1239,1.12385,2620000,7570000
2017-07-14 13:11:41.284000,1.12391,1.12388,2060000,1000000
2017-07-14 13:11:41.590000,1.12389,1.12386,1000000,4460000
2017-07-14 13:11:42.114000,1.12388,1.12386,1000000,1500000
2017-07-14 13:11:43.039000,1.12389,1.12386,1000000,1470000
2017-07-14 13:11:43.295000,1.12397,1.12391,2250000,10390000
2017-07-14 13:11:43.347000,1.12395,1.12391,6970000,1000000
2017-07-14 13:11:43.450000,1.12393,1.12389,1500000,3370000
2017-07-14 13:11:43.694000,1.12391,1.12389,1000000,1120000
2017-07-14 13:11:44.203000,1.12392,1.12389,1370000,1120000
2017-07-14 13:11:44.305000,1.12392,1.12389,1500000,1120000
2017-07-14 13:11:44.560000,1.1239,1.12389,1000000,1120000
2017-07-14 13:11:45.071000,1.12391,1.12388,1120000,1500000
2017-07-14 13:11:45.531000,1.12393,1.12391,1370000,1000000
2017-07-14 13:11:45.584000,1.12395,1.12391,2250000,4870000
2017-07-14 13:11:45.686000,1.12395,1.12391,3000000,4500000
2017-07-14 13:11:46.201000,1.12395,1.12392,3370000,1870000
2017-07-14 13:11:46.763000,1.12393,1.1239,1500000,2250000
2017-07-14 13:11:47.170000,1.12395,1.12392,1500000,1000000
2017-07-14 13:11:47.320000,1.12395,1.12392,1120000,1500000
2017-07-14 13:11:47.371000,1.12398,1.12394,1120000,1500000
2017-07-14 13:11:47.422000,1.12398,1.12394,2250000,1500000
2017-07-14 13:11:47.933000,1.12399,1.12395,6560000,1000000
2017-07-14 13:11:48.764000,1.12399,1.12395,3940000,1000000
2017-07-14 13:11:49.273000,1.12395,1.12394,1000000,1500000
2017-07-14 13:11:49.375000,1.12397,1.12394,1120000,2250000
2017-07-14 13:11:49.975000,1.12399,1.12396,1370000,1500000
2017-07-14 13:11:50.077000,1.12399,1.12396,1120000,1120000
2017-07-14 13:11:50.654000,1.12397,1.12394,1000000,3370000
2017-07-14 13:11:50.963000,1.12399,1.12397,1000000,1120000
2017-07-14 13:11:51.577000,1.12399,1.12396,2250000,1000000
2017-07-14 13:11:52.098000,1.12399,1.12397,1120000,1000000
2017-07-14 13:11:52.608000,1.124,1.12397,2850000,1000000
2017-07-14 13:11:52.762000,1.12402,1.12398,4120000,1870000
2017-07-14 13:11:52.814000,1.12402,1.124,4690000,1000000
2017-07-14 13:11:53.490000,1.12403,1.12401,3790000,1000000
2017-07-14 13:11:53.999000,1.12402,1.12401,1500000,1000000
2017-07-14 13:11:54.588000,1.12403,1.12401,4500000,1000000
2017-07-14 13:11:54.894000,1.12406,1.12404,1870000,1000000
2017-07-14 13:11:55.199000,1.12404,1.12403,1000000,1000000
2017-07-14 13:11:55.609000,1.12408,1.12406,1500000,1000000
2017-07-14 13:11:56.197000,1.12409,1.12407,1690000,1000000
2017-07-14 13:11:56.605000,1.12409,1.12405,1500000,3000000
2017-07-14 13:11:56.709000,1.12412,1.1241,1500000,1500000
2017-07-14 13:11:57.027000,1.12407,1.12406,1500000,1000000
2017-07-14 13:11:57.334000,1.12409,1.12407,2620000,1000000
2017-07-14 13:11:57.844000,1.12409,1.12406,2620000,1000000
2017-07-14 13:11:57.897000,1.12406,1.12405,1250000,1000000
2017-07-14 13:11:58.057000,1.12406,1.12403,1870000,1120000
2017-07-14 13:11:58.415000,1.12409,1.12406,1120000,1000000
2017-07-14 13:11:58.720000,1.12412,1.12408,1870000,3750000
2017-07-14 13:11:59.265000,1.12412,1.12408,3940000,2060000
2017-07-14 13:11:59.776000,1.1241,1.12408,1000000,1250000
2017-07-14 13:11:59.929000,1.12412,1.12409,1500000,1000000
2017-07-14 13:12:00.032000,1.12414,1.12413,1120000,1120000
2017-07-14 13:12:00.249000,1.12417,1.12415,1500000,1000000
2017-07-14 13:12:01.065000,1.12414,1.12412,3000000,1870000
2017-07-14 13:12:01.369000,1.12411,1.12409,2060000,1250000
2017-07-14 13:12:01.624000,1.1241,1.12407,1000000,1690000
2017-07-14 13:12:02.135000,1.12409,1.12407,1570000,1250000
2017-07-14 13:12:02.339000,1.1241,1.12408,1200000,1000000
2017-07-14 13:12:02.768000,1.12409,1.12406,6790000,1000000
2017-07-14 13:12:02.820000,1.12407,1.12406,1000000,1000000
2017-07-14 13:12:02.973000,1.12407,1.12404,1870000,1500000
2017-07-14 13:12:03.228000,1.12407,1.12406,1120000,1000000
2017-07-14 13:12:03.331000,1.12407,1.12404,1500000,1500000
2017-07-14 13:12:03.786000,1.12407,1.12406,1120000,1000000
2017-07-14 13:12:03.838000,1.12407,1.12404,2620000,1500000
2017-07-14 13:12:03.940000,1.12406,1.12404,1620000,1690000
2017-07-14 13:12:04.042000,1.12407,1.12405,1870000,1000000
2017-07-14 13:12:04.399000,1.12407,1.12406,1120000,1000000
2017-07-14 13:12:04.604000,1.12409,1.12404,3820000,3300000
2017-07-14 13:12:04.656000,1.12422,1.12421,9750000,1000000
2017-07-14 13:12:04.838000,1.12425,1.12423,2250000,1000000
2017-07-14 13:12:05.350000,1.12424,1.12422,1000000,1000000
2017-07-14 13:12:05.994000,1.12424,1.12421,2620000,1120000
2017-07-14 13:12:07.207000,1.1242,1.12419,5100000,1120000
2017-07-14 13:12:07.259000,1.12416,1.12414,1000000,2440000
2017-07-14 13:12:07.774000,1.12416,1.12412,1000000,2810000
2017-07-14 13:12:08.439000,1.12417,1.12413,2440000,1120000
2017-07-14 13:12:09.210000,1.12417,1.12415,1500000,1000000
2017-07-14 13:12:09.780000,1.12416,1.12413,1000000,3000000
2017-07-14 13:12:10.326000,1.12415,1.12412,1000000,3860000
2017-07-14 13:12:11.549000,1.12417,1.12413,5440000,1870000
2017-07-14 13:12:11.754000,1.12415,1.12413,1500000,1000000
2017-07-14 13:12:11.806000,1.12415,1.12411,1500000,2810000
2017-07-14 13:12:12.163000,1.12413,1.12411,1000000,1000000
2017-07-14 13:12:12.792000,1.12413,1.1241,1500000,1500000
2017-07-14 13:12:13.354000,1.12412,1.1241,1000000,1120000
2017-07-14 13:12:13.730000,1.12405,1.12402,1000000,3750000
2017-07-14 13:12:16.761000,1.12405,1.12401,1870000,3000000
2017-07-14 13:12:17.270000,1.12403,1.124,1120000,1000000
2017-07-14 13:12:17.894000,1.12403,1.12399,1120000,3560000
2017-07-14 13:12:18.200000,1.12401,1.12397,1120000,4690000
2017-07-14 13:12:18.507000,1.12398,1.12395,1000000,1120000
2017-07-14 13:12:20.372000,1.12398,1.12394,1500000,1120000
2017-07-14 13:12:20.884000,1.12397,1.12394,1000000,1120000
2017-07-14 13:12:21.397000,1.12396,1.12393,1000000,1120000
2017-07-14 13:12:22.162000,1.12395,1.12392,1000000,1870000
2017-07-14 13:12:22.213000,1.12394,1.1239,1500000,6750000
2017-07-14 13:12:22.728000,1.12395,1.12392,1500000,1500000
2017-07-14 13:12:22.830000,1.12397,1.12393,2620000,1120000
2017-07-14 13:12:23.290000,1.12398,1.12395,2250000,1120000
2017-07-14 13:12:24.500000,1.12398,1.12396,1120000,1000000
2017-07-14 13:12:25.647000,1.12398,1.12396,1120000,1000000
2017-07-14 13:12:26.218000,1.12398,1.12396,1690000,1000000
2017-07-14 13:12:27.083000,1.12397,1.12395,1000000,1000000
2017-07-14 13:12:27.684000,1.12395,1.12393,1000000,1500000
2017-07-14 13:12:29.206000,1.12396,1.12394,1000000,1000000
2017-07-14 13:12:30.249000,1.12396,1.12392,1500000,5250000
2017-07-14 13:12:30.760000,1.12396,1.12392,1000000,2250000
2017-07-14 13:12:31.090000,1.12396,1.12395,1000000,1000000
2017-07-14 13:12:32.046000,1.12397,1.12395,1500000,1000000
2017-07-14 13:12:35.032000,1.12398,1.12397,1500000,8250000
2017-07-14 13:12:35.136000,1.12403,1.12401,1120000,1000000
2017-07-14 13:12:35.894000,1.12404,1.12402,1120000,1000000
2017-07-14 13:12:36.610000,1.12405,1.12403,1120000,1120000
2017-07-14 13:12:36.662000,1.12406,1.12403,4120000,5470000
2017-07-14 13:12:36.893000,1.12407,1.12406,1000000,1000000
2017-07-14 13:12:37.420000,1.12408,1.12406,1310000,1000000
2017-07-14 13:12:37.936000,1.12408,1.12406,3560000,1000000
2017-07-14 13:12:39.228000,1.12408,1.12405,3940000,1000000
2017-07-14 13:12:39.822000,1.12408,1.12406,3940000,1000000
2017-07-14 13:12:40.026000,1.12407,1.12404,9040000,1000000
2017-07-14 13:12:40.537000,1.12405,1.12403,3560000,1000000
2017-07-14 13:12:41.156000,1.12405,1.12403,2060000,1000000
2017-07-14 13:12:43.363000,1.12405,1.12403,1870000,1000000
2017-07-14 13:12:44.593000,1.12405,1.12402,1120000,2250000
2017-07-14 13:12:44.848000,1.12407,1.12405,2250000,1000000
2017-07-14 13:12:45.359000,1.12406,1.12404,2060000,1000000
2017-07-14 13:12:47.005000,1.12406,1.12405,1000000,1000000
2017-07-14 13:12:47.514000,1.12407,1.12405,1500000,1000000
2017-07-14 13:12:48.029000,1.12407,1.12404,1120000,1310000
2017-07-14 13:12:48.080000,1.12407,1.12406,1120000,1000000
2017-07-14 13:12:48.132000,1.12407,1.12404,1120000,1310000
2017-07-14 13:12:48.743000,1.12407,1.12406,1120000,1000000
2017-07-14 13:12:48.794000,1.12407,1.12404,2250000,1120000
2017-07-14 13:12:49.314000,1.12406,1.12404,1370000,1000000
2017-07-14 13:12:49.825000,1.12406,1.12404,1500000,1000000
2017-07-14 13:12:49.928000,1.12405,1.12401,1120000,4200000
2017-07-14 13:12:50.255000,1.12403,1.12401,1120000,1000000
2017-07-14 13:12:50.563000,1.12402,1.124,1500000,1000000
2017-07-14 13:12:50.768000,1.12403,1.12402,1000000,1000000
2017-07-14 13:12:52.163000,1.12404,1.12402,1310000,1000000
2017-07-14 13:12:52.807000,1.12404,1.12403,1000000,1000000
2017-07-14 13:12:55.396000,1.12404,1.124,2440000,3450000
2017-07-14 13:12:55.448000,1.12402,1.12399,1000000,7090000
2017-07-14 13:12:55.550000,1.12404,1.12399,5440000,5140000
2017-07-14 13:12:55.652000,1.12401,1.12399,1000000,3070000
2017-07-14 13:12:56.565000,1.124,1.12398,1000000,1690000
2017-07-14 13:12:56.871000,1.12398,1.12396,1000000,1500000
2017-07-14 13:12:57.275000,1.12396,1.12394,1000000,1870000
2017-07-14 13:12:57.785000,1.12395,1.12392,1000000,6000000
2017-07-14 13:12:58.293000,1.12396,1.12392,1120000,3370000
2017-07-14 13:12:58.829000,1.12395,1.12391,1120000,2620000
2017-07-14 13:12:59.389000,1.12395,1.12391,1000000,1870000
2017-07-14 13:12:59.934000,1.12395,1.1239,3370000,3420000
2017-07-14 13:13:00.138000,1.12393,1.12389,1120000,1500000
2017-07-14 13:13:00.642000,1.12392,1.12388,1870000,1100000
2017-07-14 13:13:01.262000,1.12392,1.12387,4870000,1200000
2017-07-14 13:13:01.567000,1.1239,1.12386,4120000,1870000
2017-07-14 13:13:03.115000,1.1239,1.12387,3000000,1000000
2017-07-14 13:13:03.627000,1.1239,1.12387,1000000,1100000
2017-07-14 13:13:03.966000,1.12391,1.12387,1500000,2320000
2017-07-14 13:13:04.068000,1.1239,1.12387,1120000,1000000
2017-07-14 13:13:04.325000,1.12392,1.12389,1370000,1000000
2017-07-14 13:13:04.919000,1.12393,1.1239,1870000,1100000
2017-07-14 13:13:05.437000,1.12393,1.12389,2620000,1070000
2017-07-14 13:13:05.958000,1.12394,1.1239,4500000,1570000
2017-07-14 13:13:06.850000,1.12392,1.12388,1500000,2320000
2017-07-14 13:13:06.902000,1.12392,1.12388,1500000,3000000
2017-07-14 13:13:09.617000,1.12391,1.12388,1120000,1570000
2017-07-14 13:13:10.195000,1.12391,1.12388,1120000,1570000
2017-07-14 13:13:10.720000,1.12392,1.12388,3000000,2320000
2017-07-14 13:13:11.332000,1.12393,1.1239,1120000,1500000
2017-07-14 13:13:11.842000,1.12392,1.12389,1000000,1200000
2017-07-14 13:13:12.047000,1.12391,1.12387,1870000,2320000
2017-07-14 13:13:12.098000,1.12391,1.12387,3000000,1000000
2017-07-14 13:13:12.740000,1.1239,1.12387,1370000,1070000
2017-07-14 13:13:13.527000,1.12391,1.12387,2810000,1000000
2017-07-14 13:13:14.136000,1.12395,1.12392,1500000,1000000
2017-07-14 13:13:14.676000,1.12396,1.12393,2250000,1000000
2017-07-14 13:13:15.356000,1.12397,1.12394,1870000,1100000
2017-07-14 13:13:15.873000,1.12396,1.12394,1000000,1000000
2017-07-14 13:13:16.235000,1.12397,1.12393,4010000,1000000
2017-07-14 13:13:16.812000,1.12396,1.12392,1500000,1120000
2017-07-14 13:13:17.359000,1.12396,1.12392,1750000,1000000
2017-07-14 13:13:17.868000,1.12396,1.12392,1750000,1000000
2017-07-14 13:13:18.390000,1.12397,1.12394,1500000,1000000
2017-07-14 13:13:18.543000,1.12398,1.12394,2620000,1100000
2017-07-14 13:13:22.061000,1.12395,1.12393,1000000,3370000
2017-07-14 13:13:23.971000,1.12394,1.12393,1000000,1120000
2017-07-14 13:13:24.493000,1.12394,1.12391,1120000,4500000
2017-07-14 13:13:25.005000,1.12394,1.12392,1000000,1570000
2017-07-14 13:13:25.475000,1.12393,1.12391,1000000,3260000
2017-07-14 13:13:26.026000,1.12394,1.12392,1000000,1200000
2017-07-14 13:13:26.536000,1.12394,1.12392,1120000,3000000
2017-07-14 13:13:27.051000,1.12395,1.12393,1120000,1200000
2017-07-14 13:13:27.657000,1.12395,1.12393,1120000,1950000
2017-07-14 13:13:28.367000,1.12395,1.12393,1000000,1100000
2017-07-14 13:13:28.914000,1.12395,1.12393,1000000,1950000
2017-07-14 13:13:31.337000,1.12395,1.12393,1120000,1570000
2017-07-14 13:13:31.940000,1.12395,1.12393,1000000,1100000
2017-07-14 13:13:33.346000,1.12395,1.12393,1110000,1120000
2017-07-14 13:13:33.891000,1.12394,1.12392,1000000,2250000
2017-07-14 13:13:34.965000,1.12395,1.12393,1000000,1570000
2017-07-14 13:13:35.974000,1.12395,1.12393,1000000,2440000
2017-07-14 13:13:36.495000,1.12396,1.12393,1370000,1390000
2017-07-14 13:13:37.047000,1.12396,1.12393,1120000,1390000
2017-07-14 13:13:43.481000,1.12397,1.12393,1500000,1870000
2017-07-14 13:13:44.589000,1.12397,1.12393,1500000,2620000
2017-07-14 13:13:45.176000,1.12398,1.12394,6000000,1000000
2017-07-14 13:13:45.648000,1.12394,1.12392,1000000,1000000
2017-07-14 13:13:45.852000,1.12392,1.12388,3600000,1000000
2017-07-14 13:13:49.590000,1.12391,1.12388,1370000,1120000
2017-07-14 13:13:50.635000,1.12393,1.12388,3000000,3750000
2017-07-14 13:13:51.147000,1.12391,1.12388,1370000,1120000
2017-07-14 13:13:52.604000,1.12393,1.1239,2250000,1000000
2017-07-14 13:13:52.757000,1.12394,1.1239,1870000,1120000
2017-07-14 13:13:53.259000,1.12393,1.12391,1120000,1000000
2017-07-14 13:13:54.772000,1.12392,1.12388,1120000,4310000
2017-07-14 13:13:55.282000,1.12391,1.12388,1000000,1500000
2017-07-14 13:13:55.792000,1.1239,1.12388,1000000,1000000
2017-07-14 13:13:56.940000,1.12389,1.12388,1000000,1000000
2017-07-14 13:13:56.992000,1.12389,1.12386,1000000,1120000
2017-07-14 13:13:58.333000,1.1239,1.12386,2250000,1120000
2017-07-14 13:13:58.486000,1.1239,1.12388,1120000,1500000
2017-07-14 13:13:58.648000,1.12393,1.12388,2620000,3190000
2017-07-14 13:13:59.058000,1.12394,1.12389,3750000,4120000
2017-07-14 13:13:59.586000,1.12394,1.12389,3750000,1500000
2017-07-14 13:13:59.957000,1.12398,1.12393,2620000,3370000
2017-07-14 13:14:00.466000,1.12398,1.12395,3220000,1000000
2017-07-14 13:14:00.568000,1.12397,1.12393,4350000,1870000
2017-07-14 13:14:01.078000,1.12394,1.12393,1000000,1000000
2017-07-14 13:14:01.615000,1.12394,1.12392,1000000,1120000
2017-07-14 13:14:02.291000,1.12395,1.12392,1000000,2810000
2017-07-14 13:14:02.445000,1.12397,1.12393,1120000,1500000
2017-07-14 13:14:02.975000,1.12398,1.12393,2620000,2250000
2017-07-14 13:14:04.315000,1.12399,1.12396,1120000,1000000
2017-07-14 13:14:05.709000,1.124,1.12398,1000000,1120000
2017-07-14 13:14:05.760000,1.12402,1.12398,1000000,2250000
2017-07-14 13:14:05.862000,1.12404,1.12399,1960000,4120000
2017-07-14 13:14:05.914000,1.12404,1.12401,1580000,1120000
2017-07-14 13:14:06.526000,1.12404,1.12401,1500000,1000000
2017-07-14 13:14:07.032000,1.12403,1.12401,1500000,1000000
2017-07-14 13:14:07.389000,1.12402,1.12399,1500000,1000000
2017-07-14 13:14:07.898000,1.12401,1.12398,1690000,1120000
2017-07-14 13:14:08.278000,1.12398,1.12395,1870000,1000000
2017-07-14 13:14:09.367000,1.12399,1.12396,2060000,1120000
2017-07-14 13:14:09.673000,1.124,1.12398,3750000,1000000
2017-07-14 13:14:10.485000,1.12401,1.12396,4870000,3000000
2017-07-14 13:14:10.909000,1.12399,1.12396,1120000,3750000
2017-07-14 13:14:11.216000,1.12402,1.12398,2620000,3000000
2017-07-14 13:14:11.319000,1.12402,1.12399,3000000,1500000
2017-07-14 13:14:12.317000,1.12402,1.124,3000000,1000000
2017-07-14 13:14:12.906000,1.12403,1.124,1870000,1000000
2017-07-14 13:14:13.458000,1.12403,1.124,1500000,1000000
2017-07-14 13:14:15.212000,1.12404,1.12402,4610000,1000000
2017-07-14 13:14:15.723000,1.12405,1.12402,6750000,1000000
2017-07-14 13:14:16.799000,1.12405,1.12402,6460000,1000000
2017-07-14 13:14:17.162000,1.12402,1.124,1000000,1500000
2017-07-14 13:14:17.264000,1.12404,1.12401,6190000,1120000
2017-07-14 13:14:17.773000,1.12404,1.12401,4610000,1000000
2017-07-14 13:14:18.296000,1.12404,1.12401,4240000,1000000
2017-07-14 13:14:18.822000,1.12403,1.12401,2250000,1000000
2017-07-14 13:14:20.043000,1.12404,1.12401,2140000,1000000
2017-07-14 13:14:20.831000,1.12404,1.12402,1000000,1120000
2017-07-14 13:14:21.333000,1.12405,1.12403,1000000,1000000
2017-07-14 13:14:21.844000,1.12407,1.12404,3370000,1000000
2017-07-14 13:14:22.351000,1.12406,1.12402,1500000,1370000
2017-07-14 13:14:22.954000,1.12406,1.12401,1870000,5250000
2017-07-14 13:14:23.463000,1.12405,1.12401,1870000,2060000
2017-07-14 13:14:23.667000,1.12405,1.12402,1000000,1500000
2017-07-14 13:14:25.840000,1.12405,1.12402,1000000,3370000
2017-07-14 13:14:26.527000,1.12404,1.12402,3750000,3370000
2017-07-14 13:14:27.078000,1.12402,1.12401,1250000,1000000
2017-07-14 13:14:27.437000,1.12404,1.12401,3750000,1310000
2017-07-14 13:14:27.743000,1.12403,1.12399,1120000,1120000
2017-07-14 13:14:27.999000,1.12401,1.12398,3750000,3370000
2017-07-14 13:14:29.039000,1.12401,1.124,3750000,1000000
2017-07-14 13:14:29.549000,1.12402,1.12399,4500000,5250000
2017-07-14 13:14:29.815000,1.12404,1.12401,4690000,1120000
2017-07-14 13:14:30.324000,1.12404,1.12402,3000000,1000000
2017-07-14 13:14:31.197000,1.12405,1.12402,6190000,3000000
2017-07-14 13:14:31.849000,1.12405,1.12402,2440000,1000000
2017-07-14 13:14:35.275000,1.12405,1.12401,2440000,1870000
2017-07-14 13:14:35.378000,1.12406,1.12402,3560000,1370000
2017-07-14 13:14:35.429000,1.12406,1.12402,1250000,1370000
2017-07-14 13:14:35.790000,1.12407,1.12405,2620000,22350000
2017-07-14 13:14:35.895000,1.12413,1.1241,1000000,20059999
2017-07-14 13:14:35.999000,1.12415,1.12413,4500000,15750000
2017-07-14 13:14:36.528000,1.12415,1.12413,1250000,1000000
2017-07-14 13:14:37.048000,1.12415,1.12412,1250000,1000000
2017-07-14 13:14:38.851000,1.12415,1.12413,1250000,1000000
2017-07-14 13:14:39.791000,1.12416,1.12413,1310000,1000000
2017-07-14 13:14:40.249000,1.12418,1.12416,3370000,9750000
2017-07-14 13:14:40.552000,1.12429,1.12425,3450000,1000000
2017-07-14 13:14:40.604000,1.12429,1.12427,2620000,1000000
2017-07-14 13:14:40.809000,1.12429,1.12425,3750000,1120000
2017-07-14 13:14:41.317000,1.12429,1.12425,4350000,1000000
2017-07-14 13:14:41.824000,1.12429,1.12426,1000000,1000000
2017-07-14 13:14:43.289000,1.1243,1.12425,2850000,1500000
2017-07-14 13:14:43.793000,1.12429,1.12425,1000000,1500000
2017-07-14 13:14:44.305000,1.12429,1.12426,1000000,1000000
2017-07-14 13:14:44.836000,1.1243,1.12426,5550000,1000000
2017-07-14 13:14:45.143000,1.12431,1.12428,1370000,1000000
2017-07-14 13:14:45.296000,1.12432,1.12428,4870000,1000000
2017-07-14 13:14:45.955000,1.12431,1.12428,2100000,1000000
2017-07-14 13:14:46.871000,1.12432,1.12428,5470000,1000000
2017-07-14 13:14:46.923000,1.12435,1.12433,4490000,1000000
2017-07-14 13:14:46.975000,1.12438,1.12433,1350000,1000000
2017-07-14 13:14:47.026000,1.12438,1.12433,4800000,1000000
2017-07-14 13:14:47.387000,1.12436,1.12431,1000000,1000000
2017-07-14 13:14:47.439000,1.12438,1.12431,4350000,1500000
2017-07-14 13:14:47.645000,1.12436,1.12431,2100000,1500000
2017-07-14 13:14:48.012000,1.12437,1.12433,5470000,1000000
2017-07-14 13:14:48.268000,1.1243,1.12425,1350000,1000000
2017-07-14 13:14:48.524000,1.12429,1.12423,1350000,2250000
2017-07-14 13:14:48.728000,1.12431,1.12426,1500000,1000000
2017-07-14 13:14:48.831000,1.12431,1.12424,1000000,3370000
2017-07-14 13:14:49.034000,1.1243,1.12425,3040000,1000000
2017-07-14 13:14:49.343000,1.12431,1.12425,2850000,1000000
2017-07-14 13:14:49.753000,1.12433,1.12429,1310000,1000000
2017-07-14 13:14:50.105000,1.12433,1.12427,1000000,1500000
2017-07-14 13:14:50.161000,1.12432,1.12428,1700000,1000000
2017-07-14 13:14:50.264000,1.1243,1.12426,1000000,1000000
2017-07-14 13:14:50.469000,1.12432,1.12426,1350000,1000000
2017-07-14 13:14:50.572000,1.1243,1.12426,1000000,1000000
2017-07-14 13:14:51.036000,1.12432,1.12426,1870000,1500000
2017-07-14 13:14:51.088000,1.12432,1.12428,1000000,1000000
2017-07-14 13:14:51.807000,1.12432,1.12428,4410000,1000000
2017-07-14 13:14:51.858000,1.12432,1.12426,7910000,1500000
2017-07-14 13:14:53.038000,1.12432,1.12424,10870000,1000000
2017-07-14 13:14:53.559000,1.1243,1.12423,1000000,9600000
2017-07-14 13:14:53.864000,1.1243,1.12426,1000000,1000000
2017-07-14 13:14:53.966000,1.1243,1.12423,1120000,9970000
2017-07-14 13:14:54.374000,1.1243,1.12426,1000000,1000000
2017-07-14 13:14:55.144000,1.12431,1.12426,1120000,1500000
2017-07-14 13:14:55.653000,1.1243,1.12426,6600000,1000000
2017-07-14 13:14:56.996000,1.12431,1.12426,2250000,1500000
2017-07-14 13:14:57.505000,1.12432,1.12428,3750000,1000000
2017-07-14 13:14:57.915000,1.12433,1.12428,1870000,1000000
2017-07-14 13:14:58.446000,1.12434,1.12428,2620000,1500000
2017-07-14 13:14:58.972000,1.12434,1.12428,2810000,2100000
2017-07-14 13:14:59.494000,1.12433,1.12428,1190000,2100000
2017-07-14 13:15:00.157000,1.12433,1.12428,1250000,1000000
2017-07-14 13:15:00.675000,1.12433,1.12428,2810000,1000000
2017-07-14 13:15:01.187000,1.12433,1.12428,5060000,1000000
2017-07-14 13:15:01.771000,1.12433,1.12428,1870000,1720000
2017-07-14 13:15:01.824000,1.12434,1.12429,1000000,1000000
2017-07-14 13:15:02.182000,1.12431,1.12428,1000000,3220000
2017-07-14 13:15:02.284000,1.1243,1.12425,1250000,1310000
2017-07-14 13:15:02.336000,1.1243,1.12424,2440000,2060000
2017-07-14 13:15:02.644000,1.12431,1.12425,4500000,1100000
2017-07-14 13:15:02.746000,1.12432,1.12426,2810000,3790000
2017-07-14 13:15:02.849000,1.12433,1.12427,1120000,2100000
2017-07-14 13:15:03.038000,1.12435,1.12429,2250000,1500000
2017-07-14 13:15:03.141000,1.12436,1.12433,1120000,1000000
2017-07-14 13:15:03.244000,1.12438,1.12433,3000000,1000000
2017-07-14 13:15:03.296000,1.12435,1.12433,1000000,1000000
2017-07-14 13:15:03.399000,1.12435,1.1243,2440000,2100000
2017-07-14 13:15:03.553000,1.12432,1.12429,1000000,1000000
2017-07-14 13:15:03.606000,1.12432,1.12426,1500000,1000000
2017-07-14 13:15:03.760000,1.12432,1.12428,1000000,2100000
2017-07-14 13:15:04.213000,1.12429,1.12425,1500000,2100000
2017-07-14 13:15:04.370000,1.12429,1.12423,1500000,2850000
2017-07-14 13:15:04.421000,1.12427,1.12423,1000000,2850000
2017-07-14 13:15:04.626000,1.12426,1.1242,1000000,7350000
2017-07-14 13:15:04.677000,1.12426,1.12423,1500000,1000000
2017-07-14 13:15:05.610000,1.12424,1.12421,1000000,1000000
2017-07-14 13:15:05.712000,1.12426,1.12421,1500000,1000000
2017-07-14 13:15:05.765000,1.12424,1.12421,1250000,1000000
2017-07-14 13:15:05.817000,1.12426,1.12421,1500000,1000000
2017-07-14 13:15:05.937000,1.12424,1.12421,1250000,1000000
2017-07-14 13:15:05.988000,1.12426,1.12421,1690000,1000000
2017-07-14 13:15:06.502000,1.12425,1.12421,1250000,1500000
2017-07-14 13:15:07.025000,1.12426,1.12421,1250000,1500000
2017-07-14 13:15:07.382000,1.12424,1.1242,2250000,1000000
2017-07-14 13:15:07.434000,1.12423,1.12418,1000000,2850000
2017-07-14 13:15:07.587000,1.12424,1.12421,1120000,1000000
2017-07-14 13:15:08.110000,1.12423,1.12421,1000000,1000000
2017-07-14 13:15:08.264000,1.12423,1.12418,1000000,4350000
2017-07-14 13:15:09.115000,1.12424,1.12418,1120000,4350000
2017-07-14 13:15:09.729000,1.12425,1.12418,1500000,3600000
2017-07-14 13:15:10.258000,1.12424,1.12419,1000000,1690000
2017-07-14 13:15:10.311000,1.12424,1.12418,1000000,5100000
2017-07-14 13:15:13.245000,1.12422,1.12417,1000000,2060000
2017-07-14 13:15:13.552000,1.12419,1.12416,1000000,1000000
2017-07-14 13:15:14.105000,1.12419,1.12413,1870000,1100000
2017-07-14 13:15:14.666000,1.12419,1.12413,1120000,1100000
2017-07-14 13:15:15.189000,1.12417,1.12412,1120000,1350000
2017-07-14 13:15:15.343000,1.12417,1.1241,1870000,7350000
2017-07-14 13:15:15.449000,1.12415,1.1241,1000000,6970000
2017-07-14 13:15:15.959000,1.12416,1.12411,1000000,2470000
2017-07-14 13:15:16.487000,1.12416,1.1241,1120000,1000000
2017-07-14 13:15:16.845000,1.12415,1.12408,1870000,6600000
2017-07-14 13:15:17.467000,1.12414,1.12408,1000000,3970000
2017-07-14 13:15:17.880000,1.12414,1.12409,1310000,2100000
2017-07-14 13:15:18.441000,1.12413,1.12408,1000000,1120000
2017-07-14 13:15:18.747000,1.12413,1.12408,1870000,1120000
2017-07-14 13:15:19.084000,1.1241,1.12405,1000000,2470000
2017-07-14 13:15:19.717000,1.12411,1.12406,1500000,1120000
2017-07-14 13:15:20.176000,1.12412,1.12408,1250000,1500000
2017-07-14 13:15:20.684000,1.12412,1.12407,3000000,1370000
2017-07-14 13:15:21.450000,1.12412,1.12409,2620000,1870000
2017-07-14 13:15:21.721000,1.12413,1.12407,1310000,4540000
2017-07-14 13:15:22.233000,1.12415,1.1241,3000000,3750000
2017-07-14 13:15:22.490000,1.12413,1.12408,2810000,3790000
2017-07-14 13:15:23.192000,1.12414,1.1241,2620000,1000000
2017-07-14 13:15:23.345000,1.12416,1.12411,1500000,1500000
2017-07-14 13:15:24.635000,1.12417,1.12412,3370000,1500000
2017-07-14 13:15:25.850000,1.12417,1.12411,6000000,1500000
2017-07-14 13:15:26.003000,1.12412,1.12408,1120000,2850000
2017-07-14 13:15:26.989000,1.12412,1.12408,1000000,1500000
2017-07-14 13:15:27.244000,1.12414,1.12412,1370000,2250000
2017-07-14 13:15:27.397000,1.12418,1.12415,1870000,1000000
2017-07-14 13:15:27.550000,1.12418,1.12417,1500000,1000000
2017-07-14 13:15:27.652000,1.12418,1.12413,2250000,4050000
2017-07-14 13:15:29.638000,1.12419,1.12415,4690000,1000000
2017-07-14 13:15:30.180000,1.12417,1.12413,1000000,1570000
2017-07-14 13:15:31.335000,1.12413,1.12412,1500000,1570000
2017-07-14 13:15:31.437000,1.12405,1.12402,4500000,8810000
2017-07-14 13:15:31.590000,1.12402,1.12399,1000000,1000000
2017-07-14 13:15:31.897000,1.12397,1.12392,1000000,2100000
2017-07-14 13:15:32.420000,1.12397,1.12394,1120000,1000000
2017-07-14 13:15:32.828000,1.12398,1.12396,2250000,2100000
2017-07-14 13:15:32.880000,1.124,1.12396,5060000,3310000
2017-07-14 13:15:32.931000,1.124,1.12398,1500000,3220000
2017-07-14 13:15:33.085000,1.12404,1.124,2620000,1500000
2017-07-14 13:15:33.608000,1.12403,1.124,1000000,1500000
2017-07-14 13:15:33.660000,1.12403,1.12398,1790000,5470000
2017-07-14 13:15:33.966000,1.12401,1.12397,1290000,1120000
2017-07-14 13:15:34.221000,1.12399,1.12395,3070000,1500000
2017-07-14 13:15:34.812000,1.12398,1.12396,2250000,1000000
2017-07-14 13:15:35.282000,1.12398,1.12394,2250000,1870000
2017-07-14 13:15:35.791000,1.12397,1.12393,1500000,1120000
2017-07-14 13:15:37.179000,1.12398,1.12394,4500000,1500000
2017-07-14 13:15:37.697000,1.12394,1.12391,1470000,3750000
2017-07-14 13:15:37.749000,1.12391,1.12389,1000000,3600000
2017-07-14 13:15:37.800000,1.12393,1.1239,1120000,1870000
2017-07-14 13:15:37.954000,1.12391,1.12389,3000000,1250000
2017-07-14 13:15:38.005000,1.1239,1.12387,1120000,1000000
2017-07-14 13:15:38.759000,1.12391,1.12386,2250000,5550000
2017-07-14 13:15:39.015000,1.12391,1.12388,2620000,1000000
2017-07-14 13:15:39.536000,1.12391,1.12388,1870000,1000000
2017-07-14 13:15:42.053000,1.12391,1.12388,1250000,4350000
2017-07-14 13:15:42.362000,1.12405,1.12402,3750000,1500000
2017-07-14 13:15:42.414000,1.12405,1.12402,3750000,1500000
2017-07-14 13:15:42.924000,1.12405,1.12401,4870000,2250000
2017-07-14 13:15:43.343000,1.12405,1.12403,3370000,1000000
2017-07-14 13:15:43.699000,1.12404,1.124,1120000,1300000
2017-07-14 13:15:43.750000,1.12405,1.12401,4500000,2250000
2017-07-14 13:15:44.283000,1.12405,1.12403,1500000,1000000
2017-07-14 13:15:46.270000,1.12401,1.124,1500000,1500000
2017-07-14 13:15:46.323000,1.124,1.12396,1500000,1120000
2017-07-14 13:15:46.529000,1.12401,1.12398,1310000,1000000
2017-07-14 13:15:47.040000,1.124,1.12397,3010000,1000000
2017-07-14 13:15:47.594000,1.124,1.12398,3010000,1000000
2017-07-14 13:15:48.637000,1.124,1.12397,3010000,1120000
2017-07-14 13:15:48.942000,1.12402,1.12398,2060000,3600000
2017-07-14 13:15:49.486000,1.12401,1.12397,2140000,2250000
2017-07-14 13:15:50.355000,1.12401,1.12396,3260000,2620000
2017-07-14 13:15:50.922000,1.12401,1.12396,7390000,1870000
2017-07-14 13:15:51.075000,1.12399,1.12395,1120000,1120000
2017-07-14 13:15:51.585000,1.12398,1.12394,1250000,2250000
2017-07-14 13:15:53.018000,1.12398,1.12394,1500000,2250000
2017-07-14 13:15:57.058000,1.12398,1.12394,2440000,1500000
2017-07-14 13:15:57.313000,1.124,1.12399,2620000,1000000
2017-07-14 13:15:57.365000,1.12402,1.124,2890000,1000000
2017-07-14 13:15:57.544000,1.12401,1.12397,2250000,2250000
2017-07-14 13:15:57.596000,1.124,1.12397,1500000,1120000
2017-07-14 13:15:58.110000,1.124,1.12398,1620000,1000000
2017-07-14 13:15:59.413000,1.124,1.12398,1310000,4350000
2017-07-14 13:15:59.566000,1.12402,1.12399,1120000,1500000
2017-07-14 13:15:59.617000,1.12401,1.12399,1000000,1500000
2017-07-14 13:16:00.127000,1.12401,1.12399,1000000,1500000
2017-07-14 13:16:03.181000,1.12401,1.12399,1000000,1000000
2017-07-14 13:16:03.753000,1.12401,1.12398,1000000,6600000
2017-07-14 13:16:03.958000,1.12402,1.12398,1870000,3000000
2017-07-14 13:16:04.010000,1.124,1.12398,1000000,3000000
2017-07-14 13:16:04.519000,1.124,1.12398,1000000,1870000
2017-07-14 13:16:04.825000,1.12398,1.12396,1000000,2250000
2017-07-14 13:16:05.631000,1.12398,1.12396,1000000,1870000
2017-07-14 13:16:06.163000,1.12398,1.12396,1000000,3750000
2017-07-14 13:16:08.692000,1.12398,1.12396,1000000,2620000
2017-07-14 13:16:09.201000,1.12397,1.12395,1000000,1870000
2017-07-14 13:16:11.075000,1.12394,1.12393,1200000,1870000
2017-07-14 13:16:11.177000,1.12396,1.12393,1000000,2250000
2017-07-14 13:16:11.490000,1.12397,1.12395,1000000,2250000
2017-07-14 13:16:11.849000,1.12398,1.12397,1000000,2250000
2017-07-14 13:16:12.003000,1.124,1.12398,1120000,1000000
2017-07-14 13:16:12.361000,1.12402,1.12399,3070000,1000000
2017-07-14 13:16:12.857000,1.12404,1.12403,2620000,7420000
2017-07-14 13:16:13.114000,1.12424,1.12422,12370000,1120000
2017-07-14 13:16:13.218000,1.12422,1.1242,1000000,4500000
2017-07-14 13:16:13.757000,1.12422,1.12421,1000000,1000000
2017-07-14 13:16:20.755000,1.12422,1.1242,1000000,1120000
2017-07-14 13:16:23.682000,1.12422,1.1242,1000000,3000000
2017-07-14 13:16:24.009000,1.12426,1.12424,1120000,2250000
2017-07-14 13:16:25.917000,1.12426,1.12424,1000000,1120000
2017-07-14 13:16:26.771000,1.12425,1.12424,1000000,1000000
2017-07-14 13:16:26.938000,1.12423,1.1242,1000000,1500000
2017-07-14 13:16:27.549000,1.12423,1.1242,1120000,1000000
2017-07-14 13:16:32.663000,1.12423,1.1242,1000000,2250000
2017-07-14 13:16:35.646000,1.12423,1.1242,1500000,1120000
2017-07-14 13:16:36.219000,1.12424,1.1242,5620000,2470000
2017-07-14 13:16:36.728000,1.12424,1.1242,5250000,2470000
2017-07-14 13:16:38.247000,1.12424,1.12421,3750000,3220000
2017-07-14 13:16:38.349000,1.12427,1.12424,3560000,1500000
2017-07-14 13:16:38.609000,1.12429,1.12426,3750000,1000000
2017-07-14 13:16:39.491000,1.12429,1.12425,5250000,1500000
2017-07-14 13:16:40.109000,1.12429,1.12426,4120000,1000000
2017-07-14 13:16:40.631000,1.12429,1.12425,5620000,1000000
2017-07-14 13:16:41.178000,1.12428,1.12424,1870000,1120000
2017-07-14 13:16:41.940000,1.12427,1.12424,1500000,1120000
2017-07-14 13:16:42.513000,1.12427,1.12424,1500000,1500000
2017-07-14 13:16:43.455000,1.12426,1.12423,2250000,4720000
2017-07-14 13:16:43.506000,1.12426,1.12423,1870000,1500000
2017-07-14 13:16:44.566000,1.12426,1.12423,2620000,1000000
2017-07-14 13:16:45.071000,1.12424,1.12421,3000000,1370000
2017-07-14 13:16:47.553000,1.12424,1.12421,4500000,1500000
2017-07-14 13:16:48.048000,1.12425,1.12422,2250000,4350000
2017-07-14 13:16:49.425000,1.12426,1.12425,1870000,1000000
2017-07-14 13:16:49.476000,1.12428,1.12425,2620000,1500000
2017-07-14 13:16:49.578000,1.12429,1.12425,3000000,3600000
2017-07-14 13:16:49.833000,1.12428,1.12424,1120000,2620000
2017-07-14 13:16:50.347000,1.12427,1.12424,5250000,2250000
2017-07-14 13:16:50.960000,1.12427,1.12425,2620000,1000000
2017-07-14 13:16:51.470000,1.12427,1.12424,3750000,1120000
2017-07-14 13:16:52.173000,1.12427,1.12422,6000000,4350000
2017-07-14 13:16:52.478000,1.12425,1.12422,1870000,1500000
2017-07-14 13:16:52.998000,1.12423,1.1242,1000000,6220000
2017-07-14 13:16:53.534000,1.12423,1.12421,1000000,1000000
2017-07-14 13:16:54.094000,1.12422,1.1242,1000000,2100000
2017-07-14 13:16:54.683000,1.12422,1.1242,1000000,2100000
2017-07-14 13:16:55.714000,1.12424,1.12419,5250000,1370000
2017-07-14 13:16:55.767000,1.12407,1.12405,1370000,1000000
2017-07-14 13:16:55.819000,1.12403,1.124,1000000,2850000
2017-07-14 13:16:55.870000,1.12402,1.12398,1000000,3670000
2017-07-14 13:16:56.128000,1.12399,1.12396,1000000,6600000
2017-07-14 13:16:56.462000,1.12401,1.12399,1000000,1120000
2017-07-14 13:16:56.771000,1.12401,1.12398,3370000,1500000
2017-07-14 13:16:56.875000,1.12403,1.12401,1000000,3220000
2017-07-14 13:16:57.130000,1.12405,1.12403,2250000,1000000
2017-07-14 13:16:57.713000,1.12403,1.12401,1000000,1720000
2017-07-14 13:16:57.969000,1.12404,1.12401,1000000,1120000
2017-07-14 13:16:58.021000,1.12402,1.124,1000000,3220000
2017-07-14 13:16:58.124000,1.12401,1.12398,3260000,2100000
2017-07-14 13:16:58.328000,1.12399,1.12396,1000000,5290000
2017-07-14 13:16:58.431000,1.12402,1.12399,3940000,2100000
2017-07-14 13:16:58.796000,1.124,1.12396,1000000,4350000
2017-07-14 13:16:59.306000,1.12399,1.12398,1000000,2100000
2017-07-14 13:16:59.715000,1.12403,1.124,3000000,3220000
2017-07-14 13:17:00.087000,1.12403,1.124,1120000,3220000
2017-07-14 13:17:00.615000,1.12402,1.124,1000000,2850000
2017-07-14 13:17:01.265000,1.12404,1.12401,2620000,3600000
2017-07-14 13:17:01.777000,1.12404,1.12402,2620000,2100000
2017-07-14 13:17:01.879000,1.12405,1.12404,1120000,1000000
2017-07-14 13:17:02.190000,1.12399,1.12398,1000000,9190000
2017-07-14 13:17:02.726000,1.12399,1.12397,9370000,3000000
2017-07-14 13:17:02.831000,1.12395,1.12393,1000000,3750000
2017-07-14 13:17:02.936000,1.12393,1.12392,1120000,3000000
2017-07-14 13:17:03.143000,1.12394,1.12392,1760000,3000000
2017-07-14 13:17:03.301000,1.12395,1.12394,1010000,8250000
2017-07-14 13:17:03.353000,1.12396,1.12395,1120000,9750000
2017-07-14 13:17:03.863000,1.12398,1.12395,2250000,11250000
2017-07-14 13:17:04.881000,1.12395,1.12393,1000000,3970000
2017-07-14 13:17:05.035000,1.12396,1.12395,1000000,1000000
2017-07-14 13:17:05.368000,1.12399,1.12397,4010000,1000000
2017-07-14 13:17:05.472000,1.12402,1.124,1370000,1500000
2017-07-14 13:17:05.575000,1.12401,1.12399,2620000,1000000
2017-07-14 13:17:06.200000,1.124,1.12398,1370000,5620000
2017-07-14 13:17:06.404000,1.12402,1.124,2250000,1000000
2017-07-14 13:17:07.046000,1.124,1.12399,1000000,2250000
2017-07-14 13:17:07.442000,1.12404,1.12401,1120000,4350000
2017-07-14 13:17:08.344000,1.12405,1.12402,3190000,1000000
2017-07-14 13:17:08.699000,1.12401,1.124,1000000,1000000
2017-07-14 13:17:09.210000,1.12401,1.124,1000000,1000000
2017-07-14 13:17:09.262000,1.12402,1.124,1870000,1000000
2017-07-14 13:17:10.308000,1.12403,1.124,2620000,1000000
2017-07-14 13:17:10.819000,1.12402,1.124,1000000,1350000
2017-07-14 13:17:11.075000,1.12401,1.12398,1500000,1300000
2017-07-14 13:17:11.126000,1.124,1.12398,1000000,2470000
2017-07-14 13:17:11.331000,1.12401,1.12398,1500000,8920000
2017-07-14 13:17:11.637000,1.12402,1.124,1000000,2850000
2017-07-14 13:17:12.146000,1.12401,1.124,1000000,2850000
2017-07-14 13:17:12.356000,1.12405,1.12403,1120000,1000000
2017-07-14 13:17:12.408000,1.12407,1.12406,7120000,2850000
2017-07-14 13:17:12.588000,1.1241,1.12408,1120000,2100000
2017-07-14 13:17:12.642000,1.12418,1.12415,1000000,2470000
2017-07-14 13:17:12.949000,1.1242,1.12418,2250000,1300000
2017-07-14 13:17:13.290000,1.12418,1.12416,1000000,14250000
2017-07-14 13:17:13.342000,1.1242,1.12417,2250000,2470000
2017-07-14 13:17:13.800000,1.12418,1.12416,1000000,3220000
2017-07-14 13:17:14.725000,1.12417,1.12416,1000000,1000000
2017-07-14 13:17:15.032000,1.12418,1.12415,1000000,1500000
2017-07-14 13:17:15.134000,1.12418,1.12416,1870000,1500000
2017-07-14 13:17:15.669000,1.12417,1.12415,1000000,7350000
2017-07-14 13:17:15.720000,1.12418,1.12416,1500000,1500000
2017-07-14 13:17:16.229000,1.12417,1.12415,1000000,6220000
2017-07-14 13:17:16.738000,1.12418,1.12415,1500000,5470000
2017-07-14 13:17:16.840000,1.12419,1.12417,1500000,2100000
2017-07-14 13:17:17.401000,1.12418,1.12417,1000000,2100000
2017-07-14 13:17:17.798000,1.12421,1.12418,1500000,1500000
2017-07-14 13:17:18.156000,1.12421,1.1242,1500000,1500000
2017-07-14 13:17:18.433000,1.12422,1.1242,1870000,1500000
2017-07-14 13:17:18.971000,1.12421,1.12419,6000000,1500000
2017-07-14 13:17:19.022000,1.12419,1.12417,1370000,1870000
2017-07-14 13:17:19.175000,1.12417,1.12416,1000000,1870000
2017-07-14 13:17:19.277000,1.12418,1.12417,1120000,1500000
2017-07-14 13:17:19.798000,1.12421,1.12419,1000000,3600000
2017-07-14 13:17:19.849000,1.12423,1.12421,3670000,1500000
2017-07-14 13:17:20.156000,1.12424,1.12423,1120000,1500000
2017-07-14 13:17:20.682000,1.12424,1.12422,1120000,1500000
2017-07-14 13:17:20.989000,1.12423,1.12421,1000000,1500000
2017-07-14 13:17:21.537000,1.12423,1.12421,1000000,1500000
2017-07-14 13:17:21.843000,1.1242,1.12417,3750000,3750000
2017-07-14 13:17:21.894000,1.1242,1.12417,2620000,1500000
2017-07-14 13:17:21.997000,1.1242,1.12419,1500000,1000000
2017-07-14 13:17:22.519000,1.12421,1.12418,1000000,4350000
2017-07-14 13:17:22.826000,1.12423,1.12421,1000000,1000000
2017-07-14 13:17:23.133000,1.12424,1.12423,1500000,1500000
2017-07-14 13:17:23.608000,1.12424,1.12421,1500000,3370000
2017-07-14 13:17:23.964000,1.12421,1.1242,1000000,1500000
2017-07-14 13:17:24.479000,1.12422,1.1242,1500000,1000000
2017-07-14 13:17:24.890000,1.12419,1.12417,1000000,4120000
2017-07-14 13:17:25.045000,1.12416,1.12413,1000000,1120000
2017-07-14 13:17:25.453000,1.12414,1.12412,1000000,1500000
2017-07-14 13:17:25.760000,1.12412,1.12411,1000000,1500000
2017-07-14 13:17:26.024000,1.12414,1.12413,1000000,1500000
2017-07-14 13:17:26.280000,1.12412,1.1241,1000000,1120000
2017-07-14 13:17:26.739000,1.12414,1.12413,1120000,1000000
2017-07-14 13:17:26.841000,1.12416,1.12413,1120000,1000000
2017-07-14 13:17:28.343000,1.12414,1.12413,1000000,1000000
2017-07-14 13:17:28.395000,1.12414,1.12411,1000000,1500000
2017-07-14 13:17:28.911000,1.12414,1.12411,2440000,1000000
2017-07-14 13:17:29.450000,1.12414,1.12411,2400000,1000000
2017-07-14 13:17:30.415000,1.12416,1.12413,1120000,1000000
2017-07-14 13:17:30.835000,1.12416,1.12413,1000000,6220000
2017-07-14 13:17:31.041000,1.12419,1.12417,1500000,2470000
2017-07-14 13:17:31.552000,1.12419,1.12417,1000000,1300000
2017-07-14 13:17:32.100000,1.12417,1.12416,1000000,1500000
2017-07-14 13:17:32.151000,1.12417,1.12415,1000000,2250000
2017-07-14 13:17:32.692000,1.12416,1.12414,1000000,1870000
2017-07-14 13:17:33.085000,1.12415,1.12413,1000000,1000000
2017-07-14 13:17:33.650000,1.12417,1.12414,3370000,1000000
2017-07-14 13:17:34.512000,1.12416,1.12413,1120000,1120000
2017-07-14 13:17:35.029000,1.12415,1.12412,1000000,1500000
2017-07-14 13:17:35.183000,1.12412,1.12411,1000000,1120000
2017-07-14 13:17:35.335000,1.12411,1.12409,1000000,1500000
2017-07-14 13:17:35.744000,1.12414,1.1241,1870000,4350000
2017-07-14 13:17:35.795000,1.12414,1.12411,1500000,2250000
2017-07-14 13:17:36.282000,1.12416,1.12413,1000000,1120000
2017-07-14 13:17:36.807000,1.12416,1.12413,1000000,2850000
2017-07-14 13:17:37.366000,1.12416,1.12413,1000000,1720000
2017-07-14 13:17:38.277000,1.12416,1.12414,1000000,3220000
2017-07-14 13:17:38.329000,1.1242,1.12418,4500000,3470000
2017-07-14 13:17:38.518000,1.12422,1.1242,1000000,1500000
2017-07-14 13:17:38.621000,1.12422,1.12419,1370000,1500000
2017-07-14 13:17:38.981000,1.12422,1.1242,1500000,2250000
2017-07-14 13:17:39.489000,1.12423,1.1242,1000000,1120000
2017-07-14 13:17:40.003000,1.12423,1.1242,4500000,1120000
2017-07-14 13:17:40.817000,1.12423,1.1242,1500000,1120000
2017-07-14 13:17:41.334000,1.12424,1.12421,3000000,1870000
2017-07-14 13:17:41.864000,1.12424,1.12421,2250000,3000000
2017-07-14 13:17:42.367000,1.12424,1.12421,1120000,3600000
2017-07-14 13:17:43.029000,1.12425,1.12422,1870000,4350000
2017-07-14 13:17:44.683000,1.12426,1.12423,2250000,1120000
2017-07-14 13:17:45.042000,1.12427,1.12424,1870000,2550000
2017-07-14 13:17:45.349000,1.12427,1.12424,1120000,1000000
2017-07-14 13:17:45.869000,1.12427,1.12423,4870000,1000000
2017-07-14 13:17:46.379000,1.12426,1.12422,6940000,1000000
2017-07-14 13:17:46.554000,1.12423,1.12419,1870000,1870000
2017-07-14 13:17:47.082000,1.12423,1.12418,5120000,3750000
2017-07-14 13:17:48.915000,1.12422,1.12418,1000000,4720000
2017-07-14 13:17:49.235000,1.12423,1.12421,1120000,1000000
2017-07-14 13:17:55.705000,1.12423,1.1242,2620000,1000000
2017-07-14 13:17:56.218000,1.12422,1.1242,1500000,1000000
2017-07-14 13:17:56.721000,1.12423,1.12421,1870000,1000000
2017-07-14 13:17:59.230000,1.12423,1.12422,1500000,1000000
2017-07-14 13:17:59.793000,1.12424,1.12422,2620000,1000000
2017-07-14 13:18:00.178000,1.12422,1.12419,1000000,5710000
2017-07-14 13:18:00.757000,1.12421,1.12418,1000000,6310000
2017-07-14 13:18:01.266000,1.1242,1.12418,1000000,1870000
2017-07-14 13:18:01.574000,1.12418,1.12416,1000000,3000000
2017-07-14 13:18:01.780000,1.12418,1.12414,2250000,4120000
2017-07-14 13:18:01.831000,1.12415,1.12413,1000000,5470000
2017-07-14 13:18:02.353000,1.12415,1.12412,1000000,5470000
2017-07-14 13:18:02.862000,1.12413,1.12411,1000000,6600000
2017-07-14 13:18:03.668000,1.12414,1.12411,1500000,2850000
2017-07-14 13:18:05.042000,1.12414,1.1241,2250000,3000000
2017-07-14 13:18:05.093000,1.12411,1.1241,1120000,2060000
2017-07-14 13:18:05.414000,1.12414,1.12412,1120000,3790000
2017-07-14 13:18:05.924000,1.12414,1.12412,1000000,2290000
2017-07-14 13:18:07.908000,1.12414,1.12411,1500000,1120000
2017-07-14 13:18:07.960000,1.1241,1.12408,1000000,3820000
2017-07-14 13:18:08.338000,1.12411,1.12408,1500000,6790000
2017-07-14 13:18:08.746000,1.12414,1.12412,1000000,5660000
2017-07-14 13:18:09.255000,1.12414,1.12412,1870000,1870000
2017-07-14 13:18:09.718000,1.12413,1.12411,1000000,3670000
2017-07-14 13:18:10.239000,1.12413,1.12411,1870000,1500000
2017-07-14 13:18:11.162000,1.12415,1.12413,3370000,1000000
2017-07-14 13:18:11.265000,1.12416,1.12415,1000000,1000000
2017-07-14 13:18:12.367000,1.12417,1.12414,4870000,1000000
2017-07-14 13:18:12.871000,1.12415,1.12414,1000000,1000000
2017-07-14 13:18:13.227000,1.12414,1.12412,1120000,1120000
2017-07-14 13:18:13.279000,1.12412,1.1241,1000000,4870000
2017-07-14 13:18:13.432000,1.12416,1.12413,1000000,1350000
2017-07-14 13:18:13.484000,1.12417,1.12414,3190000,1000000
2017-07-14 13:18:14.305000,1.12417,1.12415,1120000,1000000
2017-07-14 13:18:14.612000,1.12422,1.1242,3370000,1000000
2017-07-14 13:18:15.436000,1.12422,1.12418,1540000,1350000
2017-07-14 13:18:15.965000,1.12422,1.12419,1920000,1000000
2017-07-14 13:18:18.268000,1.1242,1.12418,1000000,1350000
2017-07-14 13:18:18.606000,1.12415,1.12413,1000000,3790000
2017-07-14 13:18:18.658000,1.12415,1.12412,1000000,5810000
2017-07-14 13:18:19.630000,1.12414,1.12412,1000000,3000000
2017-07-14 13:18:20.599000,1.12414,1.12412,1000000,1370000
2017-07-14 13:18:21.108000,1.12412,1.12411,1170000,3560000
2017-07-14 13:18:21.164000,1.12412,1.12409,2670000,1120000
2017-07-14 13:18:21.267000,1.12413,1.12412,1240000,1000000
2017-07-14 13:18:21.421000,1.12415,1.12412,1000000,1870000
2017-07-14 13:18:22.504000,1.12416,1.12413,3790000,1000000
2017-07-14 13:18:23.027000,1.12416,1.12413,1540000,1000000
2017-07-14 13:18:23.820000,1.12412,1.12411,1000000,1500000
2017-07-14 13:18:23.975000,1.12416,1.12414,1060000,1500000
2017-07-14 13:18:24.231000,1.1242,1.12417,4920000,1500000
2017-07-14 13:18:24.486000,1.12421,1.12418,1170000,2470000
2017-07-14 13:18:25.003000,1.12421,1.12418,2290000,1000000
2017-07-14 13:18:25.465000,1.12418,1.12416,1000000,3370000
2017-07-14 13:18:25.569000,1.12417,1.12414,2290000,1000000
2017-07-14 13:18:26.453000,1.12418,1.12417,4500000,1000000
2017-07-14 13:18:26.607000,1.12422,1.1242,1000000,1000000
2017-07-14 13:18:27.923000,1.12421,1.12419,1000000,1000000
2017-07-14 13:18:28.278000,1.12423,1.12422,1500000,3750000
2017-07-14 13:18:28.783000,1.12422,1.1242,1000000,2250000
2017-07-14 13:18:29.037000,1.1242,1.12417,1000000,2620000
2017-07-14 13:18:29.550000,1.1242,1.12417,1120000,1500000
2017-07-14 13:18:30.793000,1.12421,1.12418,1870000,1000000
2017-07-14 13:18:31.539000,1.12422,1.12419,1120000,1000000
2017-07-14 13:18:32.246000,1.12422,1.12419,3190000,1000000
2017-07-14 13:18:32.992000,1.1242,1.12417,1000000,1870000
2017-07-14 13:18:33.789000,1.12421,1.12418,1500000,1500000
2017-07-14 13:18:34.297000,1.1242,1.12417,1120000,1120000
2017-07-14 13:18:34.668000,1.12418,1.12416,1000000,1120000
2017-07-14 13:18:34.821000,1.12416,1.12413,1120000,1120000
2017-07-14 13:18:36.668000,1.12414,1.12412,1000000,2620000
2017-07-14 13:18:36.974000,1.12411,1.1241,1000000,1000000
2017-07-14 13:18:37.127000,1.12411,1.12408,1870000,2100000
2017-07-14 13:18:37.178000,1.12409,1.12407,1000000,1000000
2017-07-14 13:18:37.765000,1.12408,1.12406,1000000,2620000
2017-07-14 13:18:37.816000,1.12409,1.12406,1120000,1120000
2017-07-14 13:18:37.919000,1.12406,1.12404,1000000,1500000
2017-07-14 13:18:38.022000,1.12407,1.12404,1500000,1000000
2017-07-14 13:18:38.227000,1.12407,1.12405,1000000,4720000
2017-07-14 13:18:38.637000,1.12406,1.12403,2660000,3000000
2017-07-14 13:18:38.777000,1.12402,1.12399,1000000,1500000
2017-07-14 13:18:38.829000,1.12401,1.12397,3560000,3370000
2017-07-14 13:18:38.880000,1.12397,1.12396,1120000,3370000
2017-07-14 13:18:38.985000,1.12401,1.124,2250000,1000000
2017-07-14 13:18:39.293000,1.124,1.12398,1000000,1120000
2017-07-14 13:18:39.498000,1.12401,1.12399,1000000,1870000
2017-07-14 13:18:40.016000,1.124,1.12399,1000000,1120000
2017-07-14 13:18:40.533000,1.124,1.12399,1000000,1000000
2017-07-14 13:18:41.930000,1.124,1.12397,1000000,4690000
2017-07-14 13:18:42.034000,1.12397,1.12395,1000000,1690000
2017-07-14 13:18:42.543000,1.12397,1.12394,1120000,1120000
2017-07-14 13:18:44.464000,1.12396,1.12394,1000000,1000000
2017-07-14 13:18:44.820000,1.12398,1.12395,4120000,1000000
2017-07-14 13:18:44.923000,1.12399,1.12397,2320000,1500000
2017-07-14 13:18:45.077000,1.12403,1.124,6150000,1000000
2017-07-14 13:18:45.130000,1.124,1.12397,1000000,3000000
2017-07-14 13:18:45.354000,1.12403,1.12399,1120000,1000000
2017-07-14 13:18:45.406000,1.12401,1.12399,1000000,1500000
2017-07-14 13:18:45.917000,1.12402,1.12399,1120000,1500000
2017-07-14 13:18:46.325000,1.12407,1.12404,1870000,1000000
2017-07-14 13:18:46.836000,1.12408,1.12405,2620000,1000000
2017-07-14 13:18:47.366000,1.12408,1.12405,3000000,1000000
2017-07-14 13:18:48.071000,1.12408,1.12405,2620000,1000000
2017-07-14 13:18:48.612000,1.12406,1.12403,1120000,3000000
2017-07-14 13:18:49.567000,1.12407,1.12405,1100000,1350000
2017-07-14 13:18:49.670000,1.12409,1.12406,1500000,3000000
2017-07-14 13:18:50.181000,1.1241,1.12407,2250000,1000000
2017-07-14 13:18:51.593000,1.12408,1.12406,1000000,1120000
2017-07-14 13:18:53.983000,1.12408,1.12407,1500000,1000000
2017-07-14 13:18:54.582000,1.12407,1.12405,1000000,1310000
2017-07-14 13:18:54.736000,1.12403,1.124,1120000,3000000
2017-07-14 13:18:54.942000,1.12402,1.124,1500000,1000000
2017-07-14 13:18:56.283000,1.12402,1.124,1500000,1000000
2017-07-14 13:18:56.690000,1.12406,1.12404,1870000,2250000
2017-07-14 13:18:56.893000,1.12408,1.12406,2140000,1000000
2017-07-14 13:18:56.944000,1.1241,1.12408,1120000,1000000
2017-07-14 13:18:57.199000,1.12413,1.1241,1370000,6000000
2017-07-14 13:18:57.505000,1.12417,1.12414,2400000,1000000
2017-07-14 13:18:58.016000,1.12417,1.12414,3150000,1000000
2017-07-14 13:18:58.534000,1.12416,1.12413,1120000,1000000
2017-07-14 13:18:59.068000,1.12415,1.12412,1000000,1500000
2017-07-14 13:18:59.375000,1.1241,1.12407,2250000,1500000
2017-07-14 13:18:59.906000,1.1241,1.12407,3150000,1000000
2017-07-14 13:19:00.420000,1.12409,1.12406,1310000,1120000
2017-07-14 13:19:01.383000,1.12408,1.12405,1120000,4690000
2017-07-14 13:19:01.895000,1.12407,1.12404,1120000,4120000
2017-07-14 13:19:02.410000,1.12407,1.12404,1120000,1870000
2017-07-14 13:19:04.829000,1.12405,1.12402,1000000,4500000
2017-07-14 13:19:05.236000,1.12407,1.12404,2620000,1500000
2017-07-14 13:19:06.203000,1.12405,1.12402,1000000,2620000
2017-07-14 13:19:06.510000,1.12403,1.12401,1000000,1000000
2017-07-14 13:19:07.020000,1.12403,1.124,1500000,2620000
2017-07-14 13:19:07.468000,1.12402,1.124,2250000,1000000
2017-07-14 13:19:07.522000,1.124,1.12398,1000000,1130000
2017-07-14 13:19:08.062000,1.12399,1.12397,1000000,1000000
2017-07-14 13:19:08.166000,1.12397,1.12394,1500000,3750000
2017-07-14 13:19:08.692000,1.12397,1.12394,1500000,1000000
2017-07-14 13:19:09.204000,1.12389,1.12388,1000000,1500000
2017-07-14 13:19:09.308000,1.12389,1.12386,1120000,1500000
2017-07-14 13:19:09.359000,1.12388,1.12386,1000000,1000000
2017-07-14 13:19:09.513000,1.12384,1.12381,1500000,1000000
2017-07-14 13:19:10.062000,1.12384,1.12381,2250000,1000000
2017-07-14 13:19:10.114000,1.12384,1.12381,1120000,1000000
2017-07-14 13:19:10.217000,1.12386,1.12385,1500000,1000000
2017-07-14 13:19:10.269000,1.12388,1.12385,1870000,3000000
2017-07-14 13:19:10.371000,1.12385,1.12383,1000000,1000000
2017-07-14 13:19:10.423000,1.12384,1.12381,1000000,4500000
2017-07-14 13:19:10.948000,1.12383,1.12381,1000000,1500000
2017-07-14 13:19:11.203000,1.1238,1.12379,1000000,2250000
2017-07-14 13:19:11.307000,1.12376,1.12374,3750000,1000000
2017-07-14 13:19:11.359000,1.12374,1.12373,1000000,2440000
2017-07-14 13:19:11.770000,1.12376,1.12373,1000000,1870000
2017-07-14 13:19:12.091000,1.12382,1.12379,3000000,1000000
2017-07-14 13:19:12.399000,1.12378,1.12375,2250000,1120000
2017-07-14 13:19:13.228000,1.12378,1.12376,1500000,1500000
2017-07-14 13:19:13.737000,1.12378,1.12375,1500000,1000000
2017-07-14 13:19:14.059000,1.12368,1.12366,1000000,4310000
2017-07-14 13:19:14.415000,1.12362,1.1236,1120000,1370000
2017-07-14 13:19:14.928000,1.12362,1.1236,1000000,2810000
2017-07-14 13:19:15.447000,1.12364,1.12361,1200000,1000000
2017-07-14 13:19:15.617000,1.12365,1.12363,1120000,1000000
2017-07-14 13:19:16.077000,1.12367,1.12365,8320000,1000000
2017-07-14 13:19:16.282000,1.12371,1.12368,1500000,2930000
2017-07-14 13:19:16.334000,1.12376,1.12374,6370000,1000000
2017-07-14 13:19:16.436000,1.12377,1.12374,2620000,1000000
2017-07-14 13:19:16.929000,1.12375,1.12373,1000000,3000000
2017-07-14 13:19:17.031000,1.12374,1.12371,3820000,1500000
2017-07-14 13:19:17.133000,1.12373,1.12371,1870000,1500000
2017-07-14 13:19:18.589000,1.1237,1.12368,1120000,1500000
2017-07-14 13:19:18.640000,1.12368,1.12367,1000000,1500000
2017-07-14 13:19:19.151000,1.12369,1.12368,1000000,1000000
2017-07-14 13:19:20.143000,1.12367,1.12365,3070000,1000000
2017-07-14 13:19:20.652000,1.12366,1.12364,1000000,1000000
2017-07-14 13:19:21.301000,1.12365,1.12363,1000000,2250000
2017-07-14 13:19:21.607000,1.12363,1.1236,1120000,7310000
2017-07-14 13:19:21.710000,1.1236,1.12357,1000000,2250000
2017-07-14 13:19:21.812000,1.12359,1.12356,1500000,6000000
2017-07-14 13:19:21.914000,1.12361,1.1236,2250000,1250000
2017-07-14 13:19:22.445000,1.12358,1.12356,1000000,3370000
2017-07-14 13:19:22.496000,1.12356,1.12355,1120000,2250000
2017-07-14 13:19:22.548000,1.12356,1.12353,2250000,5620000
2017-07-14 13:19:23.057000,1.12356,1.12354,1500000,2250000
2017-07-14 13:19:23.591000,1.12357,1.12355,1500000,1000000
2017-07-14 13:19:23.950000,1.12359,1.12356,1200000,1500000
2017-07-14 13:19:24.765000,1.12359,1.12357,1200000,1000000
2017-07-14 13:19:24.869000,1.12361,1.12358,1200000,1000000
2017-07-14 13:19:25.276000,1.12359,1.12358,1000000,1000000
2017-07-14 13:19:25.633000,1.12362,1.12361,1120000,2620000
2017-07-14 13:19:25.684000,1.12365,1.12362,1120000,1120000
2017-07-14 13:19:25.736000,1.12361,1.1236,12000000,3000000
2017-07-14 13:19:25.788000,1.12363,1.12361,4960000,1000000
2017-07-14 13:19:26.369000,1.12364,1.1236,1500000,2920000
2017-07-14 13:19:26.878000,1.12364,1.1236,1500000,11920000
2017-07-14 13:19:27.085000,1.12365,1.12363,2620000,1000000
2017-07-14 13:19:27.608000,1.12364,1.1236,1390000,2550000
2017-07-14 13:19:28.270000,1.12364,1.1236,1100000,11170000
2017-07-14 13:19:28.508000,1.12363,1.12361,4420000,1000000
2017-07-14 13:19:28.868000,1.12364,1.12361,1570000,1000000
2017-07-14 13:19:29.328000,1.12365,1.12363,1000000,1000000
2017-07-14 13:19:29.791000,1.12365,1.1236,4950000,6300000
2017-07-14 13:19:30.098000,1.12357,1.12355,3000000,1120000
2017-07-14 13:19:30.635000,1.12358,1.12354,2700000,3370000
2017-07-14 13:19:30.943000,1.12355,1.1235,4990000,4500000
2017-07-14 13:19:31.800000,1.12353,1.1235,1000000,5250000
2017-07-14 13:19:32.310000,1.12353,1.1235,1000000,2250000
2017-07-14 13:19:32.792000,1.12351,1.1235,1000000,1000000
2017-07-14 13:19:32.895000,1.12351,1.12348,1000000,5250000
2017-07-14 13:19:33.241000,1.12352,1.12351,1870000,1000000
2017-07-14 13:19:33.650000,1.12351,1.12348,14360000,4120000
2017-07-14 13:19:33.701000,1.12347,1.12346,1120000,1000000
2017-07-14 13:19:33.752000,1.12346,1.12343,1120000,2250000
2017-07-14 13:19:33.855000,1.12344,1.12342,1000000,7690000
2017-07-14 13:19:34.388000,1.12351,1.12349,1000000,1120000
2017-07-14 13:19:34.848000,1.12353,1.12351,1500000,1000000
2017-07-14 13:19:34.950000,1.12355,1.12352,1870000,2250000
2017-07-14 13:19:35.003000,1.12356,1.12354,1120000,1500000
2017-07-14 13:19:35.348000,1.12359,1.12357,1200000,1000000
2017-07-14 13:19:36.364000,1.1236,1.12357,2250000,1000000
2017-07-14 13:19:36.933000,1.1236,1.12358,1120000,1000000
2017-07-14 13:19:37.445000,1.1236,1.12358,3000000,1000000
2017-07-14 13:19:37.977000,1.1236,1.12358,1120000,1000000
2017-07-14 13:19:38.284000,1.12362,1.12359,1500000,1000000
2017-07-14 13:19:38.658000,1.12362,1.12361,1000000,1000000
2017-07-14 13:19:39.170000,1.12362,1.1236,1120000,1500000
2017-07-14 13:19:39.678000,1.12364,1.12362,1120000,1000000
2017-07-14 13:19:42.715000,1.12363,1.12362,1000000,1000000
2017-07-14 13:19:42.767000,1.12362,1.1236,1000000,1000000
2017-07-14 13:19:42.871000,1.1236,1.12358,1120000,1500000
2017-07-14 13:19:43.230000,1.12358,1.12357,1120000,1000000
2017-07-14 13:19:44.195000,1.1236,1.12358,4500000,1000000
2017-07-14 13:19:45.423000,1.1236,1.12358,2620000,1000000
2017-07-14 13:19:46.074000,1.1236,1.12358,2630000,1000000
2017-07-14 13:19:46.607000,1.1236,1.12358,2250000,1000000
2017-07-14 13:19:48.223000,1.12359,1.12358,1000000,1000000
2017-07-14 13:19:49.069000,1.12362,1.1236,2320000,1000000
2017-07-14 13:19:49.378000,1.1236,1.12357,3000000,2250000
2017-07-14 13:19:49.899000,1.1236,1.12358,3000000,1000000
2017-07-14 13:19:51.448000,1.12361,1.12356,6600000,1000000
2017-07-14 13:19:51.499000,1.12357,1.12355,1120000,1120000
2017-07-14 13:19:51.807000,1.12341,1.1234,9750000,1000000
2017-07-14 13:19:51.960000,1.12346,1.12343,38810001,1000000
2017-07-14 13:19:52.012000,1.12342,1.12341,1000000,1000000
2017-07-14 13:19:52.063000,1.12345,1.12343,1120000,1000000
2017-07-14 13:19:52.303000,1.12347,1.12345,1870000,1500000
2017-07-14 13:19:52.661000,1.12348,1.12345,1870000,1500000
2017-07-14 13:19:53.019000,1.12348,1.12347,1000000,1000000
2017-07-14 13:19:53.770000,1.12347,1.12344,1000000,1870000
2017-07-14 13:19:53.872000,1.12348,1.12346,1500000,1000000
2017-07-14 13:19:54.383000,1.12348,1.12346,1500000,1000000
2017-07-14 13:19:54.734000,1.12349,1.12348,2250000,1000000
2017-07-14 13:19:55.093000,1.12346,1.12344,1000000,1500000
2017-07-14 13:19:55.144000,1.12345,1.12343,1370000,1870000
2017-07-14 13:19:55.247000,1.12343,1.1234,1120000,3750000
2017-07-14 13:19:55.452000,1.12343,1.12341,2250000,1000000
2017-07-14 13:19:55.780000,1.12345,1.12344,1000000,1000000
2017-07-14 13:19:56.288000,1.12344,1.12342,1000000,1000000
2017-07-14 13:19:56.799000,1.12345,1.12344,1500000,1000000
2017-07-14 13:19:57.321000,1.12346,1.12344,1000000,1120000
2017-07-14 13:19:57.631000,1.12351,1.1235,1690000,1000000
2017-07-14 13:19:57.837000,1.1235,1.12348,1570000,1500000
2017-07-14 13:19:58.285000,1.12349,1.12348,2250000,1000000
2017-07-14 13:19:58.438000,1.12351,1.12349,2250000,1000000
2017-07-14 13:19:58.954000,1.12351,1.1235,1870000,1000000
2017-07-14 13:19:59.685000,1.12351,1.12349,6970000,1000000
2017-07-14 13:19:59.736000,1.12348,1.12346,1000000,1000000
2017-07-14 13:20:00.247000,1.12349,1.12347,2620000,1000000
2017-07-14 13:20:01.004000,1.12349,1.12347,2250000,1000000
2017-07-14 13:20:01.313000,1.12353,1.12351,4120000,1500000
2017-07-14 13:20:03.130000,1.12354,1.12351,5620000,1870000
2017-07-14 13:20:03.649000,1.12353,1.12351,3000000,1000000
2017-07-14 13:20:03.956000,1.12352,1.12349,3750000,1000000
2017-07-14 13:20:04.008000,1.12352,1.12351,3750000,1000000
2017-07-14 13:20:04.467000,1.12351,1.12349,1870000,1000000
2017-07-14 13:20:04.569000,1.12349,1.12346,1120000,1120000
2017-07-14 13:20:04.880000,1.12347,1.12344,1000000,3750000
2017-07-14 13:20:05.390000,1.12348,1.12347,1120000,1000000
2017-07-14 13:20:05.697000,1.12347,1.12344,1000000,1120000
2017-07-14 13:20:06.198000,1.12346,1.12345,1000000,1000000
2017-07-14 13:20:06.859000,1.12347,1.12345,1120000,1000000
2017-07-14 13:20:06.961000,1.12349,1.12347,2620000,1000000
2017-07-14 13:20:07.164000,1.1235,1.12348,4500000,1000000
2017-07-14 13:20:07.693000,1.12349,1.12348,1000000,1000000
2017-07-14 13:20:08.044000,1.12351,1.12348,1120000,2620000
2017-07-14 13:20:08.249000,1.12353,1.1235,6370000,1000000
2017-07-14 13:20:08.853000,1.12351,1.12348,3600000,5250000
2017-07-14 13:20:09.324000,1.12348,1.12345,1870000,3450000
2017-07-14 13:20:09.682000,1.1235,1.12347,1870000,1870000
2017-07-14 13:20:10.474000,1.12352,1.12349,2620000,1000000
2017-07-14 13:20:11.235000,1.12352,1.12349,1370000,2670000
2017-07-14 13:20:11.288000,1.12358,1.12356,1570000,1000000
2017-07-14 13:20:11.595000,1.1236,1.12357,3000000,1000000
2017-07-14 13:20:12.105000,1.1236,1.12358,1500000,1120000
2017-07-14 13:20:12.628000,1.12363,1.12362,4570000,1000000
2017-07-14 13:20:13.139000,1.12363,1.12362,1120000,1000000
2017-07-14 13:20:13.664000,1.12364,1.12361,2620000,1500000
2017-07-14 13:20:14.669000,1.12363,1.12362,1000000,1000000
2017-07-14 13:20:15.155000,1.12362,1.12359,4720000,1000000
2017-07-14 13:20:15.210000,1.12359,1.12358,1000000,1500000
2017-07-14 13:20:15.467000,1.12361,1.12359,3000000,1500000
2017-07-14 13:20:15.977000,1.1236,1.12359,6980000,1500000
2017-07-14 13:20:16.866000,1.1236,1.12357,2440000,1000000
2017-07-14 13:20:17.274000,1.12359,1.12357,1500000,1500000
2017-07-14 13:20:18.101000,1.12359,1.12357,3000000,1120000
2017-07-14 13:20:18.356000,1.12361,1.12358,2250000,1540000
2017-07-14 13:20:18.714000,1.12364,1.12362,1120000,2620000
2017-07-14 13:20:18.967000,1.12372,1.12368,1870000,1000000
2017-07-14 13:20:19.476000,1.12372,1.12369,1870000,1000000
2017-07-14 13:20:20.063000,1.12373,1.1237,1000000,4120000
2017-07-14 13:20:22.037000,1.12372,1.1237,1000000,2540000
2017-07-14 13:20:22.546000,1.12374,1.12372,1120000,1120000
2017-07-14 13:20:23.020000,1.12371,1.12369,1000000,1870000
2017-07-14 13:20:23.243000,1.1237,1.12368,1120000,2620000
2017-07-14 13:20:23.396000,1.12369,1.12367,1500000,1000000
2017-07-14 13:20:23.906000,1.12369,1.12367,4500000,1120000
2017-07-14 13:20:24.389000,1.12372,1.12369,7870000,1120000
2017-07-14 13:20:24.900000,1.12373,1.1237,3000000,1950000
2017-07-14 13:20:25.637000,1.12374,1.12371,3750000,1000000
2017-07-14 13:20:26.931000,1.12372,1.1237,1120000,1870000
2017-07-14 13:20:27.596000,1.12373,1.1237,1870000,2250000
2017-07-14 13:20:28.889000,1.12375,1.12373,3000000,1000000
2017-07-14 13:20:29.399000,1.12375,1.12373,1120000,1000000
2017-07-14 13:20:29.712000,1.12374,1.12372,1000000,1500000
2017-07-14 13:20:29.943000,1.12375,1.12372,2620000,1500000
2017-07-14 13:20:29.995000,1.12374,1.12372,3750000,1120000
2017-07-14 13:20:30.302000,1.12371,1.1237,1000000,1000000
2017-07-14 13:20:30.811000,1.12372,1.1237,1000000,1120000
2017-07-14 13:20:31.319000,1.12372,1.1237,1000000,3370000
2017-07-14 13:20:31.457000,1.12373,1.1237,1120000,3370000
2017-07-14 13:20:31.509000,1.12372,1.1237,1000000,1870000
2017-07-14 13:20:31.560000,1.12373,1.1237,1000000,1500000
2017-07-14 13:20:31.612000,1.12371,1.1237,1000000,3370000
2017-07-14 13:20:31.970000,1.12373,1.1237,1000000,1500000
2017-07-14 13:20:32.021000,1.12371,1.1237,1000000,1500000
2017-07-14 13:20:32.276000,1.12373,1.12371,1000000,1120000
2017-07-14 13:20:32.328000,1.12375,1.12373,1120000,1500000
2017-07-14 13:20:33.089000,1.12376,1.12373,1000000,4500000
2017-07-14 13:20:33.396000,1.12378,1.12374,1500000,1120000
2017-07-14 13:20:33.549000,1.12376,1.12374,1000000,1120000
2017-07-14 13:20:34.586000,1.12377,1.12375,1000000,1500000
2017-07-14 13:20:34.638000,1.12383,1.12382,1000000,1350000
2017-07-14 13:20:34.742000,1.12386,1.12384,1120000,1000000
2017-07-14 13:20:34.796000,1.12385,1.12383,1000000,5470000
2017-07-14 13:20:34.848000,1.12388,1.12386,1000000,2620000
2017-07-14 13:20:34.900000,1.12389,1.12388,1500000,1000000
2017-07-14 13:20:35.095000,1.12391,1.12389,1000000,1120000
2017-07-14 13:20:35.198000,1.12389,1.12388,1000000,1000000
2017-07-14 13:20:35.454000,1.12391,1.1239,1000000,1000000
2017-07-14 13:20:35.762000,1.12389,1.12388,1500000,1870000
2017-07-14 13:20:35.813000,1.12388,1.12385,1200000,1870000
2017-07-14 13:20:36.329000,1.12387,1.12385,1120000,1000000
2017-07-14 13:20:36.732000,1.12385,1.12384,1000000,1870000
2017-07-14 13:20:36.885000,1.12387,1.12385,1370000,1000000
2017-07-14 13:20:37.457000,1.12386,1.12384,1000000,1870000
2017-07-14 13:20:37.634000,1.12388,1.12386,1000000,5250000
2017-07-14 13:20:37.737000,1.1239,1.12388,1000000,1870000
2017-07-14 13:20:38.043000,1.12389,1.12387,1000000,7120000
2017-07-14 13:20:38.298000,1.12392,1.12388,7690000,1870000
2017-07-14 13:20:38.854000,1.12392,1.12388,10120000,2250000
2017-07-14 13:20:39.469000,1.12391,1.12388,1000000,1120000
2017-07-14 13:20:40.596000,1.12392,1.12388,10870000,2620000
2017-07-14 13:20:40.699000,1.12389,1.12387,2250000,3000000
2017-07-14 13:20:40.853000,1.12388,1.12385,2700000,3000000
2017-07-14 13:20:40.955000,1.12389,1.12386,1000000,4870000
2017-07-14 13:20:41.057000,1.12391,1.12387,1500000,4350000
2017-07-14 13:20:41.160000,1.12389,1.12387,1000000,1120000
2017-07-14 13:20:41.708000,1.12389,1.12388,1000000,1500000
2017-07-14 13:20:41.810000,1.12392,1.12388,4500000,2620000
2017-07-14 13:20:41.862000,1.1239,1.12388,1000000,3000000
2017-07-14 13:20:42.768000,1.1239,1.12389,1000000,1500000
2017-07-14 13:20:43.271000,1.12391,1.12389,1000000,2250000
2017-07-14 13:20:44.746000,1.12391,1.12389,1000000,2250000
2017-07-14 13:20:45.055000,1.12393,1.12392,2250000,3370000
2017-07-14 13:20:45.157000,1.12396,1.12393,1000000,2250000
2017-07-14 13:20:45.666000,1.12397,1.12395,1000000,2620000
2017-07-14 13:20:46.151000,1.12399,1.12396,3000000,2620000
2017-07-14 13:20:46.254000,1.12399,1.12398,1120000,1000000
2017-07-14 13:20:47.172000,1.124,1.12399,1870000,1500000
2017-07-14 13:20:47.223000,1.12405,1.12403,1500000,1500000
2017-07-14 13:20:47.377000,1.12409,1.12408,8620000,3000000
2017-07-14 13:20:47.479000,1.12411,1.12409,3190000,1870000
2017-07-14 13:20:48.465000,1.1241,1.12409,1000000,1500000
2017-07-14 13:20:49.374000,1.1241,1.12408,1500000,2250000
2017-07-14 13:20:49.578000,1.12408,1.12407,1000000,1500000
2017-07-14 13:20:50.093000,1.12409,1.12408,1500000,1000000
2017-07-14 13:20:50.145000,1.12408,1.12406,3750000,1310000
2017-07-14 13:20:50.196000,1.12406,1.12403,1500000,4500000
2017-07-14 13:20:50.298000,1.12406,1.12403,1870000,2620000
2017-07-14 13:20:50.583000,1.12403,1.12402,1000000,1120000
2017-07-14 13:20:50.686000,1.12405,1.12402,2620000,1000000
2017-07-14 13:20:52.441000,1.12404,1.12402,1000000,1000000
2017-07-14 13:20:53.474000,1.12403,1.12402,1000000,1000000
2017-07-14 13:20:53.526000,1.12405,1.12402,4870000,1000000
2017-07-14 13:20:55.176000,1.12402,1.124,1000000,4120000
2017-07-14 13:20:55.686000,1.12402,1.12399,1000000,9750000
2017-07-14 13:20:57.669000,1.12397,1.12395,1000000,1500000
2017-07-14 13:20:57.771000,1.12398,1.12396,1500000,1000000
2017-07-14 13:20:57.875000,1.124,1.12398,1000000,1910000
2017-07-14 13:20:59.457000,1.12402,1.124,1000000,1000000
2017-07-14 13:20:59.662000,1.12405,1.12402,1610000,1000000
2017-07-14 13:20:59.866000,1.12401,1.12398,1000000,7800000
2017-07-14 13:21:00.384000,1.12401,1.12398,1000000,3750000
2017-07-14 13:21:00.910000,1.124,1.12398,1000000,1870000
2017-07-14 13:21:01.566000,1.124,1.12397,1370000,2620000
2017-07-14 13:21:02.107000,1.12401,1.12398,1000000,4500000
2017-07-14 13:21:02.363000,1.12398,1.12396,1000000,2100000
2017-07-14 13:21:02.897000,1.12398,1.12396,1000000,9370000
2017-07-14 13:21:04.647000,1.12398,1.12396,1000000,7350000
2017-07-14 13:21:04.751000,1.124,1.12398,1000000,1000000
2017-07-14 13:21:05.213000,1.12397,1.12394,1000000,6750000
2017-07-14 13:21:05.536000,1.12399,1.12397,1000000,1350000
2017-07-14 13:21:05.944000,1.124,1.12398,1000000,1000000
2017-07-14 13:21:06.569000,1.12399,1.12398,1000000,1000000
2017-07-14 13:21:06.620000,1.12399,1.12395,1500000,2250000
2017-07-14 13:21:06.722000,1.12397,1.12395,1000000,2250000
2017-07-14 13:21:07.232000,1.12398,1.12396,1000000,3190000
2017-07-14 13:21:07.749000,1.12399,1.12396,11360000,1500000
2017-07-14 13:21:08.259000,1.12399,1.12396,1000000,6410000
2017-07-14 13:21:08.807000,1.12398,1.12396,1000000,2250000
2017-07-14 13:21:09.320000,1.12398,1.12396,1000000,1120000
2017-07-14 13:21:09.933000,1.12398,1.12395,3370000,1000000
2017-07-14 13:21:09.985000,1.12396,1.12393,1000000,2250000
2017-07-14 13:21:10.739000,1.12397,1.12396,1000000,1000000
2017-07-14 13:21:12.612000,1.12398,1.12396,1120000,1000000
2017-07-14 13:21:13.147000,1.124,1.12397,1500000,1000000
2017-07-14 13:21:13.675000,1.12398,1.12395,3000000,1000000
2017-07-14 13:21:13.829000,1.12395,1.12392,1000000,11250000
2017-07-14 13:21:14.394000,1.12395,1.12393,1000000,1000000
2017-07-14 13:21:16.074000,1.12396,1.12395,1000000,1350000
2017-07-14 13:21:16.585000,1.12398,1.12396,1000000,1000000
2017-07-14 13:21:16.840000,1.12399,1.12396,1500000,1000000
2017-07-14 13:21:17.427000,1.12397,1.12396,1000000,1000000
2017-07-14 13:21:17.580000,1.124,1.12396,5620000,3370000
2017-07-14 13:21:17.682000,1.124,1.12398,1870000,1000000
2017-07-14 13:21:18.957000,1.124,1.12398,1500000,1000000
2017-07-14 13:21:19.530000,1.124,1.12399,1000000,1000000
2017-07-14 13:21:20.092000,1.124,1.12398,1000000,1500000
2017-07-14 13:21:21.989000,1.12398,1.12396,1000000,4500000
2017-07-14 13:21:22.093000,1.12397,1.12395,1000000,4500000
2017-07-14 13:21:22.195000,1.12396,1.12393,1000000,1120000
2017-07-14 13:21:22.465000,1.12398,1.12396,1870000,1000000
2017-07-14 13:21:24.503000,1.12398,1.12397,1120000,1000000
2017-07-14 13:21:24.656000,1.12401,1.12398,7120000,1000000
2017-07-14 13:21:25.439000,1.12399,1.12397,1000000,1500000
2017-07-14 13:21:25.942000,1.12399,1.12396,1120000,3000000
2017-07-14 13:21:26.804000,1.12398,1.12396,1000000,2250000
2017-07-14 13:21:27.683000,1.12398,1.12396,1000000,2250000
2017-07-14 13:21:28.265000,1.12396,1.12395,1000000,1500000
2017-07-14 13:21:28.788000,1.12396,1.12395,1000000,1500000
2017-07-14 13:21:29.308000,1.12397,1.12396,1000000,2250000
2017-07-14 13:21:29.410000,1.12401,1.124,1000000,1500000
2017-07-14 13:21:29.716000,1.12407,1.12406,1120000,1500000
2017-07-14 13:21:30.044000,1.12409,1.12408,1000000,1500000
2017-07-14 13:21:30.351000,1.12411,1.12409,5250000,1000000
2017-07-14 13:21:30.505000,1.12409,1.12408,1000000,1500000
2017-07-14 13:21:31.016000,1.1241,1.12407,7570000,1500000
2017-07-14 13:21:31.321000,1.12407,1.12405,1000000,5250000
2017-07-14 13:21:31.829000,1.12408,1.12407,1000000,1500000
2017-07-14 13:21:32.041000,1.1241,1.12407,1000000,2250000
2017-07-14 13:21:32.362000,1.12409,1.12407,1000000,2620000
2017-07-14 13:21:32.919000,1.1241,1.12407,1000000,3370000
2017-07-14 13:21:33.922000,1.12409,1.12407,1000000,1000000
2017-07-14 13:21:35.347000,1.1241,1.12408,1500000,1500000
2017-07-14 13:21:35.754000,1.12414,1.12411,3750000,1000000
2017-07-14 13:21:36.245000,1.12412,1.12411,1000000,1500000
2017-07-14 13:21:36.765000,1.12412,1.1241,1500000,2250000
2017-07-14 13:21:37.534000,1.12411,1.1241,1000000,1000000
2017-07-14 13:21:38.045000,1.12412,1.1241,2250000,1000000
2017-07-14 13:21:40.169000,1.12412,1.1241,1370000,1500000
2017-07-14 13:21:40.475000,1.12415,1.12412,4120000,1000000
2017-07-14 13:21:40.577000,1.12413,1.1241,1000000,3940000
2017-07-14 13:21:40.991000,1.12414,1.12412,3000000,1120000
2017-07-14 13:21:41.511000,1.12415,1.12412,1000000,3000000
2017-07-14 13:21:42.029000,1.12414,1.12412,1000000,1000000
2017-07-14 13:21:43.643000,1.12412,1.1241,1000000,3370000
2017-07-14 13:21:43.695000,1.12412,1.12409,1000000,1500000
2017-07-14 13:21:44.204000,1.12411,1.12409,1000000,1000000
2017-07-14 13:21:44.720000,1.12412,1.1241,1120000,1870000
2017-07-14 13:21:44.822000,1.12414,1.12411,2250000,1000000
2017-07-14 13:21:45.541000,1.12414,1.12412,1870000,1000000
2017-07-14 13:21:46.383000,1.12413,1.12412,1950000,1000000
2017-07-14 13:21:46.435000,1.12412,1.12409,1500000,2620000
2017-07-14 13:21:46.742000,1.12412,1.12411,1000000,1000000
2017-07-14 13:21:46.794000,1.12414,1.12411,3000000,1000000
2017-07-14 13:21:47.409000,1.12414,1.12412,1870000,1000000
2017-07-14 13:21:47.669000,1.12417,1.12414,3900000,1120000
2017-07-14 13:21:48.502000,1.12415,1.12412,1000000,3000000
2017-07-14 13:21:49.045000,1.12415,1.12412,3190000,2060000
2017-07-14 13:21:49.557000,1.12414,1.12412,1000000,1120000
2017-07-14 13:21:49.914000,1.12412,1.1241,1370000,1000000
2017-07-14 13:21:50.445000,1.12414,1.12412,1120000,1000000
2017-07-14 13:21:50.657000,1.12412,1.1241,1000000,1690000
2017-07-14 13:21:51.181000,1.12412,1.1241,1000000,2440000
2017-07-14 13:21:51.551000,1.12419,1.12417,1120000,1000000
2017-07-14 13:21:51.685000,1.12419,1.12418,1000000,1870000
2017-07-14 13:21:51.788000,1.12423,1.12421,4500000,1000000
2017-07-14 13:21:52.298000,1.12423,1.12422,1500000,1500000
2017-07-14 13:21:52.662000,1.12419,1.12418,1120000,1000000
2017-07-14 13:21:52.714000,1.12418,1.12416,1120000,2250000
2017-07-14 13:21:52.817000,1.12421,1.12418,2320000,1000000
2017-07-14 13:21:53.383000,1.12421,1.12419,1570000,1000000
2017-07-14 13:21:53.435000,1.12421,1.12419,1500000,1000000
2017-07-14 13:21:53.975000,1.12422,1.1242,1120000,1000000
2017-07-14 13:21:54.282000,1.12421,1.12418,1000000,2320000
2017-07-14 13:21:54.713000,1.1242,1.12418,1000000,1570000
2017-07-14 13:21:55.602000,1.12419,1.12417,4310000,1760000
2017-07-14 13:21:55.806000,1.12416,1.12414,1000000,1100000
2017-07-14 13:21:56.370000,1.12417,1.12416,1000000,1000000
2017-07-14 13:21:57.686000,1.12416,1.12414,1120000,1500000
2017-07-14 13:21:59.040000,1.12415,1.12413,1000000,4500000
2017-07-14 13:21:59.773000,1.12416,1.12413,1000000,7910000
2017-07-14 13:21:59.825000,1.12418,1.12415,1870000,1720000
2017-07-14 13:21:59.877000,1.12418,1.12416,1120000,5250000
2017-07-14 13:22:00.387000,1.12419,1.12417,1120000,1000000
2017-07-14 13:22:01.406000,1.12418,1.12416,1000000,2440000
2017-07-14 13:22:01.990000,1.12419,1.12416,1870000,3190000
2017-07-14 13:22:02.456000,1.12421,1.12418,1000000,1120000
2017-07-14 13:22:02.996000,1.12422,1.12419,2400000,1000000
2017-07-14 13:22:03.337000,1.1242,1.12417,1000000,2250000
2017-07-14 13:22:03.439000,1.12419,1.12416,1100000,1870000
2017-07-14 13:22:03.997000,1.12418,1.12416,1000000,1120000
2017-07-14 13:22:04.796000,1.12417,1.12414,2320000,1500000
2017-07-14 13:22:05.331000,1.12416,1.12414,1000000,1000000
2017-07-14 13:22:07.340000,1.12416,1.12412,1950000,2250000
2017-07-14 13:22:07.392000,1.12414,1.12411,2250000,5100000
2017-07-14 13:22:07.711000,1.12412,1.1241,1100000,1000000
2017-07-14 13:22:08.327000,1.12414,1.12413,4760000,3220000
2017-07-14 13:22:08.429000,1.12416,1.12414,1000000,1500000
2017-07-14 13:22:08.786000,1.12418,1.12416,1870000,2250000
2017-07-14 13:22:09.336000,1.12419,1.12416,1870000,3000000
2017-07-14 13:22:10.392000,1.12418,1.12416,1000000,1500000
2017-07-14 13:22:11.364000,1.12418,1.12416,1000000,1120000
2017-07-14 13:22:11.671000,1.12414,1.12413,1000000,1000000
2017-07-14 13:22:12.428000,1.12413,1.12412,1000000,1500000
2017-07-14 13:22:12.480000,1.12412,1.12409,1500000,1870000
2017-07-14 13:22:12.533000,1.12412,1.12409,1500000,3000000
2017-07-14 13:22:13.565000,1.12412,1.12409,1500000,3750000
2017-07-14 13:22:14.079000,1.12411,1.1241,1000000,1120000
2017-07-14 13:22:16.225000,1.12412,1.1241,1870000,1120000
2017-07-14 13:22:17.168000,1.12412,1.1241,1000000,4120000
2017-07-14 13:22:18.401000,1.12412,1.1241,1000000,3000000
2017-07-14 13:22:19.393000,1.12412,1.1241,1000000,3000000
2017-07-14 13:22:20.406000,1.12413,1.1241,3370000,3750000
2017-07-14 13:22:21.259000,1.12409,1.12408,3000000,3560000
2017-07-14 13:22:21.311000,1.12409,1.12406,3000000,3000000
2017-07-14 13:22:21.618000,1.12409,1.12407,4500000,2250000
2017-07-14 13:22:22.426000,1.12408,1.12407,1000000,1000000
2017-07-14 13:22:22.939000,1.12407,1.12405,1120000,2250000
2017-07-14 13:22:23.247000,1.12415,1.12412,2250000,3000000
2017-07-14 13:22:23.515000,1.12416,1.12414,4500000,2620000
2017-07-14 13:22:24.987000,1.12415,1.12413,1000000,2620000
2017-07-14 13:22:26.681000,1.12417,1.12415,6000000,1000000
2017-07-14 13:22:27.190000,1.12417,1.12415,1000000,6000000
2017-07-14 13:22:27.717000,1.12417,1.12415,3000000,5810000
2017-07-14 13:22:28.233000,1.12416,1.12412,1120000,1870000
2017-07-14 13:22:28.285000,1.12413,1.12412,1000000,1870000
2017-07-14 13:22:28.817000,1.12414,1.12413,1000000,1000000
2017-07-14 13:22:29.439000,1.12416,1.12413,2250000,1500000
2017-07-14 13:22:30.281000,1.12415,1.12413,1000000,2250000
2017-07-14 13:22:30.384000,1.12417,1.12414,1870000,3000000
2017-07-14 13:22:31.367000,1.12417,1.12414,1000000,3370000
2017-07-14 13:22:32.606000,1.12418,1.12415,1120000,1500000
2017-07-14 13:22:33.127000,1.12419,1.12417,1000000,2470000
2017-07-14 13:22:33.434000,1.12422,1.12419,1120000,3000000
2017-07-14 13:22:35.710000,1.12424,1.12421,3040000,1000000
2017-07-14 13:22:36.198000,1.12424,1.12422,2620000,1000000
2017-07-14 13:22:36.504000,1.12428,1.12426,4920000,1000000
2017-07-14 13:22:36.810000,1.12426,1.12423,2620000,1000000
2017-07-14 13:22:36.862000,1.12426,1.12425,1120000,1000000
2017-07-14 13:22:36.964000,1.12428,1.12426,1120000,1000000
2017-07-14 13:22:37.498000,1.12428,1.12427,1120000,1000000
2017-07-14 13:22:38.025000,1.12429,1.12428,1500000,2100000
2017-07-14 13:22:38.076000,1.12433,1.12432,9000000,1000000
2017-07-14 13:22:38.128000,1.12435,1.12433,13120000,1000000
2017-07-14 13:22:38.874000,1.12435,1.12432,2620000,1500000
2017-07-14 13:22:39.027000,1.12435,1.12433,1000000,1000000
2017-07-14 13:22:39.180000,1.12438,1.12435,8620000,1000000
2017-07-14 13:22:39.707000,1.12439,1.12436,3750000,1000000
2017-07-14 13:22:40.220000,1.12438,1.12435,1120000,1870000
2017-07-14 13:22:40.272000,1.12436,1.12435,1000000,1000000
2017-07-14 13:22:40.799000,1.12437,1.12435,1500000,1000000
2017-07-14 13:22:41.105000,1.12439,1.12436,2060000,1000000
2017-07-14 13:22:42.158000,1.12437,1.12436,1000000,1120000
2017-07-14 13:22:42.669000,1.12437,1.12435,1000000,2060000
2017-07-14 13:22:43.283000,1.12437,1.12435,1000000,2620000
2017-07-14 13:22:43.654000,1.12435,1.12434,1500000,2060000
2017-07-14 13:22:43.706000,1.12434,1.12433,1000000,1250000
2017-07-14 13:22:44.216000,1.12435,1.12433,1120000,1000000
2017-07-14 13:22:44.874000,1.12434,1.12433,1000000,1000000
2017-07-14 13:22:45.078000,1.12432,1.1243,1000000,2440000
2017-07-14 13:22:45.130000,1.12431,1.12428,1120000,2250000
2017-07-14 13:22:45.641000,1.12434,1.12431,3370000,2250000
2017-07-14 13:22:46.188000,1.12434,1.12432,1000000,1120000
2017-07-14 13:22:46.696000,1.12429,1.12428,1000000,2620000
2017-07-14 13:22:46.747000,1.12431,1.12429,1500000,1500000
2017-07-14 13:22:46.902000,1.12429,1.12427,1000000,4500000
2017-07-14 13:22:47.004000,1.12431,1.12428,1870000,2810000
2017-07-14 13:22:47.516000,1.12432,1.1243,1000000,1870000
2017-07-14 13:22:47.929000,1.12434,1.12431,1000000,1500000
2017-07-14 13:22:48.541000,1.12434,1.12432,1120000,1000000
2017-07-14 13:22:48.644000,1.12433,1.12431,1000000,1500000
2017-07-14 13:22:49.174000,1.12434,1.12431,1500000,1000000
2017-07-14 13:22:49.327000,1.12436,1.12435,10500000,1000000
2017-07-14 13:22:49.532000,1.12435,1.12433,2250000,1250000
2017-07-14 13:22:49.736000,1.12433,1.12432,1000000,1250000
2017-07-14 13:22:49.838000,1.12433,1.1243,1000000,3370000
2017-07-14 13:22:50.387000,1.12432,1.1243,1000000,3000000
2017-07-14 13:22:51.397000,1.12435,1.12433,1120000,1500000
2017-07-14 13:22:51.907000,1.12436,1.12433,1120000,1870000
2017-07-14 13:22:52.063000,1.12439,1.12437,5250000,1000000
2017-07-14 13:22:52.607000,1.12438,1.12436,2440000,1690000
2017-07-14 13:22:53.120000,1.12438,1.12435,5620000,1000000
2017-07-14 13:22:53.713000,1.12437,1.12435,3370000,1000000
2017-07-14 13:22:54.173000,1.12435,1.12433,1000000,1500000
2017-07-14 13:22:55.171000,1.12437,1.12435,2250000,1000000
2017-07-14 13:22:55.377000,1.12439,1.12436,2250000,1000000
2017-07-14 13:22:56.102000,1.12436,1.12435,1000000,1000000
2017-07-14 13:22:56.628000,1.12436,1.12434,1000000,1000000
2017-07-14 13:22:57.035000,1.1243,1.12428,1000000,1000000
2017-07-14 13:22:57.445000,1.12431,1.1243,1120000,1120000
2017-07-14 13:22:57.699000,1.12434,1.12431,1240000,1120000
2017-07-14 13:22:58.209000,1.12435,1.12432,1000000,3750000
2017-07-14 13:22:58.733000,1.12434,1.12432,1150000,1000000
2017-07-14 13:22:59.293000,1.12433,1.12432,1000000,1250000
2017-07-14 13:22:59.598000,1.12432,1.1243,1000000,1250000
2017-07-14 13:23:00.519000,1.12431,1.1243,1000000,1000000
2017-07-14 13:23:02.864000,1.12432,1.1243,5250000,1250000
2017-07-14 13:23:03.425000,1.12431,1.1243,1000000,1250000
2017-07-14 13:23:04.475000,1.1243,1.12428,1000000,4120000
2017-07-14 13:23:06.330000,1.12419,1.12418,1000000,1500000
2017-07-14 13:23:06.680000,1.12413,1.1241,2250000,5100000
2017-07-14 13:23:07.190000,1.12414,1.12413,1000000,1500000
2017-07-14 13:23:07.859000,1.12414,1.12413,2250000,1000000
2017-07-14 13:23:07.911000,1.12414,1.1241,3370000,2100000
2017-07-14 13:23:08.014000,1.12414,1.12413,1310000,1500000
2017-07-14 13:23:08.509000,1.12412,1.1241,3190000,2290000
2017-07-14 13:23:08.560000,1.12411,1.1241,1000000,1250000
2017-07-14 13:23:09.070000,1.12413,1.1241,2620000,2620000
2017-07-14 13:23:09.122000,1.12414,1.12412,1370000,1000000
2017-07-14 13:23:09.224000,1.12415,1.12412,1500000,1120000
2017-07-14 13:23:09.326000,1.12417,1.12415,3000000,1000000
2017-07-14 13:23:09.686000,1.12418,1.12416,2250000,1000000
2017-07-14 13:23:09.788000,1.1242,1.12418,6000000,1500000
2017-07-14 13:23:10.905000,1.1242,1.12419,1500000,1000000
2017-07-14 13:23:11.213000,1.12418,1.12417,1500000,1250000
2017-07-14 13:23:11.520000,1.1242,1.12419,1310000,1000000
2017-07-14 13:23:11.824000,1.12419,1.12417,4390000,1000000
2017-07-14 13:23:12.488000,1.12419,1.12416,1120000,4870000
2017-07-14 13:23:12.591000,1.1242,1.12419,1310000,1000000
2017-07-14 13:23:13.183000,1.1242,1.12418,4310000,1690000
2017-07-14 13:23:13.909000,1.1242,1.12419,1120000,1000000
2017-07-14 13:23:14.427000,1.12421,1.12419,1690000,1250000
2017-07-14 13:23:14.744000,1.12421,1.1242,1500000,1000000
2017-07-14 13:23:15.011000,1.1242,1.12416,1120000,14590000
2017-07-14 13:23:15.164000,1.12421,1.1242,1000000,1500000
2017-07-14 13:23:15.726000,1.12421,1.1242,1000000,1500000
2017-07-14 13:23:16.245000,1.1242,1.12419,1870000,1250000
2017-07-14 13:23:16.655000,1.12419,1.12417,2620000,1690000
2017-07-14 13:23:17.245000,1.1242,1.12418,1870000,1000000
2017-07-14 13:23:17.756000,1.12419,1.12417,2250000,1250000
2017-07-14 13:23:18.689000,1.12419,1.12416,3370000,1000000
2017-07-14 13:23:18.842000,1.12419,1.12417,1120000,1250000
2017-07-14 13:23:18.995000,1.12418,1.12416,2810000,1250000
2017-07-14 13:23:19.520000,1.12417,1.12415,2250000,1250000
2017-07-14 13:23:20.120000,1.12415,1.12414,1000000,1000000
2017-07-14 13:23:20.635000,1.12415,1.12414,3220000,1000000
2017-07-14 13:23:20.738000,1.12414,1.12412,3940000,1690000
2017-07-14 13:23:20.841000,1.12412,1.12408,1120000,6750000
2017-07-14 13:23:20.944000,1.12411,1.1241,1000000,1000000
2017-07-14 13:23:21.461000,1.12412,1.12411,1120000,1000000
2017-07-14 13:23:22.126000,1.12413,1.1241,7160000,1250000
2017-07-14 13:23:22.546000,1.12413,1.12411,6040000,1000000
2017-07-14 13:23:23.006000,1.12413,1.1241,6790000,1690000
2017-07-14 13:23:23.779000,1.12411,1.1241,1000000,1000000
2017-07-14 13:23:23.882000,1.12409,1.12408,1120000,1500000
2017-07-14 13:23:24.250000,1.12411,1.1241,1000000,1500000
2017-07-14 13:23:24.761000,1.12412,1.12411,1300000,1000000
2017-07-14 13:23:25.680000,1.12412,1.1241,1300000,1870000
2017-07-14 13:23:25.986000,1.12418,1.12416,1120000,1120000
2017-07-14 13:23:26.292000,1.12412,1.12411,1000000,1120000
2017-07-14 13:23:26.344000,1.1241,1.12407,1120000,5620000
2017-07-14 13:23:26.780000,1.12411,1.1241,4310000,1000000
2017-07-14 13:23:26.934000,1.12413,1.12411,1000000,2060000
2017-07-14 13:23:27.460000,1.12414,1.12411,1120000,1690000
2017-07-14 13:23:27.714000,1.12411,1.12409,1500000,2250000
2017-07-14 13:23:27.911000,1.12406,1.12404,1120000,1870000
2017-07-14 13:23:28.116000,1.12405,1.12403,1000000,2250000
2017-07-14 13:23:28.632000,1.12405,1.12403,9370000,1250000
2017-07-14 13:23:29.526000,1.12405,1.12403,9750000,1310000
2017-07-14 13:23:30.518000,1.12405,1.12403,1120000,1540000
2017-07-14 13:23:30.708000,1.12408,1.12404,2060000,1350000
2017-07-14 13:23:30.762000,1.12408,1.12406,1310000,1000000
2017-07-14 13:23:31.271000,1.12409,1.12406,1870000,1060000
2017-07-14 13:23:32.519000,1.12409,1.12407,1120000,1000000
2017-07-14 13:23:33.052000,1.12409,1.12407,1000000,1000000
2017-07-14 13:23:33.361000,1.12413,1.12412,2060000,1690000
2017-07-14 13:23:34.489000,1.12413,1.12411,2810000,1730000
2017-07-14 13:23:37.133000,1.12412,1.1241,1310000,1250000
2017-07-14 13:23:37.441000,1.12415,1.12413,1120000,1690000
2017-07-14 13:23:38.633000,1.12416,1.12414,3000000,1060000
2017-07-14 13:23:38.994000,1.12411,1.12409,3000000,1690000
2017-07-14 13:23:39.506000,1.12413,1.1241,5850000,1060000
2017-07-14 13:23:40.015000,1.12412,1.12409,1120000,3560000
2017-07-14 13:23:40.329000,1.12409,1.12407,2060000,1690000
2017-07-14 13:23:40.635000,1.12408,1.12406,5470000,1000000
2017-07-14 13:23:42.094000,1.12406,1.12404,1000000,1120000
2017-07-14 13:23:42.400000,1.12409,1.12407,3370000,1690000
2017-07-14 13:23:42.767000,1.12407,1.12404,1000000,5440000
2017-07-14 13:23:43.278000,1.12407,1.12405,1000000,1870000
2017-07-14 13:23:43.537000,1.12409,1.12407,1000000,1120000
2017-07-14 13:23:43.820000,1.12411,1.12409,1310000,1000000
2017-07-14 13:23:44.345000,1.1241,1.12409,1250000,1690000
2017-07-14 13:23:44.859000,1.12411,1.1241,1120000,1000000
2017-07-14 13:23:45.485000,1.12411,1.12409,3000000,1690000
2017-07-14 13:23:49.277000,1.12411,1.1241,2250000,1000000
2017-07-14 13:23:49.785000,1.12411,1.12409,2250000,2060000
2017-07-14 13:23:50.989000,1.12411,1.12409,3750000,1250000
2017-07-14 13:23:51.700000,1.12411,1.12409,3000000,1000000
2017-07-14 13:23:53.091000,1.12412,1.12409,1000000,2440000
2017-07-14 13:23:53.604000,1.12411,1.12409,1120000,1250000
2017-07-14 13:23:54.114000,1.12408,1.12407,1250000,1310000
2017-07-14 13:23:54.371000,1.12407,1.12405,2440000,1000000
2017-07-14 13:23:54.422000,1.12404,1.12403,1000000,7310000
2017-07-14 13:23:54.525000,1.12404,1.12401,3790000,12370000
2017-07-14 13:23:55.034000,1.12404,1.12403,1000000,1000000
2017-07-14 13:23:55.544000,1.12405,1.12403,1000000,3940000
2017-07-14 13:23:56.065000,1.12406,1.12403,1000000,4690000
2017-07-14 13:23:56.649000,1.12407,1.12404,1310000,1120000
2017-07-14 13:23:57.185000,1.12407,1.12405,1000000,1000000
2017-07-14 13:23:57.238000,1.12409,1.12406,1000000,2250000
2017-07-14 13:23:58.223000,1.1241,1.12408,1250000,1000000
2017-07-14 13:23:58.737000,1.12411,1.12408,4500000,1690000
2017-07-14 13:23:59.388000,1.1241,1.12408,1500000,1250000
2017-07-14 13:23:59.697000,1.12406,1.12404,1000000,4580000
2017-07-14 13:24:00.182000,1.12405,1.12403,1000000,13310000
2017-07-14 13:24:01.453000,1.12405,1.12403,1000000,1110000
2017-07-14 13:24:01.758000,1.12402,1.12401,1000000,1110000
2017-07-14 13:24:02.114000,1.12406,1.12405,1000000,6750000
2017-07-14 13:24:02.166000,1.12407,1.12406,1120000,2250000
2017-07-14 13:24:02.705000,1.12406,1.12404,1000000,1370000
2017-07-14 13:24:03.233000,1.12406,1.12404,1000000,1000000
2017-07-14 13:24:03.920000,1.12407,1.12406,1000000,1500000
2017-07-14 13:24:04.023000,1.12409,1.12407,1000000,1000000
2017-07-14 13:24:04.704000,1.1241,1.12407,1250000,1500000
2017-07-14 13:24:05.217000,1.12409,1.12406,1310000,1690000
2017-07-14 13:24:05.378000,1.1241,1.12407,8850000,1000000
2017-07-14 13:24:11.389000,1.12407,1.12406,5290000,1690000
2017-07-14 13:24:11.902000,1.12408,1.12407,2810000,1000000
2017-07-14 13:24:12.361000,1.12407,1.12404,2440000,1500000
2017-07-14 13:24:14.423000,1.12407,1.12405,1310000,1000000
2017-07-14 13:24:14.937000,1.12408,1.12406,3750000,1250000
2017-07-14 13:24:18.593000,1.1241,1.12409,7500000,1500000
2017-07-14 13:24:18.695000,1.12411,1.12409,1000000,3000000
2017-07-14 13:24:19.205000,1.1241,1.12409,1000000,1310000
2017-07-14 13:24:19.409000,1.12412,1.12409,1000000,6750000
2017-07-14 13:24:19.916000,1.12411,1.12409,1000000,6750000
2017-07-14 13:24:20.514000,1.12413,1.1241,1250000,1500000
2017-07-14 13:24:21.482000,1.12414,1.12411,2060000,1500000
2017-07-14 13:24:21.636000,1.12416,1.12413,4540000,1000000
2017-07-14 13:24:24.484000,1.12415,1.12412,1250000,3370000
2017-07-14 13:24:25.208000,1.12416,1.12413,1500000,3940000
2017-07-14 13:24:25.950000,1.12415,1.12413,1000000,1690000
2017-07-14 13:24:26.462000,1.12416,1.12413,2060000,2060000
2017-07-14 13:24:26.992000,1.12415,1.12413,1000000,1310000
2017-07-14 13:24:27.095000,1.12417,1.12414,2810000,1000000
2017-07-14 13:24:27.604000,1.12419,1.12417,2060000,1000000
2017-07-14 13:24:27.656000,1.12421,1.12419,2510000,1000000
2017-07-14 13:24:28.165000,1.12422,1.12419,4120000,1690000
2017-07-14 13:24:28.689000,1.12419,1.12418,1000000,1500000
2017-07-14 13:24:29.202000,1.12422,1.12419,3750000,1000000
2017-07-14 13:24:29.753000,1.12422,1.12419,2250000,1690000
2017-07-14 13:24:30.059000,1.12423,1.12421,3560000,1000000
2017-07-14 13:24:30.568000,1.12423,1.12422,9190000,1690000
2017-07-14 13:24:31.342000,1.12424,1.12423,1310000,1000000
2017-07-14 13:24:31.852000,1.12425,1.12423,4870000,1000000
2017-07-14 13:24:33.374000,1.12425,1.12424,1250000,1000000
2017-07-14 13:24:33.530000,1.12428,1.12426,2810000,1000000
2017-07-14 13:24:37.683000,1.12429,1.12426,2250000,2060000
2017-07-14 13:24:38.792000,1.12429,1.12426,3750000,2100000
2017-07-14 13:24:39.301000,1.12427,1.12426,4500000,1250000
2017-07-14 13:24:39.832000,1.12427,1.12426,1870000,1690000
2017-07-14 13:24:40.088000,1.1243,1.12429,1690000,1500000
2017-07-14 13:24:40.191000,1.12435,1.12433,2440000,1000000
2017-07-14 13:24:40.702000,1.12435,1.12433,4500000,7500000
2017-07-14 13:24:41.169000,1.12433,1.12432,1120000,1310000
2017-07-14 13:24:41.427000,1.12428,1.12427,2060000,8620000
2017-07-14 13:24:42.008000,1.12429,1.12426,3190000,5850000
2017-07-14 13:24:42.549000,1.12429,1.12428,3300000,1000000
2017-07-14 13:24:43.779000,1.12429,1.12428,2170000,1000000
2017-07-14 13:24:44.289000,1.1243,1.12428,1250000,4690000
2017-07-14 13:24:44.832000,1.1243,1.12428,3370000,5690000
2017-07-14 13:24:45.345000,1.1243,1.12428,3370000,5480000
2017-07-14 13:24:46.040000,1.12429,1.12427,7500000,5440000
2017-07-14 13:24:47.365000,1.12428,1.12427,1310000,1000000
2017-07-14 13:24:48.038000,1.12425,1.12423,1500000,3000000
2017-07-14 13:24:48.367000,1.12423,1.12422,1310000,1000000
2017-07-14 13:24:49.559000,1.12423,1.12421,2060000,1250000
2017-07-14 13:24:51.222000,1.12423,1.12421,3600000,1690000
2017-07-14 13:24:51.954000,1.12423,1.12421,4050000,1000000
2017-07-14 13:24:52.747000,1.12419,1.12417,3560000,14700000
2017-07-14 13:24:52.900000,1.12419,1.12416,6790000,18750000
2017-07-14 13:24:53.531000,1.12417,1.12416,1500000,1250000
2017-07-14 13:24:54.465000,1.12417,1.12415,2060000,1120000
2017-07-14 13:24:54.977000,1.12416,1.12414,2620000,1000000
2017-07-14 13:24:55.483000,1.12416,1.12415,1870000,1250000
2017-07-14 13:24:56.033000,1.12416,1.12414,2060000,1690000
2017-07-14 13:24:56.565000,1.12416,1.12414,5620000,1250000
2017-07-14 13:24:56.918000,1.12413,1.12412,1000000,1000000
2017-07-14 13:24:59.469000,1.12414,1.12413,1000000,1690000
2017-07-14 13:25:01.341000,1.12411,1.12409,1000000,3370000
2017-07-14 13:25:01.547000,1.1241,1.12408,1000000,1950000
2017-07-14 13:25:02.160000,1.12412,1.12411,1000000,1250000
2017-07-14 13:25:02.717000,1.12413,1.12411,1000000,1250000
2017-07-14 13:25:03.328000,1.12412,1.1241,2250000,1250000
2017-07-14 13:25:03.645000,1.1241,1.12408,1000000,1120000
2017-07-14 13:25:04.967000,1.12411,1.12409,1500000,1250000
2017-07-14 13:25:05.504000,1.12408,1.12407,1000000,3000000
2017-07-14 13:25:05.862000,1.12407,1.12405,1000000,1120000
2017-07-14 13:25:06.392000,1.12406,1.12403,1000000,6190000
2017-07-14 13:25:06.916000,1.12405,1.12403,1000000,5620000
2017-07-14 13:25:07.738000,1.12403,1.12402,1000000,1570000
2017-07-14 13:25:09.221000,1.12406,1.12403,3260000,1120000
2017-07-14 13:25:09.681000,1.12405,1.12403,1000000,2620000
2017-07-14 13:25:09.885000,1.12407,1.12405,1120000,1120000
2017-07-14 13:25:10.787000,1.12408,1.12406,1010000,1000000
2017-07-14 13:25:11.300000,1.12409,1.12407,6560000,1870000
2017-07-14 13:25:11.924000,1.12409,1.12408,2060000,1000000
2017-07-14 13:25:12.588000,1.12411,1.12409,12000000,1690000
2017-07-14 13:25:13.184000,1.1241,1.12409,2620000,3750000
2017-07-14 13:25:13.765000,1.1241,1.12409,1690000,1500000
2017-07-14 13:25:15.898000,1.1241,1.12408,3750000,4690000
2017-07-14 13:25:16.408000,1.1241,1.12409,3560000,1690000
2017-07-14 13:25:16.912000,1.12411,1.1241,3190000,1000000
2017-07-14 13:25:18.752000,1.1241,1.12409,4120000,1120000
2017-07-14 13:25:19.261000,1.1241,1.12408,4120000,5440000
2017-07-14 13:25:20.077000,1.1241,1.12408,2810000,4500000
2017-07-14 13:25:20.826000,1.12406,1.12405,3040000,75370003
2017-07-14 13:25:21.340000,1.12407,1.12406,1870000,5440000
2017-07-14 13:25:21.877000,1.12405,1.12404,5850000,3750000
2017-07-14 13:25:22.391000,1.12404,1.12402,2890000,4310000
2017-07-14 13:25:22.927000,1.12403,1.12402,1250000,4690000
2017-07-14 13:25:23.253000,1.12401,1.12399,1000000,74809998
2017-07-14 13:25:23.306000,1.12402,1.124,1000000,4870000
2017-07-14 13:25:23.410000,1.124,1.12399,5850000,1000000
2017-07-14 13:25:23.720000,1.12395,1.12393,1000000,2250000
2017-07-14 13:25:24.346000,1.12395,1.12393,1000000,1500000
2017-07-14 13:25:24.855000,1.12392,1.12391,1000000,1870000
2017-07-14 13:25:24.907000,1.12392,1.1239,5290000,1310000
2017-07-14 13:25:24.959000,1.12388,1.12387,1000000,1000000
2017-07-14 13:25:25.475000,1.12389,1.12386,1000000,2250000
2017-07-14 13:25:25.983000,1.12389,1.12388,1000000,1250000
2017-07-14 13:25:26.290000,1.12392,1.1239,1870000,1690000
2017-07-14 13:25:26.393000,1.12393,1.1239,2440000,1690000
2017-07-14 13:25:26.650000,1.12391,1.1239,1000000,1250000
2017-07-14 13:25:26.923000,1.1239,1.12386,1000000,7870000
