time,ask,bid,ask_volume,bid_volume
2017-08-25 12:25:00.136000,1.09693,1.0969,1100000,1370000
2017-08-25 12:25:00.238000,1.09692,1.09687,6370000,3450000
2017-08-25 12:25:01.052000,1.09692,1.09689,2440000,1000000
2017-08-25 12:25:01.156000,1.09692,1.0969,1120000,1500000
2017-08-25 12:25:01.298000,1.09695,1.0969,6560000,4500000
2017-08-25 12:25:01.505000,1.09695,1.09693,1500000,1500000
2017-08-25 12:25:01.708000,1.09698,1.09695,3940000,1120000
2017-08-25 12:25:03.246000,1.09698,1.09696,22690001,1000000
2017-08-25 12:25:03.298000,1.09699,1.09697,1000000,2620000
2017-08-25 12:25:03.352000,1.09702,1.09699,2510000,1120000
2017-08-25 12:25:03.865000,1.09703,1.097,2850000,1000000
2017-08-25 12:25:04.581000,1.09704,1.097,4420000,1000000
2017-08-25 12:25:08.300000,1.09703,1.09701,1000000,1000000
2017-08-25 12:25:08.814000,1.09703,1.097,1000000,1870000
2017-08-25 12:25:11.305000,1.097,1.09699,2060000,1120000
2017-08-25 12:25:11.459000,1.09698,1.09694,4310000,3940000
2017-08-25 12:25:12.292000,1.09698,1.09696,2060000,1500000
2017-08-25 12:25:12.446000,1.09703,1.097,1720000,1120000
2017-08-25 12:25:12.957000,1.09702,1.097,1000000,1000000
2017-08-25 12:25:13.519000,1.09703,1.097,1350000,1000000
2017-08-25 12:25:13.906000,1.09705,1.09702,2440000,1000000
2017-08-25 12:25:14.110000,1.09706,1.09703,1000000,1250000
2017-08-25 12:25:14.212000,1.09704,1.09701,1500000,2810000
2017-08-25 12:25:14.469000,1.09706,1.09703,1500000,1500000
2017-08-25 12:25:14.872000,1.09707,1.09705,1120000,1000000
2017-08-25 12:25:15.181000,1.09709,1.09706,1250000,1370000
2017-08-25 12:25:15.994000,1.09709,1.09706,1690000,1500000
2017-08-25 12:25:20.045000,1.09707,1.09706,1000000,3370000
2017-08-25 12:25:20.148000,1.09705,1.09703,3000000,1500000
2017-08-25 12:25:20.348000,1.09707,1.09704,1000000,2440000
2017-08-25 12:25:20.553000,1.09709,1.09706,1250000,2250000
2017-08-25 12:25:24.848000,1.09708,1.09705,1000000,1370000
2017-08-25 12:25:27.569000,1.09704,1.09703,1000000,1570000
2017-08-25 12:25:27.621000,1.09704,1.09702,2620000,1000000
2017-08-25 12:25:28.111000,1.09704,1.097,6750000,1160000
2017-08-25 12:25:30.024000,1.09703,1.09699,1690000,1870000
2017-08-25 12:25:35.251000,1.09702,1.09699,1310000,1500000
2017-08-25 12:25:35.508000,1.097,1.09697,1250000,3000000
2017-08-25 12:25:35.812000,1.09701,1.09699,2060000,1000000
2017-08-25 12:25:36.223000,1.09704,1.097,6560000,2250000
2017-08-25 12:25:36.739000,1.09704,1.09701,3560000,1870000
2017-08-25 12:25:37.811000,1.09704,1.09702,1500000,2440000
2017-08-25 12:25:37.864000,1.09707,1.09704,2890000,1000000
2017-08-25 12:25:38.122000,1.09708,1.09704,2810000,2620000
2017-08-25 12:25:38.493000,1.09705,1.09703,2810000,1370000
2017-08-25 12:25:38.646000,1.09704,1.09702,1690000,1000000
2017-08-25 12:25:39.260000,1.09704,1.09703,1500000,1000000
2017-08-25 12:25:39.413000,1.09707,1.09705,3560000,1000000
2017-08-25 12:25:41.380000,1.09707,1.09704,1250000,1120000
2017-08-25 12:25:41.739000,1.09705,1.09703,1000000,4120000
2017-08-25 12:25:41.841000,1.09704,1.09701,3750000,1120000
2017-08-25 12:25:42.365000,1.09703,1.097,1000000,1000000
2017-08-25 12:25:44.164000,1.09703,1.09698,2620000,9190000
2017-08-25 12:25:44.216000,1.097,1.09698,1690000,4240000
2017-08-25 12:25:44.728000,1.09701,1.09697,3190000,1000000
2017-08-25 12:25:45.250000,1.09702,1.09698,2060000,1000000
2017-08-25 12:25:46.260000,1.09701,1.09697,1120000,3940000
2017-08-25 12:25:46.942000,1.09701,1.09697,1120000,6260000
2017-08-25 12:25:49.039000,1.09699,1.09697,1000000,5440000
2017-08-25 12:25:49.320000,1.09697,1.09693,1690000,3970000
2017-08-25 12:25:49.838000,1.09697,1.09693,1500000,3220000
2017-08-25 12:25:53.665000,1.09697,1.09694,3190000,1000000
2017-08-25 12:25:53.818000,1.09693,1.09691,1500000,3490000
2017-08-25 12:25:53.920000,1.09691,1.09689,1870000,9750000
2017-08-25 12:25:54.423000,1.09691,1.09687,1120000,7130000
2017-08-25 12:25:57.902000,1.09691,1.09687,1690000,4570000
2017-08-25 12:25:59.601000,1.09691,1.09688,1690000,1000000
2017-08-25 12:26:00.406000,1.09692,1.09689,2440000,1690000
2017-08-25 12:26:00.610000,1.09693,1.0969,1250000,1870000
2017-08-25 12:26:00.764000,1.09695,1.09691,5060000,2250000
2017-08-25 12:26:01.303000,1.09696,1.09693,20660000,1120000
2017-08-25 12:26:02.669000,1.09696,1.09695,60410000,1000000
2017-08-25 12:26:03.178000,1.09696,1.09693,79160004,4310000
2017-08-25 12:26:03.925000,1.09697,1.09694,2810000,1000000
2017-08-25 12:26:06.078000,1.09697,1.09694,2060000,1000000
2017-08-25 12:26:06.130000,1.09698,1.09696,169500000,2250000
2017-08-25 12:26:06.232000,1.09701,1.09698,172309998,1500000
2017-08-25 12:26:07.156000,1.09702,1.09698,2060000,5250000
2017-08-25 12:26:07.208000,1.09702,1.097,2060000,1500000
2017-08-25 12:26:07.973000,1.09703,1.097,231750000,1120000
2017-08-25 12:26:08.489000,1.09704,1.097,251059998,4870000
2017-08-25 12:26:09.009000,1.09704,1.097,263440002,3750000
2017-08-25 12:26:10.318000,1.09704,1.09701,293059998,1000000
2017-08-25 12:26:10.940000,1.09704,1.09702,1000000,1000000
2017-08-25 12:26:11.249000,1.09709,1.09704,2810000,7500000
2017-08-25 12:26:15.238000,1.09709,1.09705,2440000,2620000
2017-08-25 12:26:19.198000,1.09705,1.09704,3370000,1120000
2017-08-25 12:26:19.302000,1.09704,1.09702,5810000,1000000
2017-08-25 12:26:19.658000,1.09704,1.097,6560000,1500000
2017-08-25 12:26:20.204000,1.09704,1.097,6190000,1870000
2017-08-25 12:26:22.127000,1.09703,1.097,1120000,1120000
2017-08-25 12:26:23.635000,1.09703,1.09699,2250000,2630000
2017-08-25 12:26:24.147000,1.09703,1.097,1500000,1000000
2017-08-25 12:26:25.938000,1.09699,1.09697,1000000,8320000
2017-08-25 12:26:26.145000,1.09697,1.09694,2810000,1500000
2017-08-25 12:26:26.649000,1.09697,1.09694,3000000,1000000
2017-08-25 12:26:28.041000,1.09697,1.09694,4120000,1000000
2017-08-25 12:26:29.701000,1.09697,1.09694,3750000,1000000
2017-08-25 12:26:30.242000,1.09695,1.09692,1500000,1000000
2017-08-25 12:26:30.879000,1.09694,1.09692,1000000,1000000
2017-08-25 12:26:32.630000,1.09696,1.09693,2060000,1120000
2017-08-25 12:26:33.136000,1.09696,1.09694,1250000,1000000
2017-08-25 12:26:35.289000,1.09696,1.09693,1120000,2060000
2017-08-25 12:26:35.799000,1.09697,1.09694,3370000,1000000
2017-08-25 12:26:38.410000,1.09697,1.09694,2250000,1500000
2017-08-25 12:26:43.828000,1.09697,1.09695,2250000,1000000
2017-08-25 12:26:45.104000,1.09696,1.09694,1000000,1000000
2017-08-25 12:26:49.968000,1.09696,1.09693,1500000,1310000
2017-08-25 12:26:50.478000,1.09696,1.09693,1120000,2060000
2017-08-25 12:26:50.852000,1.09697,1.09696,1120000,1000000
2017-08-25 12:26:51.363000,1.09698,1.09696,2810000,2620000
2017-08-25 12:26:52.183000,1.09698,1.09696,2060000,3000000
2017-08-25 12:26:54.247000,1.09701,1.09698,2740000,1000000
2017-08-25 12:26:55.581000,1.09702,1.09699,2060000,1870000
2017-08-25 12:26:57.998000,1.09703,1.09701,1690000,1000000
2017-08-25 12:26:58.502000,1.09703,1.09701,1120000,1500000
2017-08-25 12:26:59.034000,1.09704,1.09701,4010000,1500000
2017-08-25 12:26:59.630000,1.09703,1.09701,1000000,1500000
2017-08-25 12:27:03.071000,1.09704,1.09702,3940000,1000000
2017-08-25 12:27:03.177000,1.09707,1.09704,2510000,1120000
2017-08-25 12:27:03.280000,1.09708,1.09706,4690000,1000000
2017-08-25 12:27:06.572000,1.09709,1.09707,1690000,1000000
2017-08-25 12:27:07.121000,1.09709,1.09707,1000000,1000000
2017-08-25 12:27:08.015000,1.09706,1.09705,1000000,1500000
2017-08-25 12:27:08.067000,1.09704,1.09703,5700000,14440000
2017-08-25 12:27:08.221000,1.09704,1.09701,3070000,1870000
2017-08-25 12:27:08.737000,1.09704,1.09702,4200000,1500000
2017-08-25 12:27:11.182000,1.09703,1.09702,1120000,1000000
2017-08-25 12:27:11.571000,1.09699,1.09698,1120000,4120000
2017-08-25 12:27:11.674000,1.09701,1.09698,3370000,1120000
2017-08-25 12:27:11.930000,1.09702,1.097,1000000,1000000
2017-08-25 12:27:12.616000,1.09703,1.097,2320000,1000000
2017-08-25 12:27:14.120000,1.09702,1.097,1000000,1000000
2017-08-25 12:27:17.279000,1.09702,1.09701,1000000,1000000
2017-08-25 12:27:19.439000,1.09703,1.09701,1120000,1000000
2017-08-25 12:27:20.012000,1.09703,1.09701,1500000,1000000
2017-08-25 12:27:22.602000,1.09703,1.09701,1120000,1000000
2017-08-25 12:27:27.485000,1.09704,1.09701,5250000,1120000
2017-08-25 12:27:29.514000,1.09703,1.09701,1000000,1000000
2017-08-25 12:27:32.244000,1.09704,1.09702,4500000,1000000
2017-08-25 12:27:32.297000,1.09705,1.09702,2700000,1000000
2017-08-25 12:27:32.400000,1.09705,1.09704,1250000,1000000
2017-08-25 12:27:32.925000,1.09708,1.09705,2810000,1000000
2017-08-25 12:27:38.238000,1.09703,1.09702,1870000,6190000
2017-08-25 12:27:38.290000,1.09702,1.09698,3000000,2320000
2017-08-25 12:27:39.216000,1.09703,1.09699,1310000,1120000
2017-08-25 12:27:39.730000,1.09703,1.097,1310000,1000000
2017-08-25 12:27:40.254000,1.09704,1.097,2810000,2620000
2017-08-25 12:27:46.293000,1.09703,1.09699,2810000,3000000
2017-08-25 12:27:46.862000,1.09702,1.09699,1000000,2620000
2017-08-25 12:27:50.022000,1.09702,1.09699,1500000,1120000
2017-08-25 12:27:56.889000,1.09702,1.09699,1120000,1500000
2017-08-25 12:27:58.989000,1.09703,1.09699,2890000,1000000
2017-08-25 12:28:00.134000,1.09701,1.097,1000000,1000000
2017-08-25 12:28:00.742000,1.09702,1.097,1870000,1000000
2017-08-25 12:28:01.152000,1.097,1.09699,1310000,1000000
2017-08-25 12:28:01.204000,1.09701,1.09698,4870000,1000000
2017-08-25 12:28:01.255000,1.097,1.09696,3640000,1870000
2017-08-25 12:28:01.802000,1.09701,1.09697,3260000,1120000
2017-08-25 12:28:02.537000,1.09702,1.09697,5140000,3370000
2017-08-25 12:28:03.388000,1.09701,1.09697,1250000,3370000
2017-08-25 12:28:04.625000,1.09702,1.09699,3260000,1000000
2017-08-25 12:28:05.128000,1.09702,1.09699,2060000,1000000
2017-08-25 12:28:05.673000,1.09702,1.097,2060000,1000000
2017-08-25 12:28:06.029000,1.09701,1.09699,2440000,1000000
2017-08-25 12:28:06.081000,1.097,1.09697,1500000,2440000
2017-08-25 12:28:06.613000,1.09702,1.09697,3640000,7120000
2017-08-25 12:28:07.023000,1.09702,1.09698,1760000,4120000
2017-08-25 12:28:08.258000,1.09703,1.09699,1290000,1370000
2017-08-25 12:28:10.029000,1.09702,1.09701,1250000,1000000
2017-08-25 12:28:12.061000,1.09704,1.09701,4310000,1500000
2017-08-25 12:28:24.342000,1.09704,1.09702,2060000,1000000
2017-08-25 12:28:25.209000,1.09704,1.09703,1500000,2440000
2017-08-25 12:28:25.260000,1.09707,1.09704,5850000,1500000
2017-08-25 12:28:25.821000,1.09708,1.09705,3970000,1500000
2017-08-25 12:28:26.450000,1.09707,1.09706,1160000,1500000
2017-08-25 12:28:31.258000,1.09711,1.09709,1000000,1000000
2017-08-25 12:28:32.486000,1.09711,1.09709,1000000,5250000
2017-08-25 12:28:33.030000,1.09711,1.09709,1120000,2620000
2017-08-25 12:28:36.476000,1.09709,1.09708,1500000,1500000
2017-08-25 12:28:37.051000,1.09708,1.09706,1120000,1500000
2017-08-25 12:28:37.593000,1.09708,1.09706,1120000,1870000
2017-08-25 12:28:39.136000,1.09707,1.09705,1120000,1500000
2017-08-25 12:28:39.650000,1.09707,1.09704,1120000,3000000
2017-08-25 12:28:40.166000,1.09708,1.09704,4120000,2630000
2017-08-25 12:28:41.939000,1.09707,1.09704,1120000,3000000
2017-08-25 12:28:47.383000,1.09706,1.09703,1000000,5890000
2017-08-25 12:28:47.988000,1.09706,1.09703,1120000,4760000
2017-08-25 12:28:48.092000,1.09705,1.09702,1120000,1570000
2017-08-25 12:28:48.144000,1.09702,1.097,1000000,5140000
2017-08-25 12:28:48.248000,1.09701,1.09698,1500000,1250000
2017-08-25 12:28:48.758000,1.09698,1.09696,2250000,1120000
2017-08-25 12:28:49.269000,1.09698,1.09695,5440000,1000000
2017-08-25 12:28:49.576000,1.09695,1.09693,1500000,1000000
2017-08-25 12:28:50.077000,1.09695,1.09694,1500000,1000000
2017-08-25 12:28:50.435000,1.09693,1.09692,1120000,2620000
2017-08-25 12:28:50.580000,1.09692,1.09689,1500000,1690000
2017-08-25 12:28:51.091000,1.09692,1.0969,1500000,1000000
2017-08-25 12:28:51.619000,1.09692,1.09689,1500000,2250000
2017-08-25 12:28:53.409000,1.09691,1.09688,1120000,2440000
2017-08-25 12:28:53.921000,1.0969,1.09687,1000000,2810000
2017-08-25 12:28:54.437000,1.0969,1.09687,1000000,2060000
2017-08-25 12:28:56.097000,1.09691,1.09687,1120000,2630000
2017-08-25 12:28:58.625000,1.09693,1.0969,1760000,2250000
2017-08-25 12:28:59.137000,1.09694,1.09691,4390000,1000000
2017-08-25 12:28:59.916000,1.09694,1.09692,1250000,1000000
2017-08-25 12:29:00.428000,1.09694,1.09693,1000000,1120000
2017-08-25 12:29:00.667000,1.09696,1.09693,2810000,1500000
2017-08-25 12:29:03.519000,1.09696,1.09694,1000000,1000000
2017-08-25 12:29:04.023000,1.09697,1.09694,3260000,1000000
2017-08-25 12:29:08.673000,1.09698,1.09696,1290000,1000000
2017-08-25 12:29:08.776000,1.09699,1.09696,1000000,1120000
2017-08-25 12:29:08.879000,1.09697,1.09695,1310000,1000000
2017-08-25 12:29:09.398000,1.09697,1.09694,1690000,1000000
2017-08-25 12:29:10.798000,1.09697,1.09695,2060000,1000000
2017-08-25 12:29:11.319000,1.09697,1.09694,2060000,1000000
2017-08-25 12:29:12.022000,1.09697,1.09696,1310000,1000000
2017-08-25 12:29:12.176000,1.09701,1.09699,1690000,1000000
2017-08-25 12:29:12.707000,1.09702,1.09699,2440000,1120000
2017-08-25 12:29:13.895000,1.09694,1.09692,2620000,1500000
2017-08-25 12:29:14.407000,1.09693,1.09691,1000000,1000000
2017-08-25 12:29:14.561000,1.09691,1.09688,1500000,1870000
2017-08-25 12:29:20.063000,1.0969,1.09688,1000000,1120000
2017-08-25 12:29:20.574000,1.0969,1.09687,4690000,1120000
2017-08-25 12:29:22.142000,1.09688,1.09686,1500000,3000000
2017-08-25 12:29:22.248000,1.09688,1.09685,1870000,1120000
2017-08-25 12:29:22.485000,1.09689,1.09686,1690000,1120000
2017-08-25 12:29:22.948000,1.0969,1.09688,1250000,1000000
2017-08-25 12:29:23.733000,1.09691,1.09689,1190000,1000000
2017-08-25 12:29:23.785000,1.09692,1.0969,1120000,1000000
2017-08-25 12:29:23.888000,1.09695,1.09692,1010000,1310000
2017-08-25 12:29:23.991000,1.09696,1.09694,1000000,1000000
2017-08-25 12:29:24.196000,1.09701,1.09698,1500000,1000000
2017-08-25 12:29:24.248000,1.09701,1.097,1120000,1000000
2017-08-25 12:29:24.758000,1.09702,1.097,1120000,1000000
2017-08-25 12:29:28.379000,1.09698,1.09697,9190000,1870000
2017-08-25 12:29:28.430000,1.09697,1.09695,1500000,9370000
2017-08-25 12:29:29.476000,1.09698,1.09695,2440000,1000000
2017-08-25 12:29:34.275000,1.09698,1.09696,1000000,1120000
2017-08-25 12:29:34.785000,1.09698,1.09694,3370000,2440000
2017-08-25 12:29:36.940000,1.09696,1.09694,4060000,2320000
2017-08-25 12:29:36.995000,1.09694,1.09691,1000000,3370000
2017-08-25 12:29:37.508000,1.09695,1.09693,1500000,1000000
2017-08-25 12:29:38.059000,1.09695,1.09692,1310000,1250000
2017-08-25 12:29:38.367000,1.09693,1.0969,1000000,3260000
2017-08-25 12:29:38.877000,1.09693,1.0969,1120000,1120000
2017-08-25 12:29:40.722000,1.09693,1.09689,1870000,1690000
2017-08-25 12:29:41.485000,1.09694,1.09692,1500000,1000000
2017-08-25 12:29:42.031000,1.09695,1.09692,1000000,1000000
2017-08-25 12:29:42.547000,1.09696,1.09692,1120000,1000000
2017-08-25 12:29:46.459000,1.09697,1.09691,1870000,1010000
2017-08-25 12:29:46.817000,1.09701,1.09696,1500000,1390000
2017-08-25 12:29:46.949000,1.09703,1.09696,1540000,4390000
2017-08-25 12:29:47.465000,1.09704,1.09697,3040000,1950000
2017-08-25 12:29:47.985000,1.09702,1.09697,1000000,2140000
2017-08-25 12:29:48.190000,1.09706,1.097,1950000,1500000
2017-08-25 12:29:48.344000,1.09707,1.09702,1690000,1570000
2017-08-25 12:29:48.864000,1.09708,1.09701,4880000,2700000
2017-08-25 12:29:49.292000,1.09707,1.09703,1000000,2700000
2017-08-25 12:29:49.446000,1.09707,1.09702,1000000,1570000
2017-08-25 12:29:50.113000,1.09707,1.09703,1000000,1100000
2017-08-25 12:29:50.664000,1.09707,1.097,1390000,2700000
2017-08-25 12:29:51.383000,1.09707,1.097,1120000,3830000
2017-08-25 12:29:51.765000,1.09706,1.09701,4010000,1120000
2017-08-25 12:29:52.337000,1.09706,1.09699,2700000,1570000
2017-08-25 12:29:52.787000,1.09702,1.09697,1010000,1500000
2017-08-25 12:29:52.839000,1.097,1.09697,1000000,1120000
2017-08-25 12:29:53.147000,1.09702,1.09698,1000000,4500000
2017-08-25 12:29:53.454000,1.09702,1.09697,3000000,1570000
2017-08-25 12:29:53.638000,1.09703,1.09697,4690000,1570000
2017-08-25 12:29:53.690000,1.09702,1.09696,3000000,1570000
2017-08-25 12:29:54.201000,1.09702,1.09696,4120000,1200000
2017-08-25 12:29:54.355000,1.09702,1.09699,1500000,1000000
2017-08-25 12:29:54.560000,1.09702,1.09696,3750000,2320000
2017-08-25 12:29:54.703000,1.097,1.09696,1000000,1070000
2017-08-25 12:29:54.757000,1.09698,1.09693,1000000,1200000
2017-08-25 12:29:55.116000,1.09701,1.09695,2060000,1200000
2017-08-25 12:29:55.661000,1.097,1.09694,2250000,1070000
2017-08-25 12:29:55.867000,1.09698,1.09692,3380000,1070000
2017-08-25 12:29:56.382000,1.09699,1.09692,3370000,1200000
2017-08-25 12:29:58.478000,1.09698,1.09691,2060000,1070000
2017-08-25 12:29:59.010000,1.09697,1.09692,3750000,1070000
2017-08-25 12:29:59.533000,1.09697,1.09692,3940000,1070000
2017-08-25 12:29:59.840000,1.09698,1.09693,2620000,1070000
2017-08-25 12:30:00.266000,1.09729,1.09724,1000000,2630000
2017-08-25 12:30:00.371000,1.09728,1.09719,1000000,4090000
2017-08-25 12:30:00.424000,1.09728,1.09722,1000000,1370000
2017-08-25 12:30:00.476000,1.0973,1.09725,1000000,5550000
2017-08-25 12:30:00.850000,1.09731,1.09726,1000000,1450000
2017-08-25 12:30:01.107000,1.09732,1.09726,1000000,1450000
2017-08-25 12:30:01.160000,1.0973,1.09725,1440000,1070000
2017-08-25 12:30:01.213000,1.0973,1.09722,1250000,1070000
2017-08-25 12:30:01.316000,1.09728,1.0972,1000000,1820000
2017-08-25 12:30:01.368000,1.09726,1.09718,1000000,1950000
2017-08-25 12:30:01.471000,1.09724,1.09721,1000000,1000000
2017-08-25 12:30:01.654000,1.09727,1.09717,1950000,1690000
2017-08-25 12:30:02.167000,1.09724,1.09717,1000000,2080000
2017-08-25 12:30:02.670000,1.09721,1.09718,1000000,1600000
2017-08-25 12:30:02.877000,1.0972,1.09717,1200000,1120000
2017-08-25 12:30:03.093000,1.09721,1.09714,1100000,1100000
2017-08-25 12:30:03.349000,1.09719,1.09713,1000000,2320000
2017-08-25 12:30:03.504000,1.09719,1.09709,1070000,1450000
2017-08-25 12:30:03.658000,1.09718,1.09709,2510000,2320000
2017-08-25 12:30:03.997000,1.09715,1.0971,1690000,1200000
2017-08-25 12:30:04.254000,1.09714,1.09707,1200000,3450000
2017-08-25 12:30:04.801000,1.09714,1.09706,1390000,1450000
2017-08-25 12:30:05.315000,1.09712,1.09706,1000000,1450000
2017-08-25 12:30:05.800000,1.0971,1.09705,1120000,3640000
2017-08-25 12:30:06.329000,1.0971,1.09705,1000000,1620000
2017-08-25 12:30:06.661000,1.09715,1.0971,1500000,1070000
2017-08-25 12:30:07.318000,1.09714,1.0971,1000000,1100000
2017-08-25 12:30:07.835000,1.09716,1.09711,1500000,1120000
2017-08-25 12:30:07.887000,1.09715,1.09712,1000000,1200000
2017-08-25 12:30:08.416000,1.09716,1.09711,2250000,1200000
2017-08-25 12:30:09.061000,1.0972,1.09716,2250000,1100000
2017-08-25 12:30:09.320000,1.09726,1.09721,1250000,1200000
2017-08-25 12:30:09.836000,1.09726,1.09722,1000000,1950000
2017-08-25 12:30:10.295000,1.09722,1.0972,1500000,1000000
2017-08-25 12:30:10.449000,1.0972,1.09717,1000000,1000000
2017-08-25 12:30:10.810000,1.0972,1.09715,3000000,1570000
2017-08-25 12:30:11.262000,1.09718,1.09713,1870000,1500000
2017-08-25 12:30:11.596000,1.0972,1.09716,1870000,1500000
2017-08-25 12:30:12.187000,1.0972,1.09716,1870000,1500000
2017-08-25 12:30:12.873000,1.09724,1.0972,2290000,1120000
2017-08-25 12:30:12.925000,1.09726,1.09722,1120000,1690000
2017-08-25 12:30:13.028000,1.09728,1.09722,4570000,4310000
2017-08-25 12:30:13.340000,1.09734,1.09731,1500000,1100000
2017-08-25 12:30:13.866000,1.09734,1.09729,2060000,3370000
2017-08-25 12:30:14.214000,1.09737,1.09731,3070000,1500000
2017-08-25 12:30:15.035000,1.0974,1.09736,3070000,1300000
2017-08-25 12:30:15.224000,1.09742,1.09738,1500000,1000000
2017-08-25 12:30:15.484000,1.09743,1.09741,1870000,1000000
2017-08-25 12:30:15.639000,1.09741,1.09739,1120000,1000000
2017-08-25 12:30:16.146000,1.0974,1.09738,1500000,1000000
2017-08-25 12:30:16.658000,1.09742,1.09739,1870000,1000000
2017-08-25 12:30:17.127000,1.09739,1.09738,1000000,1000000
2017-08-25 12:30:17.434000,1.09744,1.09741,2320000,1120000
2017-08-25 12:30:17.485000,1.09745,1.09743,1870000,1000000
2017-08-25 12:30:17.588000,1.09751,1.09747,3820000,1120000
2017-08-25 12:30:17.640000,1.09751,1.09749,1370000,1000000
2017-08-25 12:30:18.159000,1.09751,1.0975,1120000,1000000
2017-08-25 12:30:18.262000,1.09754,1.09751,1000000,1000000
2017-08-25 12:30:18.314000,1.09756,1.09753,2250000,1000000
2017-08-25 12:30:18.724000,1.09758,1.09755,4870000,1000000
2017-08-25 12:30:19.262000,1.09757,1.09754,1000000,1000000
2017-08-25 12:30:19.930000,1.09757,1.09756,1120000,1120000
2017-08-25 12:30:20.114000,1.09761,1.09758,4120000,1000000
2017-08-25 12:30:20.269000,1.09758,1.09757,1000000,1000000
2017-08-25 12:30:20.474000,1.09757,1.09755,1500000,1000000
2017-08-25 12:30:21.094000,1.09757,1.09755,1370000,1000000
2017-08-25 12:30:21.612000,1.09757,1.09755,1000000,1000000
2017-08-25 12:30:22.691000,1.09757,1.09754,1500000,1000000
2017-08-25 12:30:23.136000,1.09757,1.09754,1870000,1000000
2017-08-25 12:30:23.242000,1.09746,1.09744,1000000,1100000
2017-08-25 12:30:23.551000,1.09746,1.09743,2620000,1120000
2017-08-25 12:30:23.963000,1.0974,1.09739,1000000,6820000
2017-08-25 12:30:24.126000,1.09738,1.09736,1000000,1000000
2017-08-25 12:30:24.703000,1.09738,1.09735,1000000,3070000
2017-08-25 12:30:25.613000,1.09738,1.09736,1000000,1000000
2017-08-25 12:30:25.977000,1.09735,1.09733,1050000,1100000
2017-08-25 12:30:26.509000,1.09734,1.09731,1120000,1500000
2017-08-25 12:30:27.019000,1.09737,1.09733,2250000,1870000
2017-08-25 12:30:27.542000,1.09737,1.09734,1870000,1000000
2017-08-25 12:30:28.871000,1.09737,1.09733,1870000,1500000
2017-08-25 12:30:29.400000,1.09736,1.09732,1370000,2700000
2017-08-25 12:30:30.183000,1.09736,1.09734,1370000,1000000
2017-08-25 12:30:30.288000,1.09737,1.09734,1120000,1120000
2017-08-25 12:30:30.902000,1.09738,1.09735,1870000,1000000
2017-08-25 12:30:31.348000,1.09734,1.09732,1000000,4310000
2017-08-25 12:30:31.660000,1.09728,1.09725,3750000,1000000
2017-08-25 12:30:32.019000,1.0973,1.09728,1310000,1000000
2017-08-25 12:30:32.384000,1.09731,1.09729,1000000,2620000
2017-08-25 12:30:32.896000,1.09733,1.09729,1440000,3000000
2017-08-25 12:30:33.152000,1.09734,1.09731,1310000,1000000
2017-08-25 12:30:33.578000,1.09735,1.09732,1120000,3190000
2017-08-25 12:30:33.940000,1.09737,1.09735,1250000,4950000
2017-08-25 12:30:34.043000,1.0974,1.09736,5060000,1120000
2017-08-25 12:30:34.243000,1.09736,1.09733,1250000,5320000
2017-08-25 12:30:34.346000,1.09731,1.09728,1500000,1620000
2017-08-25 12:30:34.449000,1.09731,1.09727,2440000,1120000
2017-08-25 12:30:34.500000,1.09728,1.09726,1370000,3000000
2017-08-25 12:30:34.552000,1.09727,1.09725,1500000,1000000
2017-08-25 12:30:34.604000,1.09722,1.0972,1000000,10200000
2017-08-25 12:30:34.863000,1.09715,1.09712,1500000,6070000
2017-08-25 12:30:35.105000,1.09714,1.0971,1000000,7200000
2017-08-25 12:30:35.362000,1.09716,1.09712,2140000,3000000
2017-08-25 12:30:37.488000,1.09716,1.09715,2810000,1000000
2017-08-25 12:30:37.541000,1.09719,1.09715,2140000,2250000
2017-08-25 12:30:37.695000,1.09721,1.09717,2440000,1120000
2017-08-25 12:30:39.241000,1.09721,1.09717,1310000,3000000
2017-08-25 12:30:39.959000,1.09722,1.09718,2440000,1870000
2017-08-25 12:30:40.472000,1.09723,1.0972,1310000,1120000
2017-08-25 12:30:41.018000,1.09724,1.0972,1310000,1100000
2017-08-25 12:30:41.731000,1.09725,1.0972,2810000,2320000
2017-08-25 12:30:41.783000,1.09725,1.09723,1120000,1000000
2017-08-25 12:30:41.887000,1.09728,1.09724,2810000,1500000
2017-08-25 12:30:42.402000,1.09728,1.09724,1800000,2320000
2017-08-25 12:30:43.565000,1.09728,1.09724,5810000,1000000
2017-08-25 12:30:44.572000,1.09727,1.09723,2440000,1870000
2017-08-25 12:30:45.288000,1.09728,1.09724,6110000,1000000
2017-08-25 12:30:45.763000,1.0973,1.09727,2810000,1500000
2017-08-25 12:30:46.071000,1.09731,1.09728,1250000,1500000
2017-08-25 12:30:47.361000,1.09732,1.09728,2440000,1500000
2017-08-25 12:30:49.185000,1.09732,1.09728,2440000,1870000
2017-08-25 12:30:49.734000,1.09732,1.09728,2440000,2250000
2017-08-25 12:30:51.335000,1.09734,1.09732,3750000,2100000
2017-08-25 12:30:51.495000,1.09745,1.09741,3820000,1500000
2017-08-25 12:30:51.548000,1.09743,1.09741,5620000,1870000
2017-08-25 12:30:51.755000,1.09744,1.09741,1000000,1500000
2017-08-25 12:30:53.962000,1.09745,1.09741,3190000,2250000
2017-08-25 12:30:54.351000,1.0974,1.09739,2440000,4160000
2017-08-25 12:30:54.508000,1.09739,1.09736,2440000,1000000
2017-08-25 12:30:55.020000,1.09739,1.09735,2440000,1100000
2017-08-25 12:30:55.379000,1.09739,1.09735,4310000,1000000
2017-08-25 12:30:56.095000,1.09737,1.09736,1000000,1000000
2017-08-25 12:30:56.198000,1.09737,1.09734,1310000,1120000
2017-08-25 12:30:56.745000,1.09737,1.09736,1250000,1000000
2017-08-25 12:30:56.797000,1.09737,1.09734,1250000,1120000
2017-08-25 12:30:57.614000,1.09737,1.09736,1250000,1000000
2017-08-25 12:30:57.666000,1.09734,1.09732,1500000,3000000
2017-08-25 12:30:57.769000,1.09734,1.0973,8440000,2620000
2017-08-25 12:30:58.303000,1.09732,1.0973,1000000,1000000
2017-08-25 12:30:58.558000,1.09733,1.09729,2060000,2620000
2017-08-25 12:30:59.304000,1.09728,1.09726,1120000,6260000
2017-08-25 12:30:59.615000,1.09731,1.09727,1690000,1500000
2017-08-25 12:31:00.416000,1.0973,1.09728,1000000,1000000
2017-08-25 12:31:01.494000,1.09728,1.09726,2620000,3750000
2017-08-25 12:31:01.803000,1.09728,1.09725,2060000,1000000
2017-08-25 12:31:02.341000,1.09727,1.09725,1620000,1000000
2017-08-25 12:31:02.392000,1.09726,1.09723,1120000,4500000
2017-08-25 12:31:02.648000,1.09729,1.09725,2810000,1500000
2017-08-25 12:31:02.700000,1.09729,1.09726,1870000,7120000
2017-08-25 12:31:02.803000,1.0973,1.09728,1870000,1000000
2017-08-25 12:31:02.906000,1.09728,1.09724,2810000,3370000
2017-08-25 12:31:03.008000,1.09728,1.09724,3190000,1000000
2017-08-25 12:31:03.896000,1.09726,1.09723,1500000,1000000
2017-08-25 12:31:04.205000,1.0972,1.09717,1870000,7690000
2017-08-25 12:31:04.539000,1.09717,1.09714,1000000,4010000
2017-08-25 12:31:04.955000,1.0972,1.09716,2060000,1370000
2017-08-25 12:31:05.688000,1.0972,1.09716,1310000,2250000
2017-08-25 12:31:06.273000,1.09717,1.09715,1690000,1760000
2017-08-25 12:31:06.327000,1.09715,1.09713,1500000,1870000
2017-08-25 12:31:06.636000,1.09714,1.09711,1500000,1120000
2017-08-25 12:31:07.149000,1.09714,1.09711,1370000,1870000
2017-08-25 12:31:07.450000,1.09711,1.0971,1880000,1120000
2017-08-25 12:31:07.503000,1.09709,1.09707,4690000,2620000
2017-08-25 12:31:08.014000,1.09708,1.09706,1120000,1000000
2017-08-25 12:31:08.116000,1.09709,1.09708,1250000,1500000
2017-08-25 12:31:08.219000,1.09711,1.0971,1000000,1310000
2017-08-25 12:31:08.708000,1.09714,1.09711,1870000,1500000
2017-08-25 12:31:09.219000,1.0971,1.09708,1870000,8140000
2017-08-25 12:31:09.374000,1.09709,1.09706,1870000,6940000
2017-08-25 12:31:09.921000,1.09709,1.09706,1370000,3560000
2017-08-25 12:31:11.640000,1.09709,1.09705,1870000,4310000
2017-08-25 12:31:12.160000,1.09709,1.09705,1500000,2810000
2017-08-25 12:31:12.624000,1.09701,1.09699,1370000,2250000
2017-08-25 12:31:12.931000,1.09699,1.09697,1000000,5810000
2017-08-25 12:31:13.442000,1.09701,1.09697,2620000,7690000
2017-08-25 12:31:14.046000,1.09701,1.09697,3000000,2060000
2017-08-25 12:31:15.146000,1.09702,1.09698,1370000,3000000
2017-08-25 12:31:15.351000,1.09701,1.09697,1120000,6370000
2017-08-25 12:31:15.657000,1.09697,1.09695,1000000,5810000
2017-08-25 12:31:16.168000,1.09698,1.09695,3370000,1000000
2017-08-25 12:31:16.682000,1.09697,1.09693,2250000,7120000
2017-08-25 12:31:17.663000,1.09697,1.09693,1870000,13690000
2017-08-25 12:31:20.003000,1.09694,1.09693,1000000,7690000
2017-08-25 12:31:20.337000,1.09697,1.09693,4570000,1250000
2017-08-25 12:31:20.849000,1.09697,1.09693,1950000,2060000
2017-08-25 12:31:21.675000,1.09697,1.09693,1950000,2060000
2017-08-25 12:31:22.248000,1.09697,1.09693,1950000,2060000
2017-08-25 12:31:25.652000,1.09697,1.09694,1120000,2060000
2017-08-25 12:31:25.980000,1.09693,1.09692,1000000,4120000
2017-08-25 12:31:26.236000,1.09691,1.09689,1000000,11100000
2017-08-25 12:31:26.287000,1.09693,1.09691,1000000,1870000
2017-08-25 12:31:26.448000,1.09696,1.09692,1120000,4500000
2017-08-25 12:31:27.216000,1.09697,1.09693,1000000,3940000
2017-08-25 12:31:29.208000,1.09698,1.09695,3070000,1500000
2017-08-25 12:31:30.430000,1.09698,1.09695,3070000,1370000
2017-08-25 12:31:32.528000,1.097,1.09699,1160000,1000000
2017-08-25 12:31:32.632000,1.09702,1.097,1000000,1870000
2017-08-25 12:31:33.869000,1.09704,1.09702,9640000,1120000
2017-08-25 12:31:34.478000,1.09705,1.09702,2330000,3940000
2017-08-25 12:31:34.530000,1.09707,1.09704,1470000,2060000
2017-08-25 12:31:34.582000,1.09708,1.09705,1370000,1620000
2017-08-25 12:31:34.685000,1.09709,1.09706,1500000,3190000
2017-08-25 12:31:35.211000,1.09709,1.09707,1100000,1120000
2017-08-25 12:31:35.990000,1.09711,1.09709,2510000,1000000
2017-08-25 12:31:36.145000,1.09714,1.09712,1870000,1120000
2017-08-25 12:31:36.652000,1.09715,1.09712,1500000,2250000
2017-08-25 12:31:37.162000,1.09715,1.09713,1500000,1120000
2017-08-25 12:31:38.965000,1.09715,1.09714,1870000,1120000
2017-08-25 12:31:40.294000,1.09715,1.09713,1000000,1870000
2017-08-25 12:31:40.499000,1.09711,1.09708,2250000,1690000
2017-08-25 12:31:40.644000,1.09709,1.09707,1120000,10310000
2017-08-25 12:31:41.174000,1.09709,1.09708,1000000,1120000
2017-08-25 12:31:41.480000,1.09708,1.09707,1500000,1500000
2017-08-25 12:31:41.685000,1.09704,1.09702,1120000,1190000
2017-08-25 12:31:42.231000,1.09703,1.09702,1000000,1000000
2017-08-25 12:31:43.191000,1.09704,1.09702,1120000,1500000
2017-08-25 12:31:43.727000,1.09704,1.09702,1000000,1000000
2017-08-25 12:31:49.401000,1.09707,1.09702,3450000,6750000
2017-08-25 12:31:49.708000,1.09707,1.09706,1120000,1120000
2017-08-25 12:31:50.617000,1.09707,1.09705,1500000,4310000
2017-08-25 12:31:50.721000,1.09704,1.09703,1000000,9750000
2017-08-25 12:31:51.435000,1.09706,1.09704,3260000,1120000
2017-08-25 12:31:51.971000,1.09704,1.09703,1000000,1500000
2017-08-25 12:31:53.559000,1.09703,1.09702,2250000,1500000
2017-08-25 12:31:53.898000,1.09702,1.09699,1370000,1690000
2017-08-25 12:31:54.416000,1.09702,1.09699,1500000,2060000
2017-08-25 12:31:57.526000,1.097,1.09699,1000000,1500000
2017-08-25 12:31:57.578000,1.09698,1.09696,1870000,1120000
2017-08-25 12:31:57.734000,1.09695,1.0969,15370000,6190000
2017-08-25 12:31:57.790000,1.09692,1.0969,1000000,1690000
2017-08-25 12:31:58.300000,1.09693,1.0969,1570000,1690000
2017-08-25 12:31:58.353000,1.09692,1.09689,1870000,2100000
2017-08-25 12:31:58.660000,1.09693,1.09691,1500000,1000000
2017-08-25 12:31:58.848000,1.09696,1.09692,3450000,2060000
2017-08-25 12:31:59.163000,1.09697,1.09693,2250000,3190000
2017-08-25 12:31:59.674000,1.09697,1.09694,2250000,1250000
2017-08-25 12:32:00.312000,1.09698,1.09694,2890000,1690000
2017-08-25 12:32:01.160000,1.09698,1.09695,2140000,1120000
2017-08-25 12:32:01.416000,1.09699,1.09698,2510000,1120000
2017-08-25 12:32:01.469000,1.09701,1.09699,1000000,1310000
2017-08-25 12:32:01.572000,1.09703,1.097,1120000,1690000
2017-08-25 12:32:02.074000,1.09703,1.097,1000000,2440000
2017-08-25 12:32:02.587000,1.09704,1.09701,1760000,1500000
2017-08-25 12:32:03.079000,1.09707,1.09703,3640000,4120000
2017-08-25 12:32:03.131000,1.09708,1.09705,3000000,1000000
2017-08-25 12:32:03.349000,1.0971,1.09707,1310000,1000000
2017-08-25 12:32:03.911000,1.09708,1.09706,2120000,1690000
2017-08-25 12:32:04.066000,1.09709,1.09705,2620000,3190000
2017-08-25 12:32:04.726000,1.09708,1.09706,1000000,2060000
2017-08-25 12:32:04.953000,1.09709,1.09706,1120000,3560000
2017-08-25 12:32:05.465000,1.0971,1.09706,2770000,3190000
2017-08-25 12:32:05.976000,1.09709,1.09706,1000000,3190000
2017-08-25 12:32:07.522000,1.09708,1.09706,1000000,3190000
2017-08-25 12:32:08.049000,1.09707,1.09706,1000000,1000000
2017-08-25 12:32:08.304000,1.09706,1.09703,2810000,1250000
2017-08-25 12:32:08.508000,1.09708,1.09705,1120000,2810000
2017-08-25 12:32:09.221000,1.09708,1.09706,1500000,1690000
2017-08-25 12:32:09.478000,1.09709,1.09706,1840000,2440000
2017-08-25 12:32:10.019000,1.0971,1.09707,1310000,3190000
2017-08-25 12:32:10.121000,1.09708,1.09706,2120000,2700000
2017-08-25 12:32:10.226000,1.09704,1.09703,1250000,1690000
2017-08-25 12:32:11.902000,1.09704,1.09701,2630000,2440000
2017-08-25 12:32:12.421000,1.09703,1.09701,1120000,1350000
2017-08-25 12:32:12.936000,1.097,1.09698,1500000,5890000
2017-08-25 12:32:13.244000,1.09702,1.09699,1500000,4310000
2017-08-25 12:32:13.434000,1.09706,1.09703,2620000,2250000
2017-08-25 12:32:13.486000,1.09706,1.09704,1000000,1120000
2017-08-25 12:32:13.538000,1.09707,1.09706,1000000,1120000
2017-08-25 12:32:13.589000,1.09709,1.09706,4500000,1870000
2017-08-25 12:32:13.845000,1.09709,1.09707,1000000,2060000
2017-08-25 12:32:14.348000,1.09709,1.09707,1000000,2440000
2017-08-25 12:32:14.976000,1.09709,1.09707,1000000,2060000
2017-08-25 12:32:15.719000,1.0971,1.09708,2100000,1120000
2017-08-25 12:32:16.228000,1.0971,1.09708,1720000,1500000
2017-08-25 12:32:16.749000,1.0971,1.09708,1720000,1120000
2017-08-25 12:32:17.258000,1.09709,1.09707,1000000,2060000
2017-08-25 12:32:18.575000,1.09708,1.09707,1000000,2060000
2017-08-25 12:32:19.036000,1.09706,1.09705,1500000,1120000
2017-08-25 12:32:19.176000,1.09704,1.09702,1000000,2060000
2017-08-25 12:32:19.928000,1.09704,1.09702,1000000,1120000
2017-08-25 12:32:20.349000,1.09702,1.097,1000000,1310000
2017-08-25 12:32:20.758000,1.097,1.09699,1690000,2810000
2017-08-25 12:32:20.860000,1.09698,1.09695,1000000,3190000
2017-08-25 12:32:20.912000,1.09698,1.09695,1370000,2060000
2017-08-25 12:32:21.490000,1.09694,1.09693,1000000,1000000
2017-08-25 12:32:21.592000,1.09697,1.09693,2620000,1310000
2017-08-25 12:32:22.104000,1.09698,1.09694,3560000,3190000
2017-08-25 12:32:22.667000,1.09698,1.09695,2140000,1310000
2017-08-25 12:32:23.179000,1.09698,1.09694,1310000,2440000
2017-08-25 12:32:23.690000,1.09698,1.09695,1310000,1690000
2017-08-25 12:32:24.197000,1.09699,1.09694,3940000,2810000
2017-08-25 12:32:24.300000,1.09701,1.09697,3070000,2440000
2017-08-25 12:32:24.913000,1.09701,1.09698,1000000,1690000
2017-08-25 12:32:25.390000,1.09703,1.09699,2700000,2060000
2017-08-25 12:32:26.132000,1.09703,1.09699,3000000,1690000
2017-08-25 12:32:26.801000,1.09703,1.097,1120000,1370000
2017-08-25 12:32:27.620000,1.09704,1.097,2440000,1310000
2017-08-25 12:32:28.137000,1.09705,1.09701,2510000,2000000
2017-08-25 12:32:28.649000,1.09707,1.09704,2250000,1250000
2017-08-25 12:32:28.753000,1.09707,1.09705,1000000,1120000
2017-08-25 12:32:29.084000,1.09709,1.09706,2210000,1310000
2017-08-25 12:32:29.632000,1.0971,1.09708,1250000,1000000
2017-08-25 12:32:30.742000,1.09711,1.09708,3560000,1370000
2017-08-25 12:32:31.355000,1.09711,1.09708,2810000,1500000
2017-08-25 12:32:31.864000,1.09712,1.0971,3790000,2440000
2017-08-25 12:32:32.017000,1.09715,1.09712,1120000,1500000
2017-08-25 12:32:32.636000,1.09715,1.09714,1120000,1120000
2017-08-25 12:32:33.166000,1.09716,1.09713,3150000,1870000
2017-08-25 12:32:35.410000,1.09713,1.09711,1870000,1560000
2017-08-25 12:32:35.462000,1.09711,1.09707,3190000,2440000
2017-08-25 12:32:36.075000,1.0971,1.09707,1610000,1750000
2017-08-25 12:32:37.269000,1.09705,1.09704,1000000,5250000
2017-08-25 12:32:37.595000,1.09704,1.09701,3340000,1620000
2017-08-25 12:32:38.133000,1.09703,1.09701,1000000,1620000
2017-08-25 12:32:38.652000,1.09704,1.09701,2770000,1620000
2017-08-25 12:32:40.744000,1.09703,1.09701,1000000,1620000
2017-08-25 12:32:42.924000,1.09703,1.097,1000000,1560000
2017-08-25 12:32:43.440000,1.09703,1.097,1120000,1310000
2017-08-25 12:32:44.916000,1.09704,1.097,3970000,1940000
2017-08-25 12:32:56.670000,1.09705,1.09703,2020000,1000000
2017-08-25 12:32:56.773000,1.09706,1.09702,1500000,4120000
2017-08-25 12:32:57.184000,1.09705,1.09702,2620000,1250000
2017-08-25 12:32:58.109000,1.09704,1.09701,1000000,1310000
2017-08-25 12:32:58.858000,1.09703,1.09701,1120000,1190000
2017-08-25 12:32:59.372000,1.09703,1.097,2620000,1560000
2017-08-25 12:32:59.884000,1.09703,1.097,3070000,1560000
2017-08-25 12:33:00.392000,1.09704,1.097,4720000,1500000
2017-08-25 12:33:02.320000,1.09706,1.09703,7200000,1250000
2017-08-25 12:33:02.479000,1.09708,1.09705,2620000,1000000
2017-08-25 12:33:02.531000,1.09709,1.09706,3560000,1000000
2017-08-25 12:33:03.545000,1.09709,1.09706,3450000,1250000
2017-08-25 12:33:04.218000,1.09709,1.09706,1950000,1620000
2017-08-25 12:33:04.322000,1.0971,1.09707,3150000,1250000
2017-08-25 12:33:04.635000,1.09711,1.09708,1950000,1870000
2017-08-25 12:33:04.840000,1.0971,1.09707,1870000,1250000
2017-08-25 12:33:05.378000,1.0971,1.09706,1120000,5250000
2017-08-25 12:33:05.881000,1.09711,1.09707,3000000,1620000
2017-08-25 12:33:11.039000,1.0971,1.09707,1200000,1690000
2017-08-25 12:33:11.492000,1.09713,1.09711,3070000,1120000
2017-08-25 12:33:11.599000,1.09715,1.09711,1120000,6750000
2017-08-25 12:33:12.220000,1.09716,1.09712,3000000,1690000
2017-08-25 12:33:12.752000,1.09716,1.09712,2250000,2440000
2017-08-25 12:33:13.384000,1.09717,1.09716,8740000,1000000
2017-08-25 12:33:13.643000,1.09714,1.09712,2620000,1690000
2017-08-25 12:33:13.940000,1.09713,1.09711,1000000,1690000
2017-08-25 12:33:13.993000,1.09712,1.09709,3750000,1620000
2017-08-25 12:33:14.505000,1.0971,1.09708,1000000,1370000
2017-08-25 12:33:15.189000,1.0971,1.09708,1000000,1000000
2017-08-25 12:33:15.739000,1.09709,1.09707,1000000,1620000
2017-08-25 12:33:19.735000,1.0971,1.09708,1010000,1250000
2017-08-25 12:33:19.990000,1.09711,1.09708,1100000,1310000
2017-08-25 12:33:20.300000,1.09708,1.09707,1000000,1690000
2017-08-25 12:33:20.403000,1.09707,1.09705,1120000,1120000
2017-08-25 12:33:20.912000,1.09708,1.09704,1120000,4310000
2017-08-25 12:33:22.341000,1.09706,1.09705,1120000,1500000
2017-08-25 12:33:22.393000,1.09706,1.09702,3450000,2440000
2017-08-25 12:33:22.902000,1.09706,1.09702,5590000,3190000
2017-08-25 12:33:26.441000,1.09705,1.09702,4870000,2440000
2017-08-25 12:33:26.968000,1.09704,1.09701,1000000,3940000
2017-08-25 12:33:27.791000,1.09705,1.09701,7280000,3940000
2017-08-25 12:33:28.334000,1.09705,1.09701,4460000,4690000
2017-08-25 12:33:32.219000,1.09705,1.09702,4840000,4310000
2017-08-25 12:33:32.322000,1.09708,1.09704,1960000,3190000
2017-08-25 12:33:32.373000,1.09709,1.09705,4310000,1000000
2017-08-25 12:33:32.833000,1.0971,1.09708,2320000,1120000
2017-08-25 12:33:33.171000,1.09714,1.09711,4200000,6370000
2017-08-25 12:33:33.686000,1.09714,1.09711,1000000,2440000
2017-08-25 12:33:36.017000,1.09712,1.0971,1000000,3190000
2017-08-25 12:33:36.069000,1.09711,1.09708,5620000,2850000
2017-08-25 12:33:36.173000,1.09709,1.09706,1000000,4690000
2017-08-25 12:33:36.477000,1.09707,1.09705,3370000,1190000
2017-08-25 12:33:36.529000,1.09709,1.09707,5250000,1000000
2017-08-25 12:33:36.580000,1.0971,1.09707,1870000,1000000
2017-08-25 12:33:36.683000,1.09712,1.09709,1190000,1000000
2017-08-25 12:33:37.144000,1.09713,1.0971,4500000,1250000
2017-08-25 12:33:37.637000,1.09714,1.09712,1000000,1000000
2017-08-25 12:33:38.165000,1.09716,1.09712,1870000,2810000
2017-08-25 12:33:38.994000,1.09716,1.09713,1370000,1500000
2017-08-25 12:33:42.495000,1.09717,1.09713,6150000,3190000
2017-08-25 12:33:43.006000,1.09716,1.09713,1000000,3190000
2017-08-25 12:33:43.822000,1.09715,1.09713,1000000,1870000
2017-08-25 12:33:44.101000,1.09712,1.09709,1000000,9560000
2017-08-25 12:33:44.153000,1.09711,1.09708,4120000,4500000
2017-08-25 12:33:44.666000,1.09713,1.0971,4200000,1000000
2017-08-25 12:33:47.047000,1.09712,1.09709,3190000,3000000
2017-08-25 12:33:47.354000,1.0971,1.09707,1000000,2250000
2017-08-25 12:33:48.926000,1.09707,1.09706,3190000,1120000
2017-08-25 12:33:49.082000,1.09704,1.097,2250000,10690000
2017-08-25 12:33:49.594000,1.09703,1.097,1120000,2060000
2017-08-25 12:33:50.324000,1.09704,1.097,2470000,1690000
2017-08-25 12:33:51.575000,1.09704,1.09701,1650000,1000000
2017-08-25 12:33:52.217000,1.09704,1.09702,1200000,2620000
2017-08-25 12:33:52.816000,1.09705,1.09702,5250000,1000000
2017-08-25 12:33:53.479000,1.09705,1.09701,6000000,1500000
2017-08-25 12:33:53.991000,1.09704,1.097,1650000,3190000
2017-08-25 12:33:58.514000,1.09705,1.097,4540000,5060000
2017-08-25 12:33:58.668000,1.09707,1.09702,4240000,3750000
2017-08-25 12:33:59.185000,1.09705,1.09701,3370000,3370000
2017-08-25 12:33:59.811000,1.09705,1.09701,3750000,1000000
2017-08-25 12:34:00.913000,1.09705,1.09701,1910000,1000000
2017-08-25 12:34:01.621000,1.09704,1.097,1200000,5060000
2017-08-25 12:34:09.659000,1.09705,1.097,9070000,6940000
2017-08-25 12:34:10.710000,1.09704,1.097,1000000,4310000
2017-08-25 12:34:17.347000,1.09701,1.09699,1190000,1500000
2017-08-25 12:34:17.398000,1.09694,1.09693,1000000,2250000
2017-08-25 12:34:17.449000,1.09693,1.09691,1250000,1100000
2017-08-25 12:34:17.970000,1.09693,1.0969,1500000,1250000
2017-08-25 12:34:18.125000,1.09692,1.09689,2250000,1120000
2017-08-25 12:34:18.666000,1.09692,1.09688,2440000,3750000
2017-08-25 12:34:19.173000,1.09692,1.09688,2060000,4120000
2017-08-25 12:34:19.684000,1.09691,1.09687,1690000,2850000
2017-08-25 12:34:20.337000,1.09691,1.09687,1620000,2620000
2017-08-25 12:34:20.645000,1.09697,1.09695,4200000,3790000
2017-08-25 12:34:20.800000,1.09701,1.09697,6260000,1500000
2017-08-25 12:34:21.158000,1.097,1.09696,1570000,2440000
2017-08-25 12:34:21.336000,1.097,1.09698,5510000,1000000
2017-08-25 12:34:21.542000,1.09702,1.09698,1390000,4120000
2017-08-25 12:34:21.646000,1.09701,1.09697,2510000,3750000
2017-08-25 12:34:22.212000,1.09699,1.09696,2140000,1000000
2017-08-25 12:34:24.793000,1.09699,1.09697,1250000,1000000
2017-08-25 12:34:24.948000,1.09701,1.09698,2890000,1000000
2017-08-25 12:34:25.458000,1.09701,1.09699,2890000,1000000
2017-08-25 12:34:25.714000,1.09701,1.09697,4760000,1120000
2017-08-25 12:34:25.898000,1.09699,1.09696,2890000,1000000
2017-08-25 12:34:26.410000,1.09698,1.09695,2140000,1000000
2017-08-25 12:34:27.136000,1.09699,1.09696,1720000,1000000
2017-08-25 12:34:27.649000,1.09698,1.09695,2320000,1000000
2017-08-25 12:34:28.440000,1.09698,1.09695,2320000,1000000
2017-08-25 12:34:29.433000,1.09698,1.09695,1760000,1000000
2017-08-25 12:34:30.026000,1.09698,1.09697,1010000,1000000
2017-08-25 12:34:30.376000,1.09708,1.09704,2890000,1870000
2017-08-25 12:34:31.151000,1.09708,1.09704,2140000,1120000
2017-08-25 12:34:32.989000,1.0971,1.09707,5620000,1000000
2017-08-25 12:34:33.145000,1.09713,1.09711,2810000,1120000
2017-08-25 12:34:33.248000,1.09714,1.09712,1500000,6000000
2017-08-25 12:34:33.301000,1.09715,1.09712,1120000,2620000
2017-08-25 12:34:33.404000,1.09714,1.09712,2620000,1500000
2017-08-25 12:34:33.507000,1.09714,1.0971,3260000,1120000
2017-08-25 12:34:34.389000,1.09711,1.09709,1200000,1000000
2017-08-25 12:34:34.543000,1.0971,1.09707,1000000,2250000
2017-08-25 12:34:34.748000,1.09709,1.09705,1000000,3940000
2017-08-25 12:34:35.579000,1.09709,1.09705,2850000,1120000
2017-08-25 12:34:36.565000,1.09708,1.09704,1760000,1500000
2017-08-25 12:34:39.687000,1.09708,1.09705,1250000,1000000
2017-08-25 12:34:40.207000,1.09707,1.09702,3410000,4950000
2017-08-25 12:34:40.514000,1.09708,1.09705,3560000,1000000
2017-08-25 12:34:41.338000,1.09708,1.09705,1310000,1120000
2017-08-25 12:34:42.651000,1.09709,1.09706,2100000,2250000
2017-08-25 12:34:42.958000,1.09714,1.0971,3560000,1950000
2017-08-25 12:34:43.475000,1.09714,1.09711,1000000,1500000
2017-08-25 12:34:43.784000,1.09724,1.09723,1870000,1120000
2017-08-25 12:34:43.945000,1.09722,1.0972,1120000,1120000
2017-08-25 12:34:44.061000,1.09723,1.09722,3560000,1500000
2017-08-25 12:34:44.215000,1.09727,1.09723,2810000,1500000
2017-08-25 12:34:44.725000,1.09727,1.09724,2060000,1000000
2017-08-25 12:34:45.257000,1.0973,1.09727,1310000,2380000
2017-08-25 12:34:45.411000,1.09729,1.09725,9750000,1000000
2017-08-25 12:34:45.923000,1.09728,1.09724,2290000,1500000
2017-08-25 12:34:46.483000,1.09728,1.09723,3790000,2810000
2017-08-25 12:34:46.841000,1.09726,1.09721,3380000,2440000
2017-08-25 12:34:47.250000,1.09727,1.09723,1120000,4690000
2017-08-25 12:34:47.784000,1.09727,1.09724,1250000,1000000
2017-08-25 12:34:47.937000,1.09729,1.09726,2060000,2620000
2017-08-25 12:34:47.990000,1.09729,1.09727,1250000,1120000
2017-08-25 12:34:48.246000,1.09732,1.09729,2440000,1000000
2017-08-25 12:34:48.785000,1.09732,1.09728,1310000,1370000
2017-08-25 12:34:49.291000,1.09732,1.09728,2440000,1000000
2017-08-25 12:34:50.430000,1.09731,1.09727,3750000,1000000
2017-08-25 12:34:50.737000,1.09722,1.09719,2060000,1000000
2017-08-25 12:34:50.892000,1.09721,1.09717,2060000,1500000
2017-08-25 12:34:51.767000,1.09721,1.09717,1310000,1870000
2017-08-25 12:34:52.667000,1.09721,1.09716,2810000,1870000
2017-08-25 12:34:53.181000,1.09721,1.09716,3190000,1500000
2017-08-25 12:34:53.909000,1.09719,1.09715,1310000,1200000
2017-08-25 12:34:54.420000,1.0972,1.09716,1310000,1000000
2017-08-25 12:34:55.113000,1.09718,1.09715,3000000,1000000
2017-08-25 12:34:55.267000,1.09719,1.09716,1910000,1000000
2017-08-25 12:34:55.421000,1.09721,1.09717,1500000,2060000
2017-08-25 12:34:56.421000,1.09721,1.09719,1000000,1000000
2017-08-25 12:34:56.729000,1.09723,1.09721,1000000,2250000
2017-08-25 12:34:56.832000,1.09721,1.09719,1500000,1000000
2017-08-25 12:34:57.020000,1.09721,1.09717,1690000,1000000
2017-08-25 12:34:57.588000,1.0972,1.09717,1000000,1000000
2017-08-25 12:34:58.099000,1.09721,1.09717,2060000,1500000
2017-08-25 12:34:59.154000,1.09721,1.09716,2810000,1500000
2017-08-25 12:34:59.682000,1.09719,1.09716,1000000,1500000
2017-08-25 12:35:00.236000,1.09718,1.09716,3000000,1000000
2017-08-25 12:35:00.287000,1.09717,1.09714,1250000,1000000
2017-08-25 12:35:00.543000,1.09716,1.09712,2060000,3070000
2017-08-25 12:35:01.057000,1.09714,1.09711,1120000,1990000
2017-08-25 12:35:01.601000,1.09715,1.09711,1690000,1910000
2017-08-25 12:35:02.126000,1.09715,1.09712,1310000,1120000
2017-08-25 12:35:02.629000,1.09715,1.09712,1310000,2250000
2017-08-25 12:35:03.142000,1.09715,1.09711,1690000,2660000
2017-08-25 12:35:03.763000,1.09714,1.09711,1500000,1050000
2017-08-25 12:35:04.071000,1.09711,1.09708,1000000,1500000
2017-08-25 12:35:04.584000,1.09713,1.09709,1690000,1500000
2017-08-25 12:35:05.065000,1.09711,1.09708,2440000,4500000
2017-08-25 12:35:05.372000,1.09708,1.09707,1000000,1000000
2017-08-25 12:35:06.537000,1.09708,1.09704,1120000,2320000
2017-08-25 12:35:06.793000,1.09704,1.09703,1120000,3750000
2017-08-25 12:35:06.997000,1.09702,1.09698,3750000,1010000
2017-08-25 12:35:07.197000,1.09699,1.09697,1000000,1000000
2017-08-25 12:35:07.710000,1.09701,1.09697,1620000,2620000
2017-08-25 12:35:08.290000,1.09701,1.09697,1250000,3750000
2017-08-25 12:35:08.804000,1.09702,1.09698,2060000,1120000
2017-08-25 12:35:09.472000,1.09702,1.09698,1250000,1500000
2017-08-25 12:35:11.073000,1.09703,1.09698,2060000,3750000
2017-08-25 12:35:13.122000,1.09702,1.09698,4310000,1120000
2017-08-25 12:35:13.673000,1.09701,1.09698,1190000,2250000
2017-08-25 12:35:13.974000,1.09705,1.097,5140000,2810000
2017-08-25 12:35:14.331000,1.09705,1.09703,1760000,1880000
2017-08-25 12:35:14.554000,1.09708,1.09704,1250000,3370000
2017-08-25 12:35:15.588000,1.09708,1.09705,1250000,1000000
2017-08-25 12:35:20.450000,1.0971,1.09706,2060000,5620000
2017-08-25 12:35:21.049000,1.09711,1.09706,9190000,3000000
2017-08-25 12:35:21.571000,1.0971,1.09706,1250000,1500000
2017-08-25 12:35:25.283000,1.09709,1.09705,2630000,3750000
2017-08-25 12:35:25.824000,1.09709,1.09705,2060000,1500000
2017-08-25 12:35:27.572000,1.0971,1.09706,3190000,2250000
2017-08-25 12:35:28.091000,1.09711,1.09707,1760000,1120000
2017-08-25 12:35:28.673000,1.09709,1.09706,1000000,2250000
2017-08-25 12:35:28.775000,1.09709,1.09705,3370000,2250000
2017-08-25 12:35:29.800000,1.09709,1.09705,2440000,1000000
2017-08-25 12:35:30.645000,1.09709,1.09706,1690000,1200000
2017-08-25 12:35:31.147000,1.09711,1.09707,4690000,4570000
2017-08-25 12:35:34.495000,1.09712,1.09708,2440000,1950000
2017-08-25 12:35:36.922000,1.09711,1.09708,1010000,1100000
2017-08-25 12:35:37.230000,1.09709,1.09707,1690000,1000000
2017-08-25 12:35:38.943000,1.09708,1.09706,1250000,2700000
2017-08-25 12:35:40.178000,1.09709,1.09707,1000000,1500000
2017-08-25 12:35:40.280000,1.09711,1.09708,3190000,1200000
2017-08-25 12:35:42.323000,1.09712,1.09709,1810000,1500000
2017-08-25 12:35:42.834000,1.09713,1.0971,3380000,1000000
2017-08-25 12:35:43.573000,1.09713,1.0971,1250000,1120000
2017-08-25 12:35:44.109000,1.09714,1.09711,1240000,3000000
2017-08-25 12:35:45.888000,1.09715,1.09713,1220000,1120000
2017-08-25 12:35:45.940000,1.09717,1.09716,1310000,2620000
2017-08-25 12:35:46.084000,1.0972,1.09718,1870000,1500000
2017-08-25 12:35:46.136000,1.09723,1.0972,6380000,1100000
2017-08-25 12:35:46.749000,1.09723,1.0972,6940000,1120000
2017-08-25 12:35:49.197000,1.09721,1.09719,1000000,2700000
2017-08-25 12:35:49.992000,1.0972,1.09719,1120000,1000000
2017-08-25 12:35:50.503000,1.0972,1.09717,1120000,3450000
2017-08-25 12:35:54.334000,1.09721,1.09718,1310000,1950000
2017-08-25 12:35:58.237000,1.09722,1.09719,3000000,1570000
2017-08-25 12:35:58.758000,1.09722,1.09719,1310000,1570000
2017-08-25 12:35:59.543000,1.09723,1.09722,5060000,1500000
2017-08-25 12:35:59.853000,1.09727,1.09725,1250000,1100000
2017-08-25 12:36:00.397000,1.09726,1.09724,1000000,1950000
2017-08-25 12:36:00.601000,1.09723,1.09722,2060000,1500000
2017-08-25 12:36:01.151000,1.09723,1.0972,2140000,1570000
2017-08-25 12:36:03.521000,1.09725,1.09721,2440000,3000000
2017-08-25 12:36:04.031000,1.09726,1.09722,4120000,1200000
2017-08-25 12:36:04.773000,1.09725,1.09722,3560000,1100000
2017-08-25 12:36:05.485000,1.09726,1.09722,4310000,4950000
2017-08-25 12:36:05.849000,1.09723,1.09722,1950000,1120000
2017-08-25 12:36:06.368000,1.09723,1.0972,3370000,3070000
2017-08-25 12:36:07.006000,1.09723,1.0972,2810000,3820000
2017-08-25 12:36:07.955000,1.09723,1.0972,2810000,4950000
2017-08-25 12:36:08.919000,1.09723,1.09721,1310000,1120000
2017-08-25 12:36:09.021000,1.09725,1.09722,1310000,1570000
2017-08-25 12:36:09.277000,1.09727,1.09723,2810000,7200000
2017-08-25 12:36:09.780000,1.09727,1.09725,1310000,1100000
2017-08-25 12:36:10.564000,1.09734,1.09732,3370000,1200000
2017-08-25 12:36:10.877000,1.09738,1.09736,1690000,1200000
2017-08-25 12:36:11.439000,1.09738,1.09736,1250000,3070000
2017-08-25 12:36:12.292000,1.09738,1.09736,1690000,1200000
2017-08-25 12:36:12.863000,1.09737,1.09735,1690000,2320000
2017-08-25 12:36:18.283000,1.09737,1.09735,1000000,3820000
2017-08-25 12:36:18.789000,1.09739,1.09736,2060000,1100000
2017-08-25 12:36:19.295000,1.09739,1.09736,1310000,4420000
2017-08-25 12:36:27.670000,1.09739,1.09737,1310000,1100000
2017-08-25 12:36:32.447000,1.0974,1.09737,3190000,2320000
2017-08-25 12:36:32.757000,1.09741,1.09739,2140000,1100000
2017-08-25 12:36:33.217000,1.09742,1.0974,2810000,1470000
2017-08-25 12:36:33.371000,1.09744,1.09741,2440000,1950000
2017-08-25 12:36:35.972000,1.09744,1.09741,1310000,3450000
2017-08-25 12:36:36.586000,1.09744,1.09741,1310000,2320000
2017-08-25 12:36:37.343000,1.09744,1.09741,2240000,2700000
2017-08-25 12:36:37.599000,1.09742,1.0974,3940000,1120000
2017-08-25 12:36:37.651000,1.09742,1.09739,3940000,1200000
2017-08-25 12:36:37.805000,1.09744,1.0974,3190000,3450000
2017-08-25 12:36:38.314000,1.09744,1.0974,2810000,8700000
2017-08-25 12:36:38.839000,1.09744,1.09741,1250000,3970000
2017-08-25 12:36:43.185000,1.09745,1.09741,2810000,1100000
2017-08-25 12:36:43.822000,1.09745,1.09741,2440000,2700000
2017-08-25 12:36:47.333000,1.09745,1.09742,1690000,5700000
2017-08-25 12:36:47.724000,1.09741,1.09739,2690000,14320000
2017-08-25 12:36:47.831000,1.0974,1.09738,15000000,1000000
2017-08-25 12:36:47.883000,1.09739,1.09736,14060000,1200000
2017-08-25 12:36:49.721000,1.09739,1.09736,11440000,1100000
2017-08-25 12:36:50.244000,1.09738,1.09734,1310000,9070000
2017-08-25 12:36:50.757000,1.09738,1.09734,2440000,1200000
2017-08-25 12:36:51.704000,1.09738,1.09734,2440000,2700000
2017-08-25 12:36:52.679000,1.09739,1.09736,1870000,1950000
2017-08-25 12:36:53.189000,1.09739,1.09736,1120000,3070000
2017-08-25 12:36:54.635000,1.09739,1.09735,1870000,9640000
2017-08-25 12:36:56.175000,1.09738,1.09735,4690000,1950000
2017-08-25 12:36:56.420000,1.09733,1.0973,2250000,1200000
2017-08-25 12:36:59.123000,1.09731,1.09729,1000000,1570000
2017-08-25 12:36:59.658000,1.09731,1.09727,2440000,3820000
2017-08-25 12:37:00.180000,1.0973,1.09727,1000000,3070000
2017-08-25 12:37:00.694000,1.09731,1.09727,4310000,3070000
2017-08-25 12:37:01.243000,1.09731,1.09728,1620000,1120000
2017-08-25 12:37:01.774000,1.09732,1.09728,1940000,1950000
2017-08-25 12:37:02.336000,1.09732,1.09728,2810000,1570000
2017-08-25 12:37:02.880000,1.09732,1.09728,2810000,1950000
2017-08-25 12:37:03.387000,1.09732,1.09728,2440000,1950000
2017-08-25 12:37:04.520000,1.09729,1.09728,1500000,1120000
2017-08-25 12:37:04.623000,1.09728,1.09726,1000000,1910000
2017-08-25 12:37:04.674000,1.09727,1.09723,1870000,10160000
2017-08-25 12:37:05.553000,1.09727,1.09723,1690000,5320000
2017-08-25 12:37:06.103000,1.09727,1.09723,1310000,4570000
2017-08-25 12:37:08.541000,1.09729,1.09727,1000000,1950000
2017-08-25 12:37:08.644000,1.09731,1.09728,1870000,1100000
2017-08-25 12:37:08.696000,1.09731,1.09728,2250000,1100000
2017-08-25 12:37:08.901000,1.09731,1.09728,1120000,1950000
2017-08-25 12:37:09.453000,1.09732,1.09728,2060000,2700000
2017-08-25 12:37:12.226000,1.09733,1.0973,2060000,1000000
2017-08-25 12:37:12.979000,1.09733,1.09731,1000000,1000000
2017-08-25 12:37:16.437000,1.09735,1.09731,8100000,1870000
2017-08-25 12:37:16.950000,1.09734,1.09732,1000000,1000000
2017-08-25 12:37:17.472000,1.09734,1.09733,1000000,1000000
2017-08-25 12:37:17.883000,1.09734,1.09731,3000000,1120000
2017-08-25 12:37:18.738000,1.09734,1.09731,4120000,1870000
2017-08-25 12:37:19.448000,1.09734,1.09731,4500000,1500000
2017-08-25 12:37:20.073000,1.09733,1.09731,1120000,1500000
2017-08-25 12:37:21.571000,1.09734,1.09731,3370000,1000000
2017-08-25 12:37:22.091000,1.09734,1.09731,4120000,1000000
2017-08-25 12:37:24.182000,1.09734,1.09731,1500000,1870000
2017-08-25 12:37:24.372000,1.09736,1.09733,1190000,1200000
2017-08-25 12:37:24.733000,1.09734,1.09731,1120000,2920000
2017-08-25 12:37:25.246000,1.09734,1.0973,5060000,1950000
2017-08-25 12:37:25.786000,1.09732,1.09729,2440000,1100000
2017-08-25 12:37:29.841000,1.09732,1.09728,1870000,4010000
2017-08-25 12:37:30.556000,1.09732,1.09729,1000000,1570000
2017-08-25 12:37:31.065000,1.09733,1.09729,3450000,1950000
2017-08-25 12:37:31.582000,1.09733,1.0973,1690000,1000000
2017-08-25 12:37:31.943000,1.09733,1.09732,4870000,2620000
2017-08-25 12:37:32.422000,1.09735,1.09732,3940000,1000000
2017-08-25 12:37:32.947000,1.09735,1.09731,10310000,1500000
2017-08-25 12:37:33.151000,1.09733,1.0973,1120000,3070000
2017-08-25 12:37:34.597000,1.09733,1.0973,3750000,1500000
2017-08-25 12:37:35.542000,1.0973,1.09728,2060000,1570000
2017-08-25 12:37:35.644000,1.09729,1.09726,6750000,1950000
2017-08-25 12:37:35.950000,1.09729,1.09728,2250000,1000000
2017-08-25 12:37:36.426000,1.09733,1.09729,3560000,1200000
2017-08-25 12:37:39.385000,1.09729,1.09728,1000000,3450000
2017-08-25 12:37:39.439000,1.09724,1.09722,1870000,2250000
2017-08-25 12:37:39.491000,1.09723,1.0972,2440000,1450000
2017-08-25 12:37:39.644000,1.09722,1.09719,9000000,1200000
2017-08-25 12:37:39.955000,1.0972,1.09718,1370000,1120000
2017-08-25 12:37:40.211000,1.09719,1.09716,2060000,1570000
2017-08-25 12:37:40.471000,1.09721,1.09718,2060000,1000000
2017-08-25 12:37:40.984000,1.09721,1.09718,1250000,1100000
2017-08-25 12:37:42.092000,1.09723,1.09721,2810000,1000000
2017-08-25 12:37:42.195000,1.09725,1.09722,2810000,1500000
2017-08-25 12:37:42.504000,1.09723,1.0972,4690000,3000000
2017-08-25 12:37:43.020000,1.09723,1.09719,6560000,1570000
2017-08-25 12:37:43.533000,1.09723,1.0972,5060000,1000000
2017-08-25 12:37:44.088000,1.09724,1.0972,2810000,1200000
2017-08-25 12:37:44.598000,1.09724,1.09721,2060000,1000000
2017-08-25 12:37:45.131000,1.09723,1.0972,3190000,1000000
2017-08-25 12:37:45.664000,1.09723,1.0972,1390000,1000000
2017-08-25 12:37:46.480000,1.09723,1.0972,3190000,1200000
2017-08-25 12:37:50.561000,1.09721,1.09719,1120000,1100000
2017-08-25 12:37:50.664000,1.0972,1.09717,3190000,6300000
2017-08-25 12:37:51.176000,1.09719,1.09716,2060000,2700000
2017-08-25 12:37:51.416000,1.09721,1.09718,3750000,1100000
2017-08-25 12:37:52.670000,1.09721,1.09719,1690000,1000000
2017-08-25 12:37:53.183000,1.09722,1.0972,2060000,1000000
2017-08-25 12:37:53.719000,1.09724,1.09721,6000000,1000000
2017-08-25 12:37:54.385000,1.09724,1.09721,4130000,1000000
2017-08-25 12:37:54.774000,1.09723,1.09719,6560000,4870000
2017-08-25 12:37:55.471000,1.09723,1.0972,6190000,1000000
2017-08-25 12:37:58.519000,1.09721,1.09718,1120000,9450000
2017-08-25 12:37:59.168000,1.09723,1.09719,3820000,1200000
2017-08-25 12:37:59.832000,1.09723,1.0972,2320000,1000000
2017-08-25 12:38:00.963000,1.09722,1.09719,2810000,1570000
2017-08-25 12:38:01.500000,1.09722,1.09719,3190000,1570000
2017-08-25 12:38:04.848000,1.09718,1.09717,1500000,6790000
2017-08-25 12:38:05.045000,1.09714,1.09712,1540000,1120000
2017-08-25 12:38:05.558000,1.09715,1.09712,1160000,6260000
2017-08-25 12:38:06.173000,1.09716,1.09715,1240000,1000000
2017-08-25 12:38:07.008000,1.09717,1.09716,3370000,1000000
2017-08-25 12:38:07.340000,1.0972,1.09718,1120000,2320000
2017-08-25 12:38:07.851000,1.0972,1.09718,1120000,2700000
2017-08-25 12:38:08.445000,1.0972,1.09718,2500000,1500000
2017-08-25 12:38:08.598000,1.09719,1.09716,1870000,3070000
2017-08-25 12:38:09.007000,1.0972,1.09717,1000000,3820000
2017-08-25 12:38:09.710000,1.09721,1.09717,4690000,1950000
2017-08-25 12:38:10.882000,1.09721,1.09717,1870000,2320000
2017-08-25 12:38:12.227000,1.09719,1.09718,1250000,1120000
2017-08-25 12:38:12.330000,1.09716,1.09713,1120000,23400000
2017-08-25 12:38:12.809000,1.09714,1.09713,1250000,2620000
2017-08-25 12:38:12.911000,1.09714,1.09711,2440000,3640000
2017-08-25 12:38:13.066000,1.09712,1.0971,1880000,2700000
2017-08-25 12:38:13.297000,1.09708,1.09706,2440000,3260000
2017-08-25 12:38:13.400000,1.09707,1.09705,6560000,2620000
2017-08-25 12:38:13.452000,1.09705,1.09702,9750000,2320000
2017-08-25 12:38:13.960000,1.09705,1.09702,8620000,2700000
2017-08-25 12:38:14.487000,1.09705,1.09701,7120000,5700000
2017-08-25 12:38:15.327000,1.09705,1.09701,7120000,4950000
2017-08-25 12:38:16.218000,1.09705,1.09704,1870000,1000000
2017-08-25 12:38:16.270000,1.09707,1.09704,1120000,1500000
2017-08-25 12:38:16.372000,1.09709,1.09706,1870000,1500000
2017-08-25 12:38:16.883000,1.0971,1.09707,1500000,1500000
2017-08-25 12:38:17.345000,1.09712,1.0971,11250000,1000000
2017-08-25 12:38:17.491000,1.09715,1.09712,2250000,1500000
2017-08-25 12:38:18.210000,1.09716,1.09712,5810000,1500000
2017-08-25 12:38:18.415000,1.09713,1.0971,1500000,2510000
2017-08-25 12:38:18.552000,1.09713,1.0971,1630000,1120000
2017-08-25 12:38:19.476000,1.09713,1.0971,1870000,1120000
2017-08-25 12:38:19.982000,1.09711,1.09709,4870000,1000000
2017-08-25 12:38:20.491000,1.09711,1.09707,4870000,2510000
2017-08-25 12:38:21.022000,1.09711,1.09707,5250000,2140000
2017-08-25 12:38:22.440000,1.0971,1.09707,1500000,1250000
2017-08-25 12:38:24.270000,1.0971,1.09707,1120000,1690000
2017-08-25 12:38:25.531000,1.0971,1.09706,5060000,1760000
2017-08-25 12:38:26.080000,1.09708,1.09705,1120000,2140000
2017-08-25 12:38:26.591000,1.09709,1.09706,1120000,1390000
2017-08-25 12:38:27.875000,1.0971,1.09707,3370000,1000000
2017-08-25 12:38:28.387000,1.09709,1.09705,3190000,2140000
2017-08-25 12:38:29.180000,1.09709,1.09706,1120000,1310000
2017-08-25 12:38:29.722000,1.0971,1.09707,4310000,1000000
2017-08-25 12:38:30.234000,1.09709,1.09705,2810000,3640000
2017-08-25 12:38:32.385000,1.09708,1.09705,1000000,2890000
2017-08-25 12:38:32.920000,1.09708,1.09705,1120000,1200000
2017-08-25 12:38:34.268000,1.09709,1.09706,3560000,1000000
2017-08-25 12:38:35.430000,1.09709,1.09706,1500000,1100000
2017-08-25 12:38:36.552000,1.0971,1.09708,1870000,1000000
2017-08-25 12:38:36.864000,1.09716,1.09714,2250000,1000000
2017-08-25 12:38:37.402000,1.09716,1.09713,3190000,1000000
2017-08-25 12:38:37.912000,1.09715,1.09713,1000000,1000000
2017-08-25 12:38:38.426000,1.09713,1.09711,1500000,1760000
2017-08-25 12:38:38.642000,1.09713,1.0971,2620000,1120000
2017-08-25 12:38:39.152000,1.09714,1.09711,1000000,1010000
2017-08-25 12:38:40.014000,1.09715,1.09711,1000000,1760000
2017-08-25 12:38:42.552000,1.09715,1.09712,1690000,1000000
2017-08-25 12:38:43.379000,1.09715,1.09713,1310000,1000000
2017-08-25 12:38:54.145000,1.09712,1.0971,1500000,6560000
2017-08-25 12:38:54.248000,1.09714,1.09711,1120000,2250000
2017-08-25 12:38:54.760000,1.09714,1.09711,1120000,1500000
2017-08-25 12:38:55.932000,1.09715,1.09712,3560000,1120000
2017-08-25 12:38:57.422000,1.09713,1.09711,1000000,1120000
2017-08-25 12:39:00.035000,1.09712,1.09709,1120000,1120000
2017-08-25 12:39:00.093000,1.09711,1.09708,9190000,1250000
2017-08-25 12:39:00.603000,1.0971,1.09707,2620000,1120000
2017-08-25 12:39:06.665000,1.09706,1.09705,1000000,1500000
2017-08-25 12:39:06.768000,1.09703,1.09702,1120000,2810000
2017-08-25 12:39:07.004000,1.09702,1.097,1000000,1120000
2017-08-25 12:39:07.720000,1.09704,1.09702,4760000,2250000
2017-08-25 12:39:07.925000,1.09706,1.09703,3260000,1120000
2017-08-25 12:39:08.028000,1.09708,1.09704,2890000,1870000
2017-08-25 12:39:08.237000,1.09709,1.09706,1870000,2620000
2017-08-25 12:39:08.775000,1.09711,1.09707,6640000,1500000
2017-08-25 12:39:10.122000,1.09711,1.09709,5140000,1120000
2017-08-25 12:39:10.327000,1.09712,1.09709,1690000,1120000
2017-08-25 12:39:10.633000,1.09711,1.09708,3940000,2620000
2017-08-25 12:39:11.181000,1.09711,1.09708,6640000,2620000
2017-08-25 12:39:12.574000,1.09711,1.09707,7010000,1500000
2017-08-25 12:39:13.223000,1.0971,1.09707,1500000,1120000
2017-08-25 12:39:13.626000,1.09708,1.09705,1000000,2810000
2017-08-25 12:39:14.175000,1.09709,1.09706,1570000,1120000
2017-08-25 12:39:15.315000,1.0971,1.09707,1950000,2250000
2017-08-25 12:39:15.627000,1.09711,1.09708,1310000,3370000
2017-08-25 12:39:16.140000,1.09711,1.09708,4690000,1370000
2017-08-25 12:39:17.207000,1.09711,1.09707,6640000,1500000
2017-08-25 12:39:18.181000,1.09711,1.09709,2890000,1000000
2017-08-25 12:39:18.691000,1.09711,1.09707,5140000,4500000
2017-08-25 12:39:19.336000,1.09711,1.09707,5510000,1690000
2017-08-25 12:39:19.742000,1.09713,1.09711,1010000,2810000
2017-08-25 12:39:19.845000,1.09717,1.09713,13950000,1000000
2017-08-25 12:39:20.377000,1.09716,1.09713,1250000,1500000
2017-08-25 12:39:21.454000,1.09717,1.09713,4690000,3370000
2017-08-25 12:39:21.968000,1.09717,1.09713,3260000,3750000
2017-08-25 12:39:22.497000,1.09717,1.09713,6640000,3750000
2017-08-25 12:39:23.544000,1.09717,1.09714,1760000,1690000
2017-08-25 12:39:24.055000,1.09716,1.09714,1000000,1120000
2017-08-25 12:39:26.470000,1.09717,1.09714,3260000,1120000
2017-08-25 12:39:31.232000,1.09718,1.09714,2740000,2060000
2017-08-25 12:39:31.752000,1.09718,1.09714,3110000,1690000
2017-08-25 12:39:32.414000,1.09718,1.09716,1240000,1690000
2017-08-25 12:39:32.568000,1.09721,1.09718,1000000,1370000
2017-08-25 12:39:33.083000,1.09726,1.09725,11140000,1870000
2017-08-25 12:39:33.135000,1.0973,1.09728,1760000,1000000
2017-08-25 12:39:33.341000,1.09729,1.09725,1570000,3190000
2017-08-25 12:39:33.852000,1.09729,1.09725,6450000,1120000
2017-08-25 12:39:34.090000,1.09729,1.09728,4390000,1120000
2017-08-25 12:39:34.206000,1.09732,1.09729,1120000,1500000
2017-08-25 12:39:34.513000,1.09734,1.09731,4010000,1000000
2017-08-25 12:39:35.080000,1.09734,1.0973,4760000,1500000
2017-08-25 12:39:35.674000,1.09734,1.0973,6260000,1120000
2017-08-25 12:39:37.361000,1.09732,1.09729,1310000,1120000
2017-08-25 12:39:37.872000,1.09733,1.0973,1250000,1000000
2017-08-25 12:39:38.790000,1.09735,1.09732,2320000,3000000
2017-08-25 12:39:39.046000,1.09737,1.09733,3750000,1120000
2017-08-25 12:39:39.251000,1.09734,1.09731,1000000,5440000
2017-08-25 12:39:40.090000,1.09734,1.09731,1120000,1120000
2017-08-25 12:39:40.659000,1.09735,1.09734,9750000,1000000
2017-08-25 12:39:40.813000,1.09738,1.09737,5810000,1000000
2017-08-25 12:39:40.916000,1.0974,1.09737,1310000,1120000
2017-08-25 12:39:41.061000,1.09739,1.09736,1370000,1870000
2017-08-25 12:39:41.113000,1.09738,1.09735,1120000,4310000
2017-08-25 12:39:41.677000,1.09738,1.09734,2250000,1690000
2017-08-25 12:39:42.198000,1.0974,1.09737,5060000,1500000
2017-08-25 12:39:42.709000,1.09743,1.0974,1000000,1500000
2017-08-25 12:39:44.100000,1.09744,1.09741,1870000,1000000
2017-08-25 12:39:44.624000,1.09744,1.0974,2440000,1690000
2017-08-25 12:39:45.135000,1.09743,1.0974,1120000,1120000
2017-08-25 12:39:45.452000,1.09738,1.09735,1120000,2440000
2017-08-25 12:39:46.370000,1.09739,1.09736,1120000,1120000
2017-08-25 12:39:50.154000,1.0974,1.09738,2060000,1500000
2017-08-25 12:39:50.310000,1.09745,1.09741,2440000,2250000
2017-08-25 12:39:50.413000,1.09745,1.09742,1570000,1120000
2017-08-25 12:39:50.930000,1.09744,1.09741,1120000,1310000
2017-08-25 12:39:51.750000,1.09745,1.09741,2620000,1310000
2017-08-25 12:39:52.430000,1.09743,1.09741,1000000,1310000
2017-08-25 12:39:52.737000,1.09741,1.09739,1000000,3820000
2017-08-25 12:39:52.840000,1.0974,1.09736,1310000,4200000
2017-08-25 12:39:53.350000,1.0974,1.09736,3940000,1120000
2017-08-25 12:39:54.257000,1.09738,1.09734,2250000,4310000
2017-08-25 12:39:56.670000,1.09737,1.09734,1120000,1310000
2017-08-25 12:39:57.214000,1.09737,1.09735,1120000,1000000
2017-08-25 12:39:57.879000,1.09737,1.09734,1500000,1250000
2017-08-25 12:39:58.927000,1.09736,1.09732,1500000,3560000
2017-08-25 12:39:59.466000,1.09736,1.09732,2060000,2620000
2017-08-25 12:39:59.825000,1.09734,1.09731,1000000,1000000
2017-08-25 12:40:00.381000,1.09733,1.0973,1000000,1250000
2017-08-25 12:40:02.725000,1.09732,1.0973,1000000,1120000
2017-08-25 12:40:03.238000,1.0973,1.09728,1000000,1500000
2017-08-25 12:40:03.380000,1.0973,1.09727,1000000,1870000
2017-08-25 12:40:03.535000,1.09732,1.09728,2060000,2620000
2017-08-25 12:40:04.047000,1.09732,1.09729,1690000,1000000
2017-08-25 12:40:05.161000,1.09732,1.09728,3190000,3000000
2017-08-25 12:40:05.672000,1.09732,1.09729,2440000,1000000
2017-08-25 12:40:07.080000,1.09731,1.09728,1310000,1120000
2017-08-25 12:40:07.628000,1.09731,1.09728,2810000,1000000
2017-08-25 12:40:08.179000,1.09729,1.09727,1000000,1120000
2017-08-25 12:40:08.689000,1.0973,1.09727,2060000,1000000
2017-08-25 12:40:09.209000,1.09729,1.09726,1000000,2620000
2017-08-25 12:40:12.593000,1.09727,1.09724,1120000,3190000
2017-08-25 12:40:14.838000,1.09726,1.09722,1120000,5440000
2017-08-25 12:40:16.750000,1.09723,1.09721,1870000,4120000
2017-08-25 12:40:16.903000,1.09722,1.09718,2440000,1500000
2017-08-25 12:40:17.415000,1.09721,1.09718,1000000,1500000
2017-08-25 12:40:17.902000,1.09719,1.09716,3750000,2620000
2017-08-25 12:40:18.056000,1.09716,1.09712,2810000,2700000
2017-08-25 12:40:18.568000,1.09715,1.09711,1120000,4690000
2017-08-25 12:40:18.619000,1.09717,1.09715,1000000,1500000
2017-08-25 12:40:18.722000,1.0972,1.09716,2060000,1870000
2017-08-25 12:40:18.773000,1.0972,1.09717,1250000,4120000
2017-08-25 12:40:19.003000,1.09722,1.09718,2810000,1870000
2017-08-25 12:40:19.822000,1.09722,1.09718,3560000,1000000
2017-08-25 12:40:20.339000,1.09721,1.09718,1000000,1000000
2017-08-25 12:40:21.646000,1.09718,1.09715,2620000,1570000
2017-08-25 12:40:22.054000,1.09717,1.09714,1000000,1000000
2017-08-25 12:40:22.666000,1.09719,1.09715,3260000,1310000
2017-08-25 12:40:23.211000,1.0972,1.09715,3640000,3750000
2017-08-25 12:40:23.621000,1.09722,1.09718,3340000,2250000
2017-08-25 12:40:23.673000,1.09721,1.09718,1000000,3000000
2017-08-25 12:40:24.848000,1.0972,1.09717,1000000,1250000
2017-08-25 12:40:24.951000,1.09719,1.09715,1690000,1120000
2017-08-25 12:40:25.002000,1.09717,1.09714,1000000,4390000
2017-08-25 12:40:25.308000,1.09716,1.09712,2440000,3750000
2017-08-25 12:40:25.820000,1.09716,1.09712,2810000,3000000
2017-08-25 12:40:26.332000,1.09716,1.09713,2060000,1000000
2017-08-25 12:40:26.486000,1.09717,1.09713,1690000,2630000
2017-08-25 12:40:27.257000,1.09717,1.09714,1000000,6560000
2017-08-25 12:40:27.309000,1.0972,1.09716,2890000,2440000
2017-08-25 12:40:27.360000,1.0972,1.09717,1310000,1500000
2017-08-25 12:40:27.872000,1.09721,1.09718,1120000,1120000
2017-08-25 12:40:28.220000,1.09722,1.09718,1100000,8440000
2017-08-25 12:40:28.629000,1.09722,1.09718,1250000,3000000
2017-08-25 12:40:29.140000,1.09722,1.09718,1120000,3750000
2017-08-25 12:40:29.835000,1.09722,1.09718,2810000,1690000
2017-08-25 12:40:30.372000,1.09722,1.09718,2810000,1500000
2017-08-25 12:40:30.922000,1.09721,1.09717,1250000,3750000
2017-08-25 12:40:31.026000,1.09718,1.09716,1000000,3000000
2017-08-25 12:40:31.181000,1.09716,1.09713,1120000,1000000
2017-08-25 12:40:31.693000,1.09715,1.09711,1120000,3600000
2017-08-25 12:40:32.411000,1.09716,1.09712,1250000,5250000
2017-08-25 12:40:34.188000,1.09715,1.09712,1000000,1000000
2017-08-25 12:40:35.414000,1.09716,1.09712,2810000,1120000
2017-08-25 12:40:37.439000,1.09716,1.09712,5060000,1120000
2017-08-25 12:40:38.313000,1.09715,1.09712,4500000,1000000
2017-08-25 12:40:38.364000,1.09712,1.09709,2500000,1610000
2017-08-25 12:40:38.466000,1.09713,1.0971,2320000,1870000
2017-08-25 12:40:38.978000,1.09715,1.09711,3560000,1160000
2017-08-25 12:40:39.996000,1.09715,1.09712,2440000,1000000
2017-08-25 12:40:42.301000,1.09715,1.09712,2440000,1000000
2017-08-25 12:40:45.972000,1.09715,1.09711,4500000,1160000
2017-08-25 12:40:47.188000,1.09714,1.09712,1310000,1000000
2017-08-25 12:40:49.194000,1.09714,1.0971,1310000,5930000
2017-08-25 12:40:49.737000,1.09713,1.0971,1310000,2290000
2017-08-25 12:40:50.240000,1.09714,1.09711,1690000,1050000
2017-08-25 12:40:52.481000,1.09714,1.09712,1310000,1000000
2017-08-25 12:41:00.285000,1.09715,1.09712,2060000,1120000
2017-08-25 12:41:00.823000,1.09714,1.09713,1000000,1000000
2017-08-25 12:41:01.877000,1.09715,1.09713,1310000,1000000
2017-08-25 12:41:06.948000,1.09712,1.09711,1120000,1050000
2017-08-25 12:41:07.053000,1.09708,1.09706,1250000,10120000
2017-08-25 12:41:07.260000,1.09706,1.09704,1500000,1120000
2017-08-25 12:41:07.774000,1.09707,1.09705,1120000,1000000
2017-08-25 12:41:08.914000,1.09708,1.09705,1690000,1000000
2017-08-25 12:41:09.488000,1.09707,1.09705,1000000,1870000
2017-08-25 12:41:10.105000,1.09708,1.09705,1310000,1870000
2017-08-25 12:41:12.291000,1.09707,1.09705,1000000,1120000
2017-08-25 12:41:12.444000,1.09704,1.097,4120000,3940000
2017-08-25 12:41:12.987000,1.09704,1.097,5440000,3370000
2017-08-25 12:41:14.310000,1.09704,1.09702,2810000,1120000
2017-08-25 12:41:14.413000,1.09706,1.09704,2810000,2620000
2017-08-25 12:41:14.925000,1.09706,1.09704,1250000,1120000
2017-08-25 12:41:15.235000,1.09704,1.09702,1000000,2250000
2017-08-25 12:41:15.757000,1.09705,1.09701,7310000,1120000
2017-08-25 12:41:16.069000,1.09707,1.09705,1310000,1000000
2017-08-25 12:41:16.628000,1.09708,1.09705,3940000,1000000
2017-08-25 12:41:17.239000,1.09708,1.09706,1250000,1000000
2017-08-25 12:41:17.546000,1.09713,1.09711,1000000,1120000
2017-08-25 12:41:18.097000,1.0971,1.09709,1120000,2620000
2017-08-25 12:41:18.251000,1.0971,1.09707,2440000,1000000
2017-08-25 12:41:18.455000,1.09713,1.0971,1760000,1000000
2017-08-25 12:41:18.966000,1.09713,1.09711,1690000,1000000
2017-08-25 12:41:19.679000,1.09714,1.09711,1350000,1000000
2017-08-25 12:41:21.821000,1.09714,1.09711,2660000,1120000
2017-08-25 12:41:22.182000,1.09715,1.09712,1690000,1500000
2017-08-25 12:41:22.697000,1.09716,1.09713,1310000,1120000
2017-08-25 12:41:24.653000,1.09716,1.09715,1250000,1000000
2017-08-25 12:41:24.705000,1.09717,1.09715,3370000,1500000
2017-08-25 12:41:24.808000,1.09719,1.09717,1000000,1000000
2017-08-25 12:41:25.382000,1.09719,1.09716,1000000,2250000
2017-08-25 12:41:29.468000,1.0972,1.09718,1000000,3750000
2017-08-25 12:41:29.520000,1.09721,1.0972,1100000,1000000
2017-08-25 12:41:30.037000,1.09721,1.09719,1250000,1120000
2017-08-25 12:41:30.553000,1.09722,1.09719,1310000,1120000
2017-08-25 12:41:31.689000,1.09722,1.09719,1310000,1120000
2017-08-25 12:41:31.976000,1.09722,1.09721,1010000,1000000
2017-08-25 12:41:32.083000,1.09723,1.0972,3260000,1120000
2017-08-25 12:41:32.608000,1.09722,1.0972,1310000,1120000
2017-08-25 12:41:33.114000,1.09721,1.09719,1000000,1000000
2017-08-25 12:41:33.398000,1.0972,1.09717,1250000,2620000
2017-08-25 12:41:33.450000,1.09718,1.09715,2440000,2250000
2017-08-25 12:41:33.757000,1.09716,1.09713,1310000,1120000
2017-08-25 12:41:34.268000,1.09717,1.09714,1760000,1000000
2017-08-25 12:41:34.794000,1.09717,1.09715,1010000,1000000
2017-08-25 12:41:36.997000,1.09717,1.09713,3070000,1500000
2017-08-25 12:41:37.508000,1.09716,1.09713,1250000,1870000
2017-08-25 12:41:38.586000,1.09716,1.09712,2440000,2250000
2017-08-25 12:41:39.110000,1.09716,1.09712,2510000,1500000
2017-08-25 12:41:40.596000,1.09716,1.09711,7390000,1500000
2017-08-25 12:41:40.750000,1.09714,1.0971,4690000,2250000
2017-08-25 12:41:41.263000,1.09713,1.09709,2060000,6370000
2017-08-25 12:41:41.832000,1.09713,1.09709,1690000,6750000
2017-08-25 12:41:44.330000,1.09713,1.09711,1000000,4870000
2017-08-25 12:41:44.909000,1.09715,1.09711,1310000,4690000
2017-08-25 12:41:45.468000,1.09715,1.09711,1690000,2620000
2017-08-25 12:41:46.463000,1.09715,1.09711,1310000,3000000
2017-08-25 12:41:47.327000,1.09714,1.0971,1250000,5250000
2017-08-25 12:41:47.837000,1.09713,1.09709,1390000,4500000
2017-08-25 12:41:48.435000,1.09713,1.09709,2510000,1870000
2017-08-25 12:41:49.053000,1.09713,1.09709,2510000,1500000
2017-08-25 12:41:51.134000,1.09713,1.09709,2140000,3000000
2017-08-25 12:41:51.690000,1.09713,1.09709,1760000,6000000
2017-08-25 12:41:58.044000,1.0971,1.09709,1000000,1120000
2017-08-25 12:41:58.198000,1.0971,1.09707,3940000,1000000
2017-08-25 12:41:59.549000,1.09709,1.09706,1870000,1120000
2017-08-25 12:42:00.332000,1.0971,1.09708,1000000,3370000
2017-08-25 12:42:00.383000,1.09713,1.09709,2440000,8620000
2017-08-25 12:42:00.435000,1.09713,1.09709,1870000,9370000
2017-08-25 12:42:00.964000,1.09713,1.0971,1000000,1000000
2017-08-25 12:42:01.982000,1.09714,1.0971,2510000,1120000
2017-08-25 12:42:02.489000,1.09714,1.0971,1310000,4120000
2017-08-25 12:42:03.461000,1.09711,1.09709,1190000,1870000
2017-08-25 12:42:03.513000,1.0971,1.09707,1250000,3600000
2017-08-25 12:42:04.029000,1.09713,1.09709,2140000,2620000
2017-08-25 12:42:04.081000,1.09713,1.09709,1310000,3370000
2017-08-25 12:42:05.627000,1.09714,1.0971,2440000,1000000
2017-08-25 12:42:05.730000,1.09714,1.0971,1310000,7540000
2017-08-25 12:42:06.346000,1.09716,1.09712,2810000,1120000
2017-08-25 12:42:06.885000,1.09716,1.09712,3560000,1000000
2017-08-25 12:42:07.541000,1.09715,1.09712,1000000,1000000
2017-08-25 12:42:08.174000,1.09716,1.09712,2810000,1000000
2017-08-25 12:42:09.533000,1.09715,1.09712,1000000,1000000
2017-08-25 12:42:12.587000,1.09715,1.09712,1000000,5060000
2017-08-25 12:42:12.907000,1.0972,1.09717,1000000,9450000
2017-08-25 12:42:13.429000,1.0972,1.09717,1000000,3000000
2017-08-25 12:42:13.961000,1.09721,1.09717,2440000,3750000
2017-08-25 12:42:14.621000,1.09722,1.0972,1000000,3600000
2017-08-25 12:42:14.673000,1.09724,1.0972,7310000,1500000
2017-08-25 12:42:15.199000,1.09722,1.0972,1000000,2250000
2017-08-25 12:42:15.712000,1.09723,1.0972,1250000,2620000
2017-08-25 12:42:16.224000,1.09724,1.09721,1310000,1120000
2017-08-25 12:42:16.733000,1.09725,1.09721,1500000,1370000
2017-08-25 12:42:16.990000,1.09723,1.0972,1880000,1500000
2017-08-25 12:42:20.867000,1.09722,1.09718,1120000,6000000
2017-08-25 12:42:21.381000,1.09722,1.09718,2060000,1870000
2017-08-25 12:42:26.430000,1.09719,1.09716,3560000,2620000
2017-08-25 12:42:26.738000,1.09716,1.09713,1310000,1160000
2017-08-25 12:42:27.256000,1.09717,1.09713,2060000,4160000
2017-08-25 12:42:29.762000,1.09717,1.09715,1250000,1120000
2017-08-25 12:42:29.967000,1.0972,1.09717,1310000,1120000
2017-08-25 12:42:30.868000,1.0972,1.09716,1690000,3000000
2017-08-25 12:42:31.389000,1.09719,1.09716,1000000,1000000
2017-08-25 12:42:33.542000,1.09718,1.09714,1310000,4240000
2017-08-25 12:42:33.595000,1.09717,1.09714,1500000,1540000
2017-08-25 12:42:34.122000,1.09716,1.09711,2440000,6110000
2017-08-25 12:42:35.455000,1.09715,1.09711,3190000,1000000
2017-08-25 12:42:39.333000,1.09715,1.0971,4310000,2620000
2017-08-25 12:42:42.591000,1.09713,1.09711,1120000,1120000
2017-08-25 12:42:42.744000,1.09715,1.09713,1120000,1120000
2017-08-25 12:42:42.981000,1.09716,1.09713,2810000,1120000
2017-08-25 12:42:43.388000,1.09714,1.09712,1120000,1370000
2017-08-25 12:42:43.989000,1.09715,1.09712,1120000,1370000
2017-08-25 12:42:45.921000,1.09715,1.09711,3190000,4500000
2017-08-25 12:42:46.227000,1.09713,1.0971,1120000,3000000
2017-08-25 12:42:46.738000,1.09714,1.09711,2440000,3000000
2017-08-25 12:42:47.249000,1.09713,1.0971,1120000,4870000
2017-08-25 12:42:48.957000,1.09714,1.09711,2440000,3000000
2017-08-25 12:42:50.958000,1.09713,1.09711,1120000,1120000
2017-08-25 12:42:53.059000,1.09714,1.09711,2250000,4120000
2017-08-25 12:42:53.594000,1.09717,1.09715,1500000,1120000
2017-08-25 12:42:53.705000,1.09718,1.09715,1390000,1370000
2017-08-25 12:42:53.913000,1.09717,1.09714,2620000,1000000
2017-08-25 12:42:54.066000,1.09715,1.09713,1870000,1000000
2017-08-25 12:42:54.606000,1.09714,1.09712,1120000,2620000
2017-08-25 12:42:55.265000,1.09714,1.09712,1120000,1500000
2017-08-25 12:42:55.799000,1.09715,1.09712,1310000,2250000
2017-08-25 12:42:56.323000,1.09714,1.09712,1120000,1500000
2017-08-25 12:42:57.569000,1.09715,1.09712,1870000,1500000
2017-08-25 12:42:58.072000,1.09713,1.09711,1120000,1370000
2017-08-25 12:42:59.123000,1.09717,1.09715,1000000,1500000
2017-08-25 12:42:59.379000,1.0972,1.09717,2060000,1000000
2017-08-25 12:42:59.891000,1.0972,1.09718,1120000,2250000
2017-08-25 12:43:00.704000,1.09721,1.09718,1120000,2250000
2017-08-25 12:43:01.216000,1.0972,1.09718,1120000,1000000
2017-08-25 12:43:01.897000,1.09721,1.09718,1120000,3600000
2017-08-25 12:43:02.471000,1.0972,1.09718,1120000,3600000
2017-08-25 12:43:04.394000,1.09721,1.09719,1120000,3940000
2017-08-25 12:43:04.601000,1.09722,1.09719,1120000,6790000
2017-08-25 12:43:05.011000,1.0972,1.09719,1120000,1000000
2017-08-25 12:43:05.316000,1.09722,1.09719,2810000,1870000
2017-08-25 12:43:05.521000,1.0972,1.09718,1120000,3970000
2017-08-25 12:43:07.693000,1.0972,1.09718,1120000,1000000
2017-08-25 12:43:09.524000,1.0972,1.09718,1120000,3370000
2017-08-25 12:43:14.590000,1.09723,1.0972,1690000,3750000
2017-08-25 12:43:14.641000,1.09724,1.09722,1120000,1000000
2017-08-25 12:43:15.204000,1.09725,1.09722,2250000,1120000
2017-08-25 12:43:16.042000,1.09725,1.09722,1870000,3000000
2017-08-25 12:43:17.599000,1.09725,1.09721,3370000,4500000
2017-08-25 12:43:18.110000,1.09724,1.09722,1120000,1000000
2017-08-25 12:43:18.621000,1.09725,1.09722,4500000,1120000
2017-08-25 12:43:21.746000,1.09725,1.09723,1120000,1000000
2017-08-25 12:43:22.408000,1.09725,1.09722,1120000,4120000
2017-08-25 12:43:23.285000,1.09725,1.09722,1120000,5440000
2017-08-25 12:43:23.795000,1.09725,1.09722,1120000,5810000
2017-08-25 12:43:24.639000,1.09725,1.09722,1120000,6560000
2017-08-25 12:43:26.200000,1.09726,1.09724,1120000,5290000
2017-08-25 12:43:26.252000,1.09729,1.09726,5510000,1120000
2017-08-25 12:43:26.458000,1.09727,1.09723,2060000,8060000
2017-08-25 12:43:26.941000,1.09725,1.09723,1120000,6370000
2017-08-25 12:43:27.478000,1.09726,1.09723,1120000,6370000
2017-08-25 12:43:28.044000,1.09726,1.09723,1120000,3000000
2017-08-25 12:43:29.486000,1.09727,1.09723,5060000,3190000
2017-08-25 12:43:29.836000,1.09725,1.09723,1120000,1000000
2017-08-25 12:43:32.281000,1.09725,1.09722,4310000,1120000
2017-08-25 12:43:32.782000,1.09725,1.09722,1120000,3000000
2017-08-25 12:43:35.808000,1.09726,1.09722,4310000,4120000
2017-08-25 12:43:36.449000,1.09725,1.09722,1120000,3370000
2017-08-25 12:43:41.427000,1.09724,1.09722,1000000,1000000
2017-08-25 12:43:41.604000,1.09722,1.09719,1690000,1120000
2017-08-25 12:43:41.707000,1.09721,1.09719,2250000,1000000
2017-08-25 12:43:41.810000,1.0972,1.09717,1500000,1120000
2017-08-25 12:43:42.320000,1.09719,1.09716,1500000,2250000
2017-08-25 12:43:45.454000,1.09718,1.09714,4010000,6000000
2017-08-25 12:43:45.659000,1.09716,1.09714,1120000,3000000
2017-08-25 12:43:45.967000,1.09718,1.09716,1120000,1000000
2017-08-25 12:43:46.071000,1.09719,1.09715,3370000,3970000
2017-08-25 12:43:46.379000,1.09717,1.09715,1120000,1350000
2017-08-25 12:43:46.929000,1.09718,1.09715,1120000,3560000
2017-08-25 12:43:47.439000,1.09719,1.09716,2620000,1500000
2017-08-25 12:43:48.039000,1.0972,1.09716,3190000,5630000
2017-08-25 12:43:49.147000,1.0972,1.09718,1120000,5060000
2017-08-25 12:43:50.660000,1.0972,1.09717,1120000,4120000
2017-08-25 12:43:51.198000,1.0972,1.09718,1120000,4310000
2017-08-25 12:43:51.486000,1.09726,1.09722,4760000,2810000
2017-08-25 12:43:51.538000,1.09726,1.09722,3640000,3190000
2017-08-25 12:43:52.048000,1.09725,1.09721,3600000,2250000
2017-08-25 12:43:52.558000,1.09723,1.0972,1120000,2620000
2017-08-25 12:43:53.013000,1.09721,1.09717,4200000,1870000
2017-08-25 12:43:53.679000,1.0972,1.09718,1120000,2250000
2017-08-25 12:43:54.112000,1.09722,1.09719,2440000,2250000
2017-08-25 12:43:54.266000,1.09723,1.09721,1000000,2100000
2017-08-25 12:43:54.573000,1.09725,1.09723,1120000,1870000
2017-08-25 12:43:58.632000,1.09726,1.09723,1120000,1370000
2017-08-25 12:43:58.940000,1.09728,1.09726,1120000,1500000
2017-08-25 12:43:59.043000,1.09729,1.09726,1870000,2620000
2017-08-25 12:43:59.198000,1.09728,1.09725,3370000,1000000
2017-08-25 12:43:59.830000,1.09726,1.09724,1120000,1120000
2017-08-25 12:44:00.475000,1.09727,1.09724,1120000,5060000
2017-08-25 12:44:00.629000,1.09728,1.09725,1120000,2250000
2017-08-25 12:44:01.414000,1.09727,1.09725,1120000,1370000
2017-08-25 12:44:02.357000,1.09728,1.09725,1120000,6000000
2017-08-25 12:44:04.112000,1.09728,1.09726,1120000,7120000
2017-08-25 12:44:05.297000,1.09729,1.09727,1120000,1000000
2017-08-25 12:44:05.656000,1.09731,1.09728,3000000,7540000
2017-08-25 12:44:06.543000,1.09731,1.09728,1870000,7540000
2017-08-25 12:44:07.076000,1.0973,1.09728,1120000,1310000
2017-08-25 12:44:07.589000,1.09731,1.09729,1120000,1000000
2017-08-25 12:44:10.615000,1.09731,1.09728,1120000,1500000
2017-08-25 12:44:15.473000,1.0973,1.09728,1120000,1000000
2017-08-25 12:44:16.671000,1.0973,1.09727,1120000,1000000
2017-08-25 12:44:16.850000,1.09729,1.09726,2810000,1000000
2017-08-25 12:44:17.383000,1.09728,1.09725,3560000,1000000
2017-08-25 12:44:20.604000,1.09728,1.09724,4310000,3000000
2017-08-25 12:44:21.125000,1.09727,1.09724,1120000,3000000
2017-08-25 12:44:21.634000,1.09728,1.09724,7010000,1000000
2017-08-25 12:44:21.941000,1.09726,1.09723,1120000,3000000
2017-08-25 12:44:24.032000,1.09726,1.09724,1120000,1000000
2017-08-25 12:44:24.565000,1.09726,1.09723,1120000,2620000
2017-08-25 12:44:27.377000,1.09725,1.09723,1120000,1000000
2017-08-25 12:44:27.886000,1.09725,1.09722,2620000,2660000
2017-08-25 12:44:28.579000,1.09724,1.0972,2620000,4500000
2017-08-25 12:44:29.090000,1.09724,1.0972,3640000,1000000
2017-08-25 12:44:29.426000,1.09724,1.09722,1120000,1500000
2017-08-25 12:44:29.968000,1.09725,1.09722,2810000,1120000
2017-08-25 12:44:30.877000,1.09725,1.09722,1690000,3370000
2017-08-25 12:44:31.426000,1.09724,1.09721,1120000,4500000
2017-08-25 12:44:32.241000,1.09724,1.09721,2440000,1120000
2017-08-25 12:44:33.114000,1.09723,1.0972,3940000,1120000
2017-08-25 12:44:33.622000,1.09722,1.09719,1500000,3370000
2017-08-25 12:44:34.151000,1.09722,1.0972,1500000,1000000
2017-08-25 12:44:34.536000,1.0972,1.09719,1120000,1000000
2017-08-25 12:44:35.087000,1.09719,1.09718,1120000,1000000
2017-08-25 12:44:35.445000,1.09719,1.09716,2440000,1120000
2017-08-25 12:44:36.381000,1.09719,1.09717,2060000,1000000
2017-08-25 12:44:36.891000,1.0972,1.09717,2250000,1870000
2017-08-25 12:44:38.018000,1.09719,1.09717,1120000,1870000
2017-08-25 12:44:38.530000,1.0972,1.09717,2250000,2620000
2017-08-25 12:44:39.041000,1.0972,1.09718,1500000,1120000
2017-08-25 12:44:39.665000,1.0972,1.09717,2250000,1120000
2017-08-25 12:44:40.176000,1.0972,1.09718,1120000,1000000
2017-08-25 12:44:40.687000,1.09721,1.09718,2620000,1250000
2017-08-25 12:44:43.325000,1.09722,1.09721,5700000,1000000
2017-08-25 12:44:43.377000,1.09725,1.09723,1390000,1120000
2017-08-25 12:44:43.531000,1.09726,1.09723,2510000,2250000
2017-08-25 12:44:44.086000,1.09725,1.09722,1120000,3370000
2017-08-25 12:44:44.601000,1.09726,1.09724,1310000,1120000
2017-08-25 12:44:46.271000,1.09725,1.09724,1120000,1000000
2017-08-25 12:44:46.857000,1.09725,1.09723,1120000,2250000
2017-08-25 12:44:48.229000,1.09725,1.09724,1870000,1000000
2017-08-25 12:44:48.382000,1.09727,1.09723,3450000,4120000
2017-08-25 12:44:48.486000,1.09725,1.09723,1120000,2620000
2017-08-25 12:44:49.122000,1.09725,1.09723,1120000,3000000
2017-08-25 12:44:49.652000,1.09725,1.09723,1120000,1870000
2017-08-25 12:44:51.335000,1.09726,1.09723,1120000,1500000
2017-08-25 12:44:51.871000,1.09725,1.09723,1120000,1500000
2017-08-25 12:44:52.397000,1.09726,1.09723,1120000,1500000
2017-08-25 12:44:55.427000,1.09725,1.09722,1310000,1370000
2017-08-25 12:44:57.374000,1.09726,1.09723,1310000,1500000
2017-08-25 12:44:57.887000,1.09725,1.09722,1120000,6040000
2017-08-25 12:44:58.860000,1.09726,1.09723,1310000,3750000
2017-08-25 12:45:02.049000,1.09725,1.09723,1120000,3750000
