time,ask,bid,ask_volume,bid_volume
2019-06-03 13:55:00.050000,1.0827,1.08268,1950000,3120000
2019-06-03 13:55:00.201000,1.0827,1.08268,2890000,3940000
2019-06-03 13:55:00.817000,1.08272,1.08271,2620000,1250000
2019-06-03 13:55:00.869000,1.0827,1.08268,1200000,3620000
2019-06-03 13:55:01.114000,1.0827,1.08268,1390000,2810000
2019-06-03 13:55:01.217000,1.0827,1.08268,1200000,5120000
2019-06-03 13:55:01.370000,1.0827,1.08267,1690000,5870000
2019-06-03 13:55:01.472000,1.0827,1.08268,2290000,1250000
2019-06-03 13:55:01.644000,1.08273,1.08271,1500000,2500000
2019-06-03 13:55:01.749000,1.08272,1.08271,1000000,4690000
2019-06-03 13:55:01.801000,1.08274,1.08272,2060000,1250000
2019-06-03 13:55:01.956000,1.08274,1.08272,2660000,1250000
2019-06-03 13:55:03.569000,1.08275,1.08273,1500000,1750000
2019-06-03 13:55:03.671000,1.08274,1.08273,1200000,1250000
2019-06-03 13:55:03.942000,1.08275,1.08273,1000000,3250000
2019-06-03 13:55:04.095000,1.08277,1.08275,3000000,3620000
2019-06-03 13:55:04.925000,1.08279,1.08277,3370000,2500000
2019-06-03 13:55:05.027000,1.08279,1.08277,2440000,2440000
2019-06-03 13:55:06.391000,1.08281,1.08279,5370000,1250000
2019-06-03 13:55:06.493000,1.08281,1.08279,3000000,1690000
2019-06-03 13:55:07.206000,1.08281,1.08279,1000000,4000000
2019-06-03 13:55:07.359000,1.08283,1.08282,2510000,1000000
2019-06-03 13:55:07.462000,1.08283,1.08281,1000000,6750000
2019-06-03 13:55:07.632000,1.08285,1.08283,3190000,1690000
2019-06-03 13:55:08.232000,1.08283,1.08282,1000000,1250000
2019-06-03 13:55:08.811000,1.08282,1.08281,1000000,1250000
2019-06-03 13:55:08.914000,1.0828,1.08279,1120000,2440000
2019-06-03 13:55:09.151000,1.08274,1.08273,1250000,1000000
2019-06-03 13:55:09.253000,1.08274,1.08272,1690000,2810000
2019-06-03 13:55:09.356000,1.08274,1.08273,1500000,1250000
2019-06-03 13:55:10.692000,1.08274,1.08272,1570000,1870000
2019-06-03 13:55:11.029000,1.08274,1.08273,1000000,1250000
2019-06-03 13:55:11.610000,1.0827,1.08268,3190000,2060000
2019-06-03 13:55:12.088000,1.08269,1.08268,1500000,1250000
2019-06-03 13:55:12.211000,1.0827,1.08268,4010000,1250000
2019-06-03 13:55:12.556000,1.0827,1.08268,4510000,1250000
2019-06-03 13:55:13.673000,1.0827,1.08268,1690000,2060000
2019-06-03 13:55:16.059000,1.08271,1.0827,2620000,2440000
2019-06-03 13:55:16.282000,1.08271,1.08269,2250000,1310000
2019-06-03 13:55:18.073000,1.08272,1.08271,1950000,1690000
2019-06-03 13:55:18.124000,1.08275,1.08272,3390000,1500000
2019-06-03 13:55:18.226000,1.08273,1.08271,1500000,2500000
2019-06-03 13:55:18.345000,1.08273,1.08271,1690000,1250000
2019-06-03 13:55:18.498000,1.08273,1.08271,2870000,1000000
2019-06-03 13:55:18.808000,1.08271,1.0827,1000000,1120000
2019-06-03 13:55:18.912000,1.08272,1.0827,2810000,1000000
2019-06-03 13:55:19.302000,1.08271,1.08269,1250000,1690000
2019-06-03 13:55:19.827000,1.08272,1.0827,1870000,1750000
2019-06-03 13:55:19.935000,1.08272,1.0827,1120000,4000000
2019-06-03 13:55:20.038000,1.08271,1.08269,1250000,1120000
2019-06-03 13:55:20.140000,1.08271,1.0827,1000000,2440000
2019-06-03 13:55:20.302000,1.0827,1.08269,1250000,1000000
2019-06-03 13:55:20.557000,1.08271,1.0827,1500000,1250000
2019-06-03 13:55:20.777000,1.0827,1.08269,1000000,1760000
2019-06-03 13:55:21.031000,1.0827,1.08268,1750000,2100000
2019-06-03 13:55:21.133000,1.08269,1.08268,1250000,1500000
2019-06-03 13:55:21.986000,1.08268,1.08267,1250000,1000000
2019-06-03 13:55:22.296000,1.08269,1.08267,1690000,1250000
2019-06-03 13:55:22.550000,1.08269,1.08267,1000000,3200000
2019-06-03 13:55:24.757000,1.0827,1.08268,2250000,1370000
2019-06-03 13:55:24.859000,1.0827,1.08269,1690000,1000000
2019-06-03 13:55:25.307000,1.0827,1.08268,1690000,1250000
2019-06-03 13:55:25.411000,1.0827,1.08267,1750000,3560000
2019-06-03 13:55:25.513000,1.08268,1.08267,1000000,1310000
2019-06-03 13:55:25.677000,1.08269,1.08267,1250000,3190000
2019-06-03 13:55:25.779000,1.08269,1.08268,1250000,1000000
2019-06-03 13:55:25.881000,1.08269,1.08267,1250000,3560000
2019-06-03 13:55:26.004000,1.08269,1.08268,1250000,1000000
2019-06-03 13:55:26.105000,1.08269,1.08267,1250000,3940000
2019-06-03 13:55:26.258000,1.08269,1.08268,1250000,1000000
2019-06-03 13:55:26.443000,1.0827,1.08267,2120000,3940000
2019-06-03 13:55:26.696000,1.0827,1.08268,2060000,1250000
2019-06-03 13:55:27.114000,1.08271,1.08269,3370000,2620000
2019-06-03 13:55:27.371000,1.0827,1.08268,2440000,1690000
2019-06-03 13:55:28.209000,1.08269,1.08267,1250000,3190000
2019-06-03 13:55:29.849000,1.08269,1.08268,1000000,1250000
2019-06-03 13:55:29.951000,1.0827,1.08268,2440000,2560000
2019-06-03 13:55:30.053000,1.0827,1.08268,2440000,2060000
2019-06-03 13:55:30.371000,1.08271,1.08269,4690000,1000000
2019-06-03 13:55:30.473000,1.08271,1.0827,1870000,2060000
2019-06-03 13:55:30.627000,1.08271,1.08269,1310000,2060000
2019-06-03 13:55:30.789000,1.0827,1.08268,1250000,2560000
2019-06-03 13:55:31.260000,1.0827,1.08268,1310000,2440000
2019-06-03 13:55:31.362000,1.08269,1.08268,1500000,1250000
2019-06-03 13:55:31.464000,1.08268,1.08266,1500000,4750000
2019-06-03 13:55:31.617000,1.08269,1.08266,1690000,6620000
2019-06-03 13:55:32.332000,1.0827,1.08267,3260000,1750000
2019-06-03 13:55:33.156000,1.0827,1.08268,1500000,1750000
2019-06-03 13:55:33.808000,1.0827,1.08268,1250000,2060000
2019-06-03 13:55:34.451000,1.08271,1.08269,1760000,1310000
2019-06-03 13:55:34.607000,1.0827,1.08268,1000000,5620000
2019-06-03 13:55:34.710000,1.0827,1.08268,1250000,3560000
2019-06-03 13:55:35.237000,1.08269,1.08268,1000000,1250000
2019-06-03 13:55:35.340000,1.0827,1.08268,2510000,1250000
2019-06-03 13:55:35.647000,1.08271,1.08269,2950000,1000000
2019-06-03 13:55:36.075000,1.08271,1.08269,1310000,1690000
2019-06-03 13:55:36.228000,1.08271,1.08269,1370000,1000000
2019-06-03 13:55:36.377000,1.08271,1.08269,1310000,1690000
2019-06-03 13:55:36.911000,1.08273,1.08272,4120000,1120000
2019-06-03 13:55:36.962000,1.08275,1.08273,2440000,1690000
2019-06-03 13:55:37.116000,1.08276,1.08274,1100000,1250000
2019-06-03 13:55:37.218000,1.08277,1.08275,1760000,1250000
2019-06-03 13:55:37.456000,1.08278,1.08276,2160000,1250000
2019-06-03 13:55:37.559000,1.08279,1.08277,1760000,1500000
2019-06-03 13:55:37.776000,1.0828,1.08277,1390000,5120000
2019-06-03 13:55:38.689000,1.08281,1.08279,3260000,1250000
2019-06-03 13:55:38.791000,1.08281,1.08279,4070000,1000000
2019-06-03 13:55:39.284000,1.08281,1.08278,4070000,1690000
2019-06-03 13:55:39.386000,1.08279,1.08277,1500000,1750000
2019-06-03 13:55:39.661000,1.08279,1.08276,3700000,3190000
2019-06-03 13:55:39.764000,1.08277,1.08275,1120000,2250000
2019-06-03 13:55:39.969000,1.08276,1.08274,1500000,4310000
2019-06-03 13:55:40.220000,1.08275,1.08274,1250000,1120000
2019-06-03 13:55:40.322000,1.08275,1.08273,4510000,1250000
2019-06-03 13:55:40.424000,1.08274,1.08272,2140000,1690000
2019-06-03 13:55:40.697000,1.08273,1.08272,1500000,1250000
2019-06-03 13:55:40.799000,1.08274,1.08271,3370000,2440000
2019-06-03 13:55:40.901000,1.08274,1.08272,2620000,2500000
2019-06-03 13:55:41.024000,1.08276,1.08274,1500000,4370000
2019-06-03 13:55:41.126000,1.08278,1.08276,1820000,1500000
2019-06-03 13:55:41.584000,1.08278,1.08276,2140000,1250000
2019-06-03 13:55:41.944000,1.08278,1.08277,1000000,1250000
2019-06-03 13:55:42.097000,1.08278,1.08276,2060000,1250000
2019-06-03 13:55:42.199000,1.08279,1.08277,4950000,1500000
2019-06-03 13:55:42.376000,1.08279,1.08277,2140000,1250000
2019-06-03 13:55:42.478000,1.08279,1.08277,3760000,1250000
2019-06-03 13:55:42.581000,1.08275,1.08274,1250000,3000000
2019-06-03 13:55:42.743000,1.08276,1.08274,3190000,1250000
2019-06-03 13:55:43.272000,1.08275,1.08273,1000000,7310000
2019-06-03 13:55:43.323000,1.08274,1.08272,3750000,1500000
2019-06-03 13:55:43.425000,1.08274,1.08272,1000000,7370000
2019-06-03 13:55:43.527000,1.08275,1.08273,1000000,4000000
2019-06-03 13:55:43.986000,1.08276,1.08274,2060000,1690000
2019-06-03 13:55:44.139000,1.08278,1.08275,6660000,4000000
2019-06-03 13:55:44.314000,1.08278,1.08276,1010000,1690000
2019-06-03 13:55:46.720000,1.08276,1.08275,1250000,1120000
2019-06-03 13:55:46.822000,1.08275,1.08274,2440000,2250000
2019-06-03 13:55:46.924000,1.08274,1.08273,1000000,1250000
2019-06-03 13:55:47.986000,1.08275,1.08273,3640000,1690000
2019-06-03 13:55:49.140000,1.08274,1.08272,1250000,2060000
2019-06-03 13:55:49.294000,1.08274,1.08272,1370000,1500000
2019-06-03 13:55:49.483000,1.08274,1.08272,1250000,1690000
2019-06-03 13:55:50.682000,1.08274,1.08272,1000000,2500000
2019-06-03 13:55:52.009000,1.08275,1.08272,3260000,2500000
2019-06-03 13:55:52.601000,1.08275,1.08272,6290000,2500000
2019-06-03 13:55:53.049000,1.08275,1.08272,5510000,3250000
2019-06-03 13:55:53.627000,1.08275,1.08274,2700000,1000000
2019-06-03 13:55:53.747000,1.0828,1.08278,2440000,1250000
2019-06-03 13:55:54.105000,1.0828,1.08278,1250000,1310000
2019-06-03 13:55:54.350000,1.0828,1.08278,1000000,2120000
2019-06-03 13:55:54.503000,1.08281,1.08278,3640000,4370000
2019-06-03 13:55:54.797000,1.08283,1.08282,3750000,2440000
2019-06-03 13:55:54.900000,1.08285,1.08283,2230000,1310000
2019-06-03 13:55:56,1.08284,1.08283,1000000,1250000
2019-06-03 13:55:56.203000,1.08285,1.08283,1780000,1250000
2019-06-03 13:55:56.764000,1.08285,1.08284,1120000,2440000
2019-06-03 13:55:56.838000,1.08287,1.08285,5140000,1000000
2019-06-03 13:55:56.889000,1.08286,1.08284,1250000,2250000
2019-06-03 13:55:56.992000,1.08285,1.08283,1690000,2060000
2019-06-03 13:56:01.694000,1.08282,1.08281,1120000,2140000
2019-06-03 13:56:01.746000,1.08281,1.08279,1500000,1870000
2019-06-03 13:56:01.900000,1.08281,1.08279,1250000,4060000
2019-06-03 13:56:02.013000,1.08281,1.08279,1010000,3190000
2019-06-03 13:56:02.218000,1.0828,1.08278,1500000,1000000
2019-06-03 13:56:06.122000,1.0828,1.08279,1000000,1000000
2019-06-03 13:56:06.275000,1.08278,1.08277,1000000,1500000
2019-06-03 13:56:06.377000,1.08279,1.08277,3370000,1750000
2019-06-03 13:56:06.494000,1.08279,1.08278,1000000,1250000
2019-06-03 13:56:06.597000,1.0828,1.08278,2440000,2440000
2019-06-03 13:56:06.699000,1.0828,1.08279,1250000,1500000
2019-06-03 13:56:06.803000,1.08283,1.08281,4120000,3250000
2019-06-03 13:56:06.945000,1.08283,1.08282,1000000,1690000
2019-06-03 13:56:07.298000,1.08284,1.08282,1250000,1690000
2019-06-03 13:56:07.639000,1.08285,1.08283,2890000,1690000
2019-06-03 13:56:08.375000,1.08285,1.08284,1250000,1000000
2019-06-03 13:56:08.578000,1.08285,1.08283,1250000,2440000
2019-06-03 13:56:09.145000,1.08286,1.08284,4450000,1000000
2019-06-03 13:56:09.248000,1.08286,1.08282,3700000,7500000
2019-06-03 13:56:09.770000,1.08284,1.08282,1500000,2870000
2019-06-03 13:56:10.180000,1.08283,1.08281,2250000,1000000
2019-06-03 13:56:10.332000,1.08281,1.0828,1000000,1690000
2019-06-03 13:56:10.435000,1.0828,1.08278,1000000,4060000
2019-06-03 13:56:10.537000,1.08279,1.08278,1000000,1000000
2019-06-03 13:56:10.642000,1.08279,1.08276,2890000,3250000
2019-06-03 13:56:10.744000,1.08279,1.08276,2700000,2440000
2019-06-03 13:56:11.725000,1.08278,1.08276,1000000,2060000
2019-06-03 13:56:12.282000,1.08279,1.08277,1000000,3370000
2019-06-03 13:56:12.756000,1.08279,1.08278,1000000,1250000
2019-06-03 13:56:15.021000,1.0828,1.08278,1250000,1690000
2019-06-03 13:56:15.123000,1.08281,1.08279,2620000,3620000
2019-06-03 13:56:15.328000,1.08282,1.0828,1120000,2500000
2019-06-03 13:56:15.853000,1.08283,1.08281,1000000,3620000
2019-06-03 13:56:15.956000,1.08284,1.08283,1690000,1000000
2019-06-03 13:56:16.058000,1.08285,1.08282,2500000,5510000
2019-06-03 13:56:16.160000,1.08285,1.08282,2440000,4070000
2019-06-03 13:56:16.306000,1.08285,1.08283,1000000,4750000
2019-06-03 13:56:16.560000,1.08285,1.08283,1250000,3940000
2019-06-03 13:56:17.086000,1.08285,1.08283,1000000,2870000
2019-06-03 13:56:17.758000,1.08285,1.08283,1690000,2810000
2019-06-03 13:56:18.264000,1.08285,1.08283,1000000,2120000
2019-06-03 13:56:18.405000,1.08286,1.08284,1000000,2500000
2019-06-03 13:56:18.557000,1.08286,1.08284,1250000,4120000
2019-06-03 13:56:18.609000,1.08287,1.08285,2250000,1690000
2019-06-03 13:56:18.728000,1.08288,1.08286,2440000,1310000
2019-06-03 13:56:19.138000,1.08287,1.08286,1000000,1500000
2019-06-03 13:56:25.932000,1.08293,1.0829,2250000,3370000
2019-06-03 13:56:26.035000,1.08292,1.08291,1000000,1870000
2019-06-03 13:56:27.364000,1.08292,1.0829,2250000,1310000
2019-06-03 13:56:27.467000,1.08291,1.08289,1120000,6640000
2019-06-03 13:56:27.620000,1.08283,1.08281,1000000,2500000
2019-06-03 13:56:27.769000,1.08281,1.0828,1690000,1000000
2019-06-03 13:56:27.875000,1.0828,1.08279,1250000,2320000
2019-06-03 13:56:27.977000,1.0828,1.08278,1810000,4390000
2019-06-03 13:56:28.079000,1.08281,1.08279,1690000,2060000
2019-06-03 13:56:28.187000,1.08281,1.08279,2560000,2060000
2019-06-03 13:56:28.819000,1.0828,1.08278,1690000,2510000
2019-06-03 13:56:30.770000,1.08279,1.08277,1000000,1200000
2019-06-03 13:56:30.821000,1.0827,1.08268,1120000,2250000
2019-06-03 13:56:30.923000,1.0827,1.08268,1370000,1500000
2019-06-03 13:56:31.026000,1.0827,1.08269,2810000,1000000
2019-06-03 13:56:31.128000,1.0827,1.08268,2870000,1500000
2019-06-03 13:56:31.230000,1.0827,1.08268,2810000,2890000
2019-06-03 13:56:31.893000,1.08269,1.08267,3190000,2510000
2019-06-03 13:56:31.945000,1.08267,1.08265,5720000,1500000
2019-06-03 13:56:32.047000,1.08267,1.08266,2440000,1500000
2019-06-03 13:56:32.150000,1.08268,1.08267,2440000,1000000
2019-06-03 13:56:32.314000,1.08268,1.08267,1000000,2060000
2019-06-03 13:56:32.417000,1.0827,1.08269,2440000,1000000
2019-06-03 13:56:32.519000,1.0827,1.08269,1690000,1000000
2019-06-03 13:56:32.913000,1.0827,1.08268,1690000,1690000
2019-06-03 13:56:33.161000,1.0827,1.08269,1250000,1000000
2019-06-03 13:56:33.805000,1.08271,1.08268,4370000,2810000
2019-06-03 13:56:34.089000,1.08271,1.08269,3620000,1000000
2019-06-03 13:56:34.564000,1.0827,1.08268,1250000,2510000
2019-06-03 13:56:35.072000,1.08269,1.08268,2620000,1000000
2019-06-03 13:56:35.174000,1.08268,1.08266,2500000,2250000
2019-06-03 13:56:35.330000,1.08268,1.08267,1250000,1000000
2019-06-03 13:56:35.381000,1.08269,1.08268,1120000,1250000
2019-06-03 13:56:36.051000,1.08271,1.08269,4370000,1000000
2019-06-03 13:56:37.640000,1.0827,1.08268,1250000,1390000
2019-06-03 13:56:38.052000,1.0827,1.08269,1250000,1000000
2019-06-03 13:56:38.205000,1.0827,1.08268,1690000,2510000
2019-06-03 13:56:39.914000,1.0827,1.08268,1750000,1950000
2019-06-03 13:56:40.502000,1.0827,1.08268,1250000,1000000
2019-06-03 13:56:40.605000,1.08271,1.08269,4750000,1000000
2019-06-03 13:56:40.881000,1.0827,1.08268,1250000,3260000
2019-06-03 13:56:41.392000,1.08269,1.08267,1250000,6760000
2019-06-03 13:56:41.658000,1.08269,1.08267,1690000,2890000
2019-06-03 13:56:41.710000,1.08267,1.08266,1250000,3820000
2019-06-03 13:56:41.762000,1.08266,1.08264,4500000,3820000
2019-06-03 13:56:41.864000,1.08265,1.08263,1500000,1250000
2019-06-03 13:56:43.260000,1.08265,1.08263,2120000,1000000
2019-06-03 13:56:43.476000,1.08266,1.08265,2060000,1000000
2019-06-03 13:56:43.578000,1.08266,1.08265,1690000,1000000
2019-06-03 13:56:43.680000,1.08266,1.08264,2690000,3640000
2019-06-03 13:56:44.043000,1.08266,1.08265,2440000,1000000
2019-06-03 13:56:44.247000,1.08267,1.08266,1250000,1500000
2019-06-03 13:56:44.558000,1.08268,1.08266,2060000,1690000
2019-06-03 13:56:44.711000,1.08268,1.08267,1250000,1000000
2019-06-03 13:56:45.226000,1.08269,1.08268,2440000,1000000
2019-06-03 13:56:45.345000,1.08271,1.08269,2120000,1000000
2019-06-03 13:56:45.498000,1.08271,1.08268,2870000,4010000
2019-06-03 13:56:45.826000,1.08271,1.08269,2870000,1000000
2019-06-03 13:56:45.928000,1.08271,1.08268,2870000,3260000
2019-06-03 13:56:46.189000,1.0827,1.08268,2120000,1000000
2019-06-03 13:56:46.345000,1.0827,1.08267,4870000,1250000
2019-06-03 13:56:46.511000,1.08268,1.08267,1000000,1250000
2019-06-03 13:56:46.615000,1.08267,1.08266,1310000,1000000
2019-06-03 13:56:46.717000,1.08267,1.08265,2060000,2060000
2019-06-03 13:56:46.883000,1.08266,1.08264,3560000,4690000
2019-06-03 13:56:46.985000,1.08265,1.08264,1000000,4690000
2019-06-03 13:56:47.450000,1.08266,1.08265,2440000,1000000
2019-06-03 13:56:47.604000,1.08267,1.08266,2060000,1000000
2019-06-03 13:56:47.758000,1.08267,1.08266,1000000,1690000
2019-06-03 13:56:47.861000,1.08268,1.08267,1500000,2440000
2019-06-03 13:56:47.963000,1.0827,1.08268,1250000,1000000
2019-06-03 13:56:48.065000,1.08271,1.08269,3250000,1500000
2019-06-03 13:56:48.405000,1.08271,1.0827,1690000,1000000
2019-06-03 13:56:48.513000,1.08271,1.08269,1750000,1500000
2019-06-03 13:56:48.616000,1.08271,1.08269,1000000,1500000
2019-06-03 13:56:48.873000,1.08271,1.08269,1250000,1500000
2019-06-03 13:56:50.178000,1.08271,1.08269,2810000,1000000
2019-06-03 13:56:50.280000,1.0827,1.08268,1250000,4010000
2019-06-03 13:56:50.382000,1.08271,1.08269,3250000,1570000
2019-06-03 13:56:53.081000,1.0827,1.08268,1690000,3260000
2019-06-03 13:56:54.059000,1.08269,1.08268,2810000,1000000
2019-06-03 13:56:54.161000,1.08269,1.08267,4810000,1500000
2019-06-03 13:56:54.723000,1.08273,1.08271,2720000,1000000
2019-06-03 13:56:54.829000,1.08271,1.08269,1000000,8620000
2019-06-03 13:56:54.883000,1.08272,1.08271,1250000,2250000
2019-06-03 13:56:54.934000,1.08275,1.08274,1690000,1000000
2019-06-03 13:56:55.088000,1.08275,1.08273,1690000,3260000
2019-06-03 13:56:55.205000,1.08276,1.08274,2810000,2140000
2019-06-03 13:56:55.307000,1.08275,1.08274,1000000,1390000
2019-06-03 13:56:56.678000,1.08276,1.08275,1000000,1690000
2019-06-03 13:56:56.730000,1.08277,1.08275,1250000,1690000
2019-06-03 13:56:57.419000,1.08277,1.08275,1250000,3790000
2019-06-03 13:56:58.344000,1.08279,1.08278,1870000,2440000
2019-06-03 13:56:58.498000,1.0828,1.08278,1310000,4390000
2019-06-03 13:56:59.571000,1.08271,1.08269,1000000,3750000
2019-06-03 13:56:59.738000,1.0827,1.08268,1000000,3370000
2019-06-03 13:56:59.840000,1.08271,1.08269,1120000,4600000
2019-06-03 13:56:59.993000,1.08271,1.08269,2370000,4390000
2019-06-03 13:57:00.215000,1.08271,1.0827,1000000,2060000
2019-06-03 13:57:00.318000,1.08272,1.0827,2060000,2060000
2019-06-03 13:57:00.471000,1.08271,1.08269,1000000,5320000
2019-06-03 13:57:00.971000,1.0827,1.08268,1250000,4010000
2019-06-03 13:57:01.250000,1.08269,1.08268,1000000,1760000
2019-06-03 13:57:01.556000,1.0827,1.08268,1690000,3410000
2019-06-03 13:57:01.659000,1.0827,1.08268,1690000,2060000
2019-06-03 13:57:01.762000,1.0827,1.08268,2370000,1250000
2019-06-03 13:57:05.614000,1.08267,1.08265,1000000,3640000
2019-06-03 13:57:05.742000,1.08266,1.08265,1000000,2060000
2019-06-03 13:57:06.844000,1.08268,1.08266,1500000,2250000
2019-06-03 13:57:07.829000,1.08268,1.08267,1000000,1000000
2019-06-03 13:57:07.932000,1.08269,1.08267,1250000,1500000
2019-06-03 13:57:10.431000,1.08269,1.08268,1250000,1000000
2019-06-03 13:57:10.685000,1.0827,1.08269,1000000,1120000
2019-06-03 13:57:10.787000,1.08271,1.08269,1000000,1870000
2019-06-03 13:57:10.955000,1.08272,1.08269,1690000,2620000
2019-06-03 13:57:11.007000,1.08272,1.08271,1000000,3190000
2019-06-03 13:57:11.109000,1.08275,1.08273,3250000,1500000
2019-06-03 13:57:11.211000,1.08275,1.08274,1250000,1000000
2019-06-03 13:57:11.363000,1.08279,1.08277,2290000,1250000
2019-06-03 13:57:11.465000,1.08279,1.08277,2440000,1690000
2019-06-03 13:57:11.863000,1.08279,1.08278,1250000,1000000
2019-06-03 13:57:11.965000,1.0828,1.08278,1690000,2440000
2019-06-03 13:57:12.068000,1.08282,1.08281,4500000,1310000
2019-06-03 13:57:12.226000,1.08283,1.08281,3790000,2310000
2019-06-03 13:57:13.060000,1.08282,1.08281,1000000,2060000
2019-06-03 13:57:13.213000,1.08282,1.0828,1000000,3820000
2019-06-03 13:57:13.348000,1.08281,1.08279,2250000,1970000
2019-06-03 13:57:13.451000,1.08281,1.08279,4000000,1000000
2019-06-03 13:57:14.511000,1.08281,1.08278,1750000,2700000
2019-06-03 13:57:14.562000,1.08281,1.08279,1690000,2060000
2019-06-03 13:57:14.714000,1.0828,1.08279,1000000,1310000
2019-06-03 13:57:15.252000,1.08281,1.08279,2440000,1250000
2019-06-03 13:57:15.407000,1.0828,1.08278,1690000,2890000
2019-06-03 13:57:16.328000,1.08279,1.08277,1000000,2870000
2019-06-03 13:57:16.431000,1.0828,1.08277,2810000,2870000
2019-06-03 13:57:17.614000,1.08279,1.08277,1000000,2500000
2019-06-03 13:57:18.035000,1.08279,1.08277,1000000,2250000
2019-06-03 13:57:18.137000,1.08279,1.08276,2440000,2440000
2019-06-03 13:57:18.619000,1.08279,1.08276,3620000,1500000
2019-06-03 13:57:19.100000,1.08279,1.08277,1760000,2440000
2019-06-03 13:57:19.202000,1.08279,1.08278,1000000,1250000
2019-06-03 13:57:20.989000,1.08278,1.08277,2060000,1000000
2019-06-03 13:57:21.080000,1.08277,1.08275,1000000,2890000
2019-06-03 13:57:21.508000,1.08278,1.08277,1500000,1250000
2019-06-03 13:57:21.726000,1.08278,1.08276,1000000,2440000
2019-06-03 13:57:22.007000,1.08279,1.08277,1310000,1500000
2019-06-03 13:57:22.111000,1.08279,1.08277,1690000,2940000
2019-06-03 13:57:22.266000,1.08282,1.0828,1100000,2500000
2019-06-03 13:57:22.419000,1.08283,1.0828,1000000,6620000
2019-06-03 13:57:22.546000,1.08281,1.0828,1100000,2440000
2019-06-03 13:57:22.649000,1.08282,1.08281,1250000,1000000
2019-06-03 13:57:22.801000,1.08283,1.08281,1500000,2250000
2019-06-03 13:57:25.367000,1.08285,1.08283,1390000,2440000
2019-06-03 13:57:25.791000,1.08283,1.08282,1000000,2510000
2019-06-03 13:57:25.893000,1.08283,1.08282,1250000,1120000
2019-06-03 13:57:26.285000,1.08283,1.08281,2120000,1120000
2019-06-03 13:57:26.828000,1.08283,1.08281,1250000,1310000
2019-06-03 13:57:28.813000,1.08284,1.08282,4820000,1000000
2019-06-03 13:57:28.915000,1.08285,1.08283,1250000,1690000
2019-06-03 13:57:29.512000,1.08286,1.08283,1750000,2190000
2019-06-03 13:57:30.528000,1.08285,1.08283,1690000,1310000
2019-06-03 13:57:31.341000,1.08284,1.08282,1000000,4570000
2019-06-03 13:57:31.494000,1.08283,1.08282,1250000,1120000
2019-06-03 13:57:31.597000,1.08283,1.08281,3250000,1500000
2019-06-03 13:57:32.652000,1.08284,1.08282,2250000,1370000
2019-06-03 13:57:34.201000,1.08285,1.08284,1250000,1000000
2019-06-03 13:57:34.610000,1.08286,1.08284,2440000,1250000
2019-06-03 13:57:34.775000,1.08285,1.08283,1250000,2620000
2019-06-03 13:57:34.885000,1.08283,1.08281,1500000,4120000
2019-06-03 13:57:36.081000,1.08282,1.08281,1000000,1000000
2019-06-03 13:57:36.698000,1.08284,1.08283,1000000,1250000
2019-06-03 13:57:36.787000,1.08285,1.08284,1200000,1250000
2019-06-03 13:57:37.413000,1.08285,1.08283,1690000,4310000
2019-06-03 13:57:38.221000,1.08285,1.08284,1250000,1000000
2019-06-03 13:57:38.272000,1.08287,1.08285,2320000,3370000
2019-06-03 13:57:38.374000,1.08288,1.08286,1200000,1870000
2019-06-03 13:57:38.476000,1.08289,1.08286,3940000,3370000
2019-06-03 13:57:42.556000,1.08288,1.08286,1000000,4120000
2019-06-03 13:57:44.289000,1.08289,1.08287,3190000,1310000
2019-06-03 13:57:44.411000,1.0829,1.08288,1000000,1500000
2019-06-03 13:57:45.359000,1.08289,1.08287,1000000,3690000
2019-06-03 13:57:45.462000,1.08289,1.08287,2440000,2060000
2019-06-03 13:57:45.999000,1.08288,1.08287,1000000,1310000
2019-06-03 13:57:54.549000,1.08289,1.08288,1870000,1250000
2019-06-03 13:57:54.651000,1.0829,1.08288,1500000,3620000
2019-06-03 13:57:55.229000,1.0829,1.08288,1250000,3560000
2019-06-03 13:57:55.341000,1.08289,1.08287,1690000,5640000
2019-06-03 13:57:55.392000,1.08288,1.08286,1690000,1620000
2019-06-03 13:57:57.139000,1.08288,1.08285,1250000,4810000
2019-06-03 13:57:57.242000,1.0829,1.08289,1950000,1250000
2019-06-03 13:57:57.343000,1.08291,1.08289,2440000,1250000
2019-06-03 13:57:57.981000,1.08291,1.08289,2500000,1000000
2019-06-03 13:57:58.559000,1.08291,1.08289,3940000,1250000
2019-06-03 13:57:59.817000,1.08291,1.08289,3250000,1000000
2019-06-03 13:58:00.123000,1.08289,1.08287,2440000,3640000
2019-06-03 13:58:02.972000,1.08288,1.08286,1250000,4310000
2019-06-03 13:58:03.328000,1.08288,1.08285,2870000,4140000
2019-06-03 13:58:03.430000,1.08287,1.08285,1250000,3000000
2019-06-03 13:58:03.532000,1.08287,1.08285,1250000,2250000
2019-06-03 13:58:06.579000,1.08285,1.08283,2690000,2320000
2019-06-03 13:58:06.681000,1.08284,1.08283,1050000,1000000
2019-06-03 13:58:06.783000,1.08282,1.0828,3190000,1500000
2019-06-03 13:58:06.885000,1.08282,1.08279,3370000,4500000
2019-06-03 13:58:07.038000,1.08282,1.0828,2620000,1000000
2019-06-03 13:58:07.139000,1.08281,1.08279,1310000,4500000
2019-06-03 13:58:07.879000,1.08281,1.08279,3620000,3000000
2019-06-03 13:58:07.981000,1.08281,1.08279,2810000,1690000
2019-06-03 13:58:10.253000,1.08281,1.0828,1310000,1000000
2019-06-03 13:58:10.355000,1.08281,1.08279,2810000,3000000
2019-06-03 13:58:11.098000,1.0828,1.08279,1000000,1000000
2019-06-03 13:58:11.602000,1.0828,1.08278,3370000,1000000
2019-06-03 13:58:12.425000,1.0828,1.08277,2620000,3370000
2019-06-03 13:58:13.268000,1.08278,1.08277,1000000,1870000
2019-06-03 13:58:13.472000,1.08278,1.08276,2440000,1500000
2019-06-03 13:58:15.042000,1.08277,1.08275,1690000,1000000
2019-06-03 13:58:15.324000,1.08277,1.08274,3260000,2060000
2019-06-03 13:58:15.823000,1.08276,1.08274,1000000,2060000
2019-06-03 13:58:16.577000,1.08274,1.08273,1250000,2700000
2019-06-03 13:58:16.629000,1.0827,1.08268,1250000,1690000
2019-06-03 13:58:16.731000,1.0827,1.08268,1750000,1500000
2019-06-03 13:58:17.097000,1.0827,1.08269,1250000,1000000
2019-06-03 13:58:17.200000,1.0827,1.08269,1000000,1250000
2019-06-03 13:58:17.302000,1.0827,1.08268,1250000,2440000
2019-06-03 13:58:17.622000,1.0827,1.08269,1250000,1000000
2019-06-03 13:58:17.775000,1.08271,1.08269,2250000,1250000
2019-06-03 13:58:17.878000,1.08271,1.0827,2440000,1000000
2019-06-03 13:58:17.981000,1.08271,1.08269,2440000,1000000
2019-06-03 13:58:19.839000,1.08271,1.08268,2440000,2320000
2019-06-03 13:58:19.942000,1.0827,1.08268,2250000,1000000
2019-06-03 13:58:20.839000,1.0827,1.08267,3000000,3190000
2019-06-03 13:58:21.162000,1.08268,1.08267,1250000,2250000
2019-06-03 13:58:22.810000,1.08268,1.08266,1250000,3560000
2019-06-03 13:58:24.333000,1.08268,1.08267,1000000,1250000
2019-06-03 13:58:25.174000,1.08266,1.08265,1500000,2700000
2019-06-03 13:58:25.225000,1.08265,1.08263,1690000,1250000
2019-06-03 13:58:25.837000,1.08265,1.08263,1500000,3750000
2019-06-03 13:58:26.619000,1.08266,1.08263,1500000,3000000
2019-06-03 13:58:27.146000,1.08266,1.08265,1500000,1000000
2019-06-03 13:58:27.249000,1.08267,1.08265,1870000,1310000
2019-06-03 13:58:30.645000,1.08267,1.08266,1120000,1000000
2019-06-03 13:58:31.701000,1.08268,1.08266,2440000,1500000
2019-06-03 13:58:31.854000,1.08268,1.08267,1000000,1000000
2019-06-03 13:58:32.128000,1.08268,1.08266,1500000,1760000
2019-06-03 13:58:32.945000,1.08268,1.08267,1000000,1000000
2019-06-03 13:58:33.828000,1.08269,1.08267,2060000,1690000
2019-06-03 13:58:33.930000,1.08269,1.08268,2060000,1000000
2019-06-03 13:58:35.463000,1.08269,1.08267,1250000,3190000
2019-06-03 13:58:36.555000,1.08269,1.08267,1000000,2440000
2019-06-03 13:58:37.282000,1.0827,1.08267,3620000,3390000
2019-06-03 13:58:39.558000,1.08271,1.0827,1120000,1690000
2019-06-03 13:58:39.611000,1.08273,1.08272,1500000,1000000
2019-06-03 13:58:39.817000,1.08274,1.08272,1250000,1690000
2019-06-03 13:58:40.273000,1.08275,1.08273,2440000,1250000
2019-06-03 13:58:40.376000,1.08275,1.08272,2500000,3260000
2019-06-03 13:58:42.169000,1.08276,1.08274,1870000,4000000
2019-06-03 13:58:42.271000,1.08276,1.08274,1000000,4450000
2019-06-03 13:58:42.592000,1.08276,1.08274,1690000,3640000
2019-06-03 13:58:42.695000,1.08271,1.08268,1750000,2440000
2019-06-03 13:58:43.278000,1.0827,1.08269,1690000,1000000
2019-06-03 13:58:43.467000,1.0827,1.08268,1250000,4310000
2019-06-03 13:58:43.670000,1.0827,1.08269,1000000,1250000
2019-06-03 13:58:43.773000,1.0827,1.08268,1250000,5510000
2019-06-03 13:58:43.994000,1.08271,1.08269,2810000,1250000
2019-06-03 13:58:44.096000,1.0827,1.08269,1000000,1310000
2019-06-03 13:58:44.250000,1.08271,1.08268,2870000,5510000
2019-06-03 13:58:44.596000,1.08262,1.0826,1250000,2620000
2019-06-03 13:58:44.700000,1.08263,1.08261,11620000,1000000
2019-06-03 13:58:44.802000,1.08261,1.08259,1250000,4200000
2019-06-03 13:58:45.492000,1.08261,1.0826,1000000,1250000
2019-06-03 13:58:45.594000,1.08261,1.08259,1750000,2250000
2019-06-03 13:58:45.697000,1.08262,1.08259,4310000,2500000
2019-06-03 13:58:48.053000,1.0826,1.08258,1250000,5890000
2019-06-03 13:58:49.135000,1.08259,1.08257,1000000,4370000
2019-06-03 13:58:50.004000,1.08259,1.08257,1690000,1250000
2019-06-03 13:58:50.525000,1.0826,1.08259,1870000,1690000
2019-06-03 13:58:50.675000,1.08261,1.08259,1000000,4750000
2019-06-03 13:58:50.777000,1.08261,1.08259,1250000,2620000
2019-06-03 13:58:50.879000,1.08262,1.0826,2870000,1000000
2019-06-03 13:58:51.960000,1.08262,1.0826,2500000,1000000
2019-06-03 13:58:52.011000,1.08261,1.08258,1250000,4390000
2019-06-03 13:58:52.113000,1.0826,1.08257,1250000,7010000
2019-06-03 13:58:54.276000,1.08258,1.08257,1500000,1250000
2019-06-03 13:58:55.221000,1.08258,1.08256,1000000,1000000
2019-06-03 13:58:55.916000,1.08258,1.08255,2620000,2250000
2019-06-03 13:58:56.141000,1.08258,1.08256,2620000,1000000
2019-06-03 13:58:57.166000,1.08258,1.08256,1000000,2870000
2019-06-03 13:58:57.269000,1.08258,1.08256,1690000,2060000
2019-06-03 13:58:57.414000,1.08258,1.08256,1750000,1000000
2019-06-03 13:58:57.920000,1.08259,1.08256,4370000,1250000
2019-06-03 13:58:58.609000,1.08255,1.08254,1250000,1000000
2019-06-03 13:58:58.711000,1.08254,1.08253,2620000,2440000
2019-06-03 13:58:59.123000,1.08256,1.08253,2250000,4370000
2019-06-03 13:58:59.225000,1.08257,1.08255,1500000,2500000
2019-06-03 13:58:59.479000,1.08257,1.08255,1000000,1690000
2019-06-03 13:58:59.581000,1.08257,1.08255,1000000,3700000
2019-06-03 13:58:59.735000,1.08258,1.08256,1870000,2120000
2019-06-03 13:59:00.067000,1.08259,1.08256,2440000,2870000
2019-06-03 13:59:00.170000,1.08259,1.08258,1000000,1250000
2019-06-03 13:59:00.849000,1.08259,1.08257,1000000,1200000
2019-06-03 13:59:02.560000,1.0826,1.08258,4370000,1500000
2019-06-03 13:59:02.663000,1.0826,1.08258,1250000,2140000
2019-06-03 13:59:05.835000,1.08261,1.08259,2120000,1000000
2019-06-03 13:59:05.937000,1.08262,1.08261,3070000,1000000
2019-06-03 13:59:06.039000,1.08263,1.08262,1200000,1250000
2019-06-03 13:59:06.142000,1.08267,1.08266,1500000,1000000
2019-06-03 13:59:06.263000,1.08267,1.08265,2200000,1120000
2019-06-03 13:59:06.366000,1.08268,1.08267,1250000,1000000
2019-06-03 13:59:07.854000,1.0827,1.08268,2440000,1000000
2019-06-03 13:59:08.418000,1.0827,1.08269,1250000,1000000
2019-06-03 13:59:10.249000,1.08272,1.0827,1870000,1500000
2019-06-03 13:59:11.231000,1.08273,1.0827,2060000,2890000
2019-06-03 13:59:13.488000,1.08273,1.08271,2520000,1000000
2019-06-03 13:59:13.539000,1.08274,1.08273,1690000,1000000
2019-06-03 13:59:14.521000,1.08273,1.08271,1000000,5870000
2019-06-03 13:59:14.623000,1.08271,1.0827,1690000,1500000
2019-06-03 13:59:16.364000,1.08271,1.0827,2440000,1000000
2019-06-03 13:59:16.467000,1.08271,1.0827,1500000,1000000
2019-06-03 13:59:16.658000,1.08271,1.08269,2500000,1100000
2019-06-03 13:59:21.116000,1.08271,1.0827,3190000,1000000
2019-06-03 13:59:21.218000,1.08271,1.08269,3190000,1200000
2019-06-03 13:59:21.593000,1.08271,1.0827,3190000,1000000
2019-06-03 13:59:21.796000,1.08271,1.08269,3940000,1100000
2019-06-03 13:59:25.716000,1.08271,1.08269,1690000,2820000
2019-06-03 13:59:25.818000,1.08271,1.08269,1250000,3820000
2019-06-03 13:59:26.646000,1.08273,1.08272,3750000,1000000
2019-06-03 13:59:26.748000,1.08274,1.08272,2250000,1500000
2019-06-03 13:59:26.850000,1.08274,1.08273,1120000,1120000
2019-06-03 13:59:28.632000,1.08273,1.08272,1500000,1000000
2019-06-03 13:59:28.683000,1.08273,1.08271,1810000,1100000
2019-06-03 13:59:28.734000,1.08274,1.08273,2440000,1000000
2019-06-03 13:59:28.859000,1.08274,1.08273,2440000,1000000
2019-06-03 13:59:29.773000,1.08274,1.08272,1250000,2810000
2019-06-03 13:59:29.876000,1.08274,1.08273,1250000,1870000
2019-06-03 13:59:30.183000,1.08275,1.08273,1000000,2060000
2019-06-03 13:59:30.602000,1.08275,1.08274,1000000,1000000
2019-06-03 13:59:31.079000,1.08276,1.08274,1250000,1000000
2019-06-03 13:59:32.062000,1.08277,1.08275,1950000,1000000
2019-06-03 13:59:33.154000,1.08276,1.08274,1090000,1870000
2019-06-03 13:59:33.526000,1.08275,1.08273,1250000,2560000
2019-06-03 13:59:34.443000,1.08274,1.08273,1000000,1690000
2019-06-03 13:59:34.835000,1.08275,1.08272,2500000,2060000
2019-06-03 13:59:35.318000,1.08271,1.08269,1250000,3820000
2019-06-03 13:59:35.491000,1.0827,1.08268,1250000,2250000
2019-06-03 13:59:35.644000,1.0827,1.08268,1370000,1000000
2019-06-03 13:59:37.426000,1.0827,1.08267,1120000,1250000
2019-06-03 13:59:38.820000,1.08267,1.08265,1500000,2620000
2019-06-03 13:59:38.953000,1.08268,1.08265,1690000,2060000
2019-06-03 13:59:39.055000,1.08268,1.08265,1500000,2120000
2019-06-03 13:59:39.157000,1.08267,1.08265,1500000,1310000
2019-06-03 13:59:39.259000,1.08265,1.08263,1750000,1120000
2019-06-03 13:59:40.269000,1.08266,1.08263,2250000,1120000
2019-06-03 13:59:40.377000,1.08267,1.08265,1000000,1810000
2019-06-03 13:59:40.429000,1.08268,1.08266,1500000,1310000
2019-06-03 13:59:40.959000,1.08268,1.08267,1000000,1000000
2019-06-03 13:59:42.267000,1.08269,1.08267,1000000,1870000
2019-06-03 13:59:42.369000,1.0827,1.08268,1500000,1000000
2019-06-03 13:59:42.487000,1.0827,1.08267,1000000,1870000
2019-06-03 13:59:42.589000,1.08269,1.08267,1000000,1870000
2019-06-03 13:59:43.340000,1.08268,1.08266,1500000,1000000
2019-06-03 13:59:43.765000,1.08268,1.08265,1500000,1500000
2019-06-03 13:59:45.299000,1.08269,1.08264,1120000,1120000
2019-06-03 13:59:45.513000,1.08267,1.08264,1000000,1120000
2019-06-03 13:59:45.996000,1.08268,1.08266,1000000,1000000
2019-06-03 13:59:46.099000,1.08267,1.08265,1000000,1000000
2019-06-03 13:59:46.246000,1.08268,1.08266,1000000,1000000
2019-06-03 13:59:46.348000,1.08268,1.08266,1000000,1620000
2019-06-03 13:59:46.507000,1.08268,1.08266,1000000,1120000
2019-06-03 13:59:49.015000,1.08269,1.08266,1000000,2250000
2019-06-03 13:59:49.931000,1.08271,1.08269,1000000,1000000
2019-06-03 13:59:49.982000,1.08273,1.0827,3370000,1000000
2019-06-03 13:59:50.087000,1.08272,1.0827,1000000,1000000
2019-06-03 13:59:50.189000,1.08274,1.08271,1000000,1000000
2019-06-03 13:59:50.292000,1.08274,1.08272,1000000,1000000
2019-06-03 13:59:50.411000,1.08274,1.08272,1000000,1000000
2019-06-03 13:59:50.513000,1.08274,1.08271,1000000,1000000
2019-06-03 13:59:50.616000,1.08272,1.08269,1000000,1500000
2019-06-03 13:59:50.743000,1.08272,1.0827,1000000,1000000
2019-06-03 13:59:50.845000,1.08273,1.08271,1000000,1000000
2019-06-03 13:59:51.144000,1.08273,1.0827,1000000,1000000
2019-06-03 13:59:51.449000,1.08273,1.08269,1500000,1120000
2019-06-03 13:59:51.551000,1.08274,1.0827,1000000,1000000
2019-06-03 13:59:51.653000,1.08275,1.08268,1500000,2970000
2019-06-03 13:59:51.756000,1.08274,1.08268,1120000,1870000
2019-06-03 13:59:51.858000,1.0827,1.08264,3420000,1500000
2019-06-03 13:59:51.909000,1.0827,1.08261,5670000,2250000
2019-06-03 13:59:52.012000,1.08269,1.08261,3050000,1000000
2019-06-03 13:59:52.215000,1.08268,1.08261,2300000,1000000
2019-06-03 13:59:52.429000,1.08268,1.0826,2300000,1500000
2019-06-03 13:59:52.480000,1.08269,1.08261,1870000,1000000
2019-06-03 13:59:52.582000,1.0827,1.08261,1000000,1620000
2019-06-03 13:59:52.854000,1.0827,1.0826,1000000,3870000
2019-06-03 13:59:53.008000,1.08269,1.08261,1000000,3120000
2019-06-03 13:59:53.060000,1.08268,1.08261,1000000,1000000
2019-06-03 13:59:53.221000,1.08267,1.0826,1000000,3220000
2019-06-03 13:59:53.477000,1.08268,1.0826,1000000,3220000
2019-06-03 13:59:53.992000,1.08268,1.08261,1500000,1000000
2019-06-03 13:59:54.094000,1.08269,1.08261,1000000,2250000
2019-06-03 13:59:55.047000,1.0827,1.08261,2850000,1870000
2019-06-03 13:59:55.481000,1.0827,1.08261,1000000,1620000
2019-06-03 13:59:55.532000,1.08271,1.08263,2250000,1000000
2019-06-03 13:59:55.671000,1.08272,1.08267,1000000,1500000
2019-06-03 13:59:55.723000,1.08271,1.08265,1000000,2850000
2019-06-03 13:59:55.825000,1.08273,1.08263,3580000,1620000
2019-06-03 13:59:56.032000,1.08271,1.08264,1120000,1500000
2019-06-03 13:59:56.781000,1.08272,1.08263,1120000,4720000
2019-06-03 13:59:56.883000,1.08273,1.08265,3000000,3220000
2019-06-03 13:59:58.465000,1.08273,1.08263,2250000,1000000
2019-06-03 13:59:58.788000,1.08273,1.08266,2250000,1000000
2019-06-03 13:59:58.890000,1.08274,1.08266,1000000,1000000
2019-06-03 13:59:59.043000,1.08275,1.08266,3000000,1000000
2019-06-03 13:59:59.215000,1.08276,1.08266,1500000,1000000
2019-06-03 13:59:59.321000,1.08275,1.08266,1000000,1000000
2019-06-03 13:59:59.424000,1.08275,1.08267,1000000,1000000
2019-06-03 13:59:59.526000,1.08276,1.08267,2250000,1000000
2019-06-03 13:59:59.850000,1.08274,1.08267,1000000,1000000
2019-06-03 14:00:00.082000,1.08275,1.08267,1500000,1000000
2019-06-03 14:00:00.184000,1.08218,1.08207,2750000,3750000
2019-06-03 14:00:00.286000,1.08211,1.08207,1000000,4000000
2019-06-03 14:00:00.399000,1.08208,1.082,2010000,1600000
2019-06-03 14:00:00.579000,1.08208,1.08204,1500000,1000000
2019-06-03 14:00:00.681000,1.08211,1.082,1400000,1500000
2019-06-03 14:00:00.832000,1.08209,1.08201,3000000,2250000
2019-06-03 14:00:00.884000,1.08212,1.08199,1000000,1500000
2019-06-03 14:00:00.935000,1.08213,1.08201,1500000,1500000
2019-06-03 14:00:01.053000,1.08214,1.08201,1500000,1120000
2019-06-03 14:00:01.154000,1.08214,1.08202,1000000,1000000
2019-06-03 14:00:01.257000,1.08211,1.08201,1000000,2550000
2019-06-03 14:00:01.362000,1.08213,1.08203,1120000,1500000
2019-06-03 14:00:01.566000,1.08213,1.08204,1120000,1500000
2019-06-03 14:00:02.059000,1.08207,1.08203,1000000,1500000
2019-06-03 14:00:02.110000,1.0821,1.08204,1000000,1500000
2019-06-03 14:00:02.162000,1.08204,1.082,1500000,1000000
2019-06-03 14:00:02.264000,1.08208,1.082,1500000,1000000
2019-06-03 14:00:02.403000,1.08208,1.08198,1000000,3000000
2019-06-03 14:00:02.505000,1.08208,1.082,1000000,1000000
2019-06-03 14:00:02.644000,1.08208,1.08198,1000000,2250000
2019-06-03 14:00:02.695000,1.08208,1.082,1000000,1000000
2019-06-03 14:00:03.054000,1.08207,1.082,1000000,1000000
2019-06-03 14:00:03.156000,1.08208,1.082,1120000,1000000
2019-06-03 14:00:03.258000,1.08209,1.082,1000000,3000000
2019-06-03 14:00:03.370000,1.08208,1.08205,1000000,1000000
2019-06-03 14:00:03.421000,1.08208,1.082,1000000,3750000
2019-06-03 14:00:03.472000,1.08212,1.0821,1870000,1250000
2019-06-03 14:00:03.524000,1.08226,1.0822,1120000,1500000
2019-06-03 14:00:03.627000,1.08227,1.08221,2250000,3300000
2019-06-03 14:00:03.747000,1.08227,1.08217,3120000,1000000
2019-06-03 14:00:03.900000,1.08222,1.08217,1500000,1000000
2019-06-03 14:00:04.002000,1.08222,1.08213,1500000,1000000
2019-06-03 14:00:04.325000,1.08223,1.08214,1000000,1500000
2019-06-03 14:00:04.376000,1.08225,1.08217,1000000,1000000
2019-06-03 14:00:04.491000,1.08224,1.08215,1000000,1000000
2019-06-03 14:00:04.544000,1.08224,1.08213,1350000,1000000
2019-06-03 14:00:04.646000,1.08222,1.08211,1300000,1500000
2019-06-03 14:00:04.773000,1.08221,1.08208,1350000,1120000
2019-06-03 14:00:04.876000,1.08221,1.08208,1800000,3750000
2019-06-03 14:00:04.928000,1.08222,1.0821,1120000,1000000
2019-06-03 14:00:05.030000,1.08221,1.08216,1000000,1000000
2019-06-03 14:00:05.081000,1.08219,1.08212,1000000,1000000
2019-06-03 14:00:05.196000,1.08224,1.08212,1120000,1000000
2019-06-03 14:00:05.298000,1.08224,1.08215,1870000,1000000
2019-06-03 14:00:05.445000,1.08222,1.08215,2250000,1050000
2019-06-03 14:00:05.497000,1.08219,1.08211,1000000,1000000
2019-06-03 14:00:05.672000,1.08221,1.08211,3300000,1000000
2019-06-03 14:00:05.723000,1.08221,1.08213,1800000,1310000
2019-06-03 14:00:05.774000,1.08236,1.08227,1000000,1250000
2019-06-03 14:00:05.825000,1.08236,1.08229,1000000,1000000
2019-06-03 14:00:05.927000,1.08236,1.08228,1000000,2620000
2019-06-03 14:00:06.041000,1.08238,1.0823,1250000,2500000
2019-06-03 14:00:06.145000,1.0824,1.08233,2150000,1000000
2019-06-03 14:00:06.247000,1.08237,1.08233,1250000,1000000
2019-06-03 14:00:06.298000,1.08235,1.08228,1500000,1250000
2019-06-03 14:00:06.447000,1.08236,1.08226,1250000,1250000
2019-06-03 14:00:06.499000,1.08236,1.08226,1250000,1250000
2019-06-03 14:00:06.602000,1.08237,1.08225,1370000,1250000
2019-06-03 14:00:06.704000,1.08237,1.08226,1370000,1250000
2019-06-03 14:00:06.951000,1.08237,1.08228,1250000,1370000
2019-06-03 14:00:07.330000,1.08237,1.08227,1750000,1250000
2019-06-03 14:00:07.533000,1.08237,1.08228,1750000,1370000
2019-06-03 14:00:07.670000,1.08244,1.08243,1870000,1000000
2019-06-03 14:00:07.727000,1.08251,1.08246,1500000,3190000
2019-06-03 14:00:07.778000,1.08248,1.08245,1500000,2250000
2019-06-03 14:00:07.881000,1.08246,1.08243,1500000,1000000
2019-06-03 14:00:08,1.0825,1.08248,1500000,1250000
2019-06-03 14:00:08.053000,1.08254,1.08248,1370000,1250000
2019-06-03 14:00:08.256000,1.08254,1.08248,1250000,1250000
2019-06-03 14:00:08.461000,1.08254,1.08248,1250000,1000000
2019-06-03 14:00:08.732000,1.08259,1.08249,2500000,2500000
2019-06-03 14:00:08.783000,1.08259,1.08254,3000000,1250000
2019-06-03 14:00:08.885000,1.0826,1.08257,1500000,1250000
2019-06-03 14:00:09.031000,1.08265,1.08258,1250000,1250000
2019-06-03 14:00:09.133000,1.08265,1.08257,1250000,1250000
2019-06-03 14:00:09.235000,1.0826,1.08256,1000000,1250000
2019-06-03 14:00:09.357000,1.0826,1.08256,1250000,1000000
2019-06-03 14:00:09.461000,1.08253,1.0825,1250000,1000000
2019-06-03 14:00:09.564000,1.08253,1.08247,1250000,1250000
2019-06-03 14:00:10.248000,1.0825,1.08246,1000000,1500000
2019-06-03 14:00:10.350000,1.08242,1.08235,1870000,1750000
2019-06-03 14:00:10.472000,1.0824,1.08235,1000000,1250000
2019-06-03 14:00:10.523000,1.08242,1.08236,1750000,1250000
2019-06-03 14:00:10.626000,1.08243,1.08236,2620000,2500000
2019-06-03 14:00:10.729000,1.08244,1.08239,1000000,1870000
2019-06-03 14:00:10.848000,1.08248,1.08245,1000000,1370000
2019-06-03 14:00:10.899000,1.08251,1.08244,1000000,1870000
2019-06-03 14:00:11.002000,1.08252,1.08246,1000000,1250000
2019-06-03 14:00:11.170000,1.08254,1.08247,4870000,1000000
2019-06-03 14:00:11.222000,1.08253,1.08248,1000000,1250000
2019-06-03 14:00:11.592000,1.08261,1.08254,3000000,1250000
2019-06-03 14:00:11.695000,1.08262,1.08259,1870000,1750000
2019-06-03 14:00:11.746000,1.08264,1.08261,1250000,1000000
2019-06-03 14:00:12.086000,1.08264,1.0826,1500000,1690000
2019-06-03 14:00:13.096000,1.08265,1.08261,1250000,1000000
2019-06-03 14:00:14.170000,1.08261,1.08258,1000000,2250000
2019-06-03 14:00:14.289000,1.08258,1.08254,1250000,1870000
2019-06-03 14:00:14.341000,1.0826,1.08253,4120000,1690000
2019-06-03 14:00:14.392000,1.0826,1.08253,4120000,1250000
2019-06-03 14:00:14.885000,1.0826,1.08253,3370000,1750000
2019-06-03 14:00:15.187000,1.08259,1.08253,1810000,3370000
2019-06-03 14:00:15.541000,1.08256,1.08254,1000000,1370000
2019-06-03 14:00:15.592000,1.08256,1.08253,1000000,1310000
2019-06-03 14:00:15.695000,1.08257,1.08253,1000000,2500000
2019-06-03 14:00:16.192000,1.08257,1.08253,1750000,2250000
2019-06-03 14:00:16.245000,1.08252,1.08248,1750000,1000000
2019-06-03 14:00:16.296000,1.08251,1.08246,1750000,5510000
2019-06-03 14:00:16.347000,1.08248,1.08246,2620000,3000000
2019-06-03 14:00:16.398000,1.08246,1.08243,1000000,2910000
2019-06-03 14:00:16.500000,1.08246,1.08243,1000000,1250000
2019-06-03 14:00:16.551000,1.08247,1.08246,1000000,1690000
2019-06-03 14:00:16.663000,1.08249,1.08246,1000000,1500000
2019-06-03 14:00:16.715000,1.0825,1.08246,3000000,2120000
2019-06-03 14:00:16.766000,1.0825,1.08247,2560000,1250000
2019-06-03 14:00:17.020000,1.0825,1.08247,2250000,1250000
2019-06-03 14:00:17.178000,1.0825,1.08247,2560000,1250000
2019-06-03 14:00:17.330000,1.0825,1.08247,1310000,1250000
2019-06-03 14:00:17.749000,1.0825,1.08246,1000000,2500000
2019-06-03 14:00:17.851000,1.0825,1.08246,2560000,1750000
2019-06-03 14:00:18.064000,1.08249,1.08247,1250000,1250000
2019-06-03 14:00:18.171000,1.0825,1.08247,1000000,1750000
2019-06-03 14:00:18.274000,1.08252,1.08249,1120000,4370000
2019-06-03 14:00:18.409000,1.08253,1.0825,1750000,1000000
2019-06-03 14:00:18.565000,1.08253,1.08249,1250000,1810000
2019-06-03 14:00:18.878000,1.08253,1.0825,1250000,1000000
2019-06-03 14:00:18.980000,1.08251,1.0825,1000000,1000000
2019-06-03 14:00:19.123000,1.08263,1.08259,1000000,1500000
2019-06-03 14:00:19.174000,1.08263,1.08262,1000000,1000000
2019-06-03 14:00:19.278000,1.08262,1.08259,1000000,1250000
2019-06-03 14:00:19.392000,1.08262,1.08258,1000000,1000000
2019-06-03 14:00:19.465000,1.08258,1.08256,1250000,1500000
2019-06-03 14:00:19.569000,1.0826,1.08258,2440000,1500000
2019-06-03 14:00:19.689000,1.0826,1.08259,1250000,1500000
2019-06-03 14:00:19.740000,1.08266,1.08264,13950000,1000000
2019-06-03 14:00:19.844000,1.08267,1.08264,1000000,1250000
2019-06-03 14:00:20.058000,1.08268,1.08264,1250000,1250000
2019-06-03 14:00:20.110000,1.08269,1.08265,2440000,1750000
2019-06-03 14:00:20.706000,1.08268,1.08266,1870000,1000000
2019-06-03 14:00:20.757000,1.08269,1.08265,1720000,1690000
2019-06-03 14:00:20.859000,1.08269,1.08266,1000000,1000000
2019-06-03 14:00:20.962000,1.08272,1.0827,1000000,1250000
2019-06-03 14:00:21.106000,1.08279,1.08276,2500000,1000000
2019-06-03 14:00:21.208000,1.08277,1.08275,1000000,1000000
2019-06-03 14:00:21.476000,1.08277,1.08275,1000000,1000000
2019-06-03 14:00:22.103000,1.08279,1.08277,1000000,1250000
2019-06-03 14:00:22.154000,1.08281,1.08279,1000000,1000000
2019-06-03 14:00:22.283000,1.08286,1.08285,1000000,1250000
2019-06-03 14:00:22.388000,1.08289,1.08287,1250000,1000000
2019-06-03 14:00:22.439000,1.0829,1.08289,1000000,1000000
2019-06-03 14:00:22.579000,1.08291,1.08289,1990000,1000000
2019-06-03 14:00:22.783000,1.08292,1.08289,1500000,1250000
2019-06-03 14:00:22.834000,1.08289,1.08288,1250000,1000000
2019-06-03 14:00:22.885000,1.08289,1.08287,1250000,1690000
2019-06-03 14:00:22.994000,1.08293,1.08289,1250000,1250000
2019-06-03 14:00:23.045000,1.08292,1.08288,2500000,1000000
2019-06-03 14:00:23.148000,1.0829,1.08287,2620000,1250000
2019-06-03 14:00:23.199000,1.08292,1.08287,1810000,2500000
2019-06-03 14:00:23.329000,1.08292,1.08288,1250000,1870000
2019-06-03 14:00:23.431000,1.08293,1.08289,1250000,1370000
2019-06-03 14:00:23.534000,1.08295,1.08291,2620000,1000000
2019-06-03 14:00:23.655000,1.08295,1.08291,3370000,4000000
2019-06-03 14:00:23.758000,1.08295,1.08293,2440000,1000000
2019-06-03 14:00:23.809000,1.08297,1.08294,1200000,1250000
2019-06-03 14:00:23.911000,1.08297,1.08295,1000000,1250000
2019-06-03 14:00:24.024000,1.08299,1.08296,1250000,1000000
2019-06-03 14:00:24.233000,1.08301,1.08297,1750000,1000000
2019-06-03 14:00:24.344000,1.08302,1.08299,1000000,1250000
2019-06-03 14:00:24.446000,1.08304,1.083,1750000,1000000
2019-06-03 14:00:24.548000,1.08298,1.08296,1250000,1000000
2019-06-03 14:00:24.662000,1.08291,1.08287,1250000,9740000
2019-06-03 14:00:24.764000,1.08289,1.08286,1690000,1000000
2019-06-03 14:00:24.867000,1.08288,1.08284,1000000,1250000
2019-06-03 14:00:24.969000,1.08287,1.08284,1000000,1250000
2019-06-03 14:00:25.096000,1.08288,1.08284,1690000,1690000
2019-06-03 14:00:25.736000,1.08284,1.08281,3000000,1250000
2019-06-03 14:00:26.027000,1.08288,1.08286,2440000,1000000
2019-06-03 14:00:26.078000,1.08291,1.08289,1000000,1000000
2019-06-03 14:00:26.129000,1.08293,1.08291,1000000,1250000
2019-06-03 14:00:26.303000,1.08297,1.08294,1000000,1250000
2019-06-03 14:00:26.355000,1.08295,1.08293,1000000,3370000
2019-06-03 14:00:26.406000,1.08294,1.08292,1250000,1000000
2019-06-03 14:00:26.509000,1.08296,1.08293,1870000,1250000
2019-06-03 14:00:26.679000,1.083,1.08297,1250000,1120000
2019-06-03 14:00:26.781000,1.08301,1.08297,4000000,1810000
2019-06-03 14:00:26.884000,1.08301,1.08299,1250000,1120000
2019-06-03 14:00:27.047000,1.08303,1.08299,1750000,1000000
2019-06-03 14:00:27.099000,1.08304,1.08301,2500000,1250000
2019-06-03 14:00:27.201000,1.08306,1.08303,4690000,1000000
2019-06-03 14:00:27.365000,1.08306,1.08303,1500000,1250000
2019-06-03 14:00:27.467000,1.08306,1.08303,1000000,1000000
2019-06-03 14:00:28.014000,1.08302,1.08301,1690000,1000000
2019-06-03 14:00:28.113000,1.08302,1.08299,3120000,1000000
2019-06-03 14:00:28.170000,1.08299,1.08296,1250000,1000000
2019-06-03 14:00:28.273000,1.083,1.08297,3370000,1250000
2019-06-03 14:00:28.376000,1.08299,1.08297,1000000,1250000
2019-06-03 14:00:28.652000,1.083,1.08297,2620000,1250000
2019-06-03 14:00:28.703000,1.08298,1.08295,1000000,1250000
2019-06-03 14:00:28.806000,1.083,1.08297,2870000,1000000
2019-06-03 14:00:29.030000,1.083,1.08297,3560000,1000000
2019-06-03 14:00:29.132000,1.083,1.08298,2060000,1690000
2019-06-03 14:00:29.234000,1.08301,1.08298,2870000,1120000
2019-06-03 14:00:29.337000,1.08299,1.08296,1250000,1500000
2019-06-03 14:00:29.595000,1.08301,1.08298,3250000,1000000
2019-06-03 14:00:29.818000,1.083,1.08297,1250000,1000000
2019-06-03 14:00:29.921000,1.08299,1.08296,1250000,1870000
2019-06-03 14:00:30.023000,1.08297,1.08294,2120000,1000000
2019-06-03 14:00:30.125000,1.0829,1.08289,1250000,1000000
2019-06-03 14:00:30.238000,1.08288,1.08287,1250000,1000000
2019-06-03 14:00:30.340000,1.08287,1.08285,1000000,1500000
2019-06-03 14:00:30.627000,1.08294,1.0829,1250000,1500000
2019-06-03 14:00:30.730000,1.08294,1.08291,1250000,1870000
2019-06-03 14:00:30.832000,1.08296,1.08295,1500000,1310000
2019-06-03 14:00:30.922000,1.08298,1.08296,1950000,1000000
2019-06-03 14:00:30.974000,1.083,1.08297,1690000,1810000
2019-06-03 14:00:31.078000,1.08307,1.08306,2250000,1250000
2019-06-03 14:00:31.130000,1.08313,1.0831,2250000,1250000
2019-06-03 14:00:31.243000,1.08313,1.08311,1250000,1000000
2019-06-03 14:00:31.295000,1.08316,1.08314,2250000,2140000
2019-06-03 14:00:31.347000,1.08317,1.08315,1690000,1000000
2019-06-03 14:00:31.449000,1.08317,1.08314,1250000,5290000
2019-06-03 14:00:31.559000,1.08319,1.08317,1000000,3250000
2019-06-03 14:00:31.662000,1.08323,1.08322,1250000,1000000
2019-06-03 14:00:31.860000,1.08324,1.08322,1690000,1250000
2019-06-03 14:00:32.012000,1.08325,1.08323,1690000,2370000
2019-06-03 14:00:32.064000,1.08328,1.08325,3940000,1500000
2019-06-03 14:00:32.165000,1.08328,1.08325,1750000,1950000
2019-06-03 14:00:32.372000,1.08329,1.08326,1750000,1000000
2019-06-03 14:00:32.424000,1.08329,1.08328,1250000,1000000
2019-06-03 14:00:32.526000,1.0833,1.08327,1750000,1250000
2019-06-03 14:00:32.749000,1.08327,1.08325,1250000,1500000
2019-06-03 14:00:32.851000,1.08325,1.08322,2500000,1690000
2019-06-03 14:00:33.012000,1.08323,1.08321,1250000,1200000
2019-06-03 14:00:33.114000,1.08319,1.08318,1310000,1000000
2019-06-03 14:00:33.216000,1.08319,1.08318,1310000,1000000
2019-06-03 14:00:33.342000,1.08319,1.08317,1370000,1000000
2019-06-03 14:00:33.444000,1.08317,1.08315,1000000,1500000
2019-06-03 14:00:33.546000,1.08314,1.08312,1750000,1000000
2019-06-03 14:00:33.598000,1.08304,1.08301,1000000,1250000
2019-06-03 14:00:33.741000,1.08301,1.083,1310000,1000000
2019-06-03 14:00:33.852000,1.08298,1.08295,1000000,4000000
2019-06-03 14:00:34.086000,1.08299,1.08297,1250000,1250000
2019-06-03 14:00:34.190000,1.083,1.08298,2620000,1000000
2019-06-03 14:00:34.292000,1.08305,1.08302,1500000,1250000
2019-06-03 14:00:34.431000,1.08311,1.08307,1690000,1810000
2019-06-03 14:00:34.533000,1.08309,1.08307,1000000,1250000
2019-06-03 14:00:34.584000,1.08311,1.08308,1000000,1250000
2019-06-03 14:00:35.418000,1.08309,1.08306,1000000,1750000
2019-06-03 14:00:35.533000,1.08307,1.08304,1250000,1200000
2019-06-03 14:00:35.640000,1.08306,1.08302,1250000,1690000
2019-06-03 14:00:35.691000,1.08304,1.08301,1250000,1310000
2019-06-03 14:00:36.046000,1.08303,1.08302,1000000,1000000
2019-06-03 14:00:36.097000,1.08306,1.08302,1620000,1500000
2019-06-03 14:00:36.271000,1.08306,1.08302,1310000,1690000
2019-06-03 14:00:36.322000,1.08307,1.08306,2250000,1250000
2019-06-03 14:00:36.375000,1.08309,1.08307,2620000,1000000
2019-06-03 14:00:36.477000,1.08311,1.08307,2570000,1000000
2019-06-03 14:00:36.624000,1.08312,1.08308,3290000,1310000
2019-06-03 14:00:36.726000,1.08312,1.08308,1310000,1310000
2019-06-03 14:00:37.105000,1.08312,1.08308,1000000,1370000
2019-06-03 14:00:37.208000,1.08316,1.08312,1760000,2370000
2019-06-03 14:00:37.310000,1.08314,1.08313,1250000,1000000
2019-06-03 14:00:37.412000,1.08315,1.08312,2500000,1000000
2019-06-03 14:00:37.637000,1.08311,1.0831,1000000,1000000
2019-06-03 14:00:37.689000,1.08311,1.08308,1250000,1000000
2019-06-03 14:00:37.740000,1.0831,1.08306,1250000,1000000
2019-06-03 14:00:37.843000,1.08311,1.08309,1570000,1000000
2019-06-03 14:00:37.955000,1.08312,1.0831,1200000,1750000
2019-06-03 14:00:38.006000,1.08314,1.0831,2200000,2620000
2019-06-03 14:00:38.306000,1.08311,1.0831,1250000,1500000
2019-06-03 14:00:38.413000,1.08308,1.08307,1250000,1000000
2019-06-03 14:00:38.464000,1.08305,1.08302,1000000,2220000
2019-06-03 14:00:38.545000,1.08304,1.08301,1750000,3940000
2019-06-03 14:00:38.599000,1.08302,1.08299,1250000,1000000
2019-06-03 14:00:38.650000,1.083,1.08298,1000000,1310000
2019-06-03 14:00:38.701000,1.08299,1.08296,1010000,5250000
2019-06-03 14:00:39.164000,1.083,1.08295,2720000,1690000
2019-06-03 14:00:39.341000,1.083,1.08296,1690000,1370000
2019-06-03 14:00:39.494000,1.08299,1.08296,1750000,1500000
2019-06-03 14:00:39.648000,1.083,1.08296,2440000,3250000
2019-06-03 14:00:39.823000,1.083,1.08296,2440000,2440000
2019-06-03 14:00:39.875000,1.08298,1.08296,1000000,1570000
2019-06-03 14:00:40.027000,1.08298,1.08295,1000000,1000000
2019-06-03 14:00:40.137000,1.08299,1.08296,2850000,1250000
2019-06-03 14:00:40.242000,1.08301,1.083,1120000,1250000
2019-06-03 14:00:40.294000,1.08304,1.083,1250000,1310000
2019-06-03 14:00:40.397000,1.08305,1.08301,1750000,1000000
2019-06-03 14:00:40.546000,1.08305,1.08302,1000000,1750000
2019-06-03 14:00:40.935000,1.08306,1.08303,1000000,1250000
2019-06-03 14:00:41.039000,1.08306,1.08305,1000000,1870000
2019-06-03 14:00:41.143000,1.08303,1.08301,1000000,1750000
2019-06-03 14:00:41.195000,1.08302,1.08299,2720000,1500000
2019-06-03 14:00:41.274000,1.08302,1.08298,2620000,1000000
2019-06-03 14:00:41.326000,1.08294,1.08293,1690000,1000000
2019-06-03 14:00:41.429000,1.08294,1.08291,1000000,3310000
2019-06-03 14:00:41.533000,1.08295,1.08294,1000000,1250000
2019-06-03 14:00:41.702000,1.08298,1.08294,1000000,6450000
2019-06-03 14:00:41.754000,1.083,1.08297,2100000,1250000
2019-06-03 14:00:41.857000,1.08301,1.08298,1000000,1250000
2019-06-03 14:00:42.012000,1.08304,1.08301,1910000,1000000
2019-06-03 14:00:42.063000,1.08305,1.08302,3600000,1250000
2019-06-03 14:00:42.114000,1.08305,1.08304,1500000,1000000
2019-06-03 14:00:42.216000,1.08307,1.08304,2560000,1000000
2019-06-03 14:00:42.382000,1.08307,1.08303,1810000,1250000
2019-06-03 14:00:42.485000,1.08312,1.08309,1250000,1000000
2019-06-03 14:00:42.587000,1.08313,1.0831,3100000,1000000
2019-06-03 14:00:42.700000,1.08313,1.08311,1950000,1000000
2019-06-03 14:00:42.802000,1.08313,1.0831,1000000,1250000
2019-06-03 14:00:42.955000,1.08312,1.08309,2320000,1000000
2019-06-03 14:00:43.061000,1.08312,1.08309,3260000,1000000
2019-06-03 14:00:43.112000,1.08311,1.08308,1250000,1000000
2019-06-03 14:00:43.215000,1.08315,1.08313,1570000,1000000
2019-06-03 14:00:43.371000,1.08318,1.08315,3850000,1000000
2019-06-03 14:00:43.473000,1.0832,1.08317,2360000,1000000
2019-06-03 14:00:43.524000,1.08321,1.08317,4700000,1000000
2019-06-03 14:00:43.627000,1.08321,1.08318,1820000,1000000
2019-06-03 14:00:43.953000,1.08321,1.08319,1370000,1000000
2019-06-03 14:00:44.203000,1.08321,1.08317,1370000,4760000
2019-06-03 14:00:44.254000,1.08323,1.08321,2850000,1250000
2019-06-03 14:00:44.305000,1.08325,1.08321,1250000,1310000
2019-06-03 14:00:44.357000,1.08326,1.08324,1650000,1250000
2019-06-03 14:00:44.408000,1.08328,1.08325,2890000,1000000
2019-06-03 14:00:44.479000,1.08326,1.08324,1250000,1000000
2019-06-03 14:00:44.582000,1.08326,1.08325,4870000,1250000
2019-06-03 14:00:44.684000,1.08328,1.08325,1390000,1250000
2019-06-03 14:00:44.999000,1.08329,1.08327,1760000,1000000
2019-06-03 14:00:45.102000,1.08329,1.08327,1250000,1250000
2019-06-03 14:00:45.227000,1.08328,1.08326,1250000,1200000
2019-06-03 14:00:45.329000,1.08318,1.08315,1620000,3800000
2019-06-03 14:00:45.431000,1.08317,1.08315,1120000,1250000
2019-06-03 14:00:45.653000,1.08319,1.08318,1000000,1250000
2019-06-03 14:00:45.706000,1.08325,1.08322,1120000,1250000
2019-06-03 14:00:45.808000,1.08324,1.0832,1620000,2320000
2019-06-03 14:00:46.285000,1.08324,1.0832,1250000,3190000
2019-06-03 14:00:46.388000,1.08324,1.0832,2500000,1820000
2019-06-03 14:00:46.490000,1.08324,1.08321,1760000,1250000
2019-06-03 14:00:47.220000,1.08323,1.0832,1690000,2570000
2019-06-03 14:00:47.272000,1.08323,1.08319,3190000,3640000
2019-06-03 14:00:47.374000,1.08324,1.08321,3260000,1250000
2019-06-03 14:00:47.476000,1.08326,1.08324,1500000,1120000
2019-06-03 14:00:47.592000,1.08327,1.08326,1000000,1000000
2019-06-03 14:00:47.694000,1.08328,1.08327,1000000,1500000
2019-06-03 14:00:47.797000,1.08329,1.08326,1870000,3660000
2019-06-03 14:00:47.906000,1.08328,1.08326,1500000,1570000
2019-06-03 14:00:48.010000,1.08326,1.08323,2620000,2320000
2019-06-03 14:00:48.626000,1.08325,1.08322,3310000,1500000
2019-06-03 14:00:49.108000,1.08319,1.08318,1000000,1500000
2019-06-03 14:00:49.216000,1.08318,1.08317,1250000,3750000
2019-06-03 14:00:49.321000,1.08319,1.08317,1250000,1690000
2019-06-03 14:00:49.425000,1.0832,1.08319,1000000,1250000
2019-06-03 14:00:49.584000,1.08319,1.08317,1250000,1000000
2019-06-03 14:00:49.688000,1.08319,1.08315,1870000,1310000
2019-06-03 14:00:49.893000,1.08319,1.08316,5260000,1250000
2019-06-03 14:00:50.198000,1.08318,1.08315,1310000,1750000
2019-06-03 14:00:50.557000,1.08319,1.08316,3310000,1750000
2019-06-03 14:00:50.660000,1.08322,1.08318,2500000,4810000
2019-06-03 14:00:50.785000,1.08322,1.0832,1250000,1500000
2019-06-03 14:00:51.006000,1.08323,1.0832,1800000,1750000
2019-06-03 14:00:51.198000,1.08323,1.0832,1800000,1000000
2019-06-03 14:00:51.301000,1.08322,1.0832,1250000,1000000
2019-06-03 14:00:51.404000,1.08322,1.08319,1750000,2250000
2019-06-03 14:00:51.766000,1.08323,1.0832,1310000,2500000
2019-06-03 14:00:51.931000,1.08322,1.0832,1250000,1500000
2019-06-03 14:00:52.033000,1.08322,1.08319,1750000,1000000
2019-06-03 14:00:52.908000,1.08324,1.08322,2890000,1000000
2019-06-03 14:00:53.261000,1.08323,1.0832,1750000,1000000
2019-06-03 14:00:53.363000,1.08323,1.08319,2120000,3640000
2019-06-03 14:00:53.715000,1.08323,1.0832,1690000,1750000
2019-06-03 14:00:54.022000,1.08323,1.0832,2120000,1000000
2019-06-03 14:00:54.129000,1.08324,1.0832,4370000,1390000
2019-06-03 14:00:54.234000,1.08325,1.08322,4000000,1000000
2019-06-03 14:00:54.388000,1.08325,1.08323,1750000,1000000
2019-06-03 14:00:54.493000,1.08326,1.08323,1250000,3190000
2019-06-03 14:00:54.544000,1.08338,1.08335,1250000,2140000
2019-06-03 14:00:54.646000,1.0834,1.08338,1000000,1690000
2019-06-03 14:00:54.811000,1.08342,1.08341,1000000,2140000
2019-06-03 14:00:54.913000,1.08343,1.08342,1250000,1000000
2019-06-03 14:00:55.015000,1.08341,1.08339,1370000,1500000
2019-06-03 14:00:55.144000,1.08341,1.08338,1370000,1870000
2019-06-03 14:00:55.246000,1.0834,1.08339,1000000,1200000
2019-06-03 14:00:55.348000,1.0834,1.08337,1750000,1950000
2019-06-03 14:00:55.487000,1.08335,1.08333,1250000,1500000
2019-06-03 14:00:55.592000,1.08335,1.08332,1310000,2440000
2019-06-03 14:00:55.744000,1.08335,1.08333,2060000,1200000
2019-06-03 14:00:55.881000,1.08337,1.08335,3940000,1000000
2019-06-03 14:00:55.932000,1.08338,1.08337,2440000,1200000
2019-06-03 14:00:56.034000,1.08337,1.08335,1000000,2500000
2019-06-03 14:00:56.137000,1.08338,1.08336,1250000,1250000
2019-06-03 14:00:56.422000,1.08336,1.08334,5370000,1500000
2019-06-03 14:00:56.473000,1.08335,1.08332,3250000,1390000
2019-06-03 14:00:56.575000,1.08334,1.08331,1750000,2890000
2019-06-03 14:00:56.701000,1.08332,1.08331,1250000,2700000
2019-06-03 14:00:56.856000,1.08331,1.08329,1000000,4450000
2019-06-03 14:00:56.909000,1.08329,1.08327,1250000,1500000
2019-06-03 14:00:57.061000,1.08327,1.08326,1000000,1500000
2019-06-03 14:00:57.164000,1.08329,1.08327,1500000,2120000
2019-06-03 14:00:57.215000,1.08332,1.08329,2500000,1500000
2019-06-03 14:00:57.266000,1.0833,1.08328,1250000,1500000
2019-06-03 14:00:57.391000,1.08329,1.08326,1370000,2250000
2019-06-03 14:00:58.391000,1.08328,1.08325,1750000,1500000
2019-06-03 14:00:58.494000,1.08328,1.08326,2500000,1000000
2019-06-03 14:00:59.426000,1.08332,1.0833,5250000,1000000
2019-06-03 14:00:59.528000,1.08334,1.0833,8060000,2510000
2019-06-03 14:00:59.630000,1.08334,1.08331,4310000,1000000
2019-06-03 14:01:00.332000,1.08335,1.08333,1250000,1000000
2019-06-03 14:01:00.383000,1.08339,1.08336,4000000,2370000
2019-06-03 14:01:00.540000,1.08339,1.08336,1690000,4450000
2019-06-03 14:01:00.643000,1.08341,1.08337,5500000,1390000
2019-06-03 14:01:00.746000,1.08336,1.08334,1250000,3000000
2019-06-03 14:01:00.885000,1.08336,1.08333,3370000,2720000
2019-06-03 14:01:00.987000,1.08335,1.08332,3250000,1950000
2019-06-03 14:01:01.513000,1.08336,1.08333,3370000,1000000
2019-06-03 14:01:01.671000,1.08336,1.08334,1690000,1000000
2019-06-03 14:01:01.722000,1.08337,1.08334,1250000,1250000
2019-06-03 14:01:01.824000,1.08336,1.08334,1250000,1000000
2019-06-03 14:01:01.979000,1.08337,1.08335,1250000,1000000
2019-06-03 14:01:02.030000,1.08339,1.08338,1690000,1000000
2019-06-03 14:01:02.140000,1.08341,1.08339,1250000,1000000
2019-06-03 14:01:02.559000,1.08342,1.08341,1570000,1250000
2019-06-03 14:01:02.663000,1.08347,1.08344,4750000,1000000
2019-06-03 14:01:02.716000,1.08344,1.08343,1250000,1100000
2019-06-03 14:01:02.828000,1.08343,1.08341,2250000,1620000
2019-06-03 14:01:02.931000,1.08345,1.08342,2500000,3120000
2019-06-03 14:01:03.265000,1.08345,1.08342,1750000,2320000
2019-06-03 14:01:03.521000,1.08344,1.08341,1750000,3070000
2019-06-03 14:01:03.685000,1.08339,1.08337,1690000,1760000
2019-06-03 14:01:03.839000,1.08336,1.08335,1000000,1000000
2019-06-03 14:01:03.977000,1.08335,1.08333,1250000,3750000
2019-06-03 14:01:04.033000,1.08334,1.08332,1250000,1000000
2019-06-03 14:01:04.135000,1.08334,1.08332,1250000,1000000
2019-06-03 14:01:04.297000,1.08334,1.08331,2120000,1000000
2019-06-03 14:01:05.606000,1.08334,1.08331,1000000,1500000
2019-06-03 14:01:05.759000,1.08335,1.08332,1310000,1690000
2019-06-03 14:01:05.938000,1.08337,1.08336,1500000,1250000
2019-06-03 14:01:05.991000,1.08338,1.08337,1000000,1250000
2019-06-03 14:01:06.094000,1.08338,1.08335,1250000,2620000
2019-06-03 14:01:06.145000,1.08338,1.08335,1250000,4690000
2019-06-03 14:01:06.276000,1.08339,1.08336,1250000,1250000
2019-06-03 14:01:06.379000,1.0834,1.08337,1750000,1000000
2019-06-03 14:01:06.980000,1.08336,1.08335,1000000,1100000
2019-06-03 14:01:07.032000,1.08335,1.08334,1500000,2250000
2019-06-03 14:01:07.084000,1.08334,1.08332,1000000,1200000
2019-06-03 14:01:07.198000,1.08334,1.08331,1250000,1500000
2019-06-03 14:01:07.250000,1.08336,1.08333,1750000,1000000
2019-06-03 14:01:07.506000,1.08336,1.08334,1250000,1000000
2019-06-03 14:01:08.622000,1.08335,1.08333,1250000,1000000
2019-06-03 14:01:08.745000,1.08335,1.08332,1250000,3190000
2019-06-03 14:01:09.054000,1.08335,1.08332,1820000,1000000
2019-06-03 14:01:09.219000,1.08335,1.08332,1390000,1250000
2019-06-03 14:01:09.559000,1.08335,1.08332,2870000,1000000
2019-06-03 14:01:09.677000,1.08332,1.0833,1750000,1000000
2019-06-03 14:01:09.791000,1.08332,1.08329,2120000,1000000
2019-06-03 14:01:10.227000,1.08333,1.0833,3320000,1000000
2019-06-03 14:01:10.329000,1.08333,1.08331,1000000,1000000
2019-06-03 14:01:10.491000,1.08334,1.08331,1250000,2250000
2019-06-03 14:01:11.011000,1.08332,1.08331,1000000,1000000
2019-06-03 14:01:11.063000,1.08332,1.08329,1250000,1690000
2019-06-03 14:01:11.114000,1.08337,1.08335,1000000,1000000
2019-06-03 14:01:11.216000,1.08338,1.08336,1250000,1810000
2019-06-03 14:01:11.318000,1.0834,1.08339,1000000,1250000
2019-06-03 14:01:11.841000,1.08342,1.08339,4690000,1250000
2019-06-03 14:01:11.892000,1.08341,1.08338,1750000,2140000
2019-06-03 14:01:12.445000,1.08341,1.08338,2250000,4000000
2019-06-03 14:01:12.547000,1.08341,1.08338,3250000,3190000
2019-06-03 14:01:13.101000,1.08341,1.08338,2250000,4000000
2019-06-03 14:01:13.153000,1.08341,1.08338,3250000,3190000
2019-06-03 14:01:13.328000,1.08335,1.08334,1120000,1000000
2019-06-03 14:01:13.481000,1.08335,1.08332,2440000,1690000
2019-06-03 14:01:13.583000,1.08334,1.08332,1250000,1000000
2019-06-03 14:01:14.141000,1.08334,1.08331,1750000,2440000
2019-06-03 14:01:14.389000,1.08333,1.0833,1690000,1950000
2019-06-03 14:01:14.491000,1.08333,1.08331,1810000,1250000
2019-06-03 14:01:14.593000,1.08333,1.08331,1000000,1310000
2019-06-03 14:01:15.124000,1.08329,1.08328,1120000,1570000
2019-06-03 14:01:15.272000,1.08327,1.08326,1250000,1000000
2019-06-03 14:01:15.726000,1.0833,1.08328,2620000,3320000
2019-06-03 14:01:15.828000,1.08331,1.08328,3320000,1870000
2019-06-03 14:01:16.031000,1.08329,1.08327,1000000,3190000
2019-06-03 14:01:16.133000,1.08327,1.08326,1000000,1000000
2019-06-03 14:01:16.569000,1.08323,1.08322,2440000,1000000
2019-06-03 14:01:16.671000,1.08321,1.08319,1250000,2250000
2019-06-03 14:01:17.519000,1.08317,1.08315,1820000,2250000
2019-06-03 14:01:17.621000,1.08317,1.08315,1000000,1250000
2019-06-03 14:01:17.723000,1.08318,1.08317,1250000,1000000
2019-06-03 14:01:17.865000,1.08323,1.0832,4470000,2250000
2019-06-03 14:01:17.967000,1.08322,1.0832,1690000,2000000
2019-06-03 14:01:18.069000,1.08322,1.0832,2060000,1120000
2019-06-03 14:01:18.201000,1.08322,1.08319,2810000,1310000
2019-06-03 14:01:18.950000,1.08322,1.08319,2870000,2620000
2019-06-03 14:01:19.731000,1.0833,1.08328,1000000,1000000
2019-06-03 14:01:19.782000,1.08332,1.0833,1000000,1120000
2019-06-03 14:01:19.884000,1.08333,1.0833,1250000,1750000
2019-06-03 14:01:20.041000,1.0833,1.08328,1250000,4390000
2019-06-03 14:01:20.143000,1.08331,1.08328,1000000,1870000
2019-06-03 14:01:20.395000,1.08331,1.08328,1000000,1620000
2019-06-03 14:01:20.600000,1.08332,1.0833,1000000,1250000
2019-06-03 14:01:20.752000,1.08333,1.0833,2060000,2500000
2019-06-03 14:01:21.050000,1.08333,1.0833,3310000,3250000
2019-06-03 14:01:21.555000,1.0833,1.08329,1500000,3450000
2019-06-03 14:01:21.658000,1.08332,1.08329,3000000,4000000
2019-06-03 14:01:21.775000,1.08331,1.08329,1310000,3940000
2019-06-03 14:01:23.807000,1.08331,1.08329,1000000,1370000
2019-06-03 14:01:23.901000,1.0833,1.08328,1250000,4010000
2019-06-03 14:01:24.004000,1.0833,1.08328,1750000,1950000
2019-06-03 14:01:24.157000,1.0833,1.08327,1750000,2440000
2019-06-03 14:01:24.404000,1.08328,1.08326,1750000,3070000
2019-06-03 14:01:24.507000,1.08327,1.08325,2060000,1100000
2019-06-03 14:01:25.254000,1.08327,1.08326,1310000,1000000
2019-06-03 14:01:25.305000,1.08329,1.08327,4310000,1000000
2019-06-03 14:01:25.407000,1.0833,1.08328,1120000,1500000
2019-06-03 14:01:25.458000,1.08331,1.0833,1120000,1250000
2019-06-03 14:01:25.510000,1.08332,1.0833,1250000,1250000
2019-06-03 14:01:25.612000,1.08332,1.08329,2440000,2440000
2019-06-03 14:01:26.034000,1.08332,1.0833,1870000,1250000
2019-06-03 14:01:26.238000,1.08333,1.08332,1690000,1000000
2019-06-03 14:01:26.484000,1.08335,1.08333,1000000,2500000
2019-06-03 14:01:26.535000,1.08335,1.08332,1690000,3560000
2019-06-03 14:01:26.637000,1.08336,1.08335,1500000,1690000
2019-06-03 14:01:26.771000,1.08338,1.08337,1500000,2620000
2019-06-03 14:01:26.975000,1.0834,1.08337,2440000,2060000
2019-06-03 14:01:27.587000,1.08338,1.08336,1250000,2510000
2019-06-03 14:01:27.690000,1.08339,1.08336,1250000,1310000
2019-06-03 14:01:28.062000,1.08337,1.08334,4120000,3220000
2019-06-03 14:01:28.113000,1.08336,1.08333,2870000,1570000
2019-06-03 14:01:28.537000,1.08336,1.08334,2140000,1500000
2019-06-03 14:01:28.639000,1.08337,1.08335,1250000,1250000
2019-06-03 14:01:28.741000,1.08337,1.08336,1250000,1000000
2019-06-03 14:01:29.841000,1.08339,1.08337,1950000,1250000
2019-06-03 14:01:29.943000,1.0834,1.08337,3190000,3560000
2019-06-03 14:01:30.246000,1.0834,1.08338,1000000,2250000
2019-06-03 14:01:30.297000,1.08342,1.0834,1100000,1250000
2019-06-03 14:01:30.400000,1.08343,1.0834,1690000,3750000
2019-06-03 14:01:30.935000,1.08342,1.08339,2060000,2890000
2019-06-03 14:01:31.103000,1.08342,1.0834,1570000,1250000
2019-06-03 14:01:31.258000,1.08343,1.0834,2810000,2500000
2019-06-03 14:01:32.677000,1.08344,1.08342,3620000,1000000
2019-06-03 14:01:33.090000,1.08343,1.0834,1690000,6620000
2019-06-03 14:01:33.192000,1.08342,1.08341,1250000,1000000
2019-06-03 14:01:33.345000,1.08342,1.0834,1120000,1690000
2019-06-03 14:01:33.652000,1.08341,1.08338,3620000,1500000
2019-06-03 14:01:35.100000,1.08339,1.08338,1000000,1000000
2019-06-03 14:01:35.717000,1.08339,1.08337,1500000,2060000
2019-06-03 14:01:35.819000,1.08338,1.08336,1000000,3370000
2019-06-03 14:01:36.030000,1.08339,1.08336,2440000,2120000
2019-06-03 14:01:36.748000,1.08338,1.08336,1250000,2250000
2019-06-03 14:01:37.100000,1.08338,1.08335,3560000,2440000
2019-06-03 14:01:37.203000,1.08338,1.08336,2620000,1000000
2019-06-03 14:01:37.304000,1.08338,1.08336,1690000,1250000
2019-06-03 14:01:37.722000,1.08337,1.08335,1000000,2060000
2019-06-03 14:01:37.888000,1.08338,1.08335,3940000,1690000
2019-06-03 14:01:37.990000,1.08337,1.08335,1000000,1250000
2019-06-03 14:01:38.143000,1.08336,1.08334,1690000,1120000
2019-06-03 14:01:38.298000,1.08333,1.08332,1250000,1870000
2019-06-03 14:01:38.782000,1.08334,1.08333,1310000,1000000
2019-06-03 14:01:38.883000,1.08334,1.08332,2120000,1000000
2019-06-03 14:01:39.263000,1.08331,1.0833,1310000,3000000
2019-06-03 14:01:39.389000,1.08331,1.08328,1310000,1250000
2019-06-03 14:01:39.491000,1.08332,1.0833,2440000,1250000
2019-06-03 14:01:40.260000,1.08329,1.08328,1250000,3000000
2019-06-03 14:01:40.413000,1.08329,1.08327,1690000,3940000
2019-06-03 14:01:40.533000,1.0833,1.08327,3370000,4000000
2019-06-03 14:01:40.584000,1.08329,1.08327,1500000,1000000
2019-06-03 14:01:40.637000,1.08328,1.08326,2500000,1000000
2019-06-03 14:01:40.740000,1.08326,1.08325,1250000,1000000
2019-06-03 14:01:40.791000,1.08325,1.08323,1690000,1200000
2019-06-03 14:01:40.913000,1.08324,1.08321,1690000,3820000
2019-06-03 14:01:40.964000,1.08323,1.08321,3250000,1000000
2019-06-03 14:01:41.066000,1.08322,1.08319,2440000,4010000
2019-06-03 14:01:41.169000,1.08321,1.08319,1000000,1120000
2019-06-03 14:01:41.326000,1.08319,1.08318,1000000,1000000
2019-06-03 14:01:41.378000,1.08318,1.08316,1870000,1200000
2019-06-03 14:01:41.480000,1.08316,1.08313,1870000,3470000
2019-06-03 14:01:41.582000,1.08315,1.08313,1250000,1870000
2019-06-03 14:01:41.685000,1.08315,1.08312,3190000,2810000
2019-06-03 14:01:41.955000,1.08315,1.08312,3190000,3310000
2019-06-03 14:01:42.150000,1.08316,1.08314,4760000,1000000
2019-06-03 14:01:42.302000,1.08315,1.08313,1250000,1120000
2019-06-03 14:01:42.571000,1.08314,1.08312,1000000,1690000
2019-06-03 14:01:42.724000,1.08313,1.0831,1000000,3000000
2019-06-03 14:01:42.826000,1.08314,1.08311,1950000,1000000
2019-06-03 14:01:42.928000,1.08314,1.08312,2120000,1000000
2019-06-03 14:01:43.088000,1.08315,1.08312,4950000,1000000
2019-06-03 14:01:43.190000,1.08314,1.08312,1250000,1000000
2019-06-03 14:01:43.545000,1.08313,1.08311,1500000,1500000
2019-06-03 14:01:43.647000,1.08315,1.08312,1200000,1000000
2019-06-03 14:01:43.966000,1.08315,1.08313,1250000,1000000
2019-06-03 14:01:44.457000,1.08315,1.08312,1690000,2060000
2019-06-03 14:01:44.559000,1.08315,1.08313,1250000,1000000
2019-06-03 14:01:44.712000,1.08315,1.08313,1750000,1000000
2019-06-03 14:01:44.934000,1.08316,1.08314,3620000,1500000
2019-06-03 14:01:45.602000,1.08316,1.08314,1000000,1750000
2019-06-03 14:01:45.704000,1.08317,1.08315,1310000,1250000
2019-06-03 14:01:46.860000,1.08323,1.0832,1500000,1690000
2019-06-03 14:01:46.963000,1.08322,1.08321,1000000,1120000
2019-06-03 14:01:47.065000,1.08323,1.08321,1000000,1120000
2019-06-03 14:01:48.514000,1.08325,1.08323,2440000,1690000
2019-06-03 14:01:48.713000,1.08326,1.08323,2810000,1250000
2019-06-03 14:01:48.816000,1.08325,1.08323,1250000,1500000
2019-06-03 14:01:49.220000,1.08327,1.08325,1120000,2500000
2019-06-03 14:01:49.322000,1.08327,1.08325,1310000,1500000
2019-06-03 14:01:49.494000,1.08325,1.08324,1690000,1000000
2019-06-03 14:01:49.545000,1.08325,1.08322,2060000,2890000
2019-06-03 14:01:49.964000,1.08324,1.08322,1690000,1500000
2019-06-03 14:01:50.356000,1.08323,1.08321,1250000,2250000
2019-06-03 14:01:50.407000,1.08322,1.0832,1620000,2320000
2019-06-03 14:01:50.510000,1.0832,1.08319,1000000,1250000
2019-06-03 14:01:50.561000,1.08322,1.0832,3190000,1250000
2019-06-03 14:01:50.728000,1.08321,1.08319,1000000,1750000
2019-06-03 14:01:50.830000,1.08322,1.0832,2440000,1690000
2019-06-03 14:01:51.204000,1.08319,1.08317,1000000,2200000
2019-06-03 14:01:52.334000,1.08319,1.08318,3750000,1120000
2019-06-03 14:01:52.486000,1.0832,1.08319,1000000,1250000
2019-06-03 14:01:52.537000,1.08322,1.08319,2250000,3370000
2019-06-03 14:01:52.700000,1.08322,1.0832,2810000,1000000
2019-06-03 14:01:52.802000,1.08322,1.08319,7310000,1500000
2019-06-03 14:01:52.854000,1.08318,1.08316,1250000,3750000
2019-06-03 14:01:52.956000,1.08317,1.08315,1310000,1870000
2019-06-03 14:01:53.069000,1.08317,1.08314,2560000,2560000
2019-06-03 14:01:53.273000,1.08317,1.08314,2940000,1690000
2019-06-03 14:01:53.324000,1.08313,1.08311,1250000,4120000
2019-06-03 14:01:53.449000,1.08311,1.08309,1310000,1000000
2019-06-03 14:01:53.551000,1.08311,1.08308,2060000,2060000
2019-06-03 14:01:53.603000,1.08309,1.08307,1310000,2890000
2019-06-03 14:01:53.814000,1.08309,1.08306,2120000,1310000
2019-06-03 14:01:54.121000,1.08306,1.08304,1750000,1000000
2019-06-03 14:01:54.237000,1.08306,1.08303,3250000,1500000
2019-06-03 14:01:55.020000,1.08305,1.08302,1690000,1310000
2019-06-03 14:01:55.129000,1.08303,1.083,1500000,3820000
2019-06-03 14:01:55.234000,1.08304,1.08302,1500000,1000000
2019-06-03 14:01:55.387000,1.08305,1.08302,1760000,1500000
2019-06-03 14:01:55.500000,1.08305,1.08303,1250000,1620000
2019-06-03 14:01:55.602000,1.08305,1.08303,1250000,1120000
2019-06-03 14:01:56.340000,1.08307,1.08305,1870000,2500000
2019-06-03 14:01:56.391000,1.08309,1.08307,1250000,1870000
2019-06-03 14:01:56.595000,1.08311,1.08308,2810000,1250000
2019-06-03 14:01:59.041000,1.0831,1.08308,1000000,2060000
2019-06-03 14:01:59.760000,1.08311,1.08308,2060000,2060000
2019-06-03 14:01:59.984000,1.0831,1.08308,1000000,1690000
2019-06-03 14:02:00.137000,1.08309,1.08307,2060000,1250000
2019-06-03 14:02:00.361000,1.08307,1.08305,2250000,1250000
2019-06-03 14:02:00.463000,1.08306,1.08304,1000000,1310000
2019-06-03 14:02:00.627000,1.08305,1.08303,1000000,1500000
2019-06-03 14:02:01.668000,1.08304,1.08302,1120000,1310000
2019-06-03 14:02:01.962000,1.08305,1.08302,2810000,2060000
2019-06-03 14:02:02.852000,1.08306,1.08304,1000000,1370000
2019-06-03 14:02:02.965000,1.08308,1.08306,2250000,1690000
2019-06-03 14:02:03.016000,1.08309,1.08306,4310000,2500000
2019-06-03 14:02:03.118000,1.08308,1.08306,1000000,1750000
2019-06-03 14:02:03.284000,1.08309,1.08307,2620000,1000000
2019-06-03 14:02:03.335000,1.08308,1.08306,1250000,1500000
2019-06-03 14:02:03.488000,1.08307,1.08304,1250000,4870000
2019-06-03 14:02:03.697000,1.08306,1.08303,2120000,1000000
2019-06-03 14:02:04.965000,1.08305,1.08303,1250000,1000000
2019-06-03 14:02:05.068000,1.08304,1.08302,2810000,1000000
2019-06-03 14:02:05.170000,1.08304,1.08302,4440000,1000000
2019-06-03 14:02:06.122000,1.08301,1.08299,3250000,2250000
2019-06-03 14:02:06.275000,1.08302,1.083,1000000,2250000
2019-06-03 14:02:06.326000,1.08304,1.08302,4310000,1690000
2019-06-03 14:02:06.438000,1.08303,1.08301,1690000,1500000
2019-06-03 14:02:06.541000,1.08301,1.08299,1000000,1690000
2019-06-03 14:02:06.592000,1.083,1.08297,2440000,2700000
2019-06-03 14:02:06.745000,1.08298,1.08297,1500000,1000000
2019-06-03 14:02:06.874000,1.08298,1.08296,1810000,1000000
2019-06-03 14:02:06.978000,1.08297,1.08295,1690000,1000000
2019-06-03 14:02:07.229000,1.08297,1.08296,1000000,1500000
2019-06-03 14:02:07.703000,1.08298,1.08296,1000000,1750000
2019-06-03 14:02:07.959000,1.08298,1.08296,1690000,1250000
2019-06-03 14:02:08.365000,1.08295,1.08293,1690000,1570000
2019-06-03 14:02:08.470000,1.08294,1.08293,1000000,1000000
2019-06-03 14:02:08.706000,1.08293,1.08291,1690000,2620000
2019-06-03 14:02:08.758000,1.08292,1.0829,1500000,4390000
2019-06-03 14:02:09.188000,1.08292,1.0829,1500000,2440000
2019-06-03 14:02:09.630000,1.08292,1.08291,1120000,1250000
2019-06-03 14:02:09.732000,1.08292,1.08291,1120000,1250000
2019-06-03 14:02:10.806000,1.08293,1.0829,1000000,1870000
2019-06-03 14:02:10.908000,1.0829,1.08288,2500000,2250000
2019-06-03 14:02:11.028000,1.08291,1.0829,1000000,1500000
2019-06-03 14:02:11.232000,1.08289,1.08288,1690000,3750000
2019-06-03 14:02:11.356000,1.08288,1.08286,2250000,2200000
2019-06-03 14:02:11.458000,1.08287,1.08285,1000000,2500000
2019-06-03 14:02:11.608000,1.08287,1.08285,1250000,3190000
2019-06-03 14:02:11.712000,1.08288,1.08286,3940000,1250000
2019-06-03 14:02:12.079000,1.08288,1.08285,1690000,3190000
2019-06-03 14:02:12.348000,1.08287,1.08285,1690000,1120000
2019-06-03 14:02:12.451000,1.08287,1.08284,2810000,1690000
2019-06-03 14:02:12.554000,1.08287,1.08284,2620000,1750000
2019-06-03 14:02:13.171000,1.08284,1.08283,2250000,1870000
2019-06-03 14:02:13.316000,1.0828,1.08278,1750000,1500000
2019-06-03 14:02:13.418000,1.08276,1.08275,1310000,1000000
2019-06-03 14:02:13.469000,1.0828,1.08278,2440000,1000000
2019-06-03 14:02:13.521000,1.08277,1.08275,3560000,3190000
2019-06-03 14:02:13.643000,1.08278,1.08275,3010000,5870000
2019-06-03 14:02:13.963000,1.08279,1.08278,1200000,1310000
2019-06-03 14:02:14.066000,1.08278,1.08276,1690000,1250000
2019-06-03 14:02:14.168000,1.08276,1.08275,1000000,1120000
2019-06-03 14:02:14.428000,1.08278,1.08277,1950000,1500000
2019-06-03 14:02:14.689000,1.08279,1.08276,3700000,2060000
2019-06-03 14:02:14.791000,1.08278,1.08275,1750000,2810000
2019-06-03 14:02:14.893000,1.08279,1.08277,2510000,1000000
2019-06-03 14:02:14.983000,1.08281,1.0828,3190000,1000000
2019-06-03 14:02:15.085000,1.08282,1.08279,3700000,1870000
2019-06-03 14:02:15.300000,1.08281,1.08278,1250000,2250000
2019-06-03 14:02:15.351000,1.08278,1.08276,1750000,2250000
2019-06-03 14:02:15.504000,1.08277,1.08275,1750000,3000000
2019-06-03 14:02:15.643000,1.08277,1.08275,2620000,1500000
2019-06-03 14:02:15.708000,1.08276,1.08274,4690000,2250000
2019-06-03 14:02:15.760000,1.08274,1.08272,1750000,1870000
2019-06-03 14:02:15.863000,1.08274,1.08273,1120000,1250000
2019-06-03 14:02:16.235000,1.08275,1.08273,2620000,1250000
2019-06-03 14:02:16.355000,1.08271,1.08269,2560000,3450000
2019-06-03 14:02:16.467000,1.08271,1.0827,1500000,1000000
2019-06-03 14:02:16.569000,1.08271,1.0827,1500000,1500000
2019-06-03 14:02:16.767000,1.0827,1.08268,1000000,1250000
2019-06-03 14:02:17.105000,1.0827,1.08267,2440000,2060000
2019-06-03 14:02:17.258000,1.0827,1.08268,2440000,1000000
2019-06-03 14:02:17.360000,1.08271,1.08269,1760000,1000000
2019-06-03 14:02:17.472000,1.08272,1.0827,1120000,1750000
2019-06-03 14:02:17.523000,1.0827,1.08268,1250000,4200000
2019-06-03 14:02:17.844000,1.08273,1.08272,2620000,1250000
2019-06-03 14:02:17.963000,1.08273,1.08272,1000000,1250000
2019-06-03 14:02:18.125000,1.0827,1.08269,1250000,2250000
2019-06-03 14:02:18.228000,1.08271,1.08269,2060000,1500000
2019-06-03 14:02:18.382000,1.08273,1.08271,1600000,1690000
2019-06-03 14:02:18.516000,1.08274,1.08272,4010000,1250000
2019-06-03 14:02:18.567000,1.08275,1.08274,1200000,1500000
2019-06-03 14:02:18.669000,1.08276,1.08274,1690000,1000000
2019-06-03 14:02:19.222000,1.08276,1.08273,1500000,1500000
2019-06-03 14:02:19.425000,1.08276,1.08274,1500000,1000000
2019-06-03 14:02:19.844000,1.08276,1.08273,1500000,2060000
2019-06-03 14:02:19.946000,1.08277,1.08275,2070000,1000000
2019-06-03 14:02:20.079000,1.08278,1.08276,1570000,1750000
2019-06-03 14:02:20.181000,1.08281,1.08278,1690000,2940000
2019-06-03 14:02:20.283000,1.0828,1.08278,1250000,2940000
2019-06-03 14:02:20.385000,1.0828,1.08278,1750000,1500000
2019-06-03 14:02:20.488000,1.0828,1.08278,1870000,1250000
2019-06-03 14:02:20.906000,1.0828,1.08278,1120000,1250000
2019-06-03 14:02:21.009000,1.08279,1.08276,1690000,3750000
2019-06-03 14:02:21.324000,1.08281,1.08279,1100000,1690000
2019-06-03 14:02:21.679000,1.08281,1.08278,2440000,2060000
2019-06-03 14:02:21.985000,1.08279,1.08277,1750000,1500000
2019-06-03 14:02:22.176000,1.08276,1.08273,2120000,1690000
2019-06-03 14:02:22.279000,1.08275,1.08274,1250000,1000000
2019-06-03 14:02:22.593000,1.08276,1.08274,1250000,3370000
2019-06-03 14:02:22.695000,1.08276,1.08274,1250000,1870000
2019-06-03 14:02:22.797000,1.08276,1.08273,2500000,1120000
2019-06-03 14:02:23.513000,1.08275,1.08274,1250000,1000000
2019-06-03 14:02:24.032000,1.08275,1.08273,1250000,1870000
2019-06-03 14:02:24.347000,1.08274,1.08272,1250000,1810000
2019-06-03 14:02:24.449000,1.08275,1.08273,2440000,1000000
2019-06-03 14:02:25.002000,1.08274,1.08272,1000000,1310000
2019-06-03 14:02:25.054000,1.08272,1.0827,1750000,3370000
2019-06-03 14:02:25.157000,1.0827,1.08268,1250000,1500000
2019-06-03 14:02:25.259000,1.0827,1.08269,1000000,1000000
2019-06-03 14:02:25.377000,1.08271,1.08269,2250000,1250000
2019-06-03 14:02:25.480000,1.0827,1.08268,2250000,1120000
2019-06-03 14:02:25.696000,1.0827,1.08267,2250000,1500000
2019-06-03 14:02:25.748000,1.08268,1.08266,1870000,1250000
2019-06-03 14:02:25.851000,1.08266,1.08264,3190000,1000000
2019-06-03 14:02:26.004000,1.08267,1.08265,1870000,1250000
2019-06-03 14:02:26.108000,1.08268,1.08265,2750000,1000000
2019-06-03 14:02:26.215000,1.08266,1.08265,1500000,1000000
2019-06-03 14:02:26.266000,1.08268,1.08265,4760000,2440000
2019-06-03 14:02:26.413000,1.08268,1.08266,2060000,1000000
2019-06-03 14:02:26.517000,1.08268,1.08265,2810000,1690000
2019-06-03 14:02:27.186000,1.08268,1.08266,1000000,2500000
2019-06-03 14:02:27.393000,1.08265,1.08264,1690000,1500000
2019-06-03 14:02:27.445000,1.08265,1.08263,1690000,1950000
2019-06-03 14:02:27.556000,1.08266,1.08264,1000000,1690000
2019-06-03 14:02:27.608000,1.08267,1.08264,2810000,2440000
2019-06-03 14:02:27.762000,1.08267,1.08265,1870000,1250000
2019-06-03 14:02:28.010000,1.08265,1.08264,1690000,1000000
2019-06-03 14:02:28.112000,1.08265,1.08262,2440000,2060000
2019-06-03 14:02:28.215000,1.08264,1.08262,1000000,1310000
2019-06-03 14:02:28.389000,1.08266,1.08264,1000000,1690000
2019-06-03 14:02:28.490000,1.08267,1.08265,1310000,1000000
2019-06-03 14:02:28.736000,1.08265,1.08263,2060000,1120000
2019-06-03 14:02:28.839000,1.08264,1.08262,1250000,2060000
2019-06-03 14:02:28.992000,1.0826,1.08258,1000000,1250000
2019-06-03 14:02:29.109000,1.08261,1.0826,3000000,1000000
2019-06-03 14:02:29.161000,1.08262,1.0826,1870000,1750000
2019-06-03 14:02:29.882000,1.08263,1.0826,2250000,3250000
2019-06-03 14:02:30.038000,1.08264,1.08261,2440000,3310000
2019-06-03 14:02:30.376000,1.08265,1.08263,1000000,1750000
2019-06-03 14:02:30.428000,1.08266,1.08265,2700000,1250000
2019-06-03 14:02:30.481000,1.08269,1.08267,3190000,1620000
2019-06-03 14:02:30.794000,1.08269,1.08266,2500000,3000000
2019-06-03 14:02:30.897000,1.08269,1.08266,1690000,2060000
2019-06-03 14:02:31.983000,1.08268,1.08266,1000000,1870000
2019-06-03 14:02:32.085000,1.08269,1.08266,1690000,1870000
2019-06-03 14:02:32.239000,1.08268,1.08266,1000000,1870000
2019-06-03 14:02:33.450000,1.08266,1.08264,1250000,1120000
2019-06-03 14:02:33.552000,1.08264,1.08263,1120000,1000000
2019-06-03 14:02:33.703000,1.08264,1.08261,1310000,3370000
2019-06-03 14:02:33.810000,1.08263,1.08261,1000000,1250000
2019-06-03 14:02:35.305000,1.0826,1.08259,1690000,1000000
2019-06-03 14:02:35.407000,1.0826,1.08258,1250000,1000000
2019-06-03 14:02:36.357000,1.0826,1.08257,1690000,3560000
2019-06-03 14:02:36.462000,1.08261,1.08258,3640000,2440000
2019-06-03 14:02:36.565000,1.08261,1.08259,2510000,1000000
2019-06-03 14:02:36.680000,1.0826,1.08258,1000000,1310000
2019-06-03 14:02:37.210000,1.08258,1.08256,1250000,2250000
2019-06-03 14:02:37.313000,1.08257,1.08255,1750000,2700000
2019-06-03 14:02:37.415000,1.08258,1.08255,2250000,2700000
2019-06-03 14:02:37.629000,1.08256,1.08254,1250000,2620000
2019-06-03 14:02:37.731000,1.08257,1.08254,2060000,1310000
2019-06-03 14:02:38.109000,1.08257,1.08254,2120000,1120000
2019-06-03 14:02:38.233000,1.08257,1.08254,2060000,1310000
2019-06-03 14:02:38.386000,1.08256,1.08254,1000000,2060000
2019-06-03 14:02:38.768000,1.08255,1.08253,1000000,2940000
2019-06-03 14:02:39.017000,1.08254,1.08252,1690000,2370000
2019-06-03 14:02:39.119000,1.08254,1.08251,1000000,2870000
2019-06-03 14:02:39.277000,1.08255,1.08253,2810000,1000000
2019-06-03 14:02:39.533000,1.08253,1.08252,1000000,1000000
2019-06-03 14:02:39.651000,1.08253,1.08251,1250000,2060000
2019-06-03 14:02:39.762000,1.08254,1.08251,3560000,2810000
2019-06-03 14:02:39.864000,1.08254,1.08251,2120000,1690000
2019-06-03 14:02:40.005000,1.08253,1.0825,2870000,3710000
2019-06-03 14:02:43.333000,1.08252,1.08249,2870000,2640000
2019-06-03 14:02:43.834000,1.08247,1.08245,1310000,1690000
2019-06-03 14:02:43.885000,1.08249,1.08247,4200000,4750000
2019-06-03 14:02:43.999000,1.08248,1.08246,3120000,3370000
2019-06-03 14:02:44.065000,1.08246,1.08244,1250000,1120000
2019-06-03 14:02:44.369000,1.08247,1.08245,1500000,1750000
2019-06-03 14:02:44.869000,1.08247,1.08244,1250000,2500000
2019-06-03 14:02:44.973000,1.08245,1.08243,1000000,2560000
2019-06-03 14:02:45.150000,1.08245,1.08243,1870000,1250000
2019-06-03 14:02:45.972000,1.08244,1.08242,1000000,2500000
2019-06-03 14:02:46.563000,1.08245,1.08242,1870000,1750000
2019-06-03 14:02:47.868000,1.08244,1.08242,1000000,1250000
2019-06-03 14:02:47.970000,1.08239,1.08238,1250000,1000000
2019-06-03 14:02:48.278000,1.08239,1.08237,1690000,3190000
2019-06-03 14:02:49.939000,1.08241,1.0824,6450000,1000000
2019-06-03 14:02:50.064000,1.08244,1.08242,5250000,1250000
2019-06-03 14:02:50.268000,1.08244,1.08242,4060000,1250000
2019-06-03 14:02:50.958000,1.08244,1.08241,3750000,3250000
2019-06-03 14:02:52.203000,1.08245,1.08244,1200000,1310000
2019-06-03 14:02:52.369000,1.08248,1.08245,2060000,2440000
2019-06-03 14:02:52.521000,1.08248,1.08246,2440000,1000000
2019-06-03 14:02:52.844000,1.08249,1.08247,2120000,1000000
2019-06-03 14:02:52.947000,1.08249,1.08246,2060000,1310000
2019-06-03 14:02:53.158000,1.08248,1.08246,1000000,1250000
2019-06-03 14:02:53.311000,1.08247,1.08245,2250000,1250000
2019-06-03 14:02:53.464000,1.08248,1.08245,5140000,2440000
2019-06-03 14:02:53.617000,1.08248,1.08247,1000000,2440000
2019-06-03 14:02:53.720000,1.08249,1.08247,1250000,1250000
2019-06-03 14:02:53.883000,1.08249,1.08248,1000000,1250000
2019-06-03 14:02:53.985000,1.0825,1.08248,2810000,1690000
2019-06-03 14:02:54.309000,1.08251,1.08248,2250000,3620000
2019-06-03 14:02:54.411000,1.08251,1.08249,2250000,1250000
2019-06-03 14:02:54.513000,1.08254,1.08253,1000000,1690000
2019-06-03 14:02:54.681000,1.08255,1.08253,2700000,2870000
2019-06-03 14:02:54.885000,1.08257,1.08254,3640000,3620000
2019-06-03 14:02:54.999000,1.08258,1.08255,4000000,2560000
2019-06-03 14:02:55.050000,1.08259,1.08258,3070000,1000000
2019-06-03 14:02:55.101000,1.0826,1.08259,1000000,2060000
2019-06-03 14:02:55.152000,1.08262,1.0826,3450000,1750000
2019-06-03 14:02:55.519000,1.08263,1.0826,2620000,2500000
2019-06-03 14:02:56.699000,1.08265,1.08264,1500000,2250000
2019-06-03 14:02:56.801000,1.08268,1.08266,1500000,1750000
2019-06-03 14:02:58.955000,1.08264,1.08263,1120000,1250000
2019-06-03 14:02:59.058000,1.08265,1.08264,2250000,1000000
2019-06-03 14:02:59.160000,1.08265,1.08264,2250000,1500000
2019-06-03 14:02:59.423000,1.08263,1.08261,1000000,4000000
2019-06-03 14:02:59.525000,1.08264,1.08262,1870000,1250000
2019-06-03 14:03:00.072000,1.08263,1.08261,1500000,1750000
2019-06-03 14:03:00.610000,1.08265,1.08261,2060000,2120000
2019-06-03 14:03:00.662000,1.08267,1.08266,2250000,1310000
2019-06-03 14:03:00.773000,1.08269,1.08266,4760000,1750000
2019-06-03 14:03:00.876000,1.0827,1.08267,2890000,3620000
2019-06-03 14:03:01.047000,1.08273,1.08272,2250000,1310000
2019-06-03 14:03:01.098000,1.08275,1.08273,1690000,1250000
2019-06-03 14:03:01.617000,1.08275,1.08272,4000000,2440000
2019-06-03 14:03:01.938000,1.08272,1.08271,2440000,2250000
2019-06-03 14:03:02.040000,1.0827,1.08269,1500000,1250000
2019-06-03 14:03:02.155000,1.0827,1.08268,1500000,1750000
2019-06-03 14:03:02.512000,1.0827,1.08267,1690000,4750000
2019-06-03 14:03:02.978000,1.0827,1.08266,2500000,4820000
2019-06-03 14:03:03.080000,1.08268,1.08266,1000000,2870000
2019-06-03 14:03:03.182000,1.0827,1.08268,3260000,1000000
2019-06-03 14:03:03.476000,1.08269,1.08267,2060000,1250000
2019-06-03 14:03:03.629000,1.08266,1.08265,1000000,3940000
2019-06-03 14:03:03.775000,1.08267,1.08265,2060000,1500000
2019-06-03 14:03:03.979000,1.08268,1.08265,2250000,2870000
2019-06-03 14:03:04.178000,1.08269,1.08266,5810000,1690000
2019-06-03 14:03:04.280000,1.08268,1.08266,1000000,1250000
2019-06-03 14:03:04.793000,1.08267,1.08264,1250000,3560000
2019-06-03 14:03:04.909000,1.08267,1.08265,1250000,1000000
2019-06-03 14:03:05.062000,1.08268,1.08267,2620000,1000000
2019-06-03 14:03:05.164000,1.08269,1.08266,1000000,2120000
2019-06-03 14:03:05.550000,1.08268,1.08266,1000000,1690000
2019-06-03 14:03:05.681000,1.08269,1.08267,3820000,1000000
2019-06-03 14:03:06.232000,1.08269,1.08267,2250000,1250000
2019-06-03 14:03:06.334000,1.0827,1.08269,1200000,1250000
2019-06-03 14:03:06.475000,1.08272,1.08271,1000000,1500000
2019-06-03 14:03:06.526000,1.08273,1.08271,1000000,1870000
2019-06-03 14:03:06.968000,1.08274,1.08271,5510000,1120000
2019-06-03 14:03:07.297000,1.08274,1.08272,3260000,1000000
2019-06-03 14:03:07.436000,1.08274,1.08271,2440000,2250000
2019-06-03 14:03:07.539000,1.08278,1.08275,2250000,4370000
2019-06-03 14:03:07.642000,1.08276,1.08275,1500000,1870000
2019-06-03 14:03:07.743000,1.08275,1.08274,3000000,1000000
2019-06-03 14:03:07.848000,1.08274,1.08273,1000000,1500000
2019-06-03 14:03:07.899000,1.08274,1.08272,1000000,2440000
2019-06-03 14:03:08.112000,1.08273,1.08271,1000000,3750000
2019-06-03 14:03:08.560000,1.0827,1.08269,1870000,3750000
2019-06-03 14:03:08.612000,1.0827,1.08268,2250000,1250000
2019-06-03 14:03:08.866000,1.08268,1.08266,1500000,9070000
2019-06-03 14:03:08.968000,1.08268,1.08266,2250000,1750000
2019-06-03 14:03:09.397000,1.08267,1.08266,1000000,1250000
2019-06-03 14:03:09.449000,1.08264,1.08262,2250000,1000000
2019-06-03 14:03:09.582000,1.08262,1.0826,1870000,1250000
2019-06-03 14:03:09.685000,1.08261,1.08259,2620000,1750000
2019-06-03 14:03:09.787000,1.0826,1.08258,1250000,2720000
2019-06-03 14:03:09.939000,1.0826,1.08258,1250000,2440000
2019-06-03 14:03:10.042000,1.08261,1.08259,1000000,1750000
2019-06-03 14:03:10.146000,1.08262,1.08259,1000000,2500000
2019-06-03 14:03:10.315000,1.08263,1.08261,1000000,3620000
2019-06-03 14:03:10.418000,1.08264,1.08263,1120000,1000000
2019-06-03 14:03:10.520000,1.08266,1.08265,1950000,1250000
2019-06-03 14:03:10.622000,1.08268,1.08266,1760000,1250000
2019-06-03 14:03:10.886000,1.08271,1.0827,4500000,1000000
2019-06-03 14:03:11.044000,1.08274,1.08271,4570000,2060000
2019-06-03 14:03:11.096000,1.08274,1.08272,3070000,1750000
2019-06-03 14:03:11.462000,1.08274,1.08272,1870000,2440000
2019-06-03 14:03:11.724000,1.08276,1.08273,2620000,1750000
2019-06-03 14:03:11.827000,1.08278,1.08275,2060000,1310000
2019-06-03 14:03:12.044000,1.08277,1.08275,1000000,1250000
2019-06-03 14:03:12.196000,1.08276,1.08274,1000000,3190000
2019-06-03 14:03:12.349000,1.08275,1.08273,2060000,2250000
2019-06-03 14:03:12.470000,1.08275,1.08272,2060000,2060000
2019-06-03 14:03:12.572000,1.08274,1.08272,1690000,1690000
2019-06-03 14:03:12.675000,1.08275,1.08272,3820000,1750000
2019-06-03 14:03:13.995000,1.08275,1.08272,1690000,3190000
2019-06-03 14:03:14.097000,1.08274,1.08272,1000000,2060000
2019-06-03 14:03:16.342000,1.08275,1.08271,2440000,4500000
2019-06-03 14:03:16.917000,1.08273,1.08271,2560000,1000000
2019-06-03 14:03:17.019000,1.08273,1.08271,1870000,2500000
2019-06-03 14:03:17.070000,1.08274,1.08271,6640000,1750000
2019-06-03 14:03:17.774000,1.08273,1.08271,1000000,1750000
2019-06-03 14:03:17.877000,1.08271,1.0827,1000000,2250000
2019-06-03 14:03:17.979000,1.08273,1.08271,1000000,1750000
2019-06-03 14:03:18.180000,1.08272,1.0827,1000000,3250000
2019-06-03 14:03:18.283000,1.08273,1.08271,1950000,1000000
2019-06-03 14:03:18.993000,1.08273,1.08272,1000000,1000000
2019-06-03 14:03:19.095000,1.08274,1.08271,2190000,3000000
2019-06-03 14:03:19.201000,1.08274,1.08272,2190000,1000000
2019-06-03 14:03:19.304000,1.08274,1.08272,2060000,1000000
2019-06-03 14:03:19.563000,1.08276,1.08274,3560000,1000000
2019-06-03 14:03:19.665000,1.08277,1.08276,1950000,1500000
2019-06-03 14:03:19.811000,1.08279,1.08276,4310000,4750000
2019-06-03 14:03:20.392000,1.08277,1.08276,1500000,1000000
2019-06-03 14:03:20.627000,1.08276,1.08274,1690000,1000000
2019-06-03 14:03:20.729000,1.08275,1.08273,1000000,1250000
2019-06-03 14:03:20.882000,1.08274,1.08271,1690000,3250000
2019-06-03 14:03:21.036000,1.08273,1.08271,1500000,2120000
2019-06-03 14:03:21.331000,1.0827,1.08269,1250000,1870000
2019-06-03 14:03:21.435000,1.08273,1.0827,3220000,2500000
2019-06-03 14:03:21.594000,1.08273,1.0827,1120000,4000000
2019-06-03 14:03:21.747000,1.08274,1.08273,1250000,1000000
2019-06-03 14:03:21.849000,1.08277,1.08275,1200000,2250000
2019-06-03 14:03:21.960000,1.08278,1.08275,3750000,1370000
2019-06-03 14:03:22.062000,1.08278,1.08276,4500000,1250000
2019-06-03 14:03:22.165000,1.08279,1.08277,3750000,1750000
2019-06-03 14:03:23.366000,1.08278,1.08276,1000000,1250000
2019-06-03 14:03:23.759000,1.08279,1.08276,5440000,2870000
2019-06-03 14:03:23.862000,1.08277,1.08276,1000000,2060000
2019-06-03 14:03:23.965000,1.08275,1.08273,1000000,1690000
2019-06-03 14:03:24.169000,1.08274,1.08272,4310000,1000000
2019-06-03 14:03:24.271000,1.08273,1.08271,2620000,1250000
2019-06-03 14:03:24.475000,1.08274,1.08271,5510000,1750000
2019-06-03 14:03:24.628000,1.08273,1.08271,1000000,1250000
2019-06-03 14:03:25.249000,1.08272,1.0827,1000000,3940000
2019-06-03 14:03:25.300000,1.08271,1.08269,1000000,1690000
2019-06-03 14:03:25.352000,1.08272,1.08269,3370000,3250000
2019-06-03 14:03:25.453000,1.08272,1.0827,1500000,1250000
2019-06-03 14:03:25.591000,1.08273,1.08271,5140000,1250000
2019-06-03 14:03:25.693000,1.08273,1.08271,1000000,1250000
2019-06-03 14:03:25.795000,1.08274,1.08271,4690000,1750000
2019-06-03 14:03:26.097000,1.08273,1.08271,1000000,1250000
2019-06-03 14:03:26.271000,1.08273,1.0827,1690000,4370000
2019-06-03 14:03:26.373000,1.08273,1.0827,1500000,5120000
2019-06-03 14:03:27.743000,1.08274,1.08271,1000000,3000000
2019-06-03 14:03:28.346000,1.08273,1.08271,1000000,2870000
2019-06-03 14:03:28.827000,1.08274,1.08271,1500000,4450000
2019-06-03 14:03:29.158000,1.08273,1.08271,1500000,2120000
2019-06-03 14:03:29.770000,1.08271,1.08269,1500000,4390000
2019-06-03 14:03:29.924000,1.0827,1.08268,1500000,2120000
2019-06-03 14:03:30.130000,1.08271,1.08269,5620000,1250000
2019-06-03 14:03:30.295000,1.08271,1.08269,1500000,1750000
2019-06-03 14:03:30.404000,1.08271,1.08269,1870000,1250000
2019-06-03 14:03:30.837000,1.0827,1.08268,1500000,1750000
2019-06-03 14:03:31.076000,1.08269,1.08268,1500000,1250000
2019-06-03 14:03:31.178000,1.08267,1.08266,1000000,1690000
2019-06-03 14:03:31.280000,1.08267,1.08265,1500000,2120000
2019-06-03 14:03:31.805000,1.08268,1.08265,1690000,3620000
2019-06-03 14:03:32.214000,1.08268,1.08266,1500000,1870000
2019-06-03 14:03:32.469000,1.08267,1.08265,1750000,1870000
2019-06-03 14:03:32.600000,1.08267,1.08265,1310000,1250000
2019-06-03 14:03:32.854000,1.08268,1.08266,4310000,1250000
2019-06-03 14:03:33.953000,1.08268,1.08265,1120000,3250000
2019-06-03 14:03:34.302000,1.08271,1.0827,1120000,1690000
2019-06-03 14:03:34.353000,1.08272,1.0827,1200000,1690000
2019-06-03 14:03:34.455000,1.08272,1.08271,1000000,1690000
2019-06-03 14:03:34.562000,1.08271,1.0827,1870000,1000000
2019-06-03 14:03:34.664000,1.08271,1.08269,1870000,1310000
2019-06-03 14:03:35.031000,1.0827,1.08269,1000000,1250000
2019-06-03 14:03:35.082000,1.08272,1.08269,3260000,2440000
2019-06-03 14:03:35.134000,1.08272,1.0827,1000000,2500000
2019-06-03 14:03:35.235000,1.08273,1.0827,2510000,4000000
2019-06-03 14:03:35.572000,1.08271,1.0827,1000000,1000000
2019-06-03 14:03:35.674000,1.08269,1.08268,1000000,1250000
2019-06-03 14:03:35.798000,1.08269,1.08267,1690000,1250000
2019-06-03 14:03:35.900000,1.08268,1.08267,1500000,1250000
2019-06-03 14:03:36.162000,1.08268,1.08265,1690000,3620000
2019-06-03 14:03:37.715000,1.08265,1.08263,1750000,4200000
2019-06-03 14:03:37.818000,1.08264,1.08262,1870000,1370000
2019-06-03 14:03:38.095000,1.08264,1.08261,2060000,3370000
2019-06-03 14:03:38.247000,1.08263,1.08261,1000000,2620000
2019-06-03 14:03:38.591000,1.08262,1.0826,1500000,2120000
2019-06-03 14:03:38.842000,1.08262,1.08259,2620000,4000000
2019-06-03 14:03:38.944000,1.08262,1.08259,3370000,2500000
2019-06-03 14:03:39.214000,1.08261,1.08259,1000000,2500000
2019-06-03 14:03:40.630000,1.08263,1.0826,4120000,1750000
2019-06-03 14:03:40.733000,1.08262,1.0826,1500000,1250000
2019-06-03 14:03:41.198000,1.08263,1.0826,2620000,1750000
2019-06-03 14:03:41.305000,1.08262,1.0826,2250000,1250000
2019-06-03 14:03:41.458000,1.08263,1.0826,4570000,1250000
2019-06-03 14:03:41.673000,1.08262,1.08259,1000000,2870000
2019-06-03 14:03:41.945000,1.08261,1.08259,1000000,1250000
2019-06-03 14:03:42.062000,1.08258,1.08257,2440000,1950000
2019-06-03 14:03:42.164000,1.08256,1.08255,1690000,1000000
2019-06-03 14:03:42.266000,1.08256,1.08254,1500000,1690000
2019-06-03 14:03:43.059000,1.08256,1.08254,2250000,1250000
2019-06-03 14:03:43.272000,1.08256,1.08254,2250000,1000000
2019-06-03 14:03:43.323000,1.08251,1.0825,1000000,2620000
2019-06-03 14:03:43.375000,1.0825,1.08248,1500000,3260000
2019-06-03 14:03:43.523000,1.08249,1.08246,2250000,2120000
2019-06-03 14:03:43.574000,1.08248,1.08246,1000000,2060000
2019-06-03 14:03:43.728000,1.08248,1.08246,1000000,2880000
2019-06-03 14:03:43.842000,1.08247,1.08246,1000000,2060000
2019-06-03 14:03:43.945000,1.08247,1.08245,5370000,1250000
2019-06-03 14:03:44.048000,1.08246,1.08243,1120000,6620000
2019-06-03 14:03:44.149000,1.08246,1.08243,1120000,3370000
2019-06-03 14:03:44.201000,1.08244,1.08243,1000000,1000000
2019-06-03 14:03:44.303000,1.08244,1.08242,1000000,2060000
2019-06-03 14:03:44.428000,1.08244,1.08243,1000000,1000000
2019-06-03 14:03:44.531000,1.0825,1.08249,1000000,1250000
2019-06-03 14:03:44.633000,1.08252,1.0825,2060000,1250000
2019-06-03 14:03:44.782000,1.08256,1.08254,2700000,1250000
2019-06-03 14:03:44.884000,1.08256,1.08254,2140000,1250000
2019-06-03 14:03:45.139000,1.08256,1.08254,1500000,1750000
2019-06-03 14:03:45.503000,1.08256,1.08254,2440000,1250000
2019-06-03 14:03:45.706000,1.08255,1.08254,1250000,1000000
2019-06-03 14:03:45.976000,1.08254,1.08251,1500000,4870000
2019-06-03 14:03:46.078000,1.08254,1.08251,1690000,2060000
2019-06-03 14:03:46.181000,1.08252,1.0825,1000000,2620000
2019-06-03 14:03:46.307000,1.08251,1.0825,1000000,1250000
2019-06-03 14:03:46.408000,1.08252,1.0825,1500000,1750000
2019-06-03 14:03:46.510000,1.0825,1.08249,1000000,1250000
2019-06-03 14:03:46.843000,1.08251,1.0825,1690000,1000000
2019-06-03 14:03:46.950000,1.08252,1.08249,1870000,1750000
2019-06-03 14:03:47.104000,1.08252,1.0825,1120000,1250000
2019-06-03 14:03:47.234000,1.08251,1.0825,1500000,1000000
2019-06-03 14:03:47.288000,1.0825,1.08247,1000000,3320000
2019-06-03 14:03:47.393000,1.08249,1.08247,1500000,1250000
2019-06-03 14:03:47.534000,1.0825,1.08248,2250000,1000000
2019-06-03 14:03:47.789000,1.08251,1.0825,1500000,1000000
2019-06-03 14:03:47.983000,1.08251,1.08249,2250000,1250000
2019-06-03 14:03:48.799000,1.08254,1.08252,1950000,1250000
2019-06-03 14:03:48.902000,1.08256,1.08253,8260000,1250000
2019-06-03 14:03:49.595000,1.08255,1.08252,1310000,3640000
2019-06-03 14:03:49.717000,1.08254,1.08252,1000000,2890000
2019-06-03 14:03:49.820000,1.08255,1.08253,1500000,1250000
2019-06-03 14:03:49.923000,1.08255,1.08253,1000000,2500000
2019-06-03 14:03:50.146000,1.08257,1.08254,3370000,1750000
2019-06-03 14:03:50.248000,1.08257,1.08255,1500000,1750000
2019-06-03 14:03:50.351000,1.08257,1.08255,1000000,1500000
2019-06-03 14:03:50.614000,1.08254,1.08252,2120000,1120000
2019-06-03 14:03:50.717000,1.08252,1.0825,1620000,1690000
2019-06-03 14:03:50.820000,1.08252,1.08251,1000000,1250000
2019-06-03 14:03:51.029000,1.08256,1.08253,5250000,4870000
