time,ask,bid,ask_volume,bid_volume
2019-07-10 14:25:00.164000,1.086,1.08596,1750000,4120000
2019-07-10 14:25:00.266000,1.08597,1.08595,1000000,3250000
2019-07-10 14:25:00.402000,1.08596,1.08594,1000000,1750000
2019-07-10 14:25:00.507000,1.08596,1.08594,1000000,1000000
2019-07-10 14:25:00.609000,1.08595,1.08594,1000000,1000000
2019-07-10 14:25:01.103000,1.08595,1.08593,1000000,1250000
2019-07-10 14:25:01.205000,1.08594,1.08592,1000000,1250000
2019-07-10 14:25:01.408000,1.08593,1.08591,1000000,2870000
2019-07-10 14:25:04.394000,1.08593,1.08591,1000000,2060000
2019-07-10 14:25:04.648000,1.08592,1.08591,1000000,1000000
2019-07-10 14:25:04.752000,1.08592,1.0859,1000000,2060000
2019-07-10 14:25:09.927000,1.08591,1.0859,1000000,1310000
2019-07-10 14:25:09.978000,1.08589,1.08588,1000000,2810000
2019-07-10 14:25:10.081000,1.08589,1.08587,2500000,1390000
2019-07-10 14:25:10.193000,1.08589,1.08587,1250000,1250000
2019-07-10 14:25:10.295000,1.08588,1.08586,1000000,4370000
2019-07-10 14:25:10.612000,1.08589,1.08587,1870000,1250000
2019-07-10 14:25:10.766000,1.08589,1.08587,1120000,1250000
2019-07-10 14:25:10.817000,1.08586,1.08584,1000000,1570000
2019-07-10 14:25:10.945000,1.08585,1.08583,1000000,1000000
2019-07-10 14:25:11.097000,1.08586,1.08583,3000000,1250000
2019-07-10 14:25:11.148000,1.08584,1.08582,1000000,2870000
2019-07-10 14:25:11.573000,1.08583,1.08582,1000000,1310000
2019-07-10 14:25:11.835000,1.08583,1.08581,1000000,3370000
2019-07-10 14:25:12.548000,1.08583,1.08581,1000000,3940000
2019-07-10 14:25:12.602000,1.08584,1.08581,1870000,1250000
2019-07-10 14:25:12.653000,1.08582,1.08581,1000000,1250000
2019-07-10 14:25:12.760000,1.08583,1.0858,1000000,2870000
2019-07-10 14:25:12.862000,1.08582,1.0858,1000000,1370000
2019-07-10 14:25:13.268000,1.08583,1.0858,1500000,2870000
2019-07-10 14:25:13.605000,1.0858,1.08579,2620000,2250000
2019-07-10 14:25:13.706000,1.08582,1.0858,1500000,2250000
2019-07-10 14:25:13.810000,1.08583,1.08581,1750000,1870000
2019-07-10 14:25:13.861000,1.08584,1.08581,3940000,2120000
2019-07-10 14:25:13.963000,1.08584,1.08581,2250000,3620000
2019-07-10 14:25:14.064000,1.08585,1.08583,3640000,1250000
2019-07-10 14:25:14.166000,1.08584,1.08583,1000000,1310000
2019-07-10 14:25:14.304000,1.08582,1.0858,1000000,2120000
2019-07-10 14:25:14.762000,1.08583,1.0858,1000000,5120000
2019-07-10 14:25:14.864000,1.08584,1.08581,3560000,1250000
2019-07-10 14:25:16.190000,1.08583,1.0858,1000000,5120000
2019-07-10 14:25:16.444000,1.08582,1.0858,1500000,2870000
2019-07-10 14:25:16.545000,1.08582,1.08579,1500000,4120000
2019-07-10 14:25:16.761000,1.08582,1.08579,1500000,4120000
2019-07-10 14:25:16.914000,1.08582,1.08579,1690000,2060000
2019-07-10 14:25:17.016000,1.08581,1.08578,1500000,3370000
2019-07-10 14:25:18.564000,1.0858,1.08578,1250000,2560000
2019-07-10 14:25:18.666000,1.08581,1.08578,1000000,3370000
2019-07-10 14:25:20.420000,1.08581,1.08579,1500000,1370000
2019-07-10 14:25:22.308000,1.08582,1.08579,1000000,3250000
2019-07-10 14:25:22.747000,1.08583,1.0858,2060000,1690000
2019-07-10 14:25:22.849000,1.08585,1.08582,2320000,2120000
2019-07-10 14:25:23.705000,1.08587,1.08585,1950000,4370000
2019-07-10 14:25:23.807000,1.08589,1.08588,1690000,1000000
2019-07-10 14:25:23.858000,1.08591,1.08588,2870000,1250000
2019-07-10 14:25:24.008000,1.08591,1.08588,2060000,2500000
2019-07-10 14:25:24.210000,1.08591,1.08589,1870000,1250000
2019-07-10 14:25:25.589000,1.08587,1.08586,1500000,1950000
2019-07-10 14:25:25.696000,1.08587,1.08585,1000000,2470000
2019-07-10 14:25:25.798000,1.08587,1.08585,1250000,2060000
2019-07-10 14:25:26.749000,1.08588,1.08585,3750000,1370000
2019-07-10 14:25:27.567000,1.08587,1.08584,1000000,3070000
2019-07-10 14:25:27.766000,1.08588,1.08584,4910000,3370000
2019-07-10 14:25:27.869000,1.08587,1.08584,1000000,4870000
2019-07-10 14:25:28.175000,1.08586,1.08584,1000000,1810000
2019-07-10 14:25:28.277000,1.08585,1.08583,1000000,4690000
2019-07-10 14:25:30.060000,1.08584,1.08582,1120000,1250000
2019-07-10 14:25:30.204000,1.08584,1.08581,3190000,2120000
2019-07-10 14:25:30.670000,1.08584,1.08581,1000000,4370000
2019-07-10 14:25:31.047000,1.08585,1.08583,1000000,1250000
2019-07-10 14:25:32.729000,1.08584,1.08582,1000000,2120000
2019-07-10 14:25:34.757000,1.08585,1.08582,1000000,2870000
2019-07-10 14:25:35.469000,1.08585,1.08582,1250000,3560000
2019-07-10 14:25:35.571000,1.08585,1.08583,1000000,1250000
2019-07-10 14:25:35.723000,1.08586,1.08583,2810000,1250000
2019-07-10 14:25:36.439000,1.08584,1.08583,1000000,1250000
2019-07-10 14:25:36.543000,1.08585,1.08583,1000000,1250000
2019-07-10 14:25:44.037000,1.08587,1.08585,1120000,1750000
2019-07-10 14:25:44.192000,1.08589,1.08586,4690000,2500000
2019-07-10 14:25:44.351000,1.08589,1.08587,3000000,1250000
2019-07-10 14:25:44.453000,1.08589,1.08587,3940000,1250000
2019-07-10 14:25:44.554000,1.08589,1.08587,3000000,1250000
2019-07-10 14:25:45.241000,1.0859,1.08587,2060000,1750000
2019-07-10 14:25:45.343000,1.08591,1.08589,4310000,1000000
2019-07-10 14:25:46.928000,1.08592,1.08589,2060000,1250000
2019-07-10 14:25:46.979000,1.08592,1.08589,1870000,4000000
2019-07-10 14:25:47.081000,1.08594,1.08591,3190000,4370000
2019-07-10 14:25:47.194000,1.08593,1.08591,1250000,1690000
2019-07-10 14:25:48.027000,1.08592,1.08591,1250000,1000000
2019-07-10 14:25:48.497000,1.08593,1.08591,2060000,1250000
2019-07-10 14:25:49.173000,1.08592,1.0859,1250000,1250000
2019-07-10 14:25:49.766000,1.08592,1.08589,1310000,2810000
2019-07-10 14:25:49.868000,1.08591,1.08589,1000000,1000000
2019-07-10 14:25:50.839000,1.08591,1.08588,1690000,1310000
2019-07-10 14:25:54.286000,1.08589,1.08587,1000000,1250000
2019-07-10 14:25:54.388000,1.08589,1.08586,1690000,3620000
2019-07-10 14:25:55.080000,1.08588,1.08585,1690000,3320000
2019-07-10 14:25:55.182000,1.08588,1.08586,1000000,1250000
2019-07-10 14:25:56.228000,1.08589,1.08587,2060000,1690000
2019-07-10 14:25:56.414000,1.0859,1.08587,1120000,2500000
2019-07-10 14:25:57.771000,1.0859,1.08587,1120000,4750000
2019-07-10 14:25:58.960000,1.0859,1.08587,2060000,1250000
2019-07-10 14:25:59.062000,1.08589,1.08586,1250000,2120000
2019-07-10 14:25:59.947000,1.08589,1.08588,1310000,1000000
2019-07-10 14:25:59.998000,1.08591,1.08588,3820000,1000000
2019-07-10 14:26:00.100000,1.08592,1.08589,5560000,1250000
2019-07-10 14:26:00.252000,1.08592,1.08589,3560000,1250000
2019-07-10 14:26:01.620000,1.08592,1.08591,1000000,1690000
2019-07-10 14:26:01.671000,1.08594,1.08591,4010000,1250000
2019-07-10 14:26:01.925000,1.08595,1.08592,2060000,1690000
2019-07-10 14:26:02.900000,1.08596,1.08593,3370000,1000000
2019-07-10 14:26:03.419000,1.08596,1.08594,1250000,1000000
2019-07-10 14:26:03.471000,1.08598,1.08596,2440000,1000000
2019-07-10 14:26:03.586000,1.08598,1.08596,1500000,1250000
2019-07-10 14:26:03.699000,1.08599,1.08596,2810000,2500000
2019-07-10 14:26:05.594000,1.08598,1.08596,1000000,1750000
2019-07-10 14:26:06.748000,1.08599,1.08596,2060000,1250000
2019-07-10 14:26:07.103000,1.08599,1.08598,1120000,1000000
2019-07-10 14:26:07.211000,1.086,1.08599,1000000,1500000
2019-07-10 14:26:07.263000,1.08601,1.08599,1000000,1750000
2019-07-10 14:26:07.366000,1.08602,1.08599,1870000,1750000
2019-07-10 14:26:07.744000,1.08603,1.086,3120000,1250000
2019-07-10 14:26:08.098000,1.08602,1.08599,1120000,3250000
2019-07-10 14:26:08.868000,1.08603,1.086,2250000,1750000
2019-07-10 14:26:10.336000,1.08603,1.086,1500000,2060000
2019-07-10 14:26:10.488000,1.08601,1.086,1000000,1000000
2019-07-10 14:26:10.611000,1.086,1.08599,1000000,1250000
2019-07-10 14:26:10.713000,1.08601,1.08599,1870000,1250000
2019-07-10 14:26:13.548000,1.086,1.08598,1000000,1690000
2019-07-10 14:26:13.599000,1.08598,1.08597,1000000,1690000
2019-07-10 14:26:13.748000,1.08599,1.08596,1310000,5500000
2019-07-10 14:26:17.171000,1.086,1.08598,3820000,1000000
2019-07-10 14:26:17.318000,1.086,1.08597,2120000,1690000
2019-07-10 14:26:23.080000,1.086,1.08598,1750000,1500000
2019-07-10 14:26:23.131000,1.08602,1.08599,2720000,1000000
2019-07-10 14:26:23.255000,1.08602,1.08599,1870000,1750000
2019-07-10 14:26:24.233000,1.086,1.08599,1000000,1250000
2019-07-10 14:26:24.356000,1.086,1.08598,1000000,1750000
2019-07-10 14:26:24.509000,1.08599,1.08597,1000000,4370000
2019-07-10 14:26:24.611000,1.08599,1.08597,1250000,1310000
2019-07-10 14:26:25.299000,1.086,1.08598,2250000,1250000
2019-07-10 14:26:26.174000,1.08601,1.08598,2620000,1250000
2019-07-10 14:26:26.276000,1.08601,1.08598,1120000,3250000
2019-07-10 14:26:27.066000,1.08601,1.08598,1870000,1750000
2019-07-10 14:26:27.117000,1.08599,1.08598,1000000,1250000
2019-07-10 14:26:29.656000,1.08598,1.08597,1500000,1250000
2019-07-10 14:26:29.708000,1.08597,1.08596,1120000,1250000
2019-07-10 14:26:29.810000,1.08597,1.08595,1120000,1500000
2019-07-10 14:26:29.912000,1.08598,1.08595,3820000,2250000
2019-07-10 14:26:30.115000,1.08599,1.08596,4120000,1690000
2019-07-10 14:26:30.218000,1.086,1.08597,4070000,1250000
2019-07-10 14:26:30.895000,1.08598,1.08596,1000000,4750000
2019-07-10 14:26:32.242000,1.08599,1.08596,1690000,4000000
2019-07-10 14:26:33.865000,1.08598,1.08596,1000000,3250000
2019-07-10 14:26:33.967000,1.08597,1.08595,1000000,1250000
2019-07-10 14:26:34.099000,1.08596,1.08594,1000000,2120000
2019-07-10 14:26:34.201000,1.08596,1.08593,1500000,4120000
2019-07-10 14:26:35.420000,1.08594,1.08593,1000000,1690000
2019-07-10 14:26:35.471000,1.08593,1.0859,1870000,1600000
2019-07-10 14:26:35.596000,1.08591,1.08589,1000000,4370000
2019-07-10 14:26:35.800000,1.0859,1.08589,1000000,2060000
2019-07-10 14:26:35.902000,1.08589,1.08587,1000000,3870000
2019-07-10 14:26:36.117000,1.08588,1.08587,1500000,1250000
2019-07-10 14:26:36.500000,1.08588,1.08585,1690000,3250000
2019-07-10 14:26:36.653000,1.08587,1.08585,1500000,1250000
2019-07-10 14:26:36.756000,1.08586,1.08584,1000000,2120000
2019-07-10 14:26:37.032000,1.08586,1.08584,1000000,1310000
2019-07-10 14:26:37.444000,1.08585,1.08583,1500000,2870000
2019-07-10 14:26:37.546000,1.08584,1.08582,1000000,2120000
2019-07-10 14:26:38.101000,1.08583,1.08581,1000000,1370000
2019-07-10 14:26:41.072000,1.08584,1.08581,1690000,1370000
2019-07-10 14:26:50.020000,1.08589,1.08585,2320000,3500000
2019-07-10 14:26:50.122000,1.08589,1.08587,1310000,1250000
2019-07-10 14:26:50.453000,1.0859,1.08587,3310000,1250000
2019-07-10 14:26:50.605000,1.08589,1.08587,1310000,1250000
2019-07-10 14:26:50.939000,1.0859,1.08588,1000000,1250000
2019-07-10 14:26:51.142000,1.08588,1.08587,1870000,1250000
2019-07-10 14:26:51.245000,1.08588,1.08585,1310000,2500000
2019-07-10 14:26:53.663000,1.08589,1.08587,2950000,1000000
2019-07-10 14:26:53.714000,1.0859,1.08587,3560000,1250000
2019-07-10 14:26:53.866000,1.08591,1.08588,3820000,1250000
2019-07-10 14:26:58.141000,1.0859,1.08587,1000000,5870000
2019-07-10 14:26:58.192000,1.0859,1.08587,4120000,2440000
2019-07-10 14:26:58.764000,1.08588,1.08586,1120000,1250000
2019-07-10 14:27:00.542000,1.08589,1.08586,3560000,1750000
2019-07-10 14:27:00.796000,1.08589,1.08586,2870000,1250000
2019-07-10 14:27:03.135000,1.08588,1.08585,1760000,1250000
2019-07-10 14:27:03.806000,1.08588,1.08586,1310000,1250000
2019-07-10 14:27:05.492000,1.08586,1.08584,1000000,1770000
2019-07-10 14:27:05.658000,1.08586,1.08583,2440000,1770000
2019-07-10 14:27:05.760000,1.08583,1.08582,1250000,1580000
2019-07-10 14:27:05.862000,1.08581,1.0858,1120000,3940000
2019-07-10 14:27:05.964000,1.0858,1.08578,1000000,1000000
2019-07-10 14:27:06.100000,1.0858,1.08578,1000000,1250000
2019-07-10 14:27:06.891000,1.08579,1.08576,3940000,3170000
2019-07-10 14:27:06.992000,1.08578,1.08576,1000000,1350000
2019-07-10 14:27:08.573000,1.08579,1.08576,5120000,1250000
2019-07-10 14:27:10.948000,1.08579,1.08576,5810000,1250000
2019-07-10 14:27:11.545000,1.0858,1.08578,1250000,1250000
2019-07-10 14:27:11.697000,1.08579,1.08577,1310000,1250000
2019-07-10 14:27:14.289000,1.08581,1.08579,1200000,1750000
2019-07-10 14:27:14.442000,1.08582,1.08579,1250000,3250000
2019-07-10 14:27:14.543000,1.08584,1.08581,3940000,1250000
2019-07-10 14:27:16.729000,1.08584,1.08582,1000000,1250000
2019-07-10 14:27:16.983000,1.08585,1.08583,1310000,1250000
2019-07-10 14:27:19.565000,1.08586,1.08583,1500000,3620000
2019-07-10 14:27:20.072000,1.08587,1.08585,2810000,1000000
2019-07-10 14:27:20.182000,1.08588,1.08585,2810000,1250000
2019-07-10 14:27:20.385000,1.08587,1.08584,1000000,3620000
2019-07-10 14:27:20.537000,1.08587,1.08584,1250000,2810000
2019-07-10 14:27:22.269000,1.08585,1.08584,1000000,1310000
2019-07-10 14:27:22.371000,1.08585,1.08582,2810000,1100000
2019-07-10 14:27:22.518000,1.08585,1.08582,2810000,1000000
2019-07-10 14:27:22.620000,1.08584,1.08581,1500000,4390000
2019-07-10 14:27:22.723000,1.08582,1.08579,3750000,4000000
2019-07-10 14:27:22.827000,1.08582,1.08579,1870000,4000000
2019-07-10 14:27:23.120000,1.08581,1.08579,1000000,1250000
2019-07-10 14:27:23.542000,1.08582,1.08579,2810000,1250000
2019-07-10 14:27:23.796000,1.08582,1.08579,4510000,1250000
2019-07-10 14:27:23.945000,1.0858,1.08578,1000000,1690000
2019-07-10 14:27:24.468000,1.08581,1.08578,2810000,1690000
2019-07-10 14:27:24.570000,1.08583,1.08581,2500000,1120000
2019-07-10 14:27:24.671000,1.08584,1.08581,3560000,1000000
2019-07-10 14:27:24.773000,1.08584,1.08581,3560000,1250000
2019-07-10 14:27:25.152000,1.08585,1.08583,1200000,1690000
2019-07-10 14:27:25.254000,1.08587,1.08584,3120000,1500000
2019-07-10 14:27:25.408000,1.08587,1.08585,1870000,1000000
2019-07-10 14:27:26.869000,1.08586,1.08583,1000000,4370000
2019-07-10 14:27:27.073000,1.08587,1.08584,2620000,1750000
2019-07-10 14:27:27.867000,1.08588,1.08586,2370000,1250000
2019-07-10 14:27:28.384000,1.0859,1.08586,4820000,4310000
2019-07-10 14:27:28.486000,1.08589,1.08587,1250000,1250000
2019-07-10 14:27:29.428000,1.0859,1.08587,3560000,1250000
2019-07-10 14:27:30.714000,1.0859,1.08588,1500000,1250000
2019-07-10 14:27:30.867000,1.08591,1.08588,3370000,1250000
2019-07-10 14:27:34.204000,1.0859,1.08587,1000000,3620000
2019-07-10 14:27:34.559000,1.08589,1.08587,1000000,1250000
2019-07-10 14:27:34.701000,1.08588,1.08585,1000000,5870000
2019-07-10 14:27:34.853000,1.08589,1.08586,1310000,2500000
2019-07-10 14:27:34.954000,1.0859,1.08588,1120000,1250000
2019-07-10 14:27:35.186000,1.08591,1.08589,1000000,1250000
2019-07-10 14:27:35.288000,1.08591,1.08589,1000000,1250000
2019-07-10 14:27:35.880000,1.08592,1.08589,2620000,1750000
2019-07-10 14:27:36.439000,1.08593,1.08591,3640000,1000000
2019-07-10 14:27:36.551000,1.08596,1.08593,5120000,1690000
2019-07-10 14:27:39.275000,1.08597,1.08594,3370000,1690000
2019-07-10 14:27:45.268000,1.08597,1.08595,2060000,1250000
2019-07-10 14:27:47.135000,1.08596,1.08594,1250000,2580000
2019-07-10 14:27:47.768000,1.08595,1.08594,1000000,1120000
2019-07-10 14:27:47.870000,1.08595,1.08593,1250000,1120000
2019-07-10 14:27:47.921000,1.08595,1.08592,1250000,5910000
2019-07-10 14:27:50.217000,1.08595,1.08593,1120000,1250000
2019-07-10 14:27:51.176000,1.08595,1.08592,1370000,3940000
2019-07-10 14:27:51.388000,1.08595,1.08592,2060000,3250000
2019-07-10 14:27:51.490000,1.08595,1.08593,1870000,1250000
2019-07-10 14:27:52.581000,1.08595,1.08592,1310000,4140000
2019-07-10 14:27:53.648000,1.08596,1.08593,3120000,1750000
2019-07-10 14:27:57.333000,1.08596,1.08593,5620000,1250000
2019-07-10 14:27:58.973000,1.08595,1.08592,4510000,1250000
2019-07-10 14:27:59.074000,1.08594,1.08591,1310000,1690000
2019-07-10 14:27:59.443000,1.08595,1.08592,3010000,1250000
2019-07-10 14:28:00.088000,1.08595,1.08592,2060000,1250000
2019-07-10 14:28:00.191000,1.08595,1.08593,1310000,1000000
2019-07-10 14:28:00.343000,1.08596,1.08593,2370000,1750000
2019-07-10 14:28:00.460000,1.08596,1.08594,1000000,1250000
2019-07-10 14:28:00.563000,1.08597,1.08594,1250000,1250000
2019-07-10 14:28:01.333000,1.08596,1.08593,1000000,2500000
2019-07-10 14:28:01.435000,1.08597,1.08594,1690000,1250000
2019-07-10 14:28:02.628000,1.08598,1.08597,1250000,1000000
2019-07-10 14:28:02.679000,1.08601,1.08599,1750000,1000000
2019-07-10 14:28:02.813000,1.08602,1.08601,1690000,1000000
2019-07-10 14:28:02.865000,1.08603,1.086,2060000,1500000
2019-07-10 14:28:03.916000,1.08603,1.08601,1310000,1000000
2019-07-10 14:28:04.019000,1.08604,1.08601,4060000,1250000
2019-07-10 14:28:04.272000,1.08604,1.08601,2440000,1250000
2019-07-10 14:28:04.446000,1.08603,1.086,1120000,3190000
2019-07-10 14:28:04.497000,1.08601,1.08599,1000000,4960000
2019-07-10 14:28:04.599000,1.086,1.08597,1370000,6940000
2019-07-10 14:28:04.700000,1.08599,1.08597,2560000,3190000
2019-07-10 14:28:04.803000,1.08599,1.08596,3370000,1830000
2019-07-10 14:28:05.723000,1.08598,1.08595,4370000,1250000
2019-07-10 14:28:05.848000,1.08597,1.08594,3250000,1760000
2019-07-10 14:28:06.410000,1.08597,1.08593,2060000,2120000
2019-07-10 14:28:06.663000,1.08596,1.08593,1000000,2870000
2019-07-10 14:28:07.008000,1.08596,1.08593,1250000,2810000
2019-07-10 14:28:07.377000,1.08595,1.08592,1690000,5200000
2019-07-10 14:28:07.684000,1.08594,1.08592,1690000,1000000
2019-07-10 14:28:07.786000,1.08594,1.08591,2440000,2140000
2019-07-10 14:28:07.887000,1.08594,1.08592,1000000,1000000
2019-07-10 14:28:07.989000,1.08593,1.0859,1500000,3020000
2019-07-10 14:28:08.101000,1.08591,1.0859,1000000,1270000
2019-07-10 14:28:08.152000,1.08591,1.08588,2560000,1690000
2019-07-10 14:28:09.429000,1.08588,1.08586,1000000,1450000
2019-07-10 14:28:09.530000,1.0859,1.08586,2570000,3720000
2019-07-10 14:28:09.632000,1.08588,1.08586,1000000,1350000
2019-07-10 14:28:09.733000,1.08588,1.08585,1250000,4370000
2019-07-10 14:28:10.377000,1.08588,1.08586,1450000,1000000
2019-07-10 14:28:10.478000,1.08588,1.08586,1650000,1250000
2019-07-10 14:28:10.580000,1.08588,1.08585,1890000,2830000
2019-07-10 14:28:11.157000,1.0859,1.08586,3470000,2500000
2019-07-10 14:28:11.259000,1.0859,1.08586,4120000,3200000
2019-07-10 14:28:11.444000,1.0859,1.08587,4060000,1750000
2019-07-10 14:28:11.547000,1.08591,1.08588,2560000,1250000
2019-07-10 14:28:12.015000,1.08591,1.08588,2810000,1250000
2019-07-10 14:28:12.513000,1.08591,1.08588,2620000,1250000
2019-07-10 14:28:14.749000,1.0859,1.08588,1690000,1690000
2019-07-10 14:28:14.800000,1.08589,1.08587,3310000,1000000
2019-07-10 14:28:14.851000,1.08588,1.08585,1120000,2500000
2019-07-10 14:28:15.194000,1.08589,1.08586,4320000,1250000
2019-07-10 14:28:15.397000,1.08589,1.08586,1500000,1750000
2019-07-10 14:28:15.524000,1.0859,1.08587,4010000,1250000
2019-07-10 14:28:16.937000,1.0859,1.08588,1310000,1000000
2019-07-10 14:28:17.140000,1.08591,1.08588,2810000,1250000
2019-07-10 14:28:17.285000,1.08591,1.08588,2870000,1000000
2019-07-10 14:28:17.437000,1.08589,1.08586,1250000,3260000
2019-07-10 14:28:17.539000,1.08588,1.08586,1250000,1870000
2019-07-10 14:28:17.641000,1.08589,1.08586,2700000,1870000
2019-07-10 14:28:17.986000,1.0859,1.08587,4310000,1250000
2019-07-10 14:28:22.186000,1.08589,1.08586,1000000,3620000
2019-07-10 14:28:22.491000,1.08589,1.08586,1250000,2810000
2019-07-10 14:28:22.818000,1.08589,1.08586,1000000,3620000
2019-07-10 14:28:23.021000,1.08589,1.08586,1500000,1870000
2019-07-10 14:28:24.277000,1.08589,1.08586,1000000,4370000
2019-07-10 14:28:24.779000,1.08589,1.08586,1690000,3560000
2019-07-10 14:28:25.135000,1.08589,1.08586,1000000,2870000
2019-07-10 14:28:25.990000,1.0859,1.08587,1760000,1250000
2019-07-10 14:28:27.247000,1.08591,1.08588,3620000,1000000
2019-07-10 14:28:27.995000,1.08591,1.08589,2870000,1000000
2019-07-10 14:28:28.098000,1.08593,1.08591,1310000,1000000
2019-07-10 14:28:28.403000,1.08594,1.08591,1250000,2870000
2019-07-10 14:28:29.748000,1.08595,1.08593,1750000,1000000
2019-07-10 14:28:30.316000,1.08595,1.08593,1000000,1000000
2019-07-10 14:28:31.199000,1.08595,1.08592,2500000,3560000
2019-07-10 14:28:31.402000,1.08595,1.08593,1750000,1000000
2019-07-10 14:28:31.573000,1.08595,1.08592,1750000,3560000
2019-07-10 14:28:31.986000,1.08594,1.08591,2500000,1120000
2019-07-10 14:28:33.590000,1.08592,1.0859,1000000,2560000
2019-07-10 14:28:33.706000,1.08593,1.0859,1690000,2560000
2019-07-10 14:28:34.468000,1.08594,1.08592,2500000,1000000
2019-07-10 14:28:34.570000,1.08594,1.08593,1690000,1000000
2019-07-10 14:28:34.773000,1.08596,1.08595,1000000,1000000
2019-07-10 14:28:34.926000,1.08597,1.08595,1000000,1000000
2019-07-10 14:28:35.078000,1.08597,1.08594,1750000,1000000
2019-07-10 14:28:35.153000,1.08597,1.08595,1250000,1000000
2019-07-10 14:28:37.250000,1.08597,1.08594,1690000,2250000
2019-07-10 14:28:37.301000,1.08595,1.08593,1000000,3260000
2019-07-10 14:28:37.552000,1.08594,1.08592,1000000,2870000
2019-07-10 14:28:37.657000,1.08594,1.08591,1690000,4120000
2019-07-10 14:28:37.758000,1.08595,1.08592,1690000,2870000
2019-07-10 14:28:37.861000,1.08596,1.08593,3190000,1310000
2019-07-10 14:28:37.962000,1.08597,1.08594,2120000,1000000
2019-07-10 14:28:38.524000,1.08595,1.08593,1000000,2060000
2019-07-10 14:28:38.663000,1.08594,1.08592,1250000,1250000
2019-07-10 14:28:38.765000,1.08595,1.08593,1250000,1000000
2019-07-10 14:28:39.976000,1.08597,1.08594,2870000,1000000
2019-07-10 14:28:40.117000,1.08597,1.08595,1120000,1250000
2019-07-10 14:28:40.219000,1.08598,1.08596,1690000,1000000
2019-07-10 14:28:40.320000,1.08599,1.08597,1690000,1250000
2019-07-10 14:28:40.422000,1.086,1.08597,4120000,1250000
2019-07-10 14:28:40.574000,1.086,1.08598,1250000,1000000
2019-07-10 14:28:42.929000,1.08599,1.08597,2440000,1250000
2019-07-10 14:28:43.031000,1.08597,1.08596,1000000,1000000
2019-07-10 14:28:43.134000,1.08597,1.08595,1120000,1000000
2019-07-10 14:28:43.236000,1.08597,1.08594,1120000,1500000
2019-07-10 14:28:43.512000,1.08596,1.08594,1000000,1000000
2019-07-10 14:28:44.166000,1.08597,1.08594,1870000,1500000
2019-07-10 14:28:45.318000,1.08595,1.08593,1000000,1310000
2019-07-10 14:28:45.461000,1.08594,1.08592,1000000,1750000
2019-07-10 14:28:45.563000,1.08594,1.08591,1000000,4010000
2019-07-10 14:28:47.838000,1.08594,1.08591,3250000,2810000
2019-07-10 14:28:49.244000,1.08594,1.08591,1690000,4370000
2019-07-10 14:28:53.678000,1.08593,1.08591,1000000,2870000
2019-07-10 14:28:54.184000,1.08592,1.08591,1000000,2060000
2019-07-10 14:28:55.240000,1.08592,1.0859,1000000,1310000
2019-07-10 14:28:56.068000,1.08592,1.0859,1000000,2120000
2019-07-10 14:28:56.170000,1.08594,1.08592,1500000,1690000
2019-07-10 14:28:56.272000,1.08594,1.08592,1500000,2500000
2019-07-10 14:28:56.374000,1.08595,1.08592,1000000,4000000
2019-07-10 14:28:56.475000,1.08596,1.08593,1870000,1750000
2019-07-10 14:28:59.633000,1.08595,1.08593,1000000,3320000
2019-07-10 14:29:00.186000,1.08597,1.08594,1000000,1310000
2019-07-10 14:29:00.237000,1.08598,1.08596,1120000,1000000
2019-07-10 14:29:00.340000,1.08601,1.08598,3620000,1500000
2019-07-10 14:29:00.453000,1.08601,1.08599,1250000,1500000
2019-07-10 14:29:00.555000,1.08603,1.086,2870000,1000000
2019-07-10 14:29:00.657000,1.08603,1.086,2060000,1250000
2019-07-10 14:29:01.795000,1.08603,1.086,1120000,3250000
2019-07-10 14:29:04.307000,1.08605,1.08603,1310000,1000000
2019-07-10 14:29:04.358000,1.08607,1.08604,1310000,2440000
2019-07-10 14:29:04.461000,1.08605,1.08604,2250000,1250000
2019-07-10 14:29:04.578000,1.08605,1.08602,2440000,6260000
2019-07-10 14:29:05.211000,1.08607,1.08604,2620000,1750000
2019-07-10 14:29:05.313000,1.08607,1.08604,2060000,1250000
2019-07-10 14:29:05.576000,1.08607,1.08604,1000000,4370000
2019-07-10 14:29:07.669000,1.08605,1.08604,1690000,1000000
2019-07-10 14:29:07.771000,1.08605,1.08603,1250000,1990000
2019-07-10 14:29:07.873000,1.08606,1.08603,1690000,1310000
2019-07-10 14:29:09.341000,1.08606,1.08603,1500000,1370000
2019-07-10 14:29:14.247000,1.08604,1.08602,1500000,1690000
2019-07-10 14:29:14.496000,1.08603,1.08601,1000000,2500000
2019-07-10 14:29:14.651000,1.08603,1.086,2440000,2870000
2019-07-10 14:29:15.005000,1.08602,1.086,1000000,2870000
2019-07-10 14:29:15.800000,1.08602,1.08599,1690000,2060000
2019-07-10 14:29:15.902000,1.08601,1.08598,1000000,4870000
2019-07-10 14:29:16.004000,1.08601,1.08598,1310000,1690000
2019-07-10 14:29:17.115000,1.08601,1.08598,1120000,2500000
2019-07-10 14:29:17.897000,1.08602,1.086,2250000,1250000
2019-07-10 14:29:17.999000,1.08603,1.086,1690000,3620000
2019-07-10 14:29:18.101000,1.08603,1.08601,1000000,1750000
2019-07-10 14:29:18.202000,1.08604,1.08601,2440000,2870000
2019-07-10 14:29:18.533000,1.08605,1.08603,2500000,1000000
2019-07-10 14:29:18.634000,1.08607,1.08604,5620000,1690000
2019-07-10 14:29:18.736000,1.08607,1.08605,1250000,1000000
2019-07-10 14:29:18.897000,1.08607,1.08605,1000000,1750000
2019-07-10 14:29:19.001000,1.08609,1.08606,3320000,1690000
2019-07-10 14:29:20.260000,1.08607,1.08606,1000000,1690000
2019-07-10 14:29:20.311000,1.08606,1.08604,1250000,2140000
2019-07-10 14:29:23.762000,1.08607,1.08605,1000000,1250000
2019-07-10 14:29:24.143000,1.08607,1.08604,1250000,3250000
2019-07-10 14:29:25.271000,1.08607,1.08605,1000000,1250000
2019-07-10 14:29:25.373000,1.08608,1.08605,2440000,1750000
2019-07-10 14:29:26.712000,1.08609,1.08607,2120000,1000000
2019-07-10 14:29:26.814000,1.08609,1.08606,2120000,2440000
2019-07-10 14:29:26.916000,1.0861,1.08607,2060000,1690000
2019-07-10 14:29:27.018000,1.0861,1.08608,1310000,1000000
2019-07-10 14:29:27.265000,1.0861,1.08607,1310000,1690000
2019-07-10 14:29:27.519000,1.08611,1.08608,1620000,1000000
2019-07-10 14:29:29.539000,1.08611,1.08609,1250000,2250000
2019-07-10 14:29:29.590000,1.08612,1.08611,1000000,1690000
2019-07-10 14:29:29.641000,1.08615,1.08612,3620000,2250000
2019-07-10 14:29:29.692000,1.08615,1.08613,1500000,2440000
2019-07-10 14:29:29.794000,1.08616,1.08613,1000000,4000000
2019-07-10 14:29:30.778000,1.08617,1.08614,3940000,1690000
2019-07-10 14:29:30.907000,1.08616,1.08614,1000000,1690000
2019-07-10 14:29:34.724000,1.08615,1.08614,1000000,1250000
2019-07-10 14:29:34.825000,1.08615,1.08613,1690000,1250000
2019-07-10 14:29:34.927000,1.08614,1.08613,1500000,1000000
2019-07-10 14:29:35.029000,1.08614,1.08611,1870000,3250000
2019-07-10 14:29:35.185000,1.08613,1.08611,1000000,2500000
2019-07-10 14:29:35.338000,1.08613,1.08611,1690000,1000000
2019-07-10 14:29:35.491000,1.08613,1.0861,1690000,2060000
2019-07-10 14:29:35.759000,1.08612,1.0861,1000000,1310000
2019-07-10 14:29:35.810000,1.0861,1.08609,1000000,2060000
2019-07-10 14:29:35.911000,1.0861,1.08607,1000000,6070000
2019-07-10 14:29:36.062000,1.08609,1.08607,2440000,2440000
2019-07-10 14:29:36.265000,1.08611,1.08609,3370000,1500000
2019-07-10 14:29:36.366000,1.08612,1.08609,1370000,2440000
2019-07-10 14:29:36.474000,1.08613,1.08611,2060000,1690000
2019-07-10 14:29:39.427000,1.08614,1.08611,1120000,3190000
2019-07-10 14:29:40.249000,1.08613,1.08611,1000000,1690000
2019-07-10 14:29:40.396000,1.08614,1.08611,1760000,1690000
2019-07-10 14:29:45.364000,1.08612,1.0861,1500000,2060000
2019-07-10 14:29:45.466000,1.08611,1.08609,1000000,2120000
2019-07-10 14:29:46.375000,1.08613,1.0861,4010000,1250000
2019-07-10 14:29:46.477000,1.08614,1.08612,2120000,1000000
2019-07-10 14:29:46.581000,1.08615,1.08614,1000000,1000000
2019-07-10 14:29:46.686000,1.08615,1.08613,1250000,2250000
2019-07-10 14:29:46.788000,1.08617,1.08614,4870000,1500000
2019-07-10 14:29:48.179000,1.08615,1.08612,1250000,3370000
2019-07-10 14:29:48.294000,1.08613,1.08611,1000000,2060000
2019-07-10 14:29:48.499000,1.08612,1.08611,1000000,1000000
2019-07-10 14:29:51.352000,1.08614,1.08611,2570000,1000000
2019-07-10 14:29:51.481000,1.08615,1.08612,1720000,1750000
2019-07-10 14:29:51.582000,1.08615,1.08612,1120000,1750000
2019-07-10 14:29:51.685000,1.08616,1.08613,2810000,1690000
2019-07-10 14:29:51.956000,1.08616,1.08614,1310000,1000000
2019-07-10 14:29:52.393000,1.08615,1.08612,1000000,4070000
2019-07-10 14:29:52.495000,1.08616,1.08613,1120000,1750000
2019-07-10 14:29:52.901000,1.08619,1.08616,8120000,1500000
2019-07-10 14:29:53.020000,1.08619,1.08618,1250000,1000000
2019-07-10 14:29:53.172000,1.08619,1.08617,1250000,1250000
2019-07-10 14:29:53.273000,1.0862,1.08617,1690000,1250000
2019-07-10 14:29:53.432000,1.08619,1.08616,1000000,3320000
2019-07-10 14:29:53.534000,1.08616,1.08615,1000000,1760000
2019-07-10 14:29:53.636000,1.08615,1.08613,1500000,1810000
2019-07-10 14:29:53.738000,1.08614,1.08612,1310000,1250000
2019-07-10 14:29:56.214000,1.08613,1.08611,1250000,1000000
2019-07-10 14:29:56.265000,1.08611,1.0861,1000000,1310000
2019-07-10 14:29:56.366000,1.08611,1.08609,1000000,1250000
2019-07-10 14:29:56.913000,1.08612,1.08609,1250000,1810000
2019-07-10 14:29:57.015000,1.08611,1.08608,2500000,1000000
2019-07-10 14:29:57.066000,1.08609,1.08607,1690000,9260000
2019-07-10 14:29:57.424000,1.0861,1.08607,1250000,1310000
2019-07-10 14:29:57.475000,1.08611,1.08609,1250000,1120000
2019-07-10 14:29:57.635000,1.08613,1.0861,2570000,1000000
2019-07-10 14:29:57.737000,1.08613,1.08609,2060000,1370000
2019-07-10 14:29:58.245000,1.08614,1.08612,1310000,1250000
2019-07-10 14:29:59.098000,1.08615,1.08613,1250000,1250000
2019-07-10 14:29:59.482000,1.08614,1.08612,1250000,2060000
2019-07-10 14:29:59.634000,1.08614,1.08613,1250000,1000000
2019-07-10 14:30:00.098000,1.08614,1.08612,1250000,2060000
2019-07-10 14:30:00.150000,1.08617,1.08616,3750000,1120000
2019-07-10 14:30:00.201000,1.08618,1.08616,1690000,1310000
2019-07-10 14:30:00.318000,1.08619,1.08616,1690000,1370000
2019-07-10 14:30:00.608000,1.08619,1.08618,1250000,1000000
2019-07-10 14:30:00.712000,1.08619,1.08617,1250000,1250000
2019-07-10 14:30:00.763000,1.08617,1.08615,1000000,4820000
2019-07-10 14:30:00.879000,1.08615,1.08612,1120000,1000000
2019-07-10 14:30:01.056000,1.08614,1.08611,1000000,2620000
2019-07-10 14:30:01.107000,1.08614,1.08611,1000000,3620000
2019-07-10 14:30:01.233000,1.08614,1.08611,1000000,1370000
2019-07-10 14:30:01.335000,1.08613,1.0861,1000000,2950000
2019-07-10 14:30:01.436000,1.08613,1.0861,1000000,1250000
2019-07-10 14:30:01.548000,1.08613,1.0861,1250000,1250000
2019-07-10 14:30:01.650000,1.08612,1.08609,1000000,1820000
2019-07-10 14:30:01.752000,1.08613,1.0861,1690000,1250000
2019-07-10 14:30:02.622000,1.0861,1.08608,1250000,2320000
2019-07-10 14:30:02.724000,1.0861,1.08607,1690000,1310000
2019-07-10 14:30:03.123000,1.08609,1.08606,1000000,4870000
2019-07-10 14:30:03.566000,1.08607,1.08606,1000000,1250000
2019-07-10 14:30:03.667000,1.08606,1.08604,1000000,5720000
2019-07-10 14:30:03.770000,1.08606,1.08603,1000000,2620000
2019-07-10 14:30:03.923000,1.08608,1.08604,1750000,1310000
2019-07-10 14:30:04.024000,1.08608,1.08604,1250000,1370000
2019-07-10 14:30:05.474000,1.08608,1.08604,1000000,2570000
2019-07-10 14:30:05.677000,1.08608,1.08605,1250000,1250000
2019-07-10 14:30:06.580000,1.08609,1.08606,3620000,1000000
2019-07-10 14:30:06.682000,1.0861,1.08607,2440000,1250000
2019-07-10 14:30:08.398000,1.08609,1.08606,1000000,2120000
2019-07-10 14:30:08.551000,1.08609,1.08606,1690000,2060000
2019-07-10 14:30:12.185000,1.0861,1.08607,2120000,1000000
2019-07-10 14:30:13.327000,1.08611,1.0861,2250000,1000000
2019-07-10 14:30:13.505000,1.08613,1.0861,3250000,1000000
2019-07-10 14:30:14.767000,1.08613,1.08611,2500000,1000000
2019-07-10 14:30:14.869000,1.08613,1.08611,1690000,1120000
2019-07-10 14:30:16.915000,1.08614,1.08612,1250000,2250000
2019-07-10 14:30:16.989000,1.08615,1.08613,1250000,1310000
2019-07-10 14:30:17.091000,1.08615,1.08613,1250000,1870000
2019-07-10 14:30:17.193000,1.08616,1.08613,1500000,1870000
2019-07-10 14:30:17.295000,1.08616,1.08613,1500000,2120000
2019-07-10 14:30:17.457000,1.08617,1.08614,4310000,1250000
2019-07-10 14:30:19.726000,1.08617,1.08616,1690000,1000000
2019-07-10 14:30:19.827000,1.08619,1.08617,1500000,1250000
2019-07-10 14:30:19.929000,1.0862,1.08617,1500000,1390000
2019-07-10 14:30:20.031000,1.0862,1.08618,1000000,1000000
2019-07-10 14:30:20.132000,1.08622,1.08618,2060000,1500000
2019-07-10 14:30:20.271000,1.08621,1.08618,1120000,1500000
2019-07-10 14:30:20.724000,1.0862,1.08617,1500000,2810000
2019-07-10 14:30:20.825000,1.08619,1.08616,1000000,2500000
2019-07-10 14:30:20.927000,1.08619,1.08616,1250000,2440000
2019-07-10 14:30:21.714000,1.08616,1.08615,1000000,1310000
2019-07-10 14:30:21.815000,1.08616,1.08613,1000000,6370000
2019-07-10 14:30:21.936000,1.08615,1.08613,1000000,3250000
2019-07-10 14:30:22.387000,1.08615,1.08613,1000000,1250000
2019-07-10 14:30:22.489000,1.08615,1.08612,1000000,3370000
2019-07-10 14:30:23.643000,1.08615,1.08612,1000000,3620000
2019-07-10 14:30:24.157000,1.08616,1.08614,1000000,1250000
2019-07-10 14:30:24.383000,1.08617,1.08614,1250000,1310000
2019-07-10 14:30:24.485000,1.08616,1.08613,1000000,4120000
2019-07-10 14:30:26.986000,1.08617,1.08614,3640000,1310000
2019-07-10 14:30:27.138000,1.08616,1.08613,1000000,4870000
2019-07-10 14:30:27.341000,1.08617,1.08613,2440000,5320000
2019-07-10 14:30:27.450000,1.08618,1.08615,3190000,1310000
2019-07-10 14:30:27.552000,1.08617,1.08614,1000000,2620000
2019-07-10 14:30:27.654000,1.08618,1.08616,1390000,2620000
2019-07-10 14:30:27.803000,1.08619,1.08617,1000000,1250000
2019-07-10 14:30:27.854000,1.0862,1.08617,2060000,1250000
2019-07-10 14:30:28.519000,1.0862,1.08618,1310000,1000000
2019-07-10 14:30:29.714000,1.0862,1.08617,1010000,2810000
2019-07-10 14:30:29.866000,1.08617,1.08615,1500000,1870000
2019-07-10 14:30:30.029000,1.08615,1.08613,1000000,2060000
2019-07-10 14:30:32.725000,1.08616,1.08613,1000000,2810000
2019-07-10 14:30:36.467000,1.08615,1.08613,1000000,1310000
2019-07-10 14:30:37.722000,1.08614,1.08612,1000000,1250000
2019-07-10 14:30:37.825000,1.08611,1.08609,1000000,1310000
2019-07-10 14:30:37.927000,1.08612,1.08609,1000000,2120000
2019-07-10 14:30:38.162000,1.08612,1.08609,2500000,1120000
2019-07-10 14:30:38.619000,1.0861,1.08608,1250000,1000000
2019-07-10 14:30:38.721000,1.0861,1.08607,1250000,2060000
2019-07-10 14:30:38.873000,1.08609,1.08607,1000000,1310000
2019-07-10 14:30:39.049000,1.0861,1.08608,1250000,1000000
2019-07-10 14:30:39.150000,1.08611,1.08609,1000000,1310000
2019-07-10 14:30:39.252000,1.08612,1.08609,2250000,1370000
2019-07-10 14:30:39.353000,1.08611,1.08608,1000000,5320000
2019-07-10 14:30:40.002000,1.08612,1.0861,1000000,1250000
2019-07-10 14:30:40.411000,1.08612,1.08609,1690000,2060000
2019-07-10 14:30:40.547000,1.08612,1.08609,2500000,1870000
2019-07-10 14:30:40.751000,1.08612,1.0861,2500000,1000000
2019-07-10 14:30:41.168000,1.08612,1.08609,3700000,1120000
2019-07-10 14:30:41.774000,1.08612,1.0861,1390000,1000000
2019-07-10 14:30:42.029000,1.08611,1.08609,1250000,1870000
2019-07-10 14:30:43.028000,1.0861,1.08608,1250000,1620000
2019-07-10 14:30:43.130000,1.08609,1.08607,1000000,1310000
2019-07-10 14:30:44.282000,1.08608,1.08606,1000000,1250000
2019-07-10 14:30:44.334000,1.08607,1.08604,1250000,3310000
2019-07-10 14:30:44.689000,1.08607,1.08604,3250000,1000000
2019-07-10 14:30:44.828000,1.08606,1.08603,2440000,2810000
2019-07-10 14:30:45.382000,1.08604,1.08603,2850000,1000000
2019-07-10 14:30:45.433000,1.08602,1.086,1000000,5140000
2019-07-10 14:30:45.536000,1.08602,1.086,1620000,1250000
2019-07-10 14:30:45.652000,1.08602,1.08599,1250000,1690000
2019-07-10 14:30:45.754000,1.08601,1.08598,1000000,5120000
2019-07-10 14:30:46,1.08601,1.08598,1000000,2620000
2019-07-10 14:30:46.204000,1.08602,1.08599,3190000,1000000
2019-07-10 14:30:47.341000,1.08601,1.08598,1000000,3370000
2019-07-10 14:30:47.902000,1.08602,1.08599,2440000,1000000
2019-07-10 14:30:48.004000,1.08601,1.08599,1000000,1000000
2019-07-10 14:30:48.105000,1.08602,1.08599,2890000,1000000
2019-07-10 14:30:51.207000,1.08603,1.086,2250000,2120000
2019-07-10 14:30:51.309000,1.08604,1.08602,1000000,1250000
2019-07-10 14:30:51.410000,1.08605,1.08602,2060000,1250000
2019-07-10 14:30:53.051000,1.08604,1.08602,1500000,1250000
2019-07-10 14:30:53.202000,1.08603,1.086,1000000,2320000
2019-07-10 14:30:53.305000,1.08603,1.086,1000000,2120000
2019-07-10 14:30:55.324000,1.08604,1.08602,1450000,1000000
2019-07-10 14:30:55.426000,1.08607,1.08604,2870000,1000000
2019-07-10 14:30:55.528000,1.08607,1.08604,1370000,3000000
2019-07-10 14:30:55.629000,1.08608,1.08605,2060000,2250000
2019-07-10 14:30:56.470000,1.08607,1.08605,1000000,1690000
2019-07-10 14:30:57.131000,1.08608,1.08605,2060000,2440000
2019-07-10 14:30:58.167000,1.08609,1.08606,3370000,1500000
2019-07-10 14:30:58.292000,1.08609,1.08607,1250000,1000000
2019-07-10 14:30:58.344000,1.0861,1.08607,2060000,2500000
2019-07-10 14:30:59.295000,1.0861,1.08608,1000000,1750000
2019-07-10 14:30:59.848000,1.08611,1.08608,3190000,2500000
2019-07-10 14:31:00.125000,1.0861,1.08608,1000000,1750000
2019-07-10 14:31:02.431000,1.08611,1.08609,1500000,1750000
2019-07-10 14:31:02.533000,1.08612,1.0861,1690000,1250000
2019-07-10 14:31:03.607000,1.08612,1.08611,1250000,1000000
2019-07-10 14:31:03.709000,1.08615,1.08612,1850000,1500000
2019-07-10 14:31:03.810000,1.08615,1.08612,1250000,3000000
2019-07-10 14:31:03.912000,1.08615,1.08613,1250000,1250000
2019-07-10 14:31:04.717000,1.08615,1.08613,1500000,1750000
2019-07-10 14:31:04.819000,1.08615,1.08613,1250000,1690000
2019-07-10 14:31:04.921000,1.08614,1.08613,1000000,1250000
2019-07-10 14:31:06.644000,1.08613,1.08612,1500000,1690000
2019-07-10 14:31:06.746000,1.08612,1.08611,1000000,1000000
2019-07-10 14:31:06.902000,1.08612,1.0861,1000000,1250000
2019-07-10 14:31:07.055000,1.08611,1.08609,1000000,1370000
2019-07-10 14:31:07.157000,1.0861,1.08609,1000000,1000000
2019-07-10 14:31:08.953000,1.0861,1.08607,1000000,6370000
2019-07-10 14:31:10.868000,1.08609,1.08607,1000000,2500000
2019-07-10 14:31:16.510000,1.0861,1.08607,2810000,3250000
2019-07-10 14:31:16.668000,1.0861,1.08607,2060000,3190000
2019-07-10 14:31:18.577000,1.08611,1.0861,1690000,1500000
2019-07-10 14:31:18.679000,1.08612,1.0861,1500000,2500000
2019-07-10 14:31:18.729000,1.08613,1.0861,1690000,3250000
2019-07-10 14:31:19.131000,1.08612,1.0861,1000000,1750000
2019-07-10 14:31:19.415000,1.08612,1.0861,1000000,1250000
2019-07-10 14:31:19.516000,1.08611,1.0861,1000000,1250000
2019-07-10 14:31:22.894000,1.08612,1.0861,1000000,1690000
2019-07-10 14:31:23.842000,1.08612,1.0861,1000000,1690000
2019-07-10 14:31:23.955000,1.0861,1.08609,1000000,2440000
2019-07-10 14:31:24.058000,1.0861,1.08608,1000000,1750000
2019-07-10 14:31:26.150000,1.0861,1.08608,1250000,2440000
2019-07-10 14:31:31.328000,1.08609,1.08607,1000000,2500000
2019-07-10 14:31:31.531000,1.08605,1.08603,1500000,1120000
2019-07-10 14:31:31.722000,1.08606,1.08603,1250000,2120000
2019-07-10 14:31:31.824000,1.08606,1.08605,1250000,1000000
2019-07-10 14:31:31.876000,1.08609,1.08606,2470000,1000000
2019-07-10 14:31:31.927000,1.0861,1.08607,3750000,1120000
2019-07-10 14:31:31.979000,1.08609,1.08607,1250000,1120000
2019-07-10 14:31:32.124000,1.0861,1.08607,1000000,4370000
2019-07-10 14:31:32.225000,1.0861,1.08607,1000000,3560000
2019-07-10 14:31:35.489000,1.08607,1.08606,1000000,3190000
2019-07-10 14:31:35.635000,1.08608,1.08605,1000000,2440000
2019-07-10 14:31:36.003000,1.08609,1.08606,2950000,2810000
2019-07-10 14:31:36.105000,1.0861,1.08607,3620000,1690000
2019-07-10 14:31:42.199000,1.08607,1.08606,1500000,2810000
2019-07-10 14:31:42.250000,1.08605,1.08604,1000000,1950000
2019-07-10 14:31:42.607000,1.08605,1.08603,1000000,2060000
2019-07-10 14:31:45.296000,1.08605,1.08603,1000000,2870000
2019-07-10 14:31:45.398000,1.08608,1.08606,4510000,1000000
2019-07-10 14:31:45.499000,1.08609,1.08606,2120000,1690000
2019-07-10 14:31:45.615000,1.08609,1.08607,1310000,1250000
2019-07-10 14:31:50.248000,1.0861,1.08607,1690000,1310000
2019-07-10 14:31:50.410000,1.0861,1.08607,1500000,2120000
2019-07-10 14:31:51.389000,1.0861,1.08607,1250000,2060000
2019-07-10 14:31:51.963000,1.08608,1.08607,1000000,1250000
2019-07-10 14:31:52.065000,1.08606,1.08603,1000000,4070000
2019-07-10 14:31:52.292000,1.08605,1.08603,1000000,2870000
2019-07-10 14:31:53.286000,1.08606,1.08603,1000000,3620000
2019-07-10 14:31:57.467000,1.08605,1.08603,1000000,2120000
2019-07-10 14:31:57.569000,1.08605,1.08602,2250000,3620000
2019-07-10 14:31:57.873000,1.08605,1.08602,2440000,2060000
2019-07-10 14:31:59.094000,1.08604,1.08601,1000000,4120000
2019-07-10 14:31:59.297000,1.08603,1.08601,1000000,3250000
2019-07-10 14:31:59.500000,1.08603,1.08601,1250000,1690000
2019-07-10 14:32:03.314000,1.08604,1.08601,2700000,1250000
2019-07-10 14:32:06.801000,1.08605,1.08602,1250000,1120000
2019-07-10 14:32:07.293000,1.08605,1.08603,1690000,1120000
2019-07-10 14:32:07.547000,1.08606,1.08603,2440000,2060000
2019-07-10 14:32:08.549000,1.08604,1.08602,1000000,1810000
2019-07-10 14:32:10.655000,1.08605,1.08603,2440000,1120000
2019-07-10 14:32:12.909000,1.08606,1.08603,2440000,2060000
2019-07-10 14:32:13.529000,1.08605,1.08602,1500000,4120000
2019-07-10 14:32:13.632000,1.08604,1.08602,1000000,1370000
2019-07-10 14:32:14.088000,1.08604,1.08601,3190000,2620000
2019-07-10 14:32:14.241000,1.08603,1.08601,1000000,1250000
2019-07-10 14:32:14.576000,1.08603,1.086,1000000,5870000
2019-07-10 14:32:20.092000,1.08604,1.08602,1000000,1500000
2019-07-10 14:32:20.194000,1.08605,1.08603,2250000,1250000
2019-07-10 14:32:20.296000,1.08605,1.08604,1000000,1000000
2019-07-10 14:32:20.398000,1.08605,1.08603,1000000,3560000
2019-07-10 14:32:20.512000,1.08606,1.08603,1500000,2810000
2019-07-10 14:32:20.665000,1.08606,1.08604,1500000,1000000
2019-07-10 14:32:20.817000,1.08606,1.08604,1000000,1250000
2019-07-10 14:32:21.199000,1.08607,1.08604,1500000,1750000
2019-07-10 14:32:21.439000,1.08606,1.08604,1000000,1250000
2019-07-10 14:32:22.254000,1.08607,1.08604,1500000,1750000
2019-07-10 14:32:22.355000,1.08606,1.08604,1690000,1000000
2019-07-10 14:32:22.788000,1.08606,1.08605,1000000,1000000
2019-07-10 14:32:22.890000,1.08608,1.08606,1000000,2500000
2019-07-10 14:32:22.941000,1.0861,1.08607,7120000,1250000
2019-07-10 14:32:24.683000,1.0861,1.08607,1000000,2870000
2019-07-10 14:32:26.028000,1.08611,1.08609,2810000,1000000
2019-07-10 14:32:27.148000,1.08611,1.08609,1000000,3690000
2019-07-10 14:32:27.251000,1.08615,1.08612,2100000,2370000
2019-07-10 14:32:27.380000,1.08615,1.08613,1250000,1000000
2019-07-10 14:32:27.482000,1.08616,1.08614,1750000,1120000
2019-07-10 14:32:27.585000,1.08618,1.08617,1120000,1000000
2019-07-10 14:32:27.636000,1.0862,1.08618,1000000,1500000
2019-07-10 14:32:27.755000,1.08622,1.08619,2620000,1500000
2019-07-10 14:32:27.958000,1.08621,1.08618,1250000,6670000
2019-07-10 14:32:28.009000,1.08622,1.08619,2120000,2440000
2019-07-10 14:32:28.995000,1.08622,1.08619,2440000,3250000
2019-07-10 14:32:33.607000,1.08621,1.08619,1000000,2500000
2019-07-10 14:32:34.479000,1.08621,1.08618,1250000,4370000
2019-07-10 14:32:34.580000,1.0862,1.08618,1000000,4370000
2019-07-10 14:32:34.682000,1.08622,1.08618,2120000,3620000
2019-07-10 14:32:35.138000,1.08622,1.08618,4370000,3370000
2019-07-10 14:32:38.280000,1.0862,1.08618,1000000,2620000
2019-07-10 14:32:38.613000,1.08621,1.08618,1250000,2620000
2019-07-10 14:32:38.867000,1.0862,1.08618,1000000,2620000
2019-07-10 14:32:39.172000,1.08619,1.08617,1690000,1690000
2019-07-10 14:32:39.292000,1.0862,1.08618,2260000,1690000
2019-07-10 14:32:39.395000,1.0862,1.08618,1250000,1310000
2019-07-10 14:32:39.891000,1.08617,1.08616,1500000,2890000
2019-07-10 14:32:39.942000,1.08616,1.08614,1310000,2250000
2019-07-10 14:32:40.401000,1.08615,1.08614,1000000,1000000
2019-07-10 14:32:40.511000,1.08615,1.08613,1000000,1500000
2019-07-10 14:32:40.714000,1.08614,1.08613,1000000,1000000
2019-07-10 14:32:40.816000,1.08614,1.08612,1250000,2060000
2019-07-10 14:32:43.955000,1.08614,1.08611,1750000,2060000
2019-07-10 14:32:44.057000,1.08613,1.0861,1750000,2370000
2019-07-10 14:32:44.158000,1.08613,1.0861,2570000,1000000
2019-07-10 14:32:44.349000,1.08613,1.08609,1820000,2060000
2019-07-10 14:32:44.451000,1.08613,1.0861,2810000,1250000
2019-07-10 14:32:46.122000,1.08613,1.08609,2510000,2620000
2019-07-10 14:32:46.325000,1.08612,1.08609,1000000,2620000
2019-07-10 14:32:46.478000,1.08612,1.08609,1000000,3620000
2019-07-10 14:32:46.580000,1.08613,1.0861,2060000,1250000
2019-07-10 14:32:46.938000,1.08613,1.0861,1500000,2120000
2019-07-10 14:32:47.197000,1.08614,1.0861,2810000,2870000
2019-07-10 14:32:47.985000,1.08613,1.08611,1000000,1250000
2019-07-10 14:32:48.103000,1.08611,1.08609,1000000,1310000
2019-07-10 14:32:48.505000,1.08613,1.0861,2700000,1250000
2019-07-10 14:32:49.257000,1.08612,1.08609,1000000,5500000
2019-07-10 14:32:49.562000,1.08611,1.08609,1000000,1250000
2019-07-10 14:32:50.070000,1.0861,1.08608,1000000,2060000
2019-07-10 14:32:50.273000,1.08609,1.08607,4870000,1000000
2019-07-10 14:32:50.324000,1.08608,1.08604,1760000,2620000
2019-07-10 14:32:50.459000,1.08607,1.08604,1500000,1870000
2019-07-10 14:32:52.555000,1.08608,1.08604,1870000,3810000
2019-07-10 14:32:54.293000,1.08608,1.08605,1870000,1750000
2019-07-10 14:32:54.428000,1.08609,1.08606,2810000,1250000
2019-07-10 14:32:55.278000,1.0861,1.08606,1250000,3370000
2019-07-10 14:32:55.765000,1.08609,1.08606,1250000,3370000
2019-07-10 14:32:56.792000,1.0861,1.08607,1690000,2060000
2019-07-10 14:32:56.894000,1.08611,1.08609,3000000,1250000
2019-07-10 14:32:57,1.08613,1.08609,6370000,2440000
2019-07-10 14:32:57.104000,1.08614,1.08611,1750000,1120000
2019-07-10 14:32:57.206000,1.08614,1.08611,1690000,1370000
2019-07-10 14:33:02.244000,1.08613,1.08611,1000000,1350000
2019-07-10 14:33:02.346000,1.08611,1.08609,1500000,1860000
2019-07-10 14:33:02.397000,1.08611,1.08609,2250000,1250000
2019-07-10 14:33:02.771000,1.08612,1.0861,1310000,1000000
2019-07-10 14:33:02.989000,1.08613,1.0861,1120000,2500000
2019-07-10 14:33:03.243000,1.08614,1.08611,2060000,1750000
2019-07-10 14:33:04.445000,1.08613,1.08611,1000000,1250000
2019-07-10 14:33:07.287000,1.08612,1.0861,1000000,2870000
2019-07-10 14:33:07.338000,1.08613,1.0861,2870000,1000000
2019-07-10 14:33:08.992000,1.08613,1.08609,2870000,2810000
2019-07-10 14:33:09.094000,1.08611,1.08608,1000000,4120000
2019-07-10 14:33:09.223000,1.0861,1.08608,1250000,1120000
2019-07-10 14:33:09.432000,1.0861,1.08607,1250000,2060000
2019-07-10 14:33:12.218000,1.08611,1.08608,2870000,1500000
2019-07-10 14:33:12.270000,1.08612,1.08609,1570000,1750000
2019-07-10 14:33:15.010000,1.08612,1.0861,1000000,1750000
2019-07-10 14:33:16.708000,1.08613,1.0861,1010000,2500000
2019-07-10 14:33:18.029000,1.08614,1.08612,1750000,1000000
2019-07-10 14:33:18.132000,1.08614,1.08612,1000000,1250000
2019-07-10 14:33:20.246000,1.08615,1.08612,3190000,1250000
2019-07-10 14:33:20.449000,1.08614,1.08612,1250000,1250000
2019-07-10 14:33:20.851000,1.08615,1.08612,3190000,1250000
2019-07-10 14:33:21.411000,1.08614,1.08612,1250000,1250000
2019-07-10 14:33:21.512000,1.08615,1.08612,3190000,1250000
2019-07-10 14:33:25.997000,1.08616,1.08612,2440000,2870000
2019-07-10 14:33:26.099000,1.08617,1.08613,2440000,2500000
2019-07-10 14:33:26.252000,1.08617,1.08614,2250000,1750000
2019-07-10 14:33:26.399000,1.08616,1.08614,1000000,1250000
2019-07-10 14:33:29.104000,1.08615,1.08612,1500000,3620000
2019-07-10 14:33:29.206000,1.08615,1.08612,2500000,2060000
2019-07-10 14:33:29.622000,1.08615,1.08612,1690000,1310000
2019-07-10 14:33:29.724000,1.08615,1.08612,1690000,2560000
2019-07-10 14:33:34.170000,1.08615,1.08612,1690000,2060000
2019-07-10 14:33:35.280000,1.08614,1.08612,1250000,1310000
2019-07-10 14:33:35.787000,1.08613,1.08611,1000000,2120000
2019-07-10 14:33:35.888000,1.08614,1.08611,1690000,2120000
2019-07-10 14:33:37.196000,1.08613,1.08611,1000000,2120000
2019-07-10 14:33:37.449000,1.08613,1.0861,1690000,2570000
2019-07-10 14:33:37.906000,1.08614,1.08611,2810000,2500000
2019-07-10 14:33:44.539000,1.08615,1.08612,1690000,1310000
2019-07-10 14:33:45.090000,1.08616,1.08614,2120000,1000000
2019-07-10 14:33:45.194000,1.08617,1.08613,2940000,2500000
2019-07-10 14:33:45.397000,1.08617,1.08615,1000000,2500000
2019-07-10 14:33:45.519000,1.08618,1.08615,1250000,3620000
2019-07-10 14:33:49.996000,1.0862,1.08618,1620000,1250000
2019-07-10 14:33:50.047000,1.08622,1.08618,2510000,3620000
2019-07-10 14:33:51.788000,1.08624,1.08622,2570000,1870000
2019-07-10 14:33:51.932000,1.08627,1.08625,1250000,1000000
2019-07-10 14:33:52.034000,1.08627,1.08624,1250000,2140000
2019-07-10 14:33:52.521000,1.08628,1.08625,2060000,1250000
2019-07-10 14:33:52.572000,1.08628,1.08624,2120000,1390000
2019-07-10 14:33:52.857000,1.08628,1.08625,1370000,1000000
2019-07-10 14:33:53.217000,1.08627,1.08624,1250000,2440000
2019-07-10 14:33:53.319000,1.08627,1.08624,1000000,3250000
2019-07-10 14:33:53.472000,1.08627,1.08624,1250000,1690000
2019-07-10 14:33:55.662000,1.08626,1.08624,1000000,1250000
2019-07-10 14:33:57.272000,1.08624,1.08622,1000000,4070000
2019-07-10 14:33:57.374000,1.08624,1.08621,1250000,2120000
2019-07-10 14:33:58.975000,1.08623,1.0862,1500000,2120000
2019-07-10 14:33:59.077000,1.08622,1.08619,1200000,6070000
2019-07-10 14:33:59.229000,1.08622,1.08619,1200000,4870000
2019-07-10 14:33:59.331000,1.0862,1.08619,1000000,2250000
2019-07-10 14:33:59.433000,1.0862,1.08618,1000000,1310000
2019-07-10 14:34:00.339000,1.08619,1.08617,1250000,2060000
2019-07-10 14:34:00.441000,1.08618,1.08617,1000000,1250000
2019-07-10 14:34:00.543000,1.08617,1.08616,1000000,1000000
2019-07-10 14:34:00.645000,1.08617,1.08614,1690000,2550000
2019-07-10 14:34:00.791000,1.08616,1.08614,1000000,1050000
2019-07-10 14:34:01.432000,1.08617,1.08615,1250000,1000000
2019-07-10 14:34:01.534000,1.08618,1.08615,2810000,1250000
2019-07-10 14:34:02.178000,1.08618,1.08617,1000000,1000000
2019-07-10 14:34:02.280000,1.0862,1.08617,2500000,2060000
2019-07-10 14:34:02.961000,1.0862,1.08617,1250000,2060000
2019-07-10 14:34:05.403000,1.08619,1.08616,1690000,1810000
2019-07-10 14:34:05.454000,1.08618,1.08615,1690000,2060000
2019-07-10 14:34:05.570000,1.08618,1.08614,1750000,2560000
2019-07-10 14:34:06.193000,1.08618,1.08614,1690000,2620000
2019-07-10 14:34:06.904000,1.08619,1.08616,1120000,2570000
2019-07-10 14:34:07.005000,1.0862,1.08617,1000000,3370000
2019-07-10 14:34:07.378000,1.08621,1.08617,1690000,3070000
2019-07-10 14:34:08.272000,1.0862,1.08617,1000000,2320000
2019-07-10 14:34:08.374000,1.08619,1.08616,1250000,2870000
2019-07-10 14:34:09.425000,1.08621,1.08618,4690000,1250000
2019-07-10 14:34:09.781000,1.0862,1.08617,1250000,1310000
2019-07-10 14:34:11.239000,1.08621,1.08618,2500000,1000000
2019-07-10 14:34:11.491000,1.08621,1.08618,3190000,1250000
2019-07-10 14:34:13.280000,1.08622,1.08618,2650000,5510000
2019-07-10 14:34:15.845000,1.08623,1.08621,1510000,1000000
2019-07-10 14:34:15.947000,1.08624,1.08621,1000000,2120000
2019-07-10 14:34:16.102000,1.08623,1.08621,1000000,5510000
2019-07-10 14:34:16.361000,1.08622,1.08619,1000000,3620000
2019-07-10 14:34:19.168000,1.08621,1.08619,1250000,1120000
2019-07-10 14:34:19.342000,1.08621,1.08618,1250000,1310000
2019-07-10 14:34:22.157000,1.08619,1.08617,1250000,1120000
2019-07-10 14:34:22.259000,1.08618,1.08616,1000000,1310000
2019-07-10 14:34:22.360000,1.08618,1.08615,1250000,1690000
2019-07-10 14:34:22.678000,1.08616,1.08613,1000000,4820000
2019-07-10 14:34:22.780000,1.08616,1.08614,1000000,1250000
2019-07-10 14:34:23.393000,1.08615,1.08612,1000000,3820000
2019-07-10 14:34:25.164000,1.08616,1.08613,1690000,1310000
2019-07-10 14:34:27.037000,1.08615,1.08612,1000000,3370000
2019-07-10 14:34:28.203000,1.08614,1.08612,1250000,2060000
2019-07-10 14:34:35.517000,1.08614,1.08611,1750000,2060000
2019-07-10 14:34:36.291000,1.08614,1.08611,1690000,3620000
2019-07-10 14:34:38.866000,1.08616,1.08613,2560000,1250000
2019-07-10 14:34:38.968000,1.08616,1.08613,1690000,1250000
2019-07-10 14:34:39.120000,1.08615,1.08612,1000000,4820000
2019-07-10 14:34:40.442000,1.08614,1.08612,1000000,1250000
2019-07-10 14:34:40.576000,1.08614,1.08612,1690000,1250000
2019-07-10 14:34:46.352000,1.08615,1.08612,2620000,1500000
2019-07-10 14:34:46.453000,1.08615,1.08612,1870000,2500000
2019-07-10 14:34:48.215000,1.08616,1.08613,1690000,2810000
2019-07-10 14:34:49.145000,1.08616,1.08614,1000000,1250000
2019-07-10 14:34:49.650000,1.08616,1.08614,1000000,1250000
2019-07-10 14:34:49.751000,1.08618,1.08616,1250000,1250000
2019-07-10 14:34:50.493000,1.08619,1.08616,2060000,1750000
2019-07-10 14:34:51.566000,1.08618,1.08615,1250000,4820000
2019-07-10 14:34:56.024000,1.08619,1.08618,1120000,1000000
2019-07-10 14:34:56.126000,1.0862,1.08618,1000000,1000000
2019-07-10 14:34:57.365000,1.0862,1.08617,1000000,2440000
2019-07-10 14:34:57.467000,1.08618,1.08617,1500000,1390000
2019-07-10 14:35:00.968000,1.08615,1.08613,1250000,1870000
2019-07-10 14:35:01.273000,1.08614,1.08612,1250000,2060000
2019-07-10 14:35:03.043000,1.08615,1.08612,2440000,2120000
2019-07-10 14:35:06.263000,1.08615,1.08613,1000000,1370000
2019-07-10 14:35:06.386000,1.08616,1.08613,1690000,2810000
2019-07-10 14:35:07.115000,1.08615,1.08613,1250000,1120000
2019-07-10 14:35:07.217000,1.08614,1.08612,1690000,1310000
2019-07-10 14:35:08.109000,1.08614,1.08611,3250000,3310000
2019-07-10 14:35:09.714000,1.08614,1.08611,4000000,2810000
2019-07-10 14:35:10.674000,1.08612,1.08611,1690000,1120000
2019-07-10 14:35:10.727000,1.0861,1.08608,1120000,1750000
2019-07-10 14:35:10.885000,1.0861,1.08607,2620000,4010000
2019-07-10 14:35:10.987000,1.0861,1.08607,1370000,3560000
2019-07-10 14:35:18.136000,1.08611,1.08609,3750000,1250000
2019-07-10 14:35:18.238000,1.08611,1.08609,1500000,1250000
2019-07-10 14:35:23.776000,1.08611,1.08608,1690000,2500000
2019-07-10 14:35:23.929000,1.08611,1.0861,1690000,1000000
2019-07-10 14:35:24.032000,1.08612,1.0861,1250000,3750000
2019-07-10 14:35:24.151000,1.08613,1.08611,1250000,1310000
2019-07-10 14:35:25.198000,1.08613,1.08611,1250000,2560000
2019-07-10 14:35:25.552000,1.08613,1.08611,1250000,2060000
2019-07-10 14:35:26.465000,1.08613,1.08612,1250000,1000000
2019-07-10 14:35:27.364000,1.08615,1.08612,4000000,1120000
2019-07-10 14:35:27.466000,1.08616,1.08613,4370000,1000000
2019-07-10 14:35:27.568000,1.08616,1.08613,3560000,1250000
2019-07-10 14:35:28.059000,1.08616,1.08613,1870000,1750000
2019-07-10 14:35:29.414000,1.08616,1.08613,1690000,2060000
2019-07-10 14:35:29.718000,1.08616,1.08613,1750000,2620000
2019-07-10 14:35:30.846000,1.08616,1.08615,1250000,1000000
2019-07-10 14:35:30.897000,1.08617,1.08615,1250000,1250000
2019-07-10 14:35:31.029000,1.08619,1.08616,4310000,1000000
2019-07-10 14:35:31.696000,1.08619,1.08616,4370000,1690000
2019-07-10 14:35:32.980000,1.08619,1.08617,2120000,1000000
2019-07-10 14:35:33.919000,1.08619,1.08616,2120000,3190000
2019-07-10 14:35:36.826000,1.0862,1.08618,1000000,1750000
2019-07-10 14:35:36.877000,1.08622,1.08619,2440000,1250000
2019-07-10 14:35:37.597000,1.08621,1.08618,1000000,4570000
2019-07-10 14:35:38.341000,1.08621,1.08618,1250000,4690000
2019-07-10 14:35:40.035000,1.08621,1.08618,1250000,4810000
2019-07-10 14:35:40.481000,1.08621,1.08618,1250000,3560000
2019-07-10 14:35:46.248000,1.08622,1.08621,1250000,1500000
2019-07-10 14:35:46.365000,1.08624,1.08621,1250000,4750000
2019-07-10 14:35:46.891000,1.08624,1.08621,1000000,4750000
2019-07-10 14:35:46.992000,1.08624,1.08621,1000000,5620000
2019-07-10 14:35:47.573000,1.08625,1.08622,1310000,2810000
2019-07-10 14:35:47.675000,1.08626,1.08623,2810000,1690000
2019-07-10 14:35:47.943000,1.08627,1.08624,1870000,1500000
2019-07-10 14:35:49.328000,1.08627,1.08623,2060000,4000000
2019-07-10 14:35:51.830000,1.08628,1.08627,2440000,1500000
2019-07-10 14:35:51.881000,1.08631,1.08628,1720000,1250000
2019-07-10 14:35:51.983000,1.08632,1.08628,2990000,1750000
2019-07-10 14:35:52.136000,1.08632,1.0863,2440000,1000000
2019-07-10 14:35:52.288000,1.08633,1.08632,1120000,1000000
2019-07-10 14:35:52.339000,1.08636,1.08633,3470000,2250000
2019-07-10 14:35:52.645000,1.08634,1.08632,1250000,1690000
2019-07-10 14:35:52.747000,1.08633,1.08631,1000000,2060000
2019-07-10 14:35:52.849000,1.08632,1.08631,1000000,1000000
2019-07-10 14:35:52.950000,1.08633,1.08631,1310000,1000000
2019-07-10 14:35:59.573000,1.08631,1.0863,1500000,3190000
2019-07-10 14:35:59.675000,1.08629,1.08627,1000000,3620000
2019-07-10 14:36:00.633000,1.08629,1.08626,1000000,6370000
2019-07-10 14:36:00.792000,1.08628,1.08626,1000000,2120000
2019-07-10 14:36:01.279000,1.08628,1.08625,1250000,4120000
2019-07-10 14:36:02.368000,1.08627,1.08625,1000000,2620000
2019-07-10 14:36:03.014000,1.08624,1.08623,1000000,4390000
2019-07-10 14:36:03.116000,1.08624,1.08622,1000000,2060000
2019-07-10 14:36:03.386000,1.08624,1.08621,1000000,6070000
2019-07-10 14:36:03.539000,1.08623,1.08621,1000000,3640000
2019-07-10 14:36:05.882000,1.08624,1.08621,2440000,2440000
2019-07-10 14:36:06.085000,1.08624,1.08621,2250000,2500000
2019-07-10 14:36:07.097000,1.08623,1.08621,1000000,1750000
2019-07-10 14:36:09.697000,1.08623,1.08621,1000000,1250000
2019-07-10 14:36:10.129000,1.08622,1.0862,1000000,2120000
2019-07-10 14:36:10.265000,1.08621,1.0862,1000000,1000000
2019-07-10 14:36:10.368000,1.08621,1.08619,1000000,1310000
2019-07-10 14:36:13.955000,1.0862,1.08619,1000000,1310000
2019-07-10 14:36:15.493000,1.08619,1.08617,1000000,1500000
2019-07-10 14:36:15.622000,1.08618,1.08616,1000000,1370000
2019-07-10 14:36:15.724000,1.08618,1.08615,1250000,2620000
2019-07-10 14:36:15.979000,1.08617,1.08615,1000000,2620000
2019-07-10 14:36:18.135000,1.08615,1.08613,1000000,3950000
2019-07-10 14:36:18.253000,1.08614,1.08612,1690000,1250000
2019-07-10 14:36:20.234000,1.08616,1.08614,2250000,1370000
2019-07-10 14:36:20.340000,1.08616,1.08615,1000000,1690000
2019-07-10 14:36:20.492000,1.08616,1.08614,1500000,3620000
2019-07-10 14:36:20.594000,1.08615,1.08613,1000000,4120000
2019-07-10 14:36:22.988000,1.08616,1.08613,1690000,4000000
2019-07-10 14:36:24.153000,1.08617,1.08614,2440000,1750000
2019-07-10 14:36:24.759000,1.08619,1.08615,3870000,2500000
2019-07-10 14:36:26.033000,1.08617,1.08615,1000000,3250000
2019-07-10 14:36:27.350000,1.08619,1.08617,2250000,1000000
2019-07-10 14:36:27.452000,1.08619,1.08617,1000000,2500000
2019-07-10 14:36:27.913000,1.0862,1.08617,1000000,5120000
2019-07-10 14:36:28.620000,1.0862,1.08618,1000000,1690000
2019-07-10 14:36:28.721000,1.08619,1.08617,1000000,3620000
2019-07-10 14:36:28.773000,1.08617,1.08616,1000000,1500000
2019-07-10 14:36:28.874000,1.08617,1.08614,1000000,3620000
2019-07-10 14:36:29.237000,1.08617,1.08615,1000000,3250000
2019-07-10 14:36:30.195000,1.08617,1.08615,1000000,2250000
2019-07-10 14:36:34.826000,1.08617,1.08615,1000000,1750000
2019-07-10 14:36:37.066000,1.08618,1.08616,1500000,1250000
2019-07-10 14:36:39.746000,1.08617,1.08615,1000000,1750000
2019-07-10 14:36:42.252000,1.08619,1.08616,1450000,2440000
2019-07-10 14:36:42.354000,1.08619,1.08617,1250000,1690000
2019-07-10 14:36:42.856000,1.0862,1.08618,1250000,1000000
2019-07-10 14:36:43.008000,1.0862,1.08618,1000000,3250000
2019-07-10 14:36:43.111000,1.08621,1.08619,1690000,1000000
2019-07-10 14:36:43.162000,1.08619,1.08617,1000000,4120000
2019-07-10 14:36:46.547000,1.08617,1.08616,1250000,1120000
2019-07-10 14:36:48.299000,1.08619,1.08618,1000000,2440000
2019-07-10 14:36:48.350000,1.08621,1.08619,1850000,1000000
2019-07-10 14:36:48.457000,1.08623,1.08619,4750000,4060000
2019-07-10 14:36:49.857000,1.08624,1.08622,1250000,1690000
2019-07-10 14:36:58.269000,1.08623,1.08621,1000000,2870000
2019-07-10 14:36:58.473000,1.08624,1.08621,1250000,2870000
2019-07-10 14:36:59.512000,1.08626,1.08623,1250000,3560000
2019-07-10 14:36:59.563000,1.08627,1.08624,3820000,1750000
2019-07-10 14:37:00.985000,1.08629,1.08628,3190000,1000000
2019-07-10 14:37:01.036000,1.08631,1.08628,2440000,2810000
2019-07-10 14:37:01.148000,1.0863,1.08628,1000000,2120000
2019-07-10 14:37:01.251000,1.0863,1.08627,1000000,4870000
2019-07-10 14:37:01.353000,1.08631,1.08627,2890000,3370000
2019-07-10 14:37:02.221000,1.0863,1.08628,1000000,1310000
2019-07-10 14:37:02.363000,1.08631,1.08628,1250000,1310000
2019-07-10 14:37:04.267000,1.0863,1.08628,1000000,1310000
2019-07-10 14:37:04.705000,1.08631,1.08627,2890000,5620000
2019-07-10 14:37:06.101000,1.08629,1.08627,1000000,3620000
2019-07-10 14:37:08.194000,1.08628,1.08625,1000000,4370000
2019-07-10 14:37:08.349000,1.08627,1.08625,1000000,2870000
2019-07-10 14:37:10.331000,1.08628,1.08625,1870000,1750000
2019-07-10 14:37:10.536000,1.08627,1.08625,1000000,1250000
2019-07-10 14:37:19.405000,1.08626,1.08625,1000000,1250000
2019-07-10 14:37:19.927000,1.08626,1.08624,1000000,3620000
2019-07-10 14:37:21.427000,1.08626,1.08623,1000000,3620000
2019-07-10 14:37:21.529000,1.08626,1.08623,3700000,1310000
2019-07-10 14:37:21.833000,1.08623,1.08622,1000000,1690000
2019-07-10 14:37:21.968000,1.08623,1.0862,1000000,2870000
2019-07-10 14:37:22.509000,1.08624,1.08621,1750000,3310000
2019-07-10 14:37:22.611000,1.08623,1.0862,1000000,2120000
2019-07-10 14:37:23.592000,1.08623,1.08619,3260000,4370000
2019-07-10 14:37:24.026000,1.08623,1.08621,1250000,1250000
2019-07-10 14:37:25.874000,1.08624,1.08621,1310000,3250000
2019-07-10 14:37:26.637000,1.08625,1.08623,1810000,1250000
2019-07-10 14:37:26.738000,1.08625,1.08622,1250000,3190000
2019-07-10 14:37:33.954000,1.08623,1.08621,1000000,2500000
2019-07-10 14:37:34.056000,1.08623,1.08621,1000000,1250000
2019-07-10 14:37:34.363000,1.08625,1.08622,4870000,1500000
2019-07-10 14:37:37.456000,1.08625,1.08622,3560000,3250000
2019-07-10 14:37:38.969000,1.08625,1.08622,2870000,3190000
2019-07-10 14:37:44.816000,1.08625,1.08622,2060000,1250000
2019-07-10 14:37:49.719000,1.08624,1.08621,1000000,5870000
2019-07-10 14:37:50.035000,1.08622,1.0862,1000000,2890000
2019-07-10 14:37:50.087000,1.08621,1.08618,1870000,4370000
2019-07-10 14:37:50.190000,1.0862,1.08617,1000000,4060000
2019-07-10 14:37:50.296000,1.08619,1.08617,1250000,2060000
2019-07-10 14:37:50.397000,1.08619,1.08617,1750000,1870000
2019-07-10 14:37:51.106000,1.08618,1.08616,1250000,1250000
2019-07-10 14:37:52.031000,1.08618,1.08615,1250000,3560000
2019-07-10 14:37:52.136000,1.08618,1.08616,1250000,1000000
2019-07-10 14:37:54.435000,1.08619,1.08616,1000000,3940000
2019-07-10 14:37:55.394000,1.0862,1.08616,5060000,3190000
2019-07-10 14:37:55.707000,1.0862,1.08617,5060000,1000000
2019-07-10 14:37:58.866000,1.0862,1.08616,5060000,3940000
2019-07-10 14:37:58.967000,1.08619,1.08617,1000000,1000000
2019-07-10 14:38:00.236000,1.0862,1.08617,5810000,1500000
2019-07-10 14:38:00.389000,1.08619,1.08617,1000000,1000000
2019-07-10 14:38:00.495000,1.08619,1.08616,1500000,3190000
2019-07-10 14:38:00.598000,1.08617,1.08615,2060000,1500000
2019-07-10 14:38:01.442000,1.08617,1.08614,1310000,4690000
2019-07-10 14:38:01.543000,1.08617,1.08615,1310000,1000000
2019-07-10 14:38:02.042000,1.08617,1.08614,1310000,4690000
2019-07-10 14:38:02.168000,1.08617,1.08615,1310000,1000000
2019-07-10 14:38:02.591000,1.08616,1.08615,1000000,1000000
2019-07-10 14:38:02.694000,1.08616,1.08613,1250000,2810000
2019-07-10 14:38:03.846000,1.08615,1.08613,1000000,1310000
2019-07-10 14:38:05.583000,1.08614,1.08612,1250000,2060000
2019-07-10 14:38:05.964000,1.08615,1.08612,3190000,2120000
2019-07-10 14:38:08.455000,1.08616,1.08615,4690000,1120000
2019-07-10 14:38:08.579000,1.08617,1.08615,2250000,1310000
2019-07-10 14:38:08.630000,1.08619,1.08615,7370000,2810000
2019-07-10 14:38:09.735000,1.08618,1.08615,1810000,1690000
2019-07-10 14:38:10.052000,1.08619,1.08615,9270000,1690000
2019-07-10 14:38:10.238000,1.08617,1.08615,1000000,1690000
2019-07-10 14:38:10.419000,1.08616,1.08614,1120000,1690000
2019-07-10 14:38:10.724000,1.08617,1.08614,3560000,1250000
2019-07-10 14:38:11.605000,1.08616,1.08614,1000000,1250000
2019-07-10 14:38:15.798000,1.08615,1.08613,1690000,1310000
2019-07-10 14:38:18.321000,1.08615,1.08612,1690000,4120000
2019-07-10 14:38:20.706000,1.08614,1.08612,1000000,2620000
2019-07-10 14:38:20.862000,1.08616,1.08615,1000000,1250000
2019-07-10 14:38:20.913000,1.08617,1.08615,6190000,2060000
2019-07-10 14:38:23.424000,1.08619,1.08616,3620000,1000000
2019-07-10 14:38:23.577000,1.08619,1.08616,5120000,1250000
2019-07-10 14:38:23.748000,1.08619,1.08616,2870000,1000000
2019-07-10 14:38:25.580000,1.08619,1.08616,2810000,1750000
2019-07-10 14:38:27.090000,1.0862,1.08617,4310000,1750000
2019-07-10 14:38:28.409000,1.0862,1.08617,1870000,4000000
2019-07-10 14:38:28.520000,1.0862,1.08618,1690000,1690000
2019-07-10 14:38:29.103000,1.0862,1.08618,1000000,1750000
2019-07-10 14:38:29.204000,1.0862,1.08618,1690000,1690000
2019-07-10 14:38:29.755000,1.0862,1.08618,1000000,1250000
2019-07-10 14:38:30.009000,1.0862,1.08618,1690000,1690000
2019-07-10 14:38:30.517000,1.08621,1.08618,3000000,1690000
2019-07-10 14:38:30.569000,1.08623,1.08621,9820000,1000000
2019-07-10 14:38:30.620000,1.08623,1.08622,5700000,1250000
2019-07-10 14:38:30.746000,1.08624,1.08622,1690000,1690000
2019-07-10 14:38:33.506000,1.08625,1.08622,2440000,1750000
2019-07-10 14:38:37.671000,1.08626,1.08624,1250000,1000000
2019-07-10 14:38:37.773000,1.08626,1.08623,1000000,3700000
2019-07-10 14:38:37.874000,1.08627,1.08624,1690000,2440000
2019-07-10 14:38:37.976000,1.08628,1.08626,1500000,2440000
2019-07-10 14:38:38.078000,1.08629,1.08626,1500000,3620000
2019-07-10 14:38:38.129000,1.08629,1.08626,1690000,2810000
2019-07-10 14:38:38.232000,1.08629,1.08626,3250000,1120000
2019-07-10 14:38:38.485000,1.08629,1.08626,2440000,1310000
2019-07-10 14:38:39.110000,1.0863,1.08628,2500000,1000000
2019-07-10 14:38:39.253000,1.08629,1.08627,1000000,1250000
2019-07-10 14:38:39.355000,1.08629,1.08628,1250000,1000000
2019-07-10 14:38:39.406000,1.08629,1.08626,1250000,3560000
2019-07-10 14:38:39.508000,1.08629,1.08626,1690000,3620000
2019-07-10 14:38:39.940000,1.0863,1.08627,2620000,1250000
2019-07-10 14:38:40.042000,1.08629,1.08626,1000000,5870000
2019-07-10 14:38:41.634000,1.0863,1.08628,1870000,1250000
2019-07-10 14:38:42.124000,1.0863,1.08627,1310000,4370000
2019-07-10 14:38:42.598000,1.08629,1.08627,1000000,4000000
2019-07-10 14:38:43.193000,1.08629,1.08627,1000000,3190000
2019-07-10 14:38:43.279000,1.08627,1.08625,2250000,1000000
2019-07-10 14:38:43.330000,1.08625,1.08623,1690000,1690000
2019-07-10 14:38:43.432000,1.08623,1.08622,1000000,1690000
2019-07-10 14:38:43.534000,1.08621,1.0862,1000000,1500000
2019-07-10 14:38:43.691000,1.08617,1.08614,3720000,1950000
2019-07-10 14:38:43.792000,1.08616,1.08615,1000000,1120000
2019-07-10 14:38:43.843000,1.08618,1.08615,3000000,1120000
2019-07-10 14:38:44.005000,1.08617,1.08614,1500000,3870000
2019-07-10 14:38:44.106000,1.08616,1.08614,1000000,2870000
2019-07-10 14:38:44.392000,1.08615,1.08614,1000000,1310000
2019-07-10 14:38:44.496000,1.08615,1.08613,1250000,2560000
2019-07-10 14:38:44.656000,1.08615,1.08613,1250000,1250000
2019-07-10 14:38:46.049000,1.08616,1.08613,3560000,1250000
2019-07-10 14:38:46.144000,1.08617,1.08615,1370000,1000000
2019-07-10 14:38:46.349000,1.08618,1.08615,1750000,1870000
2019-07-10 14:38:46.450000,1.08618,1.08615,1250000,2060000
2019-07-10 14:38:48.743000,1.08619,1.08618,1250000,1000000
2019-07-10 14:38:48.794000,1.08621,1.08618,2870000,1000000
2019-07-10 14:38:48.895000,1.08621,1.08618,1310000,1250000
2019-07-10 14:38:48.997000,1.0862,1.08617,1690000,2510000
2019-07-10 14:38:49.099000,1.08619,1.08616,1250000,3310000
2019-07-10 14:38:49.303000,1.08618,1.08616,1000000,1810000
2019-07-10 14:38:49.405000,1.08618,1.08616,1000000,1310000
2019-07-10 14:38:53.744000,1.08615,1.08614,1000000,1690000
2019-07-10 14:38:53.897000,1.08614,1.08612,1000000,3620000
2019-07-10 14:38:55.230000,1.08614,1.08612,1000000,2060000
2019-07-10 14:38:56.013000,1.08613,1.08611,1000000,3560000
2019-07-10 14:38:58.071000,1.08613,1.08611,1000000,2120000
2019-07-10 14:38:59.314000,1.0861,1.08609,1500000,3450000
2019-07-10 14:38:59.365000,1.08609,1.08607,1120000,1750000
2019-07-10 14:39:00.319000,1.08609,1.08607,1000000,1250000
2019-07-10 14:39:00.675000,1.08608,1.08606,1000000,1250000
2019-07-10 14:39:00.948000,1.08609,1.08607,4690000,1000000
2019-07-10 14:39:01.050000,1.08608,1.08605,3190000,1370000
2019-07-10 14:39:01.515000,1.08605,1.08604,1000000,1760000
2019-07-10 14:39:01.566000,1.08603,1.08602,1500000,1200000
2019-07-10 14:39:01.678000,1.08602,1.086,1000000,1750000
2019-07-10 14:39:02.095000,1.08596,1.08595,1500000,2620000
2019-07-10 14:39:02.146000,1.08595,1.08594,1000000,1000000
2019-07-10 14:39:02.298000,1.08597,1.08595,3370000,1250000
2019-07-10 14:39:02.431000,1.08596,1.08594,1000000,1750000
2019-07-10 14:39:02.533000,1.08594,1.08593,1000000,2440000
2019-07-10 14:39:02.635000,1.08595,1.08593,1120000,1250000
2019-07-10 14:39:02.686000,1.08592,1.0859,2620000,1000000
2019-07-10 14:39:02.793000,1.0859,1.08588,1000000,1500000
2019-07-10 14:39:02.845000,1.08592,1.0859,1250000,1000000
2019-07-10 14:39:02.947000,1.0859,1.08588,1500000,1950000
2019-07-10 14:39:02.998000,1.08584,1.08582,1000000,1870000
2019-07-10 14:39:03.100000,1.08584,1.08582,2620000,1250000
2019-07-10 14:39:03.213000,1.08588,1.08587,1000000,1000000
2019-07-10 14:39:03.315000,1.08591,1.08589,1690000,1620000
2019-07-10 14:39:03.417000,1.08592,1.0859,1690000,1000000
2019-07-10 14:39:03.538000,1.08592,1.0859,1000000,1250000
2019-07-10 14:39:03.640000,1.08591,1.08589,1000000,2500000
2019-07-10 14:39:04.637000,1.08591,1.08588,1750000,2750000
2019-07-10 14:39:04.689000,1.08585,1.08584,1310000,1500000
2019-07-10 14:39:04.741000,1.08583,1.08582,1500000,1250000
2019-07-10 14:39:04.793000,1.08582,1.0858,1120000,4560000
2019-07-10 14:39:04.895000,1.08582,1.08578,1250000,2810000
2019-07-10 14:39:05.128000,1.08583,1.08579,3490000,1370000
2019-07-10 14:39:05.281000,1.08583,1.08581,2140000,1000000
2019-07-10 14:39:05.393000,1.08584,1.08581,1950000,2120000
2019-07-10 14:39:05.444000,1.08585,1.08582,1500000,1250000
2019-07-10 14:39:05.597000,1.0858,1.08578,1000000,2690000
2019-07-10 14:39:05.699000,1.08581,1.08578,1250000,2500000
2019-07-10 14:39:06.382000,1.08583,1.08581,1500000,1750000
2019-07-10 14:39:06.484000,1.08585,1.08582,2500000,1250000
2019-07-10 14:39:06.586000,1.08586,1.08583,1750000,1000000
2019-07-10 14:39:06.973000,1.08586,1.08585,1250000,1120000
2019-07-10 14:39:07.095000,1.08588,1.08587,1000000,1310000
2019-07-10 14:39:07.146000,1.08589,1.08587,1690000,1310000
2019-07-10 14:39:07.248000,1.08587,1.08585,1000000,1000000
2019-07-10 14:39:07.299000,1.08582,1.08581,1000000,1870000
2019-07-10 14:39:07.350000,1.08579,1.08576,1000000,12110000
2019-07-10 14:39:07.454000,1.08579,1.08577,1120000,2500000
2019-07-10 14:39:07.556000,1.08578,1.08575,1000000,2690000
2019-07-10 14:39:07.658000,1.08579,1.08576,1120000,1330000
2019-07-10 14:39:07.766000,1.0858,1.08578,1250000,1870000
2019-07-10 14:39:07.978000,1.08581,1.08579,1000000,1250000
2019-07-10 14:39:08.172000,1.08581,1.08579,1950000,1250000
2019-07-10 14:39:08.377000,1.0858,1.08577,1000000,1870000
2019-07-10 14:39:08.972000,1.08578,1.08577,1000000,1250000
2019-07-10 14:39:09.075000,1.08578,1.08575,1500000,2120000
2019-07-10 14:39:09.177000,1.08577,1.08574,1500000,2870000
2019-07-10 14:39:09.372000,1.08577,1.08575,1000000,1250000
2019-07-10 14:39:09.678000,1.08577,1.08575,1500000,1250000
2019-07-10 14:39:09.845000,1.08577,1.08575,1500000,1250000
2019-07-10 14:39:09.947000,1.08577,1.08575,1500000,1750000
2019-07-10 14:39:10.145000,1.08577,1.08575,1620000,1690000
2019-07-10 14:39:10.196000,1.0857,1.08568,1000000,2570000
2019-07-10 14:39:10.302000,1.08569,1.08567,1000000,1250000
2019-07-10 14:39:10.404000,1.0857,1.08567,1250000,5120000
2019-07-10 14:39:10.494000,1.08571,1.08569,2700000,1250000
2019-07-10 14:39:10.547000,1.08567,1.08566,1000000,3190000
2019-07-10 14:39:10.600000,1.08564,1.08563,1000000,1500000
2019-07-10 14:39:10.651000,1.08566,1.08564,1000000,1750000
2019-07-10 14:39:10.703000,1.08564,1.08562,1500000,1250000
2019-07-10 14:39:11.542000,1.08563,1.08561,1000000,4370000
2019-07-10 14:39:11.644000,1.08565,1.08562,1250000,1250000
2019-07-10 14:39:11.809000,1.08566,1.08564,1000000,1250000
2019-07-10 14:39:12.012000,1.08569,1.08565,3400000,1310000
2019-07-10 14:39:12.114000,1.08569,1.08566,1750000,1120000
2019-07-10 14:39:12.230000,1.08567,1.08565,1000000,4310000
2019-07-10 14:39:12.332000,1.08568,1.08566,1870000,1250000
2019-07-10 14:39:13.219000,1.08565,1.08563,1500000,2500000
2019-07-10 14:39:13.272000,1.08563,1.08562,1000000,1390000
2019-07-10 14:39:13.323000,1.08561,1.0856,1500000,2440000
2019-07-10 14:39:13.426000,1.08561,1.08559,1500000,1250000
2019-07-10 14:39:13.733000,1.0856,1.08559,1000000,1690000
2019-07-10 14:39:13.842000,1.08559,1.08557,1000000,1000000
2019-07-10 14:39:14.044000,1.08559,1.08557,1000000,1750000
2019-07-10 14:39:14.182000,1.08559,1.08557,1250000,1250000
2019-07-10 14:39:14.858000,1.08557,1.08556,1000000,1690000
2019-07-10 14:39:14.954000,1.08555,1.08554,1000000,1390000
2019-07-10 14:39:15.061000,1.08555,1.08552,1690000,1500000
2019-07-10 14:39:15.213000,1.08554,1.08552,1000000,1500000
2019-07-10 14:39:15.317000,1.08554,1.08551,1000000,1310000
2019-07-10 14:39:15.418000,1.08555,1.08552,1690000,1000000
2019-07-10 14:39:16.125000,1.08555,1.08551,1690000,2060000
2019-07-10 14:39:16.281000,1.08554,1.08551,1000000,2060000
2019-07-10 14:39:16.332000,1.08553,1.08551,1000000,1690000
2019-07-10 14:39:16.384000,1.0855,1.08549,1000000,1200000
2019-07-10 14:39:16.452000,1.08551,1.08549,1500000,2200000
2019-07-10 14:39:16.503000,1.0855,1.08546,1750000,2120000
2019-07-10 14:39:16.808000,1.08551,1.0855,1000000,1000000
2019-07-10 14:39:16.913000,1.08554,1.08551,2500000,1250000
2019-07-10 14:39:17.646000,1.08554,1.08552,1250000,1000000
2019-07-10 14:39:17.698000,1.08556,1.08555,1000000,1500000
2019-07-10 14:39:17.804000,1.08558,1.08555,1250000,3370000
2019-07-10 14:39:18.094000,1.08557,1.08554,1200000,1250000
2019-07-10 14:39:18.557000,1.08558,1.08556,1760000,1250000
2019-07-10 14:39:18.709000,1.08559,1.08557,1390000,1250000
2019-07-10 14:39:19.232000,1.0856,1.08558,2250000,1690000
2019-07-10 14:39:19.333000,1.08561,1.08558,1250000,1250000
2019-07-10 14:39:21.709000,1.08558,1.08556,1000000,4120000
2019-07-10 14:39:21.812000,1.08551,1.08548,1000000,2070000
2019-07-10 14:39:21.988000,1.08551,1.08548,1200000,1250000
2019-07-10 14:39:22.367000,1.08549,1.08547,1000000,1250000
2019-07-10 14:39:22.468000,1.0855,1.08547,1200000,1750000
2019-07-10 14:39:22.570000,1.0855,1.08547,2200000,1250000
2019-07-10 14:39:22.747000,1.0855,1.08547,2140000,1250000
2019-07-10 14:39:23.256000,1.08549,1.08546,1000000,1750000
2019-07-10 14:39:23.673000,1.0855,1.08547,1690000,1250000
2019-07-10 14:39:23.775000,1.0855,1.08547,1690000,1750000
2019-07-10 14:39:23.913000,1.08553,1.0855,3000000,2870000
2019-07-10 14:39:24.317000,1.08555,1.08552,2440000,1310000
2019-07-10 14:39:24.469000,1.08554,1.08552,1250000,1310000
2019-07-10 14:39:24.995000,1.08553,1.0855,1000000,3620000
2019-07-10 14:39:25.094000,1.08551,1.0855,1000000,1500000
2019-07-10 14:39:25.196000,1.08551,1.08548,1570000,1250000
2019-07-10 14:39:25.247000,1.08547,1.08545,1450000,8700000
2019-07-10 14:39:25.400000,1.08546,1.08544,1200000,1120000
2019-07-10 14:39:25.503000,1.08548,1.08545,3050000,1750000
2019-07-10 14:39:25.640000,1.08548,1.08545,1200000,1000000
2019-07-10 14:39:25.742000,1.08547,1.08545,1250000,1000000
2019-07-10 14:39:25.844000,1.08547,1.08545,1000000,1250000
2019-07-10 14:39:26.014000,1.08548,1.08545,3820000,1250000
2019-07-10 14:39:26.116000,1.08546,1.08544,1000000,1000000
2019-07-10 14:39:26.218000,1.08546,1.08543,1000000,2310000
2019-07-10 14:39:26.458000,1.08544,1.08542,1000000,1370000
2019-07-10 14:39:26.714000,1.08544,1.08541,1000000,2120000
2019-07-10 14:39:26.824000,1.08544,1.08541,1000000,1310000
2019-07-10 14:39:26.929000,1.08544,1.08541,1690000,1370000
2019-07-10 14:39:27.165000,1.08542,1.0854,1000000,1250000
2019-07-10 14:39:27.267000,1.08543,1.0854,1100000,1750000
2019-07-10 14:39:27.369000,1.08543,1.0854,3170000,1250000
2019-07-10 14:39:27.471000,1.08542,1.08539,1200000,1120000
2019-07-10 14:39:27.522000,1.08543,1.0854,2440000,1250000
2019-07-10 14:39:27.678000,1.08542,1.08541,1250000,1000000
2019-07-10 14:39:27.785000,1.08545,1.08544,1390000,1000000
2019-07-10 14:39:27.899000,1.08549,1.08547,1120000,1000000
2019-07-10 14:39:28.001000,1.08548,1.08545,1000000,1870000
2019-07-10 14:39:28.097000,1.08546,1.08544,1000000,4000000
2019-07-10 14:39:28.199000,1.08547,1.08544,1500000,1250000
2019-07-10 14:39:28.301000,1.08546,1.08543,1000000,2120000
2019-07-10 14:39:28.403000,1.08546,1.08543,1250000,2060000
2019-07-10 14:39:28.763000,1.08545,1.08542,1000000,4070000
2019-07-10 14:39:28.875000,1.08544,1.08542,1250000,1690000
2019-07-10 14:39:28.927000,1.08542,1.08541,1000000,1250000
2019-07-10 14:39:29.028000,1.08541,1.08538,1120000,6190000
2019-07-10 14:39:29.160000,1.0854,1.08537,1000000,5120000
2019-07-10 14:39:29.211000,1.08541,1.08538,1500000,1750000
2019-07-10 14:39:29.315000,1.08542,1.08541,1250000,1000000
2019-07-10 14:39:29.484000,1.08542,1.0854,1250000,1870000
2019-07-10 14:39:29.585000,1.08544,1.08541,1750000,1250000
2019-07-10 14:39:29.840000,1.08544,1.08542,1250000,1000000
2019-07-10 14:39:29.942000,1.08538,1.08537,1000000,1000000
2019-07-10 14:39:29.993000,1.08535,1.08532,2100000,1200000
2019-07-10 14:39:30.044000,1.08535,1.08534,2100000,1000000
2019-07-10 14:39:30.149000,1.08535,1.08533,1000000,1000000
2019-07-10 14:39:30.255000,1.08537,1.08534,1000000,2250000
2019-07-10 14:39:30.307000,1.08536,1.08534,1250000,2620000
2019-07-10 14:39:30.358000,1.08538,1.08535,1690000,1250000
2019-07-10 14:39:30.420000,1.08536,1.08534,1000000,2060000
2019-07-10 14:39:30.523000,1.08534,1.08532,1000000,1250000
2019-07-10 14:39:30.574000,1.08535,1.08532,1120000,1000000
2019-07-10 14:39:30.626000,1.08535,1.08533,1000000,1250000
2019-07-10 14:39:30.677000,1.08535,1.08532,1750000,1250000
2019-07-10 14:39:30.790000,1.08535,1.08533,1250000,1000000
2019-07-10 14:39:30.893000,1.08534,1.08531,1000000,4070000
2019-07-10 14:39:30.944000,1.0853,1.08527,1500000,1620000
2019-07-10 14:39:30.995000,1.08528,1.08526,1120000,1500000
2019-07-10 14:39:31.136000,1.08526,1.08522,4850000,3450000
2019-07-10 14:39:31.238000,1.08526,1.08522,2250000,3600000
2019-07-10 14:39:31.339000,1.08525,1.08522,1000000,2070000
2019-07-10 14:39:31.459000,1.08525,1.08523,1000000,1250000
2019-07-10 14:39:31.561000,1.08527,1.08524,3320000,2060000
2019-07-10 14:39:31.612000,1.08527,1.08525,2510000,1000000
2019-07-10 14:39:31.821000,1.08528,1.08525,1000000,2620000
2019-07-10 14:39:31.927000,1.08525,1.08524,1000000,1000000
2019-07-10 14:39:31.979000,1.08525,1.08522,2790000,1000000
2019-07-10 14:39:32.083000,1.08525,1.08521,1000000,1120000
2019-07-10 14:39:32.185000,1.08524,1.0852,1620000,1500000
2019-07-10 14:39:32.287000,1.08519,1.08518,1000000,1000000
2019-07-10 14:39:32.346000,1.0852,1.08516,3120000,2620000
2019-07-10 14:39:32.484000,1.08523,1.0852,1500000,1250000
2019-07-10 14:39:32.586000,1.08523,1.08519,1000000,3320000
2019-07-10 14:39:32.682000,1.08523,1.08521,1500000,1000000
2019-07-10 14:39:33.429000,1.08526,1.08522,2500000,1810000
2019-07-10 14:39:33.532000,1.08525,1.08523,1250000,1500000
2019-07-10 14:39:33.583000,1.08528,1.08526,1000000,1500000
2019-07-10 14:39:33.751000,1.08526,1.08524,1250000,3820000
2019-07-10 14:39:33.854000,1.08525,1.08522,1000000,1450000
2019-07-10 14:39:33.905000,1.08527,1.08524,2600000,1250000
2019-07-10 14:39:34.007000,1.08528,1.08524,1250000,1370000
2019-07-10 14:39:34.086000,1.08527,1.08524,1250000,1870000
2019-07-10 14:39:34.188000,1.08527,1.08525,1250000,2250000
2019-07-10 14:39:34.289000,1.08529,1.08525,1390000,5500000
2019-07-10 14:39:34.730000,1.0853,1.08529,1250000,1000000
2019-07-10 14:39:34.805000,1.08533,1.0853,3120000,1000000
2019-07-10 14:39:34.856000,1.08532,1.0853,1250000,1120000
2019-07-10 14:39:34.908000,1.08536,1.08532,1100000,2100000
2019-07-10 14:39:35.010000,1.08537,1.08532,2470000,1870000
2019-07-10 14:39:35.203000,1.08537,1.08534,1970000,1000000
2019-07-10 14:39:35.305000,1.08539,1.08536,1250000,5370000
2019-07-10 14:39:35.475000,1.08539,1.08536,1750000,3370000
2019-07-10 14:39:35.578000,1.08539,1.08535,1250000,2620000
2019-07-10 14:39:35.730000,1.08539,1.08535,2320000,1250000
2019-07-10 14:39:35.878000,1.08539,1.08536,1220000,1250000
2019-07-10 14:39:36.241000,1.08538,1.08536,1000000,1250000
2019-07-10 14:39:36.499000,1.08536,1.08534,1500000,1000000
2019-07-10 14:39:36.604000,1.08536,1.08531,1870000,1100000
2019-07-10 14:39:36.655000,1.08534,1.08531,1000000,1120000
2019-07-10 14:39:36.756000,1.08537,1.08533,2100000,1620000
2019-07-10 14:39:36.858000,1.08535,1.08533,1690000,3190000
2019-07-10 14:39:37.001000,1.08534,1.0853,1500000,1310000
2019-07-10 14:39:37.052000,1.08534,1.08531,1500000,1250000
2019-07-10 14:39:37.204000,1.08533,1.0853,1250000,1370000
2019-07-10 14:39:37.313000,1.08534,1.0853,2250000,1370000
2019-07-10 14:39:37.365000,1.08532,1.0853,1000000,1370000
2019-07-10 14:39:37.619000,1.08532,1.08527,3160000,1750000
2019-07-10 14:39:37.750000,1.08531,1.08527,1600000,1750000
2019-07-10 14:39:37.853000,1.0853,1.08526,1000000,4000000
2019-07-10 14:39:37.955000,1.0853,1.08526,1220000,2500000
2019-07-10 14:39:38.106000,1.0853,1.08526,1850000,1750000
2019-07-10 14:39:38.208000,1.08526,1.08522,1500000,2600000
2019-07-10 14:39:38.310000,1.08524,1.0852,1000000,4500000
2019-07-10 14:39:38.461000,1.08525,1.08522,2160000,1250000
2019-07-10 14:39:38.614000,1.08523,1.0852,1070000,2250000
2019-07-10 14:39:38.716000,1.08524,1.0852,2490000,1750000
2019-07-10 14:39:38.827000,1.08524,1.0852,1390000,1250000
2019-07-10 14:39:39.031000,1.08524,1.0852,1850000,1250000
2019-07-10 14:39:39.180000,1.08524,1.0852,1390000,1250000
2019-07-10 14:39:39.282000,1.08523,1.08519,1100000,2120000
2019-07-10 14:39:39.384000,1.08523,1.08518,1390000,3370000
2019-07-10 14:39:39.649000,1.08522,1.08518,1500000,3440000
2019-07-10 14:39:39.700000,1.08521,1.08518,1250000,2630000
2019-07-10 14:39:40.006000,1.08517,1.08514,2100000,1750000
2019-07-10 14:39:40.209000,1.08518,1.08515,1010000,2500000
2019-07-10 14:39:40.517000,1.08517,1.08515,1500000,1250000
2019-07-10 14:39:40.619000,1.08513,1.08511,1000000,1000000
2019-07-10 14:39:40.727000,1.08513,1.08511,1000000,1250000
2019-07-10 14:39:40.829000,1.08514,1.08511,3260000,1250000
2019-07-10 14:39:40.981000,1.08514,1.08513,1250000,1000000
2019-07-10 14:39:41.085000,1.08517,1.08515,1200000,1350000
2019-07-10 14:39:41.194000,1.08519,1.08515,1390000,2120000
2019-07-10 14:39:41.530000,1.08519,1.08515,2260000,1370000
2019-07-10 14:39:41.633000,1.08515,1.08513,1950000,2620000
2019-07-10 14:39:41.735000,1.08514,1.08512,1100000,1250000
2019-07-10 14:39:41.786000,1.08513,1.0851,5100000,2250000
2019-07-10 14:39:41.897000,1.08513,1.08509,3950000,1250000
2019-07-10 14:39:41.998000,1.08513,1.08508,4010000,1370000
2019-07-10 14:39:42.100000,1.08512,1.08508,1390000,1370000
2019-07-10 14:39:42.223000,1.08512,1.08507,1510000,5620000
2019-07-10 14:39:42.325000,1.08512,1.08507,1390000,5620000
2019-07-10 14:39:42.428000,1.08509,1.08507,1000000,3250000
2019-07-10 14:39:42.479000,1.0851,1.08507,4070000,2440000
2019-07-10 14:39:42.581000,1.08506,1.08505,1500000,1000000
2019-07-10 14:39:42.682000,1.08505,1.08502,2120000,1310000
2019-07-10 14:39:42.785000,1.08504,1.08502,1510000,1310000
2019-07-10 14:39:42.886000,1.08504,1.08501,2140000,1250000
2019-07-10 14:39:43.096000,1.08504,1.08501,1320000,2500000
2019-07-10 14:39:43.198000,1.08505,1.08502,3250000,2190000
2019-07-10 14:39:43.300000,1.08503,1.085,1250000,1750000
2019-07-10 14:39:43.435000,1.08501,1.08499,1000000,2370000
2019-07-10 14:39:43.538000,1.08502,1.08498,3220000,2620000
2019-07-10 14:39:43.589000,1.08502,1.085,1120000,3370000
2019-07-10 14:39:43.691000,1.08504,1.08502,2810000,1310000
2019-07-10 14:39:43.797000,1.08501,1.08499,1250000,1500000
2019-07-10 14:39:43.848000,1.08504,1.085,2870000,1450000
2019-07-10 14:39:43.899000,1.08504,1.08501,1000000,1250000
2019-07-10 14:39:44,1.08505,1.08502,1250000,1870000
2019-07-10 14:39:44.051000,1.08508,1.08504,1310000,1000000
2019-07-10 14:39:44.155000,1.08506,1.08503,1250000,5320000
2019-07-10 14:39:44.257000,1.08506,1.08504,1250000,1000000
2019-07-10 14:39:44.359000,1.08506,1.08503,1250000,1000000
2019-07-10 14:39:44.489000,1.08506,1.08503,1120000,1000000
2019-07-10 14:39:44.592000,1.08504,1.08502,1870000,1000000
2019-07-10 14:39:44.643000,1.08501,1.08498,1000000,1000000
2019-07-10 14:39:44.695000,1.085,1.08499,1000000,1000000
2019-07-10 14:39:44.746000,1.085,1.08496,1000000,2620000
2019-07-10 14:39:44.870000,1.08498,1.08495,1000000,1100000
2019-07-10 14:39:44.973000,1.08499,1.08497,1250000,3240000
2019-07-10 14:39:45.075000,1.085,1.08498,1690000,3870000
2019-07-10 14:39:45.126000,1.08504,1.08499,2470000,1870000
2019-07-10 14:39:45.178000,1.08504,1.08502,1000000,1000000
2019-07-10 14:39:45.306000,1.08504,1.08501,1250000,4200000
2019-07-10 14:39:45.408000,1.0851,1.08508,5470000,1500000
2019-07-10 14:39:45.459000,1.08513,1.0851,1000000,2320000
2019-07-10 14:39:45.563000,1.08515,1.08512,1000000,1000000
2019-07-10 14:39:45.666000,1.08519,1.08516,2720000,1870000
2019-07-10 14:39:45.768000,1.0852,1.08517,2250000,2320000
2019-07-10 14:39:45.870000,1.08523,1.0852,2980000,1000000
2019-07-10 14:39:45.976000,1.08522,1.0852,1690000,1200000
2019-07-10 14:39:46.078000,1.08522,1.0852,1500000,1600000
2019-07-10 14:39:46.179000,1.08523,1.0852,5620000,1200000
2019-07-10 14:39:46.293000,1.08522,1.08519,1250000,2370000
2019-07-10 14:39:46.344000,1.08523,1.0852,3370000,1600000
2019-07-10 14:39:46.447000,1.08523,1.08519,5120000,1200000
2019-07-10 14:39:46.548000,1.08522,1.08519,1000000,2200000
2019-07-10 14:39:46.911000,1.08522,1.08519,1310000,1390000
2019-07-10 14:39:47.122000,1.08521,1.08517,1000000,3320000
2019-07-10 14:39:47.223000,1.08519,1.08516,1500000,3100000
2019-07-10 14:39:47.376000,1.08519,1.08514,2840000,1200000
2019-07-10 14:39:47.483000,1.08519,1.08515,3290000,1250000
2019-07-10 14:39:47.534000,1.08518,1.08514,1840000,1250000
2019-07-10 14:39:47.635000,1.08517,1.08513,1790000,1350000
2019-07-10 14:39:47.736000,1.08517,1.08512,1790000,6070000
2019-07-10 14:39:49.557000,1.08518,1.08514,4070000,1250000
2019-07-10 14:39:49.709000,1.08519,1.08515,2870000,1250000
2019-07-10 14:39:50.182000,1.08516,1.08515,10500000,1250000
2019-07-10 14:39:50.289000,1.08511,1.08509,3540000,1000000
2019-07-10 14:39:50.340000,1.0851,1.08507,1310000,1250000
2019-07-10 14:39:50.443000,1.08509,1.08508,1250000,1120000
2019-07-10 14:39:50.696000,1.0851,1.08508,1250000,2440000
2019-07-10 14:39:50.799000,1.0851,1.08507,1000000,2500000
2019-07-10 14:39:51.003000,1.0851,1.08506,2500000,1820000
2019-07-10 14:39:51.307000,1.08508,1.08506,1000000,1250000
2019-07-10 14:39:51.358000,1.08506,1.08504,1000000,1500000
2019-07-10 14:39:51.409000,1.08506,1.08502,1620000,4350000
2019-07-10 14:39:51.532000,1.08504,1.08502,1250000,2140000
2019-07-10 14:39:51.584000,1.08506,1.08502,1250000,4220000
2019-07-10 14:39:51.967000,1.08502,1.08499,1850000,1950000
2019-07-10 14:39:52.068000,1.08501,1.08498,1120000,1250000
2019-07-10 14:39:52.530000,1.08501,1.08496,2500000,4820000
2019-07-10 14:39:53.040000,1.085,1.08496,1000000,4070000
2019-07-10 14:39:53.371000,1.08498,1.08496,1500000,2950000
2019-07-10 14:39:53.630000,1.08498,1.08493,3620000,2310000
2019-07-10 14:39:53.681000,1.08498,1.08497,2060000,1000000
2019-07-10 14:39:53.732000,1.08508,1.08503,1600000,10700000
2019-07-10 14:39:53.783000,1.08508,1.08506,1000000,1300000
2019-07-10 14:39:53.834000,1.0851,1.08505,1500000,4170000
2019-07-10 14:39:54.037000,1.08509,1.08506,1250000,4070000
2019-07-10 14:39:54.138000,1.0851,1.08506,1250000,3920000
2019-07-10 14:39:54.444000,1.0851,1.08506,1250000,1250000
2019-07-10 14:39:54.753000,1.08508,1.08505,1350000,3700000
2019-07-10 14:39:54.855000,1.08507,1.08505,1870000,1250000
2019-07-10 14:39:54.956000,1.08507,1.08502,2060000,4260000
2019-07-10 14:39:55.058000,1.08506,1.08502,1250000,1310000
2019-07-10 14:39:55.316000,1.08505,1.08501,1000000,3620000
2019-07-10 14:39:55.469000,1.08507,1.08504,2120000,1500000
2019-07-10 14:39:55.575000,1.08507,1.08505,1250000,1000000
2019-07-10 14:39:55.677000,1.08508,1.08505,1250000,2200000
2019-07-10 14:39:55.728000,1.0851,1.08505,3560000,2570000
2019-07-10 14:39:56.087000,1.08511,1.08506,3450000,1250000
2019-07-10 14:39:56.298000,1.0851,1.08505,1250000,2870000
2019-07-10 14:39:56.400000,1.08509,1.08505,1250000,3320000
2019-07-10 14:39:57.186000,1.0851,1.08505,3070000,1690000
2019-07-10 14:39:57.237000,1.0851,1.08506,3820000,1250000
2019-07-10 14:39:57.999000,1.08511,1.08509,1000000,1750000
2019-07-10 14:39:58.050000,1.08513,1.08511,1500000,1750000
2019-07-10 14:39:58.101000,1.08515,1.08511,2950000,2120000
2019-07-10 14:39:58.254000,1.08515,1.08514,1250000,1000000
2019-07-10 14:39:58.408000,1.08518,1.08515,1120000,1250000
2019-07-10 14:39:58.816000,1.08518,1.08515,1310000,1250000
2019-07-10 14:39:58.918000,1.08518,1.08514,1370000,2440000
2019-07-10 14:40:00.296000,1.08516,1.08514,1000000,1250000
2019-07-10 14:40:00.399000,1.08515,1.08513,1000000,3700000
2019-07-10 14:40:00.501000,1.08516,1.08513,1000000,3250000
2019-07-10 14:40:00.665000,1.08516,1.08513,1250000,3640000
2019-07-10 14:40:01.072000,1.08515,1.08512,1250000,2510000
2019-07-10 14:40:01.650000,1.08517,1.08514,1750000,1500000
2019-07-10 14:40:01.755000,1.08517,1.08514,1000000,3250000
2019-07-10 14:40:01.857000,1.08519,1.08518,1250000,1000000
2019-07-10 14:40:02.088000,1.08521,1.08518,1370000,1000000
2019-07-10 14:40:02.343000,1.08519,1.08516,1120000,3700000
2019-07-10 14:40:02.509000,1.08518,1.08515,1000000,1750000
2019-07-10 14:40:02.610000,1.08519,1.08516,2320000,1250000
2019-07-10 14:40:02.712000,1.08519,1.08516,2570000,1000000
2019-07-10 14:40:03.067000,1.08518,1.08514,1250000,2120000
2019-07-10 14:40:03.277000,1.08518,1.08514,1450000,1690000
2019-07-10 14:40:03.385000,1.08518,1.08515,1450000,1000000
2019-07-10 14:40:03.436000,1.08519,1.08517,2800000,1000000
2019-07-10 14:40:03.747000,1.0852,1.08517,1250000,1000000
2019-07-10 14:40:04.404000,1.08518,1.08515,1000000,3700000
2019-07-10 14:40:04.506000,1.08517,1.08514,1000000,2500000
2019-07-10 14:40:04.658000,1.08517,1.08514,1000000,1750000
2019-07-10 14:40:04.709000,1.08518,1.08515,1000000,1250000
2019-07-10 14:40:04.944000,1.08518,1.08515,1000000,1750000
2019-07-10 14:40:05.464000,1.08518,1.08515,1250000,1250000
2019-07-10 14:40:06.089000,1.08517,1.08514,1000000,1750000
2019-07-10 14:40:06.191000,1.08518,1.08515,1250000,1250000
2019-07-10 14:40:06.403000,1.08518,1.08515,2200000,1000000
2019-07-10 14:40:06.454000,1.08516,1.08513,1250000,1250000
2019-07-10 14:40:06.759000,1.08516,1.08513,1750000,1000000
2019-07-10 14:40:06.876000,1.08516,1.08513,1250000,1250000
2019-07-10 14:40:09.204000,1.08516,1.08514,1250000,1000000
2019-07-10 14:40:09.305000,1.08517,1.08515,1870000,1750000
2019-07-10 14:40:09.407000,1.08518,1.08515,2560000,1750000
2019-07-10 14:40:09.508000,1.08519,1.08516,2120000,1250000
2019-07-10 14:40:09.672000,1.08519,1.08516,1250000,1810000
2019-07-10 14:40:10.037000,1.08522,1.08521,1000000,1120000
2019-07-10 14:40:10.088000,1.08525,1.08523,1000000,1000000
2019-07-10 14:40:10.193000,1.08526,1.08523,1000000,1200000
2019-07-10 14:40:10.244000,1.08525,1.08523,1250000,1200000
2019-07-10 14:40:10.359000,1.08528,1.08524,1870000,2720000
2019-07-10 14:40:10.513000,1.08529,1.08524,2810000,3970000
2019-07-10 14:40:10.564000,1.08529,1.08527,1250000,1000000
2019-07-10 14:40:10.713000,1.08528,1.08527,1250000,1000000
2019-07-10 14:40:10.764000,1.0853,1.08528,1250000,1000000
2019-07-10 14:40:10.866000,1.0853,1.08528,1250000,1000000
2019-07-10 14:40:10.967000,1.0853,1.08527,3100000,1120000
2019-07-10 14:40:11.069000,1.0853,1.08528,1450000,2620000
2019-07-10 14:40:11.285000,1.0853,1.08528,1250000,2810000
2019-07-10 14:40:11.387000,1.08529,1.08526,1570000,4000000
2019-07-10 14:40:11.542000,1.0853,1.08527,3070000,1250000
2019-07-10 14:40:11.644000,1.0853,1.08527,2350000,1250000
2019-07-10 14:40:11.847000,1.08529,1.08525,2510000,4070000
2019-07-10 14:40:11.982000,1.08529,1.08525,4160000,1250000
2019-07-10 14:40:12.033000,1.08527,1.08524,1390000,2250000
2019-07-10 14:40:12.135000,1.08527,1.08524,2290000,1250000
2019-07-10 14:40:12.290000,1.08527,1.08525,1720000,1250000
2019-07-10 14:40:12.392000,1.08526,1.08523,1200000,1250000
2019-07-10 14:40:13.221000,1.08528,1.08525,1600000,1000000
2019-07-10 14:40:13.274000,1.08529,1.08525,1390000,2120000
2019-07-10 14:40:14.079000,1.08532,1.08528,8540000,1250000
2019-07-10 14:40:14.171000,1.08532,1.08529,7940000,1000000
2019-07-10 14:40:14.281000,1.08533,1.0853,2870000,1120000
2019-07-10 14:40:14.382000,1.08533,1.0853,1000000,1310000
2019-07-10 14:40:14.949000,1.08533,1.0853,1750000,1120000
2019-07-10 14:40:15.456000,1.08533,1.08528,3850000,2620000
2019-07-10 14:40:15.954000,1.0853,1.08528,1000000,1810000
2019-07-10 14:40:16.005000,1.08528,1.08526,1200000,4690000
2019-07-10 14:40:16.107000,1.08527,1.08524,1120000,2120000
2019-07-10 14:40:16.208000,1.08527,1.08524,1250000,2060000
2019-07-10 14:40:16.888000,1.08525,1.08522,1000000,3450000
2019-07-10 14:40:16.990000,1.08522,1.08521,4500000,1690000
2019-07-10 14:40:17.041000,1.0852,1.08518,1000000,2950000
2019-07-10 14:40:17.093000,1.08522,1.0852,1760000,1000000
2019-07-10 14:40:17.234000,1.08522,1.08519,1370000,2700000
2019-07-10 14:40:17.285000,1.08523,1.0852,1870000,1000000
2019-07-10 14:40:17.387000,1.08521,1.0852,1000000,1250000
2019-07-10 14:40:17.542000,1.08522,1.0852,1570000,1250000
2019-07-10 14:40:17.595000,1.0852,1.08518,1000000,1250000
2019-07-10 14:40:17.696000,1.0852,1.08517,1000000,1750000
2019-07-10 14:40:17.797000,1.0852,1.08517,1250000,1250000
2019-07-10 14:40:18.419000,1.08519,1.08516,1000000,4450000
2019-07-10 14:40:19.415000,1.0852,1.08517,1250000,1690000
2019-07-10 14:40:19.671000,1.08523,1.08519,5320000,2250000
2019-07-10 14:40:19.773000,1.08525,1.08522,1120000,1000000
2019-07-10 14:40:19.874000,1.08527,1.08522,3250000,3570000
2019-07-10 14:40:20.477000,1.08527,1.08524,1250000,1250000
2019-07-10 14:40:20.928000,1.08527,1.08524,2550000,1000000
2019-07-10 14:40:21.031000,1.08526,1.08523,1290000,1690000
2019-07-10 14:40:21.957000,1.08528,1.08525,1250000,1750000
2019-07-10 14:40:22.116000,1.08529,1.08527,1000000,1250000
2019-07-10 14:40:22.220000,1.0853,1.08527,1250000,1250000
2019-07-10 14:40:22.373000,1.08531,1.08528,1750000,1000000
2019-07-10 14:40:22.496000,1.08532,1.08529,1750000,1000000
2019-07-10 14:40:22.598000,1.08532,1.0853,1750000,1000000
2019-07-10 14:40:22.701000,1.08533,1.08531,1250000,1690000
2019-07-10 14:40:23.126000,1.08533,1.08532,1250000,1000000
2019-07-10 14:40:23.274000,1.08534,1.08532,1250000,1000000
2019-07-10 14:40:24.049000,1.08536,1.08533,1940000,1000000
2019-07-10 14:40:24.238000,1.08536,1.08534,1250000,1000000
2019-07-10 14:40:24.290000,1.08538,1.08535,1250000,3250000
2019-07-10 14:40:24.493000,1.08539,1.08537,1250000,1500000
2019-07-10 14:40:24.692000,1.08541,1.08537,1250000,1450000
2019-07-10 14:40:24.844000,1.08541,1.08537,1250000,1200000
2019-07-10 14:40:25.107000,1.08542,1.08537,1750000,2850000
2019-07-10 14:40:25.209000,1.08542,1.08539,1750000,1000000
2019-07-10 14:40:25.464000,1.08541,1.08538,1010000,1250000
2019-07-10 14:40:25.730000,1.0854,1.08538,1000000,1250000
2019-07-10 14:40:26.346000,1.08541,1.08538,1570000,1750000
2019-07-10 14:40:26.448000,1.08543,1.0854,1600000,1250000
2019-07-10 14:40:26.599000,1.08542,1.08539,1100000,2500000
2019-07-10 14:40:26.701000,1.08542,1.08539,1100000,2950000
2019-07-10 14:40:26.803000,1.08543,1.0854,1200000,1250000
2019-07-10 14:40:27.160000,1.08544,1.08541,1250000,1000000
2019-07-10 14:40:27.211000,1.08545,1.08543,2120000,1000000
2019-07-10 14:40:27.313000,1.08545,1.08544,1250000,1000000
2019-07-10 14:40:27.509000,1.08547,1.08544,1750000,1000000
2019-07-10 14:40:27.611000,1.08547,1.08544,1000000,1250000
2019-07-10 14:40:27.713000,1.08549,1.08546,2950000,1000000
2019-07-10 14:40:27.931000,1.08553,1.08552,1500000,1000000
2019-07-10 14:40:28.034000,1.08555,1.08552,1000000,1000000
2019-07-10 14:40:28.085000,1.08553,1.0855,1000000,2250000
2019-07-10 14:40:28.233000,1.08556,1.08553,2120000,1000000
2019-07-10 14:40:28.335000,1.08556,1.08554,1250000,1000000
2019-07-10 14:40:28.386000,1.08558,1.08554,1120000,1000000
2019-07-10 14:40:28.536000,1.08555,1.08553,1250000,1950000
2019-07-10 14:40:28.653000,1.08556,1.08553,1250000,1000000
2019-07-10 14:40:28.805000,1.08556,1.08553,1690000,1000000
2019-07-10 14:40:28.908000,1.08558,1.08556,1250000,1000000
2019-07-10 14:40:28.959000,1.08559,1.08557,1000000,1000000
2019-07-10 14:40:29.062000,1.08557,1.08554,2500000,3000000
2019-07-10 14:40:29.166000,1.08556,1.08553,1000000,2500000
2019-07-10 14:40:29.275000,1.08556,1.08553,1850000,1250000
2019-07-10 14:40:29.326000,1.08556,1.08553,1850000,1940000
2019-07-10 14:40:29.428000,1.08555,1.08553,1000000,1250000
2019-07-10 14:40:29.582000,1.08556,1.08553,2500000,1000000
2019-07-10 14:40:29.734000,1.08556,1.08555,1250000,1000000
2019-07-10 14:40:29.785000,1.08559,1.08556,1000000,1000000
2019-07-10 14:40:30.092000,1.08559,1.08556,1690000,2950000
2019-07-10 14:40:30.193000,1.0856,1.08558,2060000,1000000
2019-07-10 14:40:30.297000,1.0856,1.08558,1250000,3750000
2019-07-10 14:40:30.348000,1.08563,1.0856,1000000,1000000
2019-07-10 14:40:30.500000,1.08563,1.0856,1750000,1000000
2019-07-10 14:40:30.602000,1.08563,1.0856,1250000,1250000
2019-07-10 14:40:31.162000,1.08561,1.08558,1000000,5820000
2019-07-10 14:40:31.264000,1.08557,1.08556,1500000,3000000
2019-07-10 14:40:31.316000,1.08556,1.08554,1000000,1000000
2019-07-10 14:40:31.425000,1.08555,1.08553,1090000,1000000
2019-07-10 14:40:31.528000,1.08554,1.08552,1000000,1250000
2019-07-10 14:40:32.731000,1.08554,1.08551,1250000,1250000
2019-07-10 14:40:32.832000,1.08556,1.08555,2250000,1500000
2019-07-10 14:40:32.883000,1.08559,1.08556,2250000,1000000
2019-07-10 14:40:32.978000,1.08557,1.08556,1000000,1250000
2019-07-10 14:40:33.031000,1.08559,1.08556,1500000,1250000
2019-07-10 14:40:33.391000,1.08558,1.08555,1000000,3550000
2019-07-10 14:40:34.941000,1.08558,1.08555,2500000,1000000
2019-07-10 14:40:35.094000,1.08558,1.08555,1690000,1250000
2019-07-10 14:40:35.298000,1.08558,1.08553,3250000,2950000
2019-07-10 14:40:35.400000,1.08556,1.08553,1250000,3260000
2019-07-10 14:40:35.452000,1.08554,1.08553,1250000,1200000
2019-07-10 14:40:35.554000,1.08554,1.08552,1250000,1250000
2019-07-10 14:40:37.264000,1.08552,1.0855,1000000,3100000
2019-07-10 14:40:37.366000,1.0855,1.08548,1250000,2100000
2019-07-10 14:40:37.417000,1.0855,1.08547,1250000,2250000
2019-07-10 14:40:37.641000,1.08549,1.08547,1000000,1000000
2019-07-10 14:40:37.845000,1.08549,1.08546,1000000,1250000
2019-07-10 14:40:37.995000,1.08548,1.08545,1000000,3250000
2019-07-10 14:40:38.097000,1.08551,1.08549,4820000,1000000
2019-07-10 14:40:38.148000,1.08553,1.0855,1750000,1250000
2019-07-10 14:40:38.308000,1.08553,1.0855,1000000,1750000
2019-07-10 14:40:39.489000,1.08555,1.08554,1760000,1000000
2019-07-10 14:40:39.618000,1.08557,1.08555,1000000,1390000
2019-07-10 14:40:39.720000,1.08558,1.08555,1000000,1750000
2019-07-10 14:40:39.821000,1.08558,1.08555,1250000,2140000
2019-07-10 14:40:40.032000,1.08557,1.08554,1500000,2200000
2019-07-10 14:40:40.134000,1.08556,1.08553,1000000,2200000
2019-07-10 14:40:40.236000,1.08556,1.08553,1000000,2200000
2019-07-10 14:40:40.337000,1.08556,1.08552,1250000,3700000
2019-07-10 14:40:40.947000,1.08556,1.08553,1000000,1250000
2019-07-10 14:40:41.049000,1.08557,1.08554,1690000,1250000
2019-07-10 14:40:41.150000,1.08558,1.08555,1310000,1750000
2019-07-10 14:40:42.919000,1.08558,1.08555,1250000,1250000
2019-07-10 14:40:43.362000,1.08557,1.08554,1000000,2950000
2019-07-10 14:40:43.514000,1.08558,1.08556,1000000,1250000
2019-07-10 14:40:43.671000,1.08558,1.08555,1250000,1250000
2019-07-10 14:40:44.283000,1.08557,1.08554,1250000,1390000
2019-07-10 14:40:44.334000,1.08555,1.08553,1000000,1750000
2019-07-10 14:40:44.436000,1.08552,1.08551,1000000,1250000
2019-07-10 14:40:44.538000,1.08552,1.0855,1000000,1250000
2019-07-10 14:40:44.694000,1.08553,1.0855,1000000,1750000
2019-07-10 14:40:45.511000,1.08548,1.08547,1350000,1500000
2019-07-10 14:40:45.613000,1.08549,1.08546,4800000,1250000
2019-07-10 14:40:45.664000,1.08547,1.08545,1000000,1250000
2019-07-10 14:40:45.766000,1.08547,1.08544,1000000,1750000
2019-07-10 14:40:45.868000,1.08547,1.08544,1250000,1250000
2019-07-10 14:40:48.106000,1.08546,1.08543,1000000,2950000
2019-07-10 14:40:48.623000,1.08547,1.08543,1250000,2500000
2019-07-10 14:40:49.193000,1.08548,1.08545,2120000,1500000
2019-07-10 14:40:49.295000,1.08549,1.08546,1000000,1750000
2019-07-10 14:40:49.896000,1.08551,1.08549,6370000,1500000
2019-07-10 14:40:50.001000,1.08556,1.08552,7320000,1000000
2019-07-10 14:40:50.052000,1.08555,1.08552,1250000,2700000
2019-07-10 14:40:50.103000,1.08556,1.08553,5500000,1000000
2019-07-10 14:40:50.205000,1.08556,1.08553,4690000,1250000
2019-07-10 14:40:50.312000,1.08556,1.08552,1620000,3700000
2019-07-10 14:40:50.363000,1.08554,1.0855,1000000,4950000
