time,ask,bid,ask_volume,bid_volume
2021-12-30 13:25:00.379000,1.15147,1.15144,1120000,1450000
2021-12-30 13:25:00.480000,1.15146,1.15143,1000000,1000000
2021-12-30 13:25:01.027000,1.15145,1.15143,1000000,1000000
2021-12-30 13:25:01.078000,1.15146,1.1514,1000000,4760000
2021-12-30 13:25:01.185000,1.15145,1.15142,1000000,1250000
2021-12-30 13:25:01.286000,1.15146,1.15142,1000000,2810000
2021-12-30 13:25:01.723000,1.15145,1.15142,1000000,1250000
2021-12-30 13:25:01.824000,1.15146,1.1514,1000000,4760000
2021-12-30 13:25:02.330000,1.15145,1.1514,1000000,3290000
2021-12-30 13:25:03.419000,1.15146,1.15139,1000000,1760000
2021-12-30 13:25:03.743000,1.15145,1.1514,1000000,2260000
2021-12-30 13:25:05.776000,1.15143,1.15138,1000000,2560000
2021-12-30 13:25:05.879000,1.15139,1.15135,1000000,2640000
2021-12-30 13:25:06.030000,1.15139,1.15135,1000000,1010000
2021-12-30 13:25:06.411000,1.15136,1.15133,1970000,2620000
2021-12-30 13:25:06.462000,1.15134,1.1513,1120000,1640000
2021-12-30 13:25:06.848000,1.15134,1.15129,1200000,2700000
2021-12-30 13:25:07.101000,1.15136,1.15132,1100000,1370000
2021-12-30 13:25:07.202000,1.15138,1.15133,1200000,2890000
2021-12-30 13:25:07.303000,1.15139,1.15132,1200000,3010000
2021-12-30 13:25:07.747000,1.15138,1.15133,1200000,2890000
2021-12-30 13:25:10.228000,1.15133,1.15129,1000000,1450000
2021-12-30 13:25:10.279000,1.15132,1.15128,1000000,4650000
2021-12-30 13:25:10.432000,1.15131,1.15127,1000000,1200000
2021-12-30 13:25:11.382000,1.15133,1.15128,1000000,1570000
2021-12-30 13:25:11.483000,1.15132,1.15128,1000000,1200000
2021-12-30 13:25:12.096000,1.15134,1.1513,1000000,1010000
2021-12-30 13:25:12.198000,1.15135,1.15131,1000000,1000000
2021-12-30 13:25:12.936000,1.15134,1.15129,1120000,1570000
2021-12-30 13:25:13.037000,1.15134,1.1513,1120000,1000000
2021-12-30 13:25:13.535000,1.15132,1.15128,1120000,2250000
2021-12-30 13:25:14.214000,1.15132,1.15127,1000000,1390000
2021-12-30 13:25:15.935000,1.15131,1.15127,1000000,1390000
2021-12-30 13:25:16.280000,1.15128,1.15126,1000000,2930000
2021-12-30 13:25:16.382000,1.15129,1.15124,1000000,1200000
2021-12-30 13:25:16.483000,1.15128,1.15124,1000000,1000000
2021-12-30 13:25:16.777000,1.15129,1.15124,1500000,2390000
2021-12-30 13:25:16.878000,1.1513,1.15127,1250000,1100000
2021-12-30 13:25:18.130000,1.15131,1.15127,1690000,1200000
2021-12-30 13:25:18.455000,1.15129,1.15126,1000000,3370000
2021-12-30 13:25:18.557000,1.15131,1.15126,3320000,2670000
2021-12-30 13:25:19.679000,1.15131,1.15126,2500000,3070000
2021-12-30 13:25:19.780000,1.15131,1.15126,2500000,3410000
2021-12-30 13:25:20.680000,1.15131,1.15126,1750000,5660000
2021-12-30 13:25:20.781000,1.15132,1.15125,1250000,6720000
2021-12-30 13:25:21.712000,1.15132,1.15126,1000000,1100000
2021-12-30 13:25:21.814000,1.15131,1.15126,1000000,4820000
2021-12-30 13:25:21.915000,1.15131,1.15126,1000000,6470000
2021-12-30 13:25:22.114000,1.15132,1.15127,3640000,1200000
2021-12-30 13:25:22.794000,1.15132,1.15127,3640000,1700000
2021-12-30 13:25:24.163000,1.15132,1.15127,1390000,1200000
2021-12-30 13:25:28.478000,1.15132,1.15127,1690000,2070000
2021-12-30 13:25:32.722000,1.15132,1.15129,1000000,4350000
2021-12-30 13:25:32.823000,1.15135,1.1513,1000000,1250000
2021-12-30 13:25:33.302000,1.15135,1.15131,1200000,1250000
2021-12-30 13:25:34.866000,1.15134,1.1513,1000000,2390000
2021-12-30 13:25:34.917000,1.15136,1.15131,1950000,1390000
2021-12-30 13:25:35.641000,1.15135,1.15131,1000000,1310000
2021-12-30 13:25:46.760000,1.15138,1.15133,4320000,1760000
2021-12-30 13:25:46.861000,1.15138,1.15135,1000000,1500000
2021-12-30 13:25:46.962000,1.1514,1.15135,1000000,3140000
2021-12-30 13:25:47.013000,1.1514,1.15137,1000000,1250000
2021-12-30 13:25:47.115000,1.15139,1.15135,1000000,1600000
2021-12-30 13:25:47.267000,1.1514,1.15135,3000000,1100000
2021-12-30 13:25:48.287000,1.15139,1.15135,1000000,1100000
2021-12-30 13:25:49.834000,1.1514,1.15135,1120000,1660000
2021-12-30 13:25:49.935000,1.15141,1.15137,1000000,1390000
2021-12-30 13:25:50.036000,1.15142,1.15137,4390000,1390000
2021-12-30 13:25:51.343000,1.15144,1.1514,1570000,1000000
2021-12-30 13:25:51.445000,1.15143,1.15139,1200000,1000000
2021-12-30 13:25:51.597000,1.15145,1.1514,1000000,3540000
2021-12-30 13:25:51.699000,1.15146,1.15142,1000000,1310000
2021-12-30 13:25:51.801000,1.15146,1.15142,1000000,1560000
2021-12-30 13:25:51.903000,1.1515,1.15145,2200000,2700000
2021-12-30 13:25:52.005000,1.1515,1.15146,2290000,1590000
2021-12-30 13:25:52.156000,1.1515,1.15143,1600000,1810000
2021-12-30 13:25:52.258000,1.15148,1.15142,1200000,1480000
2021-12-30 13:25:52.359000,1.15147,1.15142,1200000,2810000
2021-12-30 13:25:54.284000,1.15148,1.15143,1390000,1120000
2021-12-30 13:25:55.349000,1.15147,1.15143,1000000,1120000
2021-12-30 13:25:55.819000,1.15148,1.15143,1390000,1120000
2021-12-30 13:25:55.944000,1.15147,1.15143,1200000,1120000
2021-12-30 13:25:56.046000,1.15147,1.15142,1200000,1500000
2021-12-30 13:25:56.640000,1.15148,1.15141,1200000,2000000
2021-12-30 13:25:57.686000,1.15147,1.15142,1200000,1500000
2021-12-30 13:25:57.966000,1.15146,1.15142,1000000,1500000
2021-12-30 13:25:58.171000,1.15146,1.15141,3410000,1120000
2021-12-30 13:25:58.951000,1.15144,1.15139,2890000,5820000
2021-12-30 13:25:59.053000,1.15142,1.15139,1250000,1840000
2021-12-30 13:25:59.154000,1.15142,1.15138,1390000,1000000
2021-12-30 13:25:59.255000,1.15142,1.15137,2890000,1120000
2021-12-30 13:25:59.970000,1.15142,1.15138,1000000,1000000
2021-12-30 13:26:00.222000,1.15144,1.1514,1570000,1000000
2021-12-30 13:26:00.324000,1.15145,1.15141,1000000,1000000
2021-12-30 13:26:02.062000,1.15144,1.1514,1390000,1000000
2021-12-30 13:26:02.264000,1.15145,1.1514,1390000,1100000
2021-12-30 13:26:02.365000,1.15145,1.1514,1850000,1000000
2021-12-30 13:26:02.639000,1.15145,1.1514,1200000,1500000
2021-12-30 13:26:02.791000,1.15145,1.1514,1200000,2450000
2021-12-30 13:26:03.043000,1.15147,1.15143,2440000,1000000
2021-12-30 13:26:03.145000,1.15147,1.15143,1000000,1250000
2021-12-30 13:26:03.549000,1.15147,1.15142,2700000,1890000
2021-12-30 13:26:03.923000,1.15147,1.15142,2700000,1390000
2021-12-30 13:26:04.440000,1.15144,1.15139,2390000,1750000
2021-12-30 13:26:04.491000,1.15141,1.15137,1250000,3570000
2021-12-30 13:26:04.592000,1.15141,1.15137,1250000,1000000
2021-12-30 13:26:04.693000,1.15141,1.15136,1250000,1950000
2021-12-30 13:26:05.210000,1.15141,1.15137,1000000,1200000
2021-12-30 13:26:05.362000,1.15141,1.15136,1000000,1950000
2021-12-30 13:26:05.693000,1.15141,1.15136,1910000,1120000
2021-12-30 13:26:05.794000,1.15141,1.15136,2510000,1570000
2021-12-30 13:26:06.789000,1.1514,1.15136,1000000,1000000
2021-12-30 13:26:09.378000,1.15139,1.15135,2140000,2000000
2021-12-30 13:26:09.479000,1.15139,1.15134,3040000,1500000
2021-12-30 13:26:10.401000,1.1514,1.15133,1950000,1000000
2021-12-30 13:26:12.024000,1.15139,1.15135,1500000,1100000
2021-12-30 13:26:12.126000,1.15139,1.15134,1200000,3070000
2021-12-30 13:26:13.856000,1.15139,1.15132,1390000,2700000
2021-12-30 13:26:16.996000,1.15138,1.15133,2950000,1870000
2021-12-30 13:26:18.450000,1.15138,1.15134,3000000,1000000
2021-12-30 13:26:18.551000,1.15139,1.15134,1200000,1000000
2021-12-30 13:26:23.788000,1.15139,1.15134,1000000,1450000
2021-12-30 13:26:23.890000,1.1514,1.15137,1000000,2140000
2021-12-30 13:26:23.940000,1.15143,1.15138,5140000,1570000
2021-12-30 13:26:24.142000,1.15144,1.1514,3190000,1000000
2021-12-30 13:26:24.244000,1.15145,1.1514,3940000,1570000
2021-12-30 13:26:25.461000,1.15146,1.1514,3190000,1100000
2021-12-30 13:26:29.297000,1.15145,1.15141,1250000,1620000
2021-12-30 13:26:29.399000,1.15146,1.15141,1250000,2260000
2021-12-30 13:26:29.656000,1.15146,1.15141,3790000,1810000
2021-12-30 13:26:29.757000,1.15146,1.15141,4160000,1310000
2021-12-30 13:26:29.913000,1.15146,1.15139,1390000,1390000
2021-12-30 13:26:30.883000,1.15145,1.1514,1390000,2260000
2021-12-30 13:26:32.093000,1.15147,1.1514,3450000,3570000
2021-12-30 13:26:32.194000,1.15147,1.15141,1250000,1620000
2021-12-30 13:26:32.627000,1.15146,1.15142,1250000,1120000
2021-12-30 13:26:33.366000,1.15145,1.15141,1000000,2160000
2021-12-30 13:26:34.611000,1.15145,1.15141,1000000,1950000
2021-12-30 13:26:37.171000,1.15145,1.1514,1390000,1390000
2021-12-30 13:26:37.272000,1.15142,1.15138,1000000,1760000
2021-12-30 13:26:37.374000,1.1514,1.15137,1000000,2270000
2021-12-30 13:26:37.475000,1.15139,1.15136,1200000,1500000
2021-12-30 13:26:37.526000,1.15138,1.15133,1000000,3900000
2021-12-30 13:26:41.117000,1.15139,1.15137,1000000,1200000
2021-12-30 13:26:41.168000,1.15142,1.15138,3190000,1100000
2021-12-30 13:26:41.420000,1.15143,1.15139,1000000,2320000
2021-12-30 13:26:41.521000,1.15144,1.1514,1000000,1760000
2021-12-30 13:26:41.774000,1.15144,1.1514,1000000,3010000
2021-12-30 13:26:41.875000,1.15145,1.1514,1200000,3390000
2021-12-30 13:26:43.871000,1.15145,1.1514,1450000,2070000
2021-12-30 13:26:43.973000,1.15144,1.1514,1000000,1570000
2021-12-30 13:26:44.374000,1.15144,1.1514,1000000,2160000
2021-12-30 13:26:45.738000,1.15144,1.15141,1000000,1220000
2021-12-30 13:26:49.866000,1.15145,1.15141,1000000,1100000
2021-12-30 13:26:50.714000,1.15145,1.15141,1000000,1100000
2021-12-30 13:26:52.727000,1.15145,1.15141,1000000,1600000
2021-12-30 13:26:57.365000,1.15147,1.15143,1000000,1100000
2021-12-30 13:26:57.778000,1.15147,1.15143,1000000,1200000
2021-12-30 13:26:57.879000,1.15146,1.15143,1000000,1000000
2021-12-30 13:26:58.031000,1.15145,1.15142,1000000,1110000
2021-12-30 13:26:58.132000,1.15146,1.15142,1000000,1110000
2021-12-30 13:27:00.074000,1.15146,1.15144,1000000,1020000
2021-12-30 13:27:00.125000,1.15154,1.1515,1100000,2370000
2021-12-30 13:27:00.226000,1.15153,1.15151,1000000,1370000
2021-12-30 13:27:00.327000,1.15153,1.15148,1000000,1000000
2021-12-30 13:27:00.428000,1.15152,1.15148,1000000,1100000
2021-12-30 13:27:00.530000,1.15151,1.15148,1000000,1000000
2021-12-30 13:27:00.732000,1.15151,1.15147,1000000,1970000
2021-12-30 13:27:02.789000,1.15151,1.15146,1200000,3390000
2021-12-30 13:27:02.891000,1.15148,1.15146,1000000,1120000
2021-12-30 13:27:02.941000,1.15151,1.15146,1570000,1760000
2021-12-30 13:27:03.533000,1.15149,1.15146,1000000,1000000
2021-12-30 13:27:03.634000,1.15149,1.15144,1000000,2070000
2021-12-30 13:27:03.836000,1.1515,1.15146,1000000,1200000
2021-12-30 13:27:06.370000,1.15148,1.15143,1000000,1890000
2021-12-30 13:27:06.471000,1.15147,1.15142,1000000,3290000
2021-12-30 13:27:08.021000,1.15148,1.15142,1000000,1000000
2021-12-30 13:27:08.122000,1.15148,1.15141,1000000,1510000
2021-12-30 13:27:09.712000,1.15147,1.15142,1000000,1390000
2021-12-30 13:27:11.994000,1.15147,1.15142,1000000,2390000
2021-12-30 13:27:13.504000,1.15147,1.15142,1000000,1390000
2021-12-30 13:27:13.606000,1.15148,1.15143,1000000,2630000
2021-12-30 13:27:17.128000,1.15147,1.15143,1000000,1000000
2021-12-30 13:27:17.229000,1.15147,1.15142,1000000,2060000
2021-12-30 13:27:17.659000,1.15147,1.15141,1000000,1500000
2021-12-30 13:27:21.345000,1.15147,1.15141,1000000,1700000
2021-12-30 13:27:21.635000,1.15146,1.15142,1000000,1100000
2021-12-30 13:27:33.729000,1.15146,1.15143,1000000,1500000
2021-12-30 13:27:33.949000,1.15146,1.15142,1000000,2070000
2021-12-30 13:27:35.604000,1.15147,1.15143,1000000,1500000
2021-12-30 13:27:40.417000,1.15147,1.15143,1000000,1560000
2021-12-30 13:27:45.235000,1.15149,1.15147,1000000,1010000
2021-12-30 13:27:45.286000,1.15152,1.15147,1950000,2890000
2021-12-30 13:27:50.667000,1.15152,1.15145,3470000,1310000
2021-12-30 13:27:50.869000,1.15152,1.15146,1120000,1010000
2021-12-30 13:27:50.971000,1.15153,1.15146,3450000,1390000
2021-12-30 13:27:51.072000,1.15152,1.15148,3450000,1000000
2021-12-30 13:27:54.338000,1.15152,1.15148,1950000,1500000
2021-12-30 13:27:55.888000,1.15153,1.15148,1500000,2180000
2021-12-30 13:27:55.989000,1.15154,1.15149,1000000,1180000
2021-12-30 13:27:56.091000,1.15155,1.1515,1390000,2760000
2021-12-30 13:27:56.707000,1.15156,1.15149,2290000,2690000
2021-12-30 13:27:57.072000,1.15154,1.1515,2850000,1500000
2021-12-30 13:27:57.468000,1.15154,1.1515,2700000,1500000
2021-12-30 13:27:58.211000,1.15153,1.1515,1000000,1500000
2021-12-30 13:28:05.714000,1.15155,1.1515,4820000,2570000
2021-12-30 13:28:05.816000,1.15154,1.1515,1000000,1120000
2021-12-30 13:28:05.967000,1.15154,1.15149,3450000,1000000
2021-12-30 13:28:06.706000,1.15153,1.15148,1000000,2780000
2021-12-30 13:28:10.375000,1.15153,1.15146,1000000,2870000
2021-12-30 13:28:13.652000,1.15149,1.15146,3640000,1120000
2021-12-30 13:28:13.703000,1.15149,1.15144,4390000,1100000
2021-12-30 13:28:13.804000,1.15148,1.15143,3000000,2700000
2021-12-30 13:28:13.855000,1.15146,1.15143,1000000,1120000
2021-12-30 13:28:13.905000,1.15146,1.15141,1000000,2510000
2021-12-30 13:28:18.823000,1.15146,1.15141,1200000,2820000
2021-12-30 13:28:22.982000,1.15147,1.15143,1000000,1000000
2021-12-30 13:28:23.134000,1.15146,1.15143,1000000,1000000
2021-12-30 13:28:23.235000,1.15147,1.15143,1000000,1260000
2021-12-30 13:28:27.429000,1.15147,1.15143,1000000,1100000
2021-12-30 13:28:32.817000,1.15147,1.15143,1000000,1600000
2021-12-30 13:28:32.970000,1.15147,1.15143,1000000,1760000
2021-12-30 13:28:33.805000,1.15147,1.15143,1000000,1890000
2021-12-30 13:28:39.897000,1.15149,1.15145,3450000,1000000
2021-12-30 13:28:43.511000,1.15148,1.15145,2250000,1000000
2021-12-30 13:28:43.614000,1.15147,1.15143,2700000,1000000
2021-12-30 13:28:44.179000,1.15148,1.15142,3790000,1000000
2021-12-30 13:28:45.312000,1.15146,1.15144,1000000,1250000
2021-12-30 13:28:45.413000,1.15148,1.15144,3450000,1120000
2021-12-30 13:28:46.125000,1.15147,1.15144,1000000,1000000
2021-12-30 13:28:46.546000,1.15148,1.15144,3300000,1000000
2021-12-30 13:28:46.721000,1.15147,1.15144,1000000,1000000
2021-12-30 13:28:47.556000,1.15148,1.15144,4200000,1000000
2021-12-30 13:28:53.024000,1.15147,1.15144,1000000,1000000
2021-12-30 13:28:54.357000,1.15149,1.15143,3450000,1000000
2021-12-30 13:28:55.109000,1.15147,1.15144,1000000,1000000
2021-12-30 13:28:56.821000,1.15149,1.15145,3450000,1000000
2021-12-30 13:28:56.943000,1.15149,1.15145,3600000,1000000
2021-12-30 13:29:04.172000,1.15149,1.15144,2100000,1000000
2021-12-30 13:29:05.373000,1.15149,1.15144,1950000,1250000
2021-12-30 13:29:07.823000,1.1515,1.15145,1600000,1000000
2021-12-30 13:29:08.114000,1.15148,1.15146,1250000,1500000
2021-12-30 13:29:08.216000,1.15149,1.15144,1390000,1000000
2021-12-30 13:29:09.587000,1.15149,1.15144,1720000,1000000
2021-12-30 13:29:11.270000,1.15147,1.15142,1200000,1310000
2021-12-30 13:29:14.313000,1.15147,1.15142,2720000,1000000
2021-12-30 13:29:14.465000,1.15146,1.15141,1000000,1000000
2021-12-30 13:29:18.416000,1.15146,1.15142,1200000,1250000
2021-12-30 13:29:20.866000,1.15144,1.1514,2140000,1000000
2021-12-30 13:29:20.967000,1.15143,1.15138,2720000,1000000
2021-12-30 13:29:21.069000,1.15142,1.15137,1850000,1000000
2021-12-30 13:29:21.170000,1.1514,1.15136,1200000,1000000
2021-12-30 13:29:21.271000,1.1514,1.15135,1690000,1000000
2021-12-30 13:29:21.372000,1.15139,1.15135,1000000,1000000
2021-12-30 13:29:21.717000,1.15139,1.15136,1000000,1000000
2021-12-30 13:29:21.768000,1.15141,1.15136,1990000,1000000
2021-12-30 13:29:22.782000,1.15142,1.15135,2090000,1000000
2021-12-30 13:29:23.288000,1.15141,1.15136,1690000,1000000
2021-12-30 13:29:23.496000,1.15141,1.15136,2090000,1000000
2021-12-30 13:29:23.748000,1.15141,1.15134,1840000,1000000
2021-12-30 13:29:24.316000,1.1514,1.15135,1200000,1000000
2021-12-30 13:29:25.328000,1.15141,1.15134,1600000,1000000
2021-12-30 13:29:28.105000,1.15137,1.15132,1200000,1620000
2021-12-30 13:29:28.206000,1.15137,1.15132,1850000,1000000
2021-12-30 13:29:28.307000,1.15137,1.15132,1850000,1000000
2021-12-30 13:29:28.918000,1.15137,1.15132,1850000,1000000
2021-12-30 13:29:29.019000,1.15137,1.15132,1850000,1500000
2021-12-30 13:29:29.120000,1.15137,1.15132,1850000,1500000
2021-12-30 13:29:31.671000,1.15136,1.15131,1600000,1500000
2021-12-30 13:29:32.136000,1.15136,1.15131,1600000,1940000
2021-12-30 13:29:32.331000,1.15138,1.15135,1120000,1250000
2021-12-30 13:29:32.432000,1.15141,1.15134,1650000,1250000
2021-12-30 13:29:35.846000,1.1514,1.15135,1600000,1250000
2021-12-30 13:29:36.255000,1.1514,1.15135,1840000,1000000
2021-12-30 13:29:36.611000,1.1514,1.15136,1840000,1000000
2021-12-30 13:29:40.106000,1.1514,1.15135,1870000,1200000
2021-12-30 13:29:42.784000,1.1514,1.15136,1000000,1200000
2021-12-30 13:29:50.083000,1.1514,1.15135,1000000,1600000
2021-12-30 13:29:50.184000,1.15141,1.15134,1000000,1600000
2021-12-30 13:29:50.906000,1.1514,1.15135,1000000,1600000
2021-12-30 13:29:51.149000,1.15141,1.15136,1000000,1600000
2021-12-30 13:29:54.611000,1.15141,1.15136,1000000,1200000
2021-12-30 13:29:55.413000,1.1514,1.15135,1000000,1100000
2021-12-30 13:29:56.711000,1.15139,1.15134,1000000,1000000
2021-12-30 13:29:58.132000,1.15144,1.15139,4100000,1000000
2021-12-30 13:29:58.182000,1.15134,1.15131,1000000,1300000
2021-12-30 13:29:58.233000,1.15133,1.15125,1500000,10150000
2021-12-30 13:29:58.284000,1.15132,1.15127,1620000,1000000
2021-12-30 13:29:58.880000,1.1513,1.15125,1120000,1000000
2021-12-30 13:29:59.523000,1.15131,1.15126,1620000,1000000
2021-12-30 13:30:00.010000,1.15131,1.15126,1620000,1000000
2021-12-30 13:30:00.060000,1.15127,1.15124,1000000,1000000
2021-12-30 13:30:00.162000,1.15133,1.15128,1500000,1000000
2021-12-30 13:30:00.264000,1.15134,1.15129,1120000,1000000
2021-12-30 13:30:00.366000,1.15135,1.15128,2370000,1000000
2021-12-30 13:30:00.467000,1.1514,1.15127,1000000,1000000
2021-12-30 13:30:00.569000,1.1514,1.15125,1000000,1000000
2021-12-30 13:30:00.670000,1.1514,1.15127,1000000,1610000
2021-12-30 13:30:00.721000,1.15143,1.15127,1500000,1610000
2021-12-30 13:30:01.098000,1.15144,1.15128,1500000,1110000
2021-12-30 13:30:01.387000,1.15132,1.15123,1000000,2250000
2021-12-30 13:30:01.488000,1.15137,1.15123,1000000,5250000
2021-12-30 13:30:01.657000,1.15134,1.15123,3190000,1000000
2021-12-30 13:30:01.758000,1.15132,1.15122,1000000,1000000
2021-12-30 13:30:01.840000,1.15135,1.15122,1000000,1000000
2021-12-30 13:30:01.941000,1.15134,1.15121,1000000,1000000
2021-12-30 13:30:02.093000,1.15135,1.1512,1620000,1000000
2021-12-30 13:30:02.461000,1.15134,1.15121,1500000,1500000
2021-12-30 13:30:03.207000,1.15139,1.15125,3350000,1500000
2021-12-30 13:30:03.308000,1.15137,1.15126,1120000,2250000
2021-12-30 13:30:03.860000,1.15136,1.15126,1000000,1500000
2021-12-30 13:30:05.214000,1.15135,1.15126,1000000,1500000
2021-12-30 13:30:05.416000,1.15136,1.15126,1000000,1500000
2021-12-30 13:30:07.063000,1.15137,1.15126,3220000,1500000
2021-12-30 13:30:07.165000,1.15136,1.15126,1600000,2100000
2021-12-30 13:30:07.603000,1.15137,1.15126,1720000,1600000
2021-12-30 13:30:07.704000,1.15136,1.15127,1200000,1600000
2021-12-30 13:30:09.059000,1.15137,1.15128,3760000,1220000
2021-12-30 13:30:11.081000,1.15137,1.15128,4000000,1600000
2021-12-30 13:30:11.183000,1.15136,1.15129,1600000,1100000
2021-12-30 13:30:11.284000,1.15137,1.15129,1850000,1200000
2021-12-30 13:30:12.059000,1.15135,1.15127,1720000,1710000
2021-12-30 13:30:14.262000,1.1513,1.15124,1950000,2060000
2021-12-30 13:30:14.363000,1.1513,1.15124,1500000,1970000
2021-12-30 13:30:14.465000,1.15131,1.15124,1950000,1220000
2021-12-30 13:30:16.752000,1.1513,1.15123,2100000,1100000
2021-12-30 13:30:16.854000,1.15128,1.15122,2700000,1600000
2021-12-30 13:30:16.955000,1.15128,1.15124,1000000,1200000
2021-12-30 13:30:17.006000,1.1513,1.15125,1950000,1000000
2021-12-30 13:30:19.014000,1.1513,1.15123,1950000,1720000
2021-12-30 13:30:19.523000,1.1513,1.15123,1500000,1720000
2021-12-30 13:30:19.635000,1.1513,1.15123,1950000,1720000
2021-12-30 13:30:20.143000,1.15136,1.15133,3500000,1690000
2021-12-30 13:30:20.194000,1.15142,1.15138,1120000,1910000
2021-12-30 13:30:20.245000,1.15145,1.15141,2100000,3600000
2021-12-30 13:30:20.348000,1.15145,1.1514,1200000,1000000
2021-12-30 13:30:20.983000,1.15145,1.1514,1700000,1000000
2021-12-30 13:30:21.136000,1.15145,1.1514,1120000,1200000
2021-12-30 13:30:21.365000,1.15147,1.1514,1000000,1600000
2021-12-30 13:30:21.466000,1.1515,1.15142,1990000,1200000
2021-12-30 13:30:21.567000,1.15149,1.15143,1390000,1200000
2021-12-30 13:30:22.173000,1.15149,1.15143,1890000,1200000
2021-12-30 13:30:23.327000,1.15144,1.1514,1250000,1960000
2021-12-30 13:30:23.428000,1.15145,1.15139,2140000,1200000
2021-12-30 13:30:23.529000,1.15145,1.15139,1000000,1720000
2021-12-30 13:30:24.635000,1.15147,1.15142,1000000,1200000
2021-12-30 13:30:26.148000,1.15147,1.15142,1000000,1600000
2021-12-30 13:30:26.249000,1.15147,1.15142,1000000,1200000
2021-12-30 13:30:27.653000,1.15146,1.15141,1000000,1600000
2021-12-30 13:30:30.889000,1.15146,1.15141,1000000,1950000
2021-12-30 13:30:30.990000,1.15147,1.15142,1250000,2320000
2021-12-30 13:30:32.022000,1.15148,1.15142,1120000,2470000
2021-12-30 13:30:32.225000,1.15147,1.15142,1000000,2470000
2021-12-30 13:30:33.227000,1.15147,1.15142,1000000,1760000
2021-12-30 13:30:37.050000,1.15146,1.15141,1000000,1760000
2021-12-30 13:30:37.201000,1.15147,1.1514,1000000,1910000
2021-12-30 13:30:38.161000,1.15147,1.15142,1000000,2320000
2021-12-30 13:30:38.262000,1.15147,1.15142,1000000,2470000
2021-12-30 13:30:38.860000,1.15147,1.15142,1000000,2320000
2021-12-30 13:30:39.403000,1.15147,1.15142,1000000,2470000
2021-12-30 13:30:40.082000,1.15147,1.15142,1000000,2320000
2021-12-30 13:30:42.895000,1.15148,1.15143,1000000,1350000
2021-12-30 13:30:43.098000,1.15149,1.15144,1000000,2290000
2021-12-30 13:30:44.069000,1.15149,1.15144,1000000,2140000
2021-12-30 13:30:44.170000,1.1515,1.15144,1120000,3040000
2021-12-30 13:30:47.473000,1.15149,1.15144,1000000,3410000
2021-12-30 13:30:48.070000,1.15153,1.15148,1120000,1200000
2021-12-30 13:30:48.171000,1.15153,1.15148,1000000,2100000
2021-12-30 13:30:48.272000,1.15153,1.15148,1000000,2320000
2021-12-30 13:30:50.401000,1.15153,1.15148,1000000,2470000
2021-12-30 13:30:53.949000,1.15153,1.15148,1250000,1950000
2021-12-30 13:30:55.088000,1.15152,1.15148,1000000,1100000
2021-12-30 13:30:56.346000,1.15154,1.15149,1000000,2540000
2021-12-30 13:30:56.397000,1.15156,1.1515,1200000,2540000
2021-12-30 13:30:56.498000,1.15155,1.1515,1000000,2850000
2021-12-30 13:30:56.599000,1.15156,1.1515,1000000,2850000
2021-12-30 13:30:58.658000,1.15156,1.1515,1000000,2470000
2021-12-30 13:30:59.041000,1.15156,1.1515,1000000,2470000
2021-12-30 13:30:59.466000,1.15155,1.1515,1000000,1720000
2021-12-30 13:31:00.101000,1.15155,1.15151,1000000,1100000
2021-12-30 13:31:00.203000,1.15155,1.15151,1000000,1100000
2021-12-30 13:31:01.936000,1.15155,1.15151,1000000,1100000
2021-12-30 13:31:01.987000,1.15158,1.15154,1100000,1100000
2021-12-30 13:31:02.089000,1.15158,1.15153,1000000,1570000
2021-12-30 13:31:02.240000,1.15158,1.15153,1000000,1720000
2021-12-30 13:31:03.013000,1.15158,1.15153,1000000,1570000
2021-12-30 13:31:04.587000,1.15158,1.15154,1000000,1100000
2021-12-30 13:31:04.688000,1.15159,1.15154,1500000,1950000
2021-12-30 13:31:05.267000,1.1516,1.15152,3140000,2700000
2021-12-30 13:31:05.419000,1.15159,1.15153,3140000,2850000
2021-12-30 13:31:07.160000,1.15159,1.15153,2140000,2470000
2021-12-30 13:31:07.996000,1.15158,1.15153,1000000,2470000
2021-12-30 13:31:08.178000,1.15158,1.15153,2140000,1100000
2021-12-30 13:31:08.772000,1.15158,1.15152,1000000,1100000
2021-12-30 13:31:10.429000,1.15157,1.15152,1950000,1760000
2021-12-30 13:31:10.479000,1.15155,1.15151,1000000,1100000
2021-12-30 13:31:10.631000,1.15155,1.1515,1000000,1570000
2021-12-30 13:31:10.732000,1.15155,1.1515,1000000,1720000
2021-12-30 13:31:11.153000,1.15154,1.1515,1000000,1720000
2021-12-30 13:31:14.217000,1.15153,1.15148,1200000,2720000
2021-12-30 13:31:14.326000,1.15153,1.15148,1950000,1570000
2021-12-30 13:31:14.427000,1.15153,1.15148,2100000,1200000
2021-12-30 13:31:15.454000,1.15153,1.15148,1950000,1570000
2021-12-30 13:31:15.969000,1.15152,1.15148,1000000,1570000
2021-12-30 13:31:17.301000,1.15153,1.15148,1950000,1570000
2021-12-30 13:31:20.411000,1.15152,1.15148,1000000,1100000
2021-12-30 13:31:24.260000,1.15152,1.15148,1000000,1700000
2021-12-30 13:31:24.365000,1.15152,1.15148,1000000,1100000
2021-12-30 13:31:27.554000,1.15152,1.15149,1000000,1100000
2021-12-30 13:31:36.412000,1.15154,1.15148,1000000,1600000
2021-12-30 13:31:37.175000,1.15155,1.15149,1500000,1950000
2021-12-30 13:31:37.276000,1.15154,1.1515,1000000,2100000
2021-12-30 13:31:37.377000,1.15155,1.1515,1000000,2100000
2021-12-30 13:31:37.568000,1.15155,1.15149,1000000,1950000
2021-12-30 13:31:37.669000,1.15153,1.1515,1000000,1950000
2021-12-30 13:31:39.022000,1.15155,1.15152,1000000,2660000
2021-12-30 13:31:39.074000,1.15157,1.15153,1500000,1100000
2021-12-30 13:31:39.175000,1.15158,1.15154,1500000,1100000
2021-12-30 13:31:39.714000,1.15158,1.15153,1760000,1100000
2021-12-30 13:31:39.887000,1.15157,1.15153,1500000,1570000
2021-12-30 13:31:40.016000,1.15157,1.15153,1500000,1720000
2021-12-30 13:31:40.425000,1.15158,1.15154,1500000,1100000
2021-12-30 13:31:42.167000,1.15158,1.15154,1000000,1100000
2021-12-30 13:31:43.593000,1.15159,1.15153,1000000,1200000
2021-12-30 13:31:43.746000,1.15156,1.15152,1310000,1000000
2021-12-30 13:31:43.847000,1.15155,1.1515,1000000,1200000
2021-12-30 13:31:43.949000,1.15153,1.1515,1000000,1200000
2021-12-30 13:31:44.051000,1.15153,1.15149,1000000,1100000
2021-12-30 13:31:50.411000,1.15152,1.15148,1000000,1700000
2021-12-30 13:31:50.658000,1.15152,1.15148,1000000,1570000
2021-12-30 13:31:55.228000,1.15153,1.15147,1000000,1100000
2021-12-30 13:31:55.330000,1.15153,1.15149,1000000,1100000
2021-12-30 13:31:58.626000,1.15156,1.15152,1000000,1720000
2021-12-30 13:31:58.727000,1.15156,1.15152,1000000,1100000
2021-12-30 13:31:58.879000,1.15156,1.15151,1000000,1100000
2021-12-30 13:31:59.595000,1.15156,1.15151,1000000,1100000
2021-12-30 13:31:59.768000,1.15156,1.15151,1000000,1100000
2021-12-30 13:31:59.869000,1.15156,1.15151,1000000,1100000
2021-12-30 13:32:01.591000,1.15156,1.15151,1000000,1570000
2021-12-30 13:32:01.692000,1.15155,1.1515,1000000,2450000
2021-12-30 13:32:04.141000,1.15153,1.15149,1000000,1200000
2021-12-30 13:32:04.923000,1.15152,1.15149,1000000,1100000
2021-12-30 13:32:10.181000,1.15152,1.15148,1000000,1570000
2021-12-30 13:32:16.193000,1.15153,1.15147,1000000,1100000
2021-12-30 13:32:20.992000,1.15153,1.15148,1000000,1700000
2021-12-30 13:32:21.093000,1.15152,1.15149,1000000,1100000
2021-12-30 13:32:21.612000,1.15153,1.15149,1000000,1100000
2021-12-30 13:32:22.757000,1.15152,1.15147,1750000,1600000
2021-12-30 13:32:22.859000,1.15152,1.15148,1000000,1100000
2021-12-30 13:32:22.961000,1.15152,1.15148,1000000,1100000
2021-12-30 13:32:23.117000,1.15152,1.15148,1000000,1100000
2021-12-30 13:32:23.852000,1.15152,1.15148,1000000,1700000
2021-12-30 13:32:23.902000,1.15152,1.15148,1000000,1100000
2021-12-30 13:32:26.469000,1.15153,1.15148,1000000,1000000
2021-12-30 13:32:26.571000,1.15153,1.15147,1000000,1100000
2021-12-30 13:32:31.118000,1.15141,1.15138,1250000,1620000
2021-12-30 13:32:31.220000,1.15141,1.15138,1810000,1500000
2021-12-30 13:32:31.321000,1.15139,1.15135,1690000,1250000
2021-12-30 13:32:31.473000,1.15139,1.15134,1250000,3260000
2021-12-30 13:32:45.278000,1.15139,1.15135,1690000,1850000
2021-12-30 13:32:45.379000,1.1514,1.15135,1690000,4040000
2021-12-30 13:32:45.483000,1.15142,1.15136,1000000,1760000
2021-12-30 13:32:45.534000,1.1514,1.15135,1750000,3790000
2021-12-30 13:32:45.635000,1.1514,1.15135,2200000,2890000
2021-12-30 13:32:47.464000,1.15138,1.15134,1000000,2390000
2021-12-30 13:32:49.862000,1.15138,1.15134,1250000,1200000
2021-12-30 13:32:49.963000,1.15137,1.15133,1000000,1200000
2021-12-30 13:32:50.065000,1.15138,1.15133,1310000,1100000
2021-12-30 13:32:50.166000,1.15137,1.15133,1000000,2100000
2021-12-30 13:32:50.267000,1.15137,1.15133,1000000,1100000
2021-12-30 13:32:50.604000,1.15137,1.15133,1000000,1720000
2021-12-30 13:32:52.336000,1.15137,1.15133,1000000,1570000
2021-12-30 13:32:54.451000,1.15137,1.15133,1000000,1720000
2021-12-30 13:32:54.725000,1.15137,1.15133,1000000,1570000
2021-12-30 13:32:55.169000,1.15137,1.15133,1120000,1720000
2021-12-30 13:32:56.627000,1.15135,1.15132,1000000,4320000
2021-12-30 13:32:56.729000,1.15137,1.15133,1250000,1200000
2021-12-30 13:32:57.950000,1.15137,1.15131,1000000,3850000
2021-12-30 13:32:58.063000,1.15137,1.15133,1000000,1760000
2021-12-30 13:32:58.169000,1.15136,1.15133,1000000,1760000
2021-12-30 13:32:58.220000,1.15138,1.15133,1760000,2510000
2021-12-30 13:32:59.245000,1.15138,1.15133,2570000,1570000
2021-12-30 13:32:59.296000,1.15136,1.15132,1850000,1600000
2021-12-30 13:32:59.347000,1.15137,1.15133,1250000,1000000
2021-12-30 13:33:00.226000,1.15137,1.15132,1760000,2510000
2021-12-30 13:33:00.847000,1.15137,1.15132,1310000,1910000
2021-12-30 13:33:01.280000,1.15137,1.15133,1250000,1810000
2021-12-30 13:33:04.184000,1.15137,1.15133,1250000,1210000
2021-12-30 13:33:04.285000,1.15137,1.15133,1250000,1210000
2021-12-30 13:33:09.278000,1.15137,1.15135,1000000,1000000
2021-12-30 13:33:09.329000,1.15139,1.15135,1000000,1250000
2021-12-30 13:33:09.380000,1.15142,1.15139,1000000,1100000
2021-12-30 13:33:09.483000,1.15144,1.15138,1200000,1120000
2021-12-30 13:33:09.585000,1.15144,1.1514,1000000,1350000
2021-12-30 13:33:09.686000,1.15145,1.15141,1000000,1850000
2021-12-30 13:33:10.820000,1.15145,1.15141,1000000,1390000
2021-12-30 13:33:15.359000,1.15146,1.15142,1000000,1390000
2021-12-30 13:33:15.460000,1.15148,1.15143,1000000,3790000
2021-12-30 13:33:15.562000,1.15152,1.15147,4310000,1720000
2021-12-30 13:33:18.005000,1.15153,1.15149,1000000,1010000
2021-12-30 13:33:18.106000,1.15153,1.15149,1000000,1910000
2021-12-30 13:33:18.207000,1.15153,1.15149,1000000,1760000
2021-12-30 13:33:18.413000,1.15153,1.15149,1000000,1910000
2021-12-30 13:33:18.824000,1.15157,1.15153,1000000,1200000
2021-12-30 13:33:18.874000,1.15158,1.15153,2510000,1200000
2021-12-30 13:33:18.975000,1.15157,1.15153,1000000,1200000
2021-12-30 13:33:19.573000,1.15155,1.15151,1750000,2530000
2021-12-30 13:33:19.674000,1.15151,1.15148,3810000,1500000
2021-12-30 13:33:19.775000,1.15151,1.15147,1500000,1000000
2021-12-30 13:33:21.824000,1.15151,1.15147,1000000,2100000
2021-12-30 13:33:24.611000,1.15152,1.15147,1120000,2290000
2021-12-30 13:33:24.934000,1.15154,1.15149,1500000,2890000
2021-12-30 13:33:25.035000,1.15153,1.15149,1000000,2140000
2021-12-30 13:33:26.043000,1.15152,1.15148,1200000,1000000
2021-12-30 13:33:26.147000,1.15151,1.15147,1000000,1200000
2021-12-30 13:33:27.315000,1.15151,1.15147,1000000,2290000
2021-12-30 13:33:33.425000,1.15152,1.15148,1000000,1760000
2021-12-30 13:33:33.526000,1.15152,1.15148,1000000,2290000
2021-12-30 13:33:33.880000,1.15154,1.1515,1000000,2010000
2021-12-30 13:33:34.922000,1.15155,1.15149,1000000,1390000
2021-12-30 13:33:35.023000,1.15153,1.15149,1000000,3890000
2021-12-30 13:33:35.124000,1.15153,1.15149,1000000,3640000
2021-12-30 13:33:35.812000,1.15154,1.1515,1000000,2760000
2021-12-30 13:33:36.230000,1.15154,1.1515,1000000,2700000
2021-12-30 13:33:36.806000,1.15154,1.1515,1000000,2010000
2021-12-30 13:33:37.726000,1.15158,1.15154,1500000,1100000
2021-12-30 13:33:37.827000,1.15158,1.15154,1000000,1010000
2021-12-30 13:33:40.603000,1.15158,1.15154,1000000,2760000
2021-12-30 13:33:41.084000,1.15159,1.15155,1000000,1010000
2021-12-30 13:33:41.412000,1.15159,1.15155,1000000,1890000
2021-12-30 13:33:41.513000,1.15159,1.15155,1000000,1010000
2021-12-30 13:33:42.910000,1.15158,1.15155,1000000,1010000
2021-12-30 13:33:45.078000,1.1516,1.15153,1000000,3510000
2021-12-30 13:33:45.280000,1.15159,1.15155,1000000,1350000
2021-12-30 13:33:45.691000,1.15161,1.15157,1000000,1220000
2021-12-30 13:33:45.792000,1.15162,1.15157,1500000,2290000
2021-12-30 13:33:45.901000,1.1516,1.15156,1000000,1200000
2021-12-30 13:33:46.003000,1.15159,1.15155,1500000,1200000
2021-12-30 13:33:46.105000,1.15158,1.15154,1000000,1220000
2021-12-30 13:33:49.453000,1.15159,1.15155,1000000,2100000
2021-12-30 13:33:49.706000,1.15159,1.15154,1000000,2660000
2021-12-30 13:33:50.154000,1.15158,1.15155,1000000,1100000
2021-12-30 13:33:57.855000,1.15158,1.15153,2620000,1410000
2021-12-30 13:33:58.615000,1.15156,1.15151,1870000,2320000
2021-12-30 13:33:58.716000,1.15154,1.15152,1000000,1260000
2021-12-30 13:33:58.767000,1.15156,1.15154,1000000,1100000
2021-12-30 13:33:58.868000,1.15159,1.15153,3190000,1200000
2021-12-30 13:33:59.710000,1.15157,1.15153,1000000,2290000
2021-12-30 13:34:00.123000,1.15151,1.15149,1000000,1350000
2021-12-30 13:34:00.225000,1.15152,1.15148,1500000,1100000
2021-12-30 13:34:01.573000,1.15151,1.15147,1000000,2160000
2021-12-30 13:34:03.607000,1.15149,1.15146,1000000,1350000
2021-12-30 13:34:03.709000,1.1515,1.15146,1000000,1350000
2021-12-30 13:34:03.810000,1.15151,1.15146,1000000,1910000
2021-12-30 13:34:04.012000,1.1515,1.15146,1000000,1350000
2021-12-30 13:34:04.114000,1.15151,1.15147,1000000,1410000
2021-12-30 13:34:04.267000,1.15151,1.15148,1000000,1100000
2021-12-30 13:34:04.515000,1.15152,1.15146,1000000,2660000
2021-12-30 13:34:04.617000,1.15152,1.15149,1000000,1010000
2021-12-30 13:34:04.718000,1.15152,1.15149,1000000,1350000
2021-12-30 13:34:04.820000,1.15152,1.15149,1000000,1570000
2021-12-30 13:34:04.921000,1.15151,1.15147,2560000,1220000
2021-12-30 13:34:04.972000,1.15152,1.15147,3190000,1790000
2021-12-30 13:34:06.096000,1.15152,1.15147,1690000,1910000
2021-12-30 13:34:06.198000,1.15152,1.15147,1690000,1910000
2021-12-30 13:34:08.981000,1.15151,1.15146,1000000,3540000
2021-12-30 13:34:09.083000,1.15151,1.15147,1000000,1910000
2021-12-30 13:34:09.617000,1.15152,1.15149,1000000,1350000
2021-12-30 13:34:09.718000,1.15153,1.15149,1000000,1350000
2021-12-30 13:34:09.819000,1.15152,1.15149,1000000,1600000
2021-12-30 13:34:10.350000,1.15152,1.15149,1000000,2510000
2021-12-30 13:34:10.709000,1.15156,1.15149,1500000,1910000
2021-12-30 13:34:11.110000,1.15156,1.15151,1000000,1350000
2021-12-30 13:34:11.544000,1.15155,1.15152,1000000,1010000
2021-12-30 13:34:12.103000,1.15159,1.15153,1120000,2320000
2021-12-30 13:34:12.204000,1.15158,1.15154,1000000,1350000
2021-12-30 13:34:12.539000,1.15158,1.15155,1000000,1350000
2021-12-30 13:34:14.113000,1.1516,1.15156,1000000,2160000
2021-12-30 13:34:14.164000,1.15159,1.15156,1000000,1100000
2021-12-30 13:34:14.265000,1.15158,1.15154,1000000,3040000
2021-12-30 13:34:16.119000,1.15159,1.15155,1000000,1350000
2021-12-30 13:34:16.220000,1.15159,1.15155,1000000,1100000
2021-12-30 13:34:16.322000,1.15158,1.15155,1000000,1350000
2021-12-30 13:34:18.119000,1.15158,1.15155,1000000,1100000
2021-12-30 13:34:19.120000,1.15158,1.15155,1000000,1100000
2021-12-30 13:34:21.120000,1.15158,1.15155,1000000,1100000
2021-12-30 13:34:21.472000,1.15159,1.15154,1000000,1350000
2021-12-30 13:34:23.263000,1.15158,1.15155,1000000,1100000
2021-12-30 13:34:24.113000,1.15159,1.15156,1000000,1100000
2021-12-30 13:34:24.844000,1.15161,1.15156,1000000,4790000
2021-12-30 13:34:24.945000,1.15161,1.15157,1000000,1910000
2021-12-30 13:34:25.949000,1.15161,1.15157,1000000,1760000
2021-12-30 13:34:26.100000,1.15163,1.15158,1460000,2660000
2021-12-30 13:34:26.202000,1.15163,1.15159,1460000,1720000
2021-12-30 13:34:26.304000,1.15161,1.15158,1010000,1000000
2021-12-30 13:34:26.406000,1.15158,1.15154,1000000,2540000
2021-12-30 13:34:26.508000,1.15159,1.15153,1000000,2100000
2021-12-30 13:34:26.886000,1.15158,1.15154,1000000,2100000
2021-12-30 13:34:27.038000,1.15158,1.15154,1000000,1410000
2021-12-30 13:34:27.943000,1.15158,1.15154,1000000,2290000
2021-12-30 13:34:28.044000,1.15157,1.15154,1000000,1850000
2021-12-30 13:34:28.907000,1.15157,1.15154,1000000,1390000
2021-12-30 13:34:29.123000,1.15159,1.15155,1000000,1410000
2021-12-30 13:34:29.224000,1.15158,1.15155,1000000,1790000
2021-12-30 13:34:29.587000,1.15162,1.15154,2140000,1790000
2021-12-30 13:34:31.084000,1.1516,1.15156,1000000,1850000
2021-12-30 13:34:31.357000,1.1516,1.15156,1000000,1200000
2021-12-30 13:34:31.515000,1.15159,1.15156,1000000,1200000
2021-12-30 13:34:31.702000,1.15159,1.15156,1000000,1220000
2021-12-30 13:34:32.185000,1.15159,1.15156,1000000,1200000
2021-12-30 13:34:33.108000,1.15159,1.15156,1000000,1100000
2021-12-30 13:34:33.209000,1.15159,1.15155,1000000,2850000
2021-12-30 13:34:34.263000,1.15158,1.15155,1000000,1200000
2021-12-30 13:34:36.129000,1.15159,1.15153,1000000,1200000
2021-12-30 13:34:36.231000,1.15157,1.15154,1000000,1200000
2021-12-30 13:34:39.630000,1.15157,1.15154,1000000,1790000
2021-12-30 13:34:41.121000,1.15161,1.15156,1000000,2660000
2021-12-30 13:34:41.272000,1.15162,1.15156,1000000,1700000
2021-12-30 13:34:42.208000,1.15164,1.1516,1410000,1950000
2021-12-30 13:34:42.310000,1.15164,1.15161,1210000,1010000
2021-12-30 13:34:42.726000,1.15165,1.15162,1000000,1010000
2021-12-30 13:34:42.828000,1.15165,1.15162,1000000,2140000
2021-12-30 13:34:43.816000,1.15165,1.15162,1000000,1010000
2021-12-30 13:34:44.290000,1.15162,1.15159,1500000,1000000
2021-12-30 13:34:44.341000,1.15162,1.15158,3470000,1000000
2021-12-30 13:34:44.392000,1.15159,1.15155,1000000,2760000
2021-12-30 13:34:44.493000,1.15155,1.15153,1750000,1000000
2021-12-30 13:34:44.544000,1.15154,1.15151,1000000,5890000
2021-12-30 13:34:44.645000,1.15155,1.1515,1690000,3040000
2021-12-30 13:34:45.285000,1.15155,1.1515,1000000,3290000
2021-12-30 13:34:45.491000,1.15157,1.1515,1690000,1850000
2021-12-30 13:34:45.592000,1.15157,1.15153,2060000,1200000
2021-12-30 13:34:45.694000,1.15157,1.15153,1310000,1600000
2021-12-30 13:34:46.130000,1.15158,1.15153,1000000,1910000
2021-12-30 13:34:50.392000,1.15158,1.15154,1000000,2140000
2021-12-30 13:34:50.443000,1.15161,1.15157,1000000,1100000
2021-12-30 13:34:50.494000,1.15162,1.15159,1000000,1010000
2021-12-30 13:34:50.595000,1.15164,1.15159,2440000,4540000
2021-12-30 13:34:50.953000,1.15161,1.15159,1940000,1300000
2021-12-30 13:34:51.056000,1.1516,1.15156,1000000,2140000
2021-12-30 13:34:51.158000,1.15161,1.15155,1000000,1910000
2021-12-30 13:34:52.502000,1.1516,1.15156,1000000,1760000
2021-12-30 13:34:52.605000,1.15159,1.15155,1250000,3040000
2021-12-30 13:34:52.706000,1.15159,1.15153,1000000,1100000
2021-12-30 13:34:52.808000,1.15158,1.15154,1000000,2640000
2021-12-30 13:34:54.110000,1.15159,1.15156,1000000,1760000
2021-12-30 13:34:54.220000,1.1516,1.15158,1000000,1200000
2021-12-30 13:34:54.321000,1.15161,1.15158,1000000,1200000
2021-12-30 13:34:56.122000,1.15162,1.15159,1000000,3790000
2021-12-30 13:34:56.177000,1.15165,1.15159,1000000,1350000
2021-12-30 13:35:02.687000,1.15163,1.15159,1000000,4000000
2021-12-30 13:35:02.789000,1.15162,1.15158,1000000,2140000
2021-12-30 13:35:03.204000,1.15163,1.15157,2160000,1000000
2021-12-30 13:35:03.305000,1.15161,1.15156,1570000,4390000
2021-12-30 13:35:03.917000,1.15161,1.15157,1000000,2160000
2021-12-30 13:35:04.106000,1.15162,1.15158,1000000,2010000
2021-12-30 13:35:04.208000,1.15162,1.15158,1000000,1760000
2021-12-30 13:35:04.310000,1.15162,1.15157,2510000,1950000
2021-12-30 13:35:04.411000,1.15161,1.15156,1500000,4160000
2021-12-30 13:35:04.513000,1.1516,1.15156,1000000,3260000
2021-12-30 13:35:06.475000,1.1516,1.15156,1000000,3010000
2021-12-30 13:35:06.526000,1.15161,1.15158,1000000,2820000
2021-12-30 13:35:06.829000,1.15162,1.15156,1000000,2640000
2021-12-30 13:35:06.937000,1.15161,1.15157,1000000,2140000
2021-12-30 13:35:07.126000,1.15162,1.15158,1500000,2510000
2021-12-30 13:35:07.328000,1.15161,1.15157,1000000,2140000
2021-12-30 13:35:07.480000,1.15161,1.15156,1010000,4010000
2021-12-30 13:35:08.083000,1.15161,1.15156,1570000,3320000
2021-12-30 13:35:08.198000,1.1516,1.15156,1000000,3260000
2021-12-30 13:35:08.468000,1.15161,1.15157,1000000,2140000
2021-12-30 13:35:09.036000,1.1516,1.15156,1000000,4040000
2021-12-30 13:35:09.138000,1.15162,1.15158,1500000,1760000
2021-12-30 13:35:09.239000,1.15161,1.15157,1000000,3760000
2021-12-30 13:35:09.340000,1.15161,1.15157,1000000,1690000
2021-12-30 13:35:09.847000,1.15161,1.15156,1000000,1000000
2021-12-30 13:35:09.898000,1.1516,1.15155,1000000,3640000
2021-12-30 13:35:09.999000,1.15159,1.15155,1000000,1390000
2021-12-30 13:35:12.120000,1.1516,1.15156,1500000,2640000
2021-12-30 13:35:14.120000,1.15162,1.15157,1690000,3220000
2021-12-30 13:35:14.623000,1.15162,1.15157,1000000,3640000
2021-12-30 13:35:14.820000,1.15163,1.15156,1500000,3790000
2021-12-30 13:35:15.132000,1.15161,1.15157,1000000,3640000
2021-12-30 13:35:15.234000,1.15161,1.15156,2060000,2140000
2021-12-30 13:35:16.396000,1.1516,1.15156,1000000,2510000
2021-12-30 13:35:16.548000,1.15161,1.15156,1690000,2890000
2021-12-30 13:35:17.073000,1.15161,1.15156,1500000,2950000
2021-12-30 13:35:17.175000,1.15161,1.15158,1000000,1200000
2021-12-30 13:35:17.283000,1.15161,1.15157,1000000,2890000
2021-12-30 13:35:17.538000,1.15161,1.15157,1000000,3040000
2021-12-30 13:35:17.679000,1.15161,1.15156,1390000,4010000
2021-12-30 13:35:17.781000,1.1516,1.15156,1000000,2140000
2021-12-30 13:35:19.138000,1.1516,1.15156,1000000,2890000
2021-12-30 13:35:19.800000,1.1516,1.15156,1000000,1950000
2021-12-30 13:35:19.901000,1.15161,1.15157,1000000,1390000
2021-12-30 13:35:21.130000,1.15163,1.15159,1000000,1760000
2021-12-30 13:35:21.180000,1.15164,1.1516,1000000,1910000
2021-12-30 13:35:21.282000,1.15164,1.15161,1000000,1890000
2021-12-30 13:35:21.383000,1.15165,1.15162,1000000,1100000
2021-12-30 13:35:21.909000,1.15165,1.15162,1000000,1850000
2021-12-30 13:35:22.131000,1.15166,1.15163,1000000,1100000
2021-12-30 13:35:22.619000,1.15166,1.15162,1000000,2140000
2021-12-30 13:35:38.179000,1.15165,1.15162,1000000,1100000
2021-12-30 13:35:42.238000,1.15165,1.15161,1000000,1760000
2021-12-30 13:35:45.390000,1.15165,1.15161,1000000,1510000
2021-12-30 13:35:45.441000,1.15167,1.15162,1000000,3040000
2021-12-30 13:35:45.542000,1.15165,1.15163,1000000,1120000
2021-12-30 13:35:45.694000,1.15165,1.15162,1000000,1010000
2021-12-30 13:35:46.363000,1.15165,1.15162,1000000,1350000
2021-12-30 13:35:46.465000,1.15165,1.15161,1000000,2790000
2021-12-30 13:35:47.137000,1.15165,1.15163,1000000,1000000
2021-12-30 13:35:47.239000,1.15165,1.15162,1000000,1890000
2021-12-30 13:35:47.340000,1.15166,1.15161,1000000,1390000
2021-12-30 13:35:49.125000,1.15165,1.15162,1000000,2160000
2021-12-30 13:35:49.276000,1.15165,1.15162,1000000,1100000
2021-12-30 13:35:49.937000,1.15168,1.15164,1000000,1410000
2021-12-30 13:35:50.089000,1.15167,1.15163,1000000,3200000
2021-12-30 13:35:50.392000,1.15166,1.15162,1000000,3410000
2021-12-30 13:35:50.572000,1.15166,1.15162,1000000,2700000
2021-12-30 13:35:51.587000,1.15166,1.15162,1000000,3200000
2021-12-30 13:35:52.060000,1.15167,1.15164,1000000,1000000
2021-12-30 13:35:52.161000,1.15167,1.15163,1000000,1910000
2021-12-30 13:35:52.519000,1.15168,1.15162,1000000,1570000
2021-12-30 13:35:53.147000,1.15165,1.15162,1000000,1100000
2021-12-30 13:35:53.298000,1.15164,1.1516,2010000,1000000
2021-12-30 13:35:53.400000,1.15161,1.15155,1640000,2700000
2021-12-30 13:35:53.501000,1.1516,1.15156,1000000,1760000
2021-12-30 13:35:53.602000,1.15161,1.15157,1000000,1100000
2021-12-30 13:35:54.085000,1.15162,1.15158,1000000,1640000
2021-12-30 13:35:54.136000,1.15164,1.15159,1390000,3290000
2021-12-30 13:35:54.238000,1.15163,1.15159,1000000,3040000
2021-12-30 13:35:54.440000,1.15164,1.1516,1000000,1100000
2021-12-30 13:35:56.145000,1.15164,1.15161,1000000,1350000
2021-12-30 13:35:56.296000,1.15164,1.15161,1250000,1010000
2021-12-30 13:35:56.448000,1.15164,1.1516,1000000,1950000
2021-12-30 13:35:56.552000,1.15164,1.1516,1000000,1600000
2021-12-30 13:35:57.109000,1.15164,1.1516,1000000,1200000
2021-12-30 13:35:57.210000,1.15163,1.15158,1390000,2320000
2021-12-30 13:35:57.311000,1.15162,1.15158,2140000,1000000
2021-12-30 13:35:57.413000,1.1516,1.15156,1000000,1760000
2021-12-30 13:35:57.514000,1.15161,1.15156,1200000,1760000
2021-12-30 13:35:57.899000,1.1516,1.15156,1000000,1700000
2021-12-30 13:35:58.152000,1.1516,1.15155,1000000,2510000
2021-12-30 13:35:59.120000,1.15162,1.15158,1000000,1100000
2021-12-30 13:35:59.272000,1.15161,1.15157,1000000,1200000
2021-12-30 13:35:59.373000,1.1516,1.15156,1000000,1950000
2021-12-30 13:36:00.500000,1.15161,1.15157,1000000,1010000
2021-12-30 13:36:01.280000,1.15164,1.15159,1120000,1100000
2021-12-30 13:36:01.381000,1.15165,1.15161,1000000,2660000
2021-12-30 13:36:02.136000,1.15166,1.15162,1000000,2290000
2021-12-30 13:36:03.140000,1.15167,1.15163,1000000,1640000
2021-12-30 13:36:03.712000,1.15166,1.15162,1250000,3360000
2021-12-30 13:36:03.814000,1.15166,1.15162,1250000,1570000
2021-12-30 13:36:05.013000,1.15165,1.15161,1000000,2850000
2021-12-30 13:36:12.139000,1.15166,1.15162,1000000,1600000
2021-12-30 13:36:12.241000,1.15165,1.15162,1000000,1200000
2021-12-30 13:36:13.189000,1.15165,1.15162,1000000,1600000
2021-12-30 13:36:13.341000,1.15165,1.15162,1000000,1200000
2021-12-30 13:36:16.161000,1.15165,1.15163,1000000,1100000
2021-12-30 13:36:16.262000,1.15166,1.15162,1000000,1600000
2021-12-30 13:36:16.363000,1.15166,1.15162,1000000,1200000
2021-12-30 13:36:17.129000,1.15166,1.15163,1000000,1100000
2021-12-30 13:36:17.381000,1.15166,1.15162,1000000,1570000
2021-12-30 13:36:20.066000,1.15166,1.15164,1000000,1000000
2021-12-30 13:36:20.167000,1.15166,1.15162,1000000,1200000
2021-12-30 13:36:21.823000,1.1517,1.15167,1000000,1560000
2021-12-30 13:36:21.925000,1.1517,1.15166,1250000,3410000
2021-12-30 13:36:22.745000,1.15167,1.15165,1250000,2250000
2021-12-30 13:36:22.797000,1.15164,1.15161,1000000,2260000
2021-12-30 13:36:22.898000,1.15165,1.15162,1000000,1100000
2021-12-30 13:36:23.607000,1.15165,1.15162,1000000,1350000
2021-12-30 13:36:23.809000,1.15165,1.15162,1000000,1950000
2021-12-30 13:36:24.112000,1.15164,1.15161,1000000,1570000
2021-12-30 13:36:24.466000,1.15164,1.1516,1500000,1570000
2021-12-30 13:36:24.667000,1.15164,1.1516,1500000,1600000
2021-12-30 13:36:24.805000,1.15164,1.1516,1000000,1570000
2021-12-30 13:36:24.907000,1.15161,1.15159,1000000,1120000
2021-12-30 13:36:25.008000,1.15161,1.15157,1000000,3070000
2021-12-30 13:36:25.109000,1.15163,1.1516,1000000,1100000
2021-12-30 13:36:25.160000,1.15164,1.1516,1500000,1100000
2021-12-30 13:36:29.383000,1.15164,1.15161,1000000,1850000
2021-12-30 13:36:31.083000,1.15164,1.15161,1000000,1390000
2021-12-30 13:36:31.185000,1.15164,1.15161,1000000,1850000
2021-12-30 13:36:32.049000,1.15167,1.15164,1000000,1010000
2021-12-30 13:36:32.251000,1.15167,1.15162,1250000,2850000
2021-12-30 13:36:36.069000,1.15167,1.15162,1000000,4790000
2021-12-30 13:36:36.170000,1.15167,1.15162,1950000,3660000
2021-12-30 13:36:37.123000,1.15167,1.15162,1000000,1100000
2021-12-30 13:36:37.224000,1.15167,1.15163,1000000,1100000
2021-12-30 13:36:37.332000,1.15168,1.15164,1500000,1760000
2021-12-30 13:36:37.433000,1.15167,1.15163,1000000,3390000
2021-12-30 13:36:37.534000,1.15166,1.15163,1000000,1000000
2021-12-30 13:36:38.901000,1.15166,1.15162,1000000,2140000
2021-12-30 13:36:39.411000,1.15165,1.15161,1000000,3390000
2021-12-30 13:36:39.512000,1.15165,1.15161,1000000,1760000
2021-12-30 13:36:40.954000,1.15165,1.15161,2500000,1010000
2021-12-30 13:36:41.055000,1.15165,1.15161,1500000,1100000
2021-12-30 13:36:41.159000,1.15165,1.15161,1000000,1100000
2021-12-30 13:36:42.037000,1.15165,1.15161,1000000,1950000
2021-12-30 13:36:42.138000,1.15165,1.15161,1000000,2640000
2021-12-30 13:36:42.843000,1.15165,1.15161,1000000,2510000
2021-12-30 13:36:45.065000,1.15164,1.1516,1250000,3260000
2021-12-30 13:36:45.268000,1.15165,1.15161,1000000,1100000
2021-12-30 13:36:50.125000,1.15165,1.15162,1000000,1010000
2021-12-30 13:36:50.277000,1.15165,1.15161,1000000,1100000
2021-12-30 13:36:50.719000,1.15165,1.1516,2500000,3100000
2021-12-30 13:36:50.821000,1.15165,1.1516,1950000,1570000
2021-12-30 13:36:50.922000,1.15166,1.15159,2700000,1600000
2021-12-30 13:36:51.039000,1.15165,1.1516,2700000,1570000
2021-12-30 13:36:51.219000,1.15164,1.15159,2200000,3220000
2021-12-30 13:36:51.321000,1.15162,1.15157,3140000,1220000
2021-12-30 13:36:51.372000,1.15161,1.15156,1250000,2320000
2021-12-30 13:36:51.423000,1.15159,1.15155,1000000,2140000
2021-12-30 13:36:51.877000,1.15159,1.15157,1000000,3440000
2021-12-30 13:36:51.979000,1.15164,1.1516,1000000,1100000
2021-12-30 13:36:53.704000,1.15163,1.1516,1250000,1200000
2021-12-30 13:36:53.755000,1.1516,1.15157,1310000,1000000
2021-12-30 13:36:53.857000,1.15159,1.15154,1000000,2700000
2021-12-30 13:36:53.958000,1.1516,1.15153,1200000,1970000
2021-12-30 13:36:54.311000,1.15158,1.15154,1000000,1970000
2021-12-30 13:36:55.081000,1.15159,1.15155,1000000,2160000
2021-12-30 13:36:55.183000,1.1516,1.15154,1000000,1760000
2021-12-30 13:36:57.103000,1.15159,1.15156,1000000,1010000
2021-12-30 13:36:57.204000,1.15159,1.15154,1000000,2010000
2021-12-30 13:36:57.305000,1.15158,1.15154,1000000,1760000
2021-12-30 13:36:57.457000,1.15158,1.15155,1000000,1870000
2021-12-30 13:36:57.558000,1.15159,1.15154,1500000,2010000
2021-12-30 13:36:57.660000,1.15159,1.15154,1500000,1760000
2021-12-30 13:36:58.020000,1.15158,1.15154,1000000,1760000
2021-12-30 13:36:58.134000,1.15159,1.15154,2700000,1760000
2021-12-30 13:37:02.888000,1.15159,1.15154,1950000,2140000
2021-12-30 13:37:03.879000,1.15158,1.15154,1200000,1010000
2021-12-30 13:37:04.766000,1.15159,1.15155,1000000,1010000
2021-12-30 13:37:05.125000,1.1516,1.15156,1000000,2040000
2021-12-30 13:37:05.379000,1.1516,1.15155,1000000,3010000
2021-12-30 13:37:05.598000,1.1516,1.15155,1000000,2890000
2021-12-30 13:37:05.901000,1.1516,1.15154,1000000,1010000
2021-12-30 13:37:06.103000,1.15159,1.15154,1000000,2510000
2021-12-30 13:37:06.519000,1.15159,1.15154,1000000,2910000
2021-12-30 13:37:07.002000,1.15158,1.15153,1570000,2540000
2021-12-30 13:37:07.103000,1.15158,1.15153,2320000,2510000
2021-12-30 13:37:07.204000,1.15158,1.15153,2320000,2540000
2021-12-30 13:37:07.611000,1.15158,1.15153,1570000,2510000
2021-12-30 13:37:08.037000,1.15156,1.15152,1950000,1120000
2021-12-30 13:37:08.138000,1.15157,1.15153,2640000,1100000
2021-12-30 13:37:08.240000,1.15154,1.15152,1200000,1000000
2021-12-30 13:37:08.290000,1.15154,1.15149,1200000,3510000
2021-12-30 13:37:08.444000,1.15153,1.15148,1000000,2660000
2021-12-30 13:37:08.545000,1.15153,1.15148,2510000,1950000
2021-12-30 13:37:08.646000,1.15152,1.15147,1950000,1790000
2021-12-30 13:37:09.791000,1.15151,1.15147,1570000,1010000
2021-12-30 13:37:09.892000,1.15154,1.1515,1000000,1100000
2021-12-30 13:37:10.095000,1.15156,1.15151,1950000,2790000
2021-12-30 13:37:10.196000,1.15156,1.1515,1000000,1760000
2021-12-30 13:37:10.298000,1.15154,1.15149,1000000,3390000
2021-12-30 13:37:10.399000,1.15154,1.15149,1570000,2320000
2021-12-30 13:37:10.500000,1.15153,1.15149,1000000,2320000
2021-12-30 13:37:12.125000,1.15154,1.15149,1200000,3640000
2021-12-30 13:37:12.226000,1.15153,1.15149,1000000,1760000
2021-12-30 13:37:13.073000,1.15153,1.15149,1000000,1820000
2021-12-30 13:37:13.175000,1.15155,1.15148,1000000,3010000
2021-12-30 13:37:13.276000,1.15154,1.15149,1000000,1760000
2021-12-30 13:37:13.377000,1.15153,1.15149,1000000,1760000
2021-12-30 13:37:15.121000,1.15154,1.1515,1000000,1640000
2021-12-30 13:37:15.172000,1.15153,1.15149,1000000,2890000
2021-12-30 13:37:15.324000,1.15153,1.15149,1000000,3040000
2021-12-30 13:37:15.663000,1.15153,1.15149,1000000,2890000
2021-12-30 13:37:20.197000,1.15153,1.1515,1000000,1000000
2021-12-30 13:37:20.248000,1.15153,1.15149,1000000,1000000
2021-12-30 13:37:21.266000,1.15153,1.15148,1000000,2510000
2021-12-30 13:37:22.697000,1.15153,1.1515,1200000,1000000
2021-12-30 13:37:22.748000,1.15153,1.15148,1000000,1570000
2021-12-30 13:37:25.037000,1.15152,1.15148,1000000,1570000
2021-12-30 13:37:26.479000,1.15153,1.15147,1000000,2290000
2021-12-30 13:37:29.963000,1.15154,1.15151,1000000,1010000
2021-12-30 13:37:30.065000,1.15155,1.15151,1000000,1010000
2021-12-30 13:37:30.167000,1.15159,1.15153,3370000,1010000
2021-12-30 13:37:30.502000,1.15157,1.15153,1370000,1200000
2021-12-30 13:37:30.603000,1.15156,1.15149,1010000,2470000
2021-12-30 13:37:30.705000,1.15155,1.1515,1760000,1200000
2021-12-30 13:37:30.806000,1.15153,1.15148,1100000,3040000
2021-12-30 13:37:31.846000,1.15152,1.15148,1310000,1600000
2021-12-30 13:37:31.948000,1.15152,1.15147,1010000,1720000
2021-12-30 13:37:32.907000,1.15151,1.15146,2220000,3200000
2021-12-30 13:37:33.009000,1.15151,1.15147,1100000,1570000
2021-12-30 13:37:33.110000,1.15151,1.15148,1000000,1010000
2021-12-30 13:37:33.909000,1.15152,1.15148,1000000,1100000
2021-12-30 13:37:36.072000,1.15152,1.15148,1000000,2640000
2021-12-30 13:37:36.184000,1.15152,1.15148,1000000,1760000
2021-12-30 13:37:37.697000,1.15152,1.15148,1000000,2390000
2021-12-30 13:37:40.112000,1.15154,1.15149,1000000,1820000
2021-12-30 13:37:40.796000,1.15153,1.15149,1000000,1450000
2021-12-30 13:37:40.976000,1.15153,1.15149,1000000,1390000
2021-12-30 13:37:41.127000,1.15153,1.15149,1000000,1000000
2021-12-30 13:37:41.229000,1.15153,1.15148,1000000,4040000
2021-12-30 13:37:41.431000,1.15153,1.15148,1570000,1760000
2021-12-30 13:37:41.532000,1.15152,1.15147,1100000,2660000
2021-12-30 13:37:41.737000,1.15152,1.15147,1200000,2140000
2021-12-30 13:37:43.094000,1.15153,1.15147,1000000,1000000
2021-12-30 13:37:44.060000,1.15152,1.15148,1000000,2510000
2021-12-30 13:37:44.823000,1.15153,1.15148,2320000,1250000
2021-12-30 13:37:45.411000,1.15153,1.15148,2320000,1250000
2021-12-30 13:37:45.512000,1.15153,1.15148,1950000,1310000
2021-12-30 13:37:48.083000,1.15152,1.15148,1000000,1250000
2021-12-30 13:37:50.884000,1.15152,1.1515,1000000,1000000
2021-12-30 13:37:50.935000,1.15155,1.1515,2320000,3260000
2021-12-30 13:37:51.087000,1.15155,1.15151,1000000,1250000
2021-12-30 13:37:51.238000,1.15155,1.1515,1120000,2510000
2021-12-30 13:37:52.114000,1.15155,1.15151,1000000,2890000
2021-12-30 13:37:52.219000,1.15156,1.15154,1000000,1250000
2021-12-30 13:37:52.321000,1.15158,1.15154,1950000,1250000
2021-12-30 13:37:52.488000,1.15158,1.15154,1950000,1250000
2021-12-30 13:37:52.952000,1.15158,1.15154,1950000,1250000
2021-12-30 13:37:53.003000,1.15156,1.15152,1000000,2760000
2021-12-30 13:37:53.105000,1.15156,1.15152,1570000,1250000
2021-12-30 13:37:53.618000,1.15155,1.15151,1250000,2140000
2021-12-30 13:37:53.719000,1.15153,1.15149,1500000,1690000
2021-12-30 13:37:54.884000,1.15153,1.15148,2140000,1570000
2021-12-30 13:37:54.986000,1.15152,1.15148,1010000,1500000
2021-12-30 13:37:55.087000,1.15151,1.15147,1390000,1000000
2021-12-30 13:37:55.912000,1.15152,1.15147,1570000,1010000
2021-12-30 13:37:58.112000,1.15152,1.15147,1390000,1700000
2021-12-30 13:38:00.840000,1.15153,1.15146,1390000,1950000
2021-12-30 13:38:00.941000,1.15152,1.15147,1250000,2070000
2021-12-30 13:38:02.212000,1.15153,1.15146,1390000,2700000
2021-12-30 13:38:03.756000,1.15152,1.15147,1250000,2070000
2021-12-30 13:38:05.668000,1.15153,1.15146,1390000,1200000
2021-12-30 13:38:07.321000,1.15153,1.15146,2200000,1000000
2021-12-30 13:38:07.422000,1.15147,1.15141,1250000,2620000
2021-12-30 13:38:08.182000,1.15146,1.15141,1640000,1120000
2021-12-30 13:38:08.438000,1.15145,1.1514,2760000,1000000
2021-12-30 13:38:08.589000,1.15145,1.1514,1390000,1200000
2021-12-30 13:38:09.847000,1.15145,1.1514,1390000,1600000
2021-12-30 13:38:11.463000,1.15145,1.1514,1250000,3260000
2021-12-30 13:38:11.586000,1.15146,1.15141,1820000,1000000
2021-12-30 13:38:17.527000,1.15146,1.15141,1760000,1250000
2021-12-30 13:38:17.678000,1.15146,1.15141,1820000,1500000
2021-12-30 13:38:17.783000,1.15146,1.15141,1390000,1310000
2021-12-30 13:38:18.973000,1.15146,1.15141,1390000,2190000
2021-12-30 13:38:22.987000,1.15146,1.15141,1390000,2060000
2021-12-30 13:38:32.803000,1.15146,1.15141,1200000,2190000
2021-12-30 13:38:34.011000,1.15144,1.1514,1570000,1620000
2021-12-30 13:38:34.114000,1.15141,1.15137,1010000,1000000
2021-12-30 13:38:34.215000,1.15141,1.15136,1790000,1000000
2021-12-30 13:38:34.366000,1.15141,1.15136,2140000,1000000
2021-12-30 13:38:34.786000,1.15141,1.15136,2390000,1000000
2021-12-30 13:38:37.201000,1.1514,1.15135,1760000,1000000
2021-12-30 13:38:37.302000,1.1514,1.15135,1790000,1000000
2021-12-30 13:38:41.147000,1.1514,1.15135,1760000,1000000
2021-12-30 13:38:41.249000,1.1514,1.15135,1790000,1000000
2021-12-30 13:38:41.350000,1.15143,1.1514,2750000,1000000
2021-12-30 13:38:41.401000,1.15146,1.15139,1500000,2510000
2021-12-30 13:38:41.503000,1.15144,1.15141,1000000,2440000
2021-12-30 13:38:41.554000,1.15146,1.15141,1200000,2440000
2021-12-30 13:38:41.956000,1.15146,1.15141,1350000,2320000
2021-12-30 13:38:42.704000,1.15146,1.15141,1010000,2140000
2021-12-30 13:38:43.461000,1.15146,1.15142,1100000,1000000
2021-12-30 13:38:55.128000,1.15147,1.15142,1570000,1250000
2021-12-30 13:38:57.329000,1.15147,1.15142,1600000,1250000
2021-12-30 13:38:57.959000,1.15147,1.15142,1570000,1250000
2021-12-30 13:38:58.361000,1.15148,1.15141,1600000,1310000
2021-12-30 13:39:00.129000,1.15147,1.15142,1570000,1310000
2021-12-30 13:39:00.240000,1.15148,1.15141,1790000,1120000
2021-12-30 13:39:00.696000,1.15146,1.15142,1350000,1000000
2021-12-30 13:39:01.200000,1.15147,1.15141,1010000,1000000
2021-12-30 13:39:01.511000,1.15146,1.15141,2510000,1310000
2021-12-30 13:39:01.870000,1.15145,1.15141,1570000,1000000
2021-12-30 13:39:02.072000,1.15144,1.15141,1000000,1000000
2021-12-30 13:39:02.860000,1.15147,1.1514,1570000,1010000
2021-12-30 13:39:03.569000,1.15146,1.1514,4200000,1000000
2021-12-30 13:39:03.671000,1.15141,1.15139,1000000,1000000
2021-12-30 13:39:03.772000,1.15143,1.15138,1000000,1000000
2021-12-30 13:39:03.823000,1.15142,1.15137,1910000,1140000
2021-12-30 13:39:03.974000,1.15141,1.15137,1350000,1000000
2021-12-30 13:39:04.075000,1.1514,1.15135,2510000,1200000
2021-12-30 13:39:06.720000,1.1514,1.15135,2640000,1100000
2021-12-30 13:39:09.362000,1.15137,1.15133,1760000,1000000
2021-12-30 13:39:09.463000,1.15137,1.15134,1000000,1000000
2021-12-30 13:39:09.565000,1.15138,1.15134,1200000,1000000
2021-12-30 13:39:10.438000,1.15139,1.15134,2890000,1100000
2021-12-30 13:39:12.223000,1.15139,1.15134,2660000,1000000
2021-12-30 13:39:12.324000,1.15137,1.15132,1120000,1410000
2021-12-30 13:39:12.597000,1.15137,1.15132,1200000,1760000
2021-12-30 13:39:13.106000,1.15135,1.1513,1200000,1120000
2021-12-30 13:39:13.258000,1.15135,1.15129,1000000,1000000
2021-12-30 13:39:15.599000,1.15135,1.15129,1600000,1000000
2021-12-30 13:39:16.118000,1.15133,1.15128,1100000,2890000
2021-12-30 13:39:16.558000,1.15133,1.15128,1000000,2540000
2021-12-30 13:39:16.609000,1.15137,1.15132,1000000,2790000
2021-12-30 13:39:16.711000,1.15138,1.15134,1000000,1760000
2021-12-30 13:39:16.813000,1.15139,1.15135,1100000,1000000
2021-12-30 13:39:17.329000,1.15138,1.15133,2140000,1200000
2021-12-30 13:39:17.430000,1.15138,1.15134,1010000,1000000
2021-12-30 13:39:17.532000,1.15139,1.15133,2640000,1000000
2021-12-30 13:39:17.633000,1.15136,1.15132,1100000,1000000
2021-12-30 13:39:17.734000,1.15136,1.15131,3100000,1000000
2021-12-30 13:39:17.836000,1.15135,1.15131,1350000,1000000
2021-12-30 13:39:17.987000,1.15134,1.1513,1100000,1000000
2021-12-30 13:39:18.518000,1.15134,1.15129,1790000,1000000
2021-12-30 13:39:18.619000,1.15133,1.15128,1760000,1570000
2021-12-30 13:39:23.110000,1.15133,1.15129,1200000,1000000
2021-12-30 13:39:29.945000,1.15132,1.15129,1100000,1000000
2021-12-30 13:39:30.127000,1.15134,1.15131,1000000,2010000
2021-12-30 13:39:30.178000,1.15135,1.15132,1000000,1260000
2021-12-30 13:39:30.279000,1.15136,1.15132,1000000,2390000
2021-12-30 13:39:30.381000,1.15138,1.15132,1200000,1500000
2021-12-30 13:39:30.482000,1.15138,1.15134,1000000,1450000
2021-12-30 13:39:30.584000,1.15139,1.15134,1200000,1450000
2021-12-30 13:39:32.207000,1.15138,1.15134,1570000,1000000
2021-12-30 13:39:33.841000,1.1514,1.15133,2320000,1010000
2021-12-30 13:39:34.176000,1.15139,1.15134,2070000,1760000
2021-12-30 13:39:34.278000,1.1514,1.15133,1200000,1760000
2021-12-30 13:39:34.379000,1.15139,1.15134,1890000,1100000
2021-12-30 13:39:34.431000,1.15134,1.15132,3640000,2250000
2021-12-30 13:39:34.482000,1.15134,1.15127,2320000,1100000
2021-12-30 13:39:35.106000,1.15132,1.15127,1000000,1000000
2021-12-30 13:39:35.157000,1.15132,1.15128,1200000,1000000
2021-12-30 13:39:35.258000,1.15132,1.15127,3450000,2140000
2021-12-30 13:39:35.890000,1.15132,1.15127,1000000,2790000
2021-12-30 13:39:36.270000,1.15133,1.15128,2320000,1390000
2021-12-30 13:39:44.531000,1.15133,1.15129,1570000,1000000
2021-12-30 13:39:44.581000,1.15133,1.15128,1570000,1390000
2021-12-30 13:39:46.333000,1.15133,1.15128,1000000,1970000
2021-12-30 13:39:46.485000,1.15133,1.15128,1000000,1390000
2021-12-30 13:39:49.809000,1.15133,1.15128,1000000,2540000
2021-12-30 13:39:51.616000,1.15134,1.15129,2320000,1250000
2021-12-30 13:39:58.616000,1.15136,1.15133,2000000,1600000
2021-12-30 13:39:58.718000,1.15137,1.15133,1870000,1000000
2021-12-30 13:39:58.819000,1.15138,1.15134,1200000,1010000
2021-12-30 13:39:59.022000,1.15138,1.15135,1000000,1000000
2021-12-30 13:39:59.123000,1.1514,1.15134,1200000,1250000
2021-12-30 13:39:59.224000,1.15138,1.15135,1000000,1250000
2021-12-30 13:39:59.390000,1.15139,1.15135,1950000,1250000
2021-12-30 13:39:59.720000,1.15139,1.15134,3790000,1010000
2021-12-30 13:40:00.304000,1.15139,1.15134,2140000,1390000
2021-12-30 13:40:00.709000,1.15139,1.15134,2640000,1390000
2021-12-30 13:40:01.186000,1.15139,1.15134,2140000,1390000
2021-12-30 13:40:01.287000,1.15139,1.15135,2140000,1000000
2021-12-30 13:40:05.481000,1.15138,1.15134,1200000,1350000
2021-12-30 13:40:05.582000,1.1514,1.15133,2640000,1390000
2021-12-30 13:40:05.986000,1.15138,1.15134,2140000,1000000
2021-12-30 13:40:06.289000,1.15138,1.15134,1100000,1100000
2021-12-30 13:40:06.948000,1.15136,1.15132,1390000,1000000
2021-12-30 13:40:07.049000,1.15134,1.15129,1200000,2510000
2021-12-30 13:40:10.892000,1.15133,1.15129,1100000,1010000
2021-12-30 13:40:10.993000,1.15134,1.15127,2140000,1390000
2021-12-30 13:40:11.094000,1.15134,1.15127,2290000,1010000
2021-12-30 13:40:11.195000,1.15133,1.15128,1950000,1450000
2021-12-30 13:40:11.421000,1.15133,1.15128,2140000,1390000
2021-12-30 13:40:14.061000,1.15133,1.15129,1000000,1000000
2021-12-30 13:40:14.415000,1.15134,1.15129,1760000,1000000
2021-12-30 13:40:14.736000,1.15134,1.15129,1910000,1000000
2021-12-30 13:40:14.916000,1.15134,1.15129,1760000,1000000
2021-12-30 13:40:16.583000,1.15135,1.15128,1910000,1000000
2021-12-30 13:40:17.805000,1.15133,1.15129,1100000,1250000
2021-12-30 13:40:18.351000,1.15134,1.1513,1100000,1250000
2021-12-30 13:40:18.452000,1.15134,1.15129,1200000,1760000
2021-12-30 13:40:21.640000,1.15134,1.15131,1200000,1690000
2021-12-30 13:40:21.741000,1.15136,1.15131,2910000,3010000
2021-12-30 13:40:21.842000,1.15136,1.15131,3290000,2140000
2021-12-30 13:40:22.519000,1.15134,1.15131,1010000,1000000
2021-12-30 13:40:22.570000,1.15134,1.15129,1760000,2140000
2021-12-30 13:40:25.865000,1.15135,1.1513,1120000,1910000
2021-12-30 13:40:26.017000,1.15135,1.1513,1390000,1570000
2021-12-30 13:40:26.118000,1.15133,1.1513,1010000,1000000
2021-12-30 13:40:26.778000,1.15133,1.15129,1010000,1000000
2021-12-30 13:40:28.475000,1.15133,1.15128,1820000,1570000
2021-12-30 13:40:36.340000,1.15134,1.15129,2140000,1000000
2021-12-30 13:40:38.367000,1.15134,1.15129,1910000,1000000
2021-12-30 13:40:40.157000,1.15134,1.15129,1760000,1200000
2021-12-30 13:40:40.258000,1.15134,1.1513,1100000,1000000
2021-12-30 13:40:41.920000,1.15136,1.15133,1000000,1220000
2021-12-30 13:40:41.970000,1.15138,1.15133,1000000,1910000
2021-12-30 13:40:42.072000,1.1514,1.15134,1010000,1000000
2021-12-30 13:40:42.305000,1.15141,1.15137,3390000,1100000
2021-12-30 13:40:42.406000,1.15141,1.15137,1760000,1000000
2021-12-30 13:40:44.828000,1.15142,1.15135,1760000,1000000
2021-12-30 13:40:44.929000,1.1514,1.15136,1350000,1000000
2021-12-30 13:40:47.596000,1.15138,1.15136,1000000,1000000
2021-12-30 13:40:47.647000,1.15136,1.15132,2500000,2170000
2021-12-30 13:40:47.698000,1.1513,1.15127,3200000,3750000
2021-12-30 13:40:47.800000,1.1513,1.15128,1000000,1000000
2021-12-30 13:40:47.901000,1.15131,1.15129,1000000,1000000
2021-12-30 13:40:48.165000,1.15132,1.15129,1000000,1000000
2021-12-30 13:40:48.367000,1.15133,1.15129,1890000,1000000
2021-12-30 13:40:49.378000,1.15133,1.15129,1390000,1000000
2021-12-30 13:40:54.909000,1.15135,1.15128,1950000,1000000
2021-12-30 13:40:55.061000,1.15134,1.15129,2260000,1000000
2021-12-30 13:41:02.469000,1.15134,1.15129,1760000,1390000
2021-12-30 13:41:02.570000,1.15134,1.1513,1000000,1000000
2021-12-30 13:41:04.066000,1.15135,1.15131,1010000,1000000
2021-12-30 13:41:04.580000,1.15137,1.15134,2410000,1000000
2021-12-30 13:41:04.682000,1.15134,1.1513,1010000,1000000
2021-12-30 13:41:07.007000,1.15134,1.15128,1350000,1000000
2021-12-30 13:41:07.109000,1.15133,1.15128,3140000,1200000
2021-12-30 13:41:08.283000,1.15134,1.15127,2140000,1000000
2021-12-30 13:41:09.807000,1.15133,1.15129,1010000,1000000
2021-12-30 13:41:10.300000,1.15133,1.15129,1260000,1000000
2021-12-30 13:41:10.401000,1.15133,1.15129,1010000,1000000
2021-12-30 13:41:11.859000,1.15136,1.15132,2120000,1000000
2021-12-30 13:41:11.961000,1.15133,1.1513,1370000,1000000
2021-12-30 13:41:15.611000,1.15134,1.15128,1750000,1000000
2021-12-30 13:41:18.681000,1.15134,1.1513,1820000,1000000
2021-12-30 13:41:19.372000,1.15137,1.15135,1090000,1200000
2021-12-30 13:41:19.423000,1.1514,1.15136,2250000,1200000
2021-12-30 13:41:19.524000,1.1514,1.15137,1000000,1000000
2021-12-30 13:41:19.625000,1.15141,1.15137,1390000,1000000
2021-12-30 13:41:19.676000,1.1514,1.15137,1250000,1000000
2021-12-30 13:41:20.760000,1.15143,1.15138,2510000,1390000
2021-12-30 13:41:20.862000,1.15142,1.15137,2760000,1120000
2021-12-30 13:41:20.963000,1.15141,1.15138,1010000,1000000
2021-12-30 13:41:21.985000,1.15143,1.15139,2700000,1200000
2021-12-30 13:41:22.087000,1.15144,1.1514,1450000,1570000
2021-12-30 13:41:22.575000,1.15145,1.1514,1640000,1570000
2021-12-30 13:41:22.677000,1.15146,1.15139,1390000,1760000
2021-12-30 13:41:24.113000,1.15146,1.15141,3510000,1000000
2021-12-30 13:41:27.939000,1.15147,1.1514,2320000,1310000
2021-12-30 13:41:28.935000,1.15146,1.15141,2950000,1000000
2021-12-30 13:41:29.037000,1.15145,1.1514,2390000,1200000
2021-12-30 13:41:29.436000,1.15145,1.1514,1950000,1390000
2021-12-30 13:41:29.537000,1.15145,1.15141,1250000,1000000
2021-12-30 13:41:30.212000,1.15146,1.15141,2890000,1310000
2021-12-30 13:41:33.634000,1.15146,1.15142,2890000,1000000
2021-12-30 13:41:36.074000,1.15145,1.1514,3640000,1200000
2021-12-30 13:41:36.125000,1.15143,1.15141,1870000,1000000
2021-12-30 13:41:36.227000,1.15145,1.15141,2260000,1100000
2021-12-30 13:41:36.378000,1.15145,1.15141,2140000,1100000
2021-12-30 13:41:39.193000,1.15146,1.15142,3010000,1000000
2021-12-30 13:41:40.196000,1.15146,1.15142,2510000,1000000
2021-12-30 13:41:40.356000,1.15145,1.15141,1010000,1000000
2021-12-30 13:41:40.508000,1.15144,1.15141,1250000,1000000
2021-12-30 13:41:40.609000,1.15145,1.15141,1640000,1000000
2021-12-30 13:41:46.446000,1.15144,1.15141,1000000,1250000
2021-12-30 13:41:46.496000,1.15145,1.15141,1100000,1250000
2021-12-30 13:41:46.797000,1.15145,1.15141,2200000,1250000
2021-12-30 13:41:46.999000,1.15145,1.15141,1100000,1000000
2021-12-30 13:41:47.463000,1.15144,1.15141,1000000,1000000
2021-12-30 13:41:47.514000,1.15145,1.15141,1010000,1000000
2021-12-30 13:41:47.889000,1.15142,1.15138,1010000,1300000
2021-12-30 13:41:47.939000,1.15141,1.15137,1010000,1000000
2021-12-30 13:41:48.040000,1.15141,1.15137,1350000,1000000
2021-12-30 13:41:48.142000,1.15141,1.15137,1010000,1000000
2021-12-30 13:41:48.243000,1.15141,1.15137,1350000,1000000
2021-12-30 13:41:48.714000,1.1514,1.15136,1790000,1000000
2021-12-30 13:41:58.634000,1.15143,1.15138,3290000,1250000
2021-12-30 13:41:58.887000,1.15142,1.15138,2410000,1000000
2021-12-30 13:41:59.039000,1.15142,1.15138,2410000,1000000
2021-12-30 13:41:59.140000,1.1514,1.15137,1010000,1000000
2021-12-30 13:41:59.342000,1.1514,1.15137,1350000,1000000
2021-12-30 13:41:59.520000,1.15141,1.15135,1350000,1000000
2021-12-30 13:41:59.723000,1.1514,1.15135,2390000,1000000
2021-12-30 13:41:59.875000,1.15138,1.15135,1100000,1000000
2021-12-30 13:42:01.413000,1.15137,1.15134,1260000,1000000
2021-12-30 13:42:01.464000,1.15136,1.15132,1950000,1300000
2021-12-30 13:42:01.565000,1.15136,1.15132,2100000,1000000
2021-12-30 13:42:01.666000,1.15135,1.15131,1100000,1000000
2021-12-30 13:42:02.405000,1.15135,1.15131,1100000,1000000
2021-12-30 13:42:04.750000,1.15135,1.15131,1100000,1000000
2021-12-30 13:42:15.216000,1.15135,1.15129,1570000,1000000
2021-12-30 13:42:15.317000,1.15134,1.15129,2100000,1250000
2021-12-30 13:42:18.747000,1.15133,1.15129,1100000,1250000
2021-12-30 13:42:18.873000,1.15138,1.15132,1120000,1390000
2021-12-30 13:42:18.975000,1.15137,1.15134,1000000,1000000
2021-12-30 13:42:19.127000,1.15137,1.15133,1200000,1250000
2021-12-30 13:42:19.228000,1.15137,1.15133,1700000,1250000
2021-12-30 13:42:20.183000,1.15137,1.15132,1000000,1000000
2021-12-30 13:42:21.184000,1.15136,1.15133,1000000,1000000
2021-12-30 13:42:23.825000,1.15137,1.15133,2140000,1000000
2021-12-30 13:42:23.926000,1.15137,1.15133,2260000,1000000
2021-12-30 13:42:25.567000,1.15137,1.15132,3760000,1200000
2021-12-30 13:42:26.773000,1.15137,1.15132,2700000,3470000
2021-12-30 13:42:26.874000,1.15137,1.15135,1000000,1250000
2021-12-30 13:42:26.925000,1.1514,1.15136,3220000,1000000
2021-12-30 13:42:27.026000,1.1514,1.15136,2320000,1000000
2021-12-30 13:42:31.346000,1.15142,1.15136,1200000,1260000
2021-12-30 13:42:36.331000,1.15142,1.15137,3040000,1120000
2021-12-30 13:42:37.299000,1.15144,1.1514,1200000,1100000
2021-12-30 13:42:37.400000,1.15145,1.15142,1000000,1000000
2021-12-30 13:42:37.501000,1.15146,1.15142,1200000,1000000
2021-12-30 13:42:41.089000,1.15146,1.15141,2660000,1000000
2021-12-30 13:42:41.190000,1.15146,1.15141,1760000,1000000
2021-12-30 13:42:42.408000,1.15146,1.15142,2140000,1000000
2021-12-30 13:42:45.268000,1.15146,1.15142,3790000,1000000
2021-12-30 13:42:45.471000,1.15145,1.15142,1000000,1000000
2021-12-30 13:42:45.522000,1.15146,1.15142,2890000,1000000
2021-12-30 13:42:45.623000,1.15146,1.15142,3040000,1000000
2021-12-30 13:42:50.125000,1.15146,1.15141,1950000,2010000
2021-12-30 13:42:56.169000,1.15147,1.15142,2510000,1390000
2021-12-30 13:42:57.886000,1.15147,1.15142,2410000,1000000
2021-12-30 13:43:00.616000,1.15147,1.15143,2910000,1000000
2021-12-30 13:43:02.326000,1.15149,1.15145,2820000,1250000
2021-12-30 13:43:02.427000,1.15149,1.15145,1100000,1250000
2021-12-30 13:43:02.528000,1.15149,1.15145,1100000,1000000
2021-12-30 13:43:03.027000,1.1515,1.15145,3290000,1000000
2021-12-30 13:43:04.806000,1.15149,1.15146,1010000,1000000
2021-12-30 13:43:05.922000,1.15149,1.15145,1010000,1000000
2021-12-30 13:43:07.515000,1.15152,1.15147,6390000,1390000
2021-12-30 13:43:07.616000,1.15154,1.15149,2140000,1100000
2021-12-30 13:43:08.118000,1.15154,1.15149,2040000,1000000
2021-12-30 13:43:11.357000,1.15154,1.1515,3540000,1000000
2021-12-30 13:43:11.408000,1.15153,1.15149,1010000,1000000
2021-12-30 13:43:19.209000,1.15154,1.15149,1760000,1100000
2021-12-30 13:43:20.364000,1.15154,1.1515,1010000,1000000
2021-12-30 13:43:20.466000,1.15154,1.15149,1760000,1100000
2021-12-30 13:43:23.215000,1.15158,1.15153,1700000,1760000
2021-12-30 13:43:23.316000,1.1516,1.15153,3340000,1570000
2021-12-30 13:43:23.418000,1.15159,1.15154,3660000,1000000
2021-12-30 13:43:23.620000,1.15159,1.15154,3660000,1000000
2021-12-30 13:43:25.763000,1.15159,1.15155,3510000,1000000
2021-12-30 13:43:26.372000,1.15158,1.15154,1390000,1000000
2021-12-30 13:43:27.054000,1.15158,1.15154,2640000,1000000
2021-12-30 13:43:27.156000,1.15159,1.15153,2140000,1000000
2021-12-30 13:43:28.195000,1.15159,1.15155,4450000,1000000
2021-12-30 13:43:28.296000,1.15162,1.15157,1750000,4220000
2021-12-30 13:43:28.398000,1.15163,1.15159,3190000,2250000
2021-12-30 13:43:28.499000,1.15161,1.15158,3450000,3340000
2021-12-30 13:43:28.550000,1.15161,1.15157,2890000,1000000
2021-12-30 13:43:29.529000,1.15162,1.15156,2640000,1000000
2021-12-30 13:43:29.642000,1.15161,1.15157,1760000,1120000
2021-12-30 13:43:29.743000,1.15161,1.15156,2640000,1250000
2021-12-30 13:43:29.846000,1.15159,1.15156,1010000,1000000
2021-12-30 13:43:30.058000,1.15159,1.15156,1910000,1000000
2021-12-30 13:43:30.159000,1.15159,1.15156,1760000,1000000
2021-12-30 13:43:30.210000,1.15158,1.15153,1760000,1810000
2021-12-30 13:43:30.850000,1.15158,1.15153,4410000,1000000
2021-12-30 13:43:35.208000,1.15157,1.15153,1640000,1000000
2021-12-30 13:43:35.309000,1.15157,1.15151,1720000,1250000
2021-12-30 13:43:35.462000,1.15155,1.15151,1410000,1000000
2021-12-30 13:43:35.563000,1.15155,1.15151,1570000,1000000
2021-12-30 13:43:35.715000,1.15155,1.1515,1910000,1000000
2021-12-30 13:43:35.816000,1.15153,1.15149,1100000,1000000
2021-12-30 13:43:37.208000,1.15155,1.15152,1390000,1000000
2021-12-30 13:43:37.309000,1.15155,1.15151,1010000,1000000
2021-12-30 13:43:37.410000,1.15156,1.15149,1790000,1000000
2021-12-30 13:43:38.186000,1.15155,1.1515,1760000,1000000
2021-12-30 13:43:38.287000,1.15155,1.1515,1910000,1000000
2021-12-30 13:43:42.317000,1.15155,1.1515,1760000,1000000
2021-12-30 13:43:42.419000,1.15156,1.15151,2850000,1000000
2021-12-30 13:43:42.621000,1.15154,1.1515,1350000,1000000
2021-12-30 13:43:42.723000,1.15154,1.1515,1010000,1000000
2021-12-30 13:43:43.716000,1.15155,1.15151,1720000,1250000
2021-12-30 13:43:43.767000,1.15158,1.15154,1000000,1390000
2021-12-30 13:43:48.611000,1.15159,1.15155,1910000,1000000
2021-12-30 13:43:48.867000,1.15159,1.15152,1200000,1760000
2021-12-30 13:43:49.520000,1.15158,1.15154,1200000,1000000
2021-12-30 13:43:49.622000,1.15159,1.15155,1760000,1000000
2021-12-30 13:43:49.783000,1.15159,1.15155,1910000,1000000
2021-12-30 13:43:51.211000,1.15159,1.15154,2660000,1000000
2021-12-30 13:43:56.368000,1.15159,1.15154,1760000,1200000
2021-12-30 13:43:56.470000,1.15159,1.15154,1790000,1200000
2021-12-30 13:43:56.983000,1.1516,1.15155,1760000,1200000
2021-12-30 13:43:58.576000,1.15159,1.15154,3600000,1200000
2021-12-30 13:43:58.677000,1.15159,1.15154,2970000,1200000
2021-12-30 13:43:59.059000,1.1516,1.15153,1760000,1390000
2021-12-30 13:43:59.160000,1.15161,1.15154,2510000,1000000
2021-12-30 13:44:00.162000,1.15159,1.15155,1260000,1000000
2021-12-30 13:44:00.263000,1.15159,1.15154,1760000,1000000
2021-12-30 13:44:03.110000,1.15158,1.15153,2910000,1200000
2021-12-30 13:44:05.628000,1.15155,1.15151,1390000,1620000
2021-12-30 13:44:05.679000,1.15155,1.1515,1390000,1200000
2021-12-30 13:44:05.780000,1.15155,1.1515,1790000,1000000
2021-12-30 13:44:06.102000,1.15154,1.15147,1120000,1390000
2021-12-30 13:44:06.305000,1.15152,1.15148,1250000,1000000
2021-12-30 13:44:13.208000,1.15153,1.15148,1250000,1720000
2021-12-30 13:44:14.305000,1.15156,1.15152,1000000,1820000
2021-12-30 13:44:14.740000,1.15158,1.15151,2510000,3320000
2021-12-30 13:44:21.689000,1.15156,1.15152,1250000,2140000
2021-12-30 13:44:24.989000,1.15156,1.15151,1000000,1010000
2021-12-30 13:44:25.090000,1.15153,1.15151,1620000,1590000
2021-12-30 13:44:25.141000,1.15153,1.15148,2450000,1760000
2021-12-30 13:44:25.243000,1.15151,1.15147,1000000,4490000
2021-12-30 13:44:27.574000,1.15151,1.15147,1390000,1200000
2021-12-30 13:44:30.909000,1.1515,1.15146,1390000,1700000
2021-12-30 13:44:31.010000,1.1515,1.15146,1390000,1100000
2021-12-30 13:44:31.111000,1.15149,1.15146,1370000,1000000
2021-12-30 13:44:31.213000,1.15148,1.15144,1570000,2910000
2021-12-30 13:44:31.264000,1.15147,1.15142,1760000,3200000
2021-12-30 13:44:31.365000,1.15147,1.15142,2640000,1950000
2021-12-30 13:44:31.466000,1.15147,1.15142,1500000,2660000
2021-12-30 13:44:31.567000,1.15147,1.15142,2140000,2320000
2021-12-30 13:44:32.011000,1.15146,1.15142,1000000,1200000
2021-12-30 13:44:34.626000,1.15146,1.15141,1570000,2890000
2021-12-30 13:44:34.843000,1.15145,1.15141,1000000,2320000
2021-12-30 13:44:49.684000,1.15146,1.15141,1570000,2140000
2021-12-30 13:44:49.953000,1.15146,1.15142,1570000,1000000
2021-12-30 13:44:50.004000,1.15148,1.15145,1000000,2970000
2021-12-30 13:44:50.054000,1.15151,1.15144,1750000,6850000
2021-12-30 13:44:50.156000,1.1515,1.15146,1760000,1200000
2021-12-30 13:44:50.797000,1.1515,1.15146,1250000,1890000
2021-12-30 13:44:50.919000,1.1515,1.15146,1250000,1010000
2021-12-30 13:44:52.014000,1.1515,1.15146,1000000,2390000
2021-12-30 13:44:52.115000,1.1515,1.15146,1250000,1390000
2021-12-30 13:44:56.342000,1.15147,1.15144,1390000,1300000
2021-12-30 13:44:56.444000,1.15147,1.15142,2140000,3260000
2021-12-30 13:44:56.595000,1.15146,1.15142,2140000,1100000
2021-12-30 13:45:02,1.15145,1.15141,1000000,1410000
