time,ask,bid,ask_volume,bid_volume
2020-01-09 13:25:17.386000,1.09409,1.09406,2440000,2810000
2020-01-09 13:25:19.308000,1.09409,1.09406,2810000,2560000
2020-01-09 13:25:21.316000,1.09409,1.09406,2810000,2440000
2020-01-09 13:25:22.310000,1.09409,1.09406,2810000,2560000
2020-01-09 13:25:23.315000,1.09409,1.09406,2810000,2440000
2020-01-09 13:25:23.878000,1.0941,1.09409,3000000,1000000
2020-01-09 13:25:23.929000,1.09413,1.09412,2250000,1000000
2020-01-09 13:25:24.030000,1.09414,1.09413,1500000,1310000
2020-01-09 13:25:24.954000,1.09413,1.09412,1000000,2060000
2020-01-09 13:25:28.053000,1.09414,1.09412,1500000,2650000
2020-01-09 13:25:28.155000,1.09414,1.09413,1000000,1390000
2020-01-09 13:25:28.256000,1.09415,1.09413,1120000,1390000
2020-01-09 13:25:28.602000,1.09414,1.09413,1000000,1390000
2020-01-09 13:25:28.704000,1.09414,1.09412,62619999,4570000
2020-01-09 13:25:28.755000,1.09415,1.09414,1870000,1000000
2020-01-09 13:25:30.094000,1.09415,1.09413,1500000,1760000
2020-01-09 13:25:31.801000,1.09415,1.09412,4010000,1310000
2020-01-09 13:25:31.902000,1.09414,1.09412,1000000,1310000
2020-01-09 13:25:33.384000,1.09415,1.09413,3260000,1000000
2020-01-09 13:25:33.485000,1.09414,1.09413,1000000,1000000
2020-01-09 13:25:33.952000,1.09414,1.09412,1000000,1310000
2020-01-09 13:25:36.071000,1.09412,1.0941,2390000,2700000
2020-01-09 13:25:36.173000,1.09413,1.09412,1310000,1000000
2020-01-09 13:25:36.274000,1.09414,1.09412,1870000,1250000
2020-01-09 13:25:37.166000,1.09415,1.09413,3450000,1000000
2020-01-09 13:25:37.318000,1.09416,1.09414,2060000,1000000
2020-01-09 13:25:37.521000,1.09415,1.09413,1000000,2810000
2020-01-09 13:25:40.934000,1.09418,1.09416,3870000,5700000
2020-01-09 13:25:41.053000,1.09419,1.09416,3320000,1870000
2020-01-09 13:25:41.154000,1.0942,1.09418,2200000,1500000
2020-01-09 13:25:41.256000,1.09418,1.09417,1250000,4050000
2020-01-09 13:25:41.358000,1.09416,1.09415,1000000,1120000
2020-01-09 13:25:42.235000,1.09416,1.09414,1000000,2060000
2020-01-09 13:25:46.652000,1.09417,1.09414,3070000,2060000
2020-01-09 13:25:47.254000,1.09418,1.09416,1950000,3190000
2020-01-09 13:25:47.356000,1.0942,1.09418,6210000,6520000
2020-01-09 13:25:47.457000,1.09419,1.09417,3700000,5630000
2020-01-09 13:25:51.027000,1.09419,1.09416,1310000,3260000
2020-01-09 13:25:51.128000,1.0942,1.09418,3020000,1120000
2020-01-09 13:25:51.230000,1.09418,1.09417,1250000,4500000
2020-01-09 13:25:51.331000,1.09417,1.09416,1000000,1000000
2020-01-09 13:25:51.433000,1.09417,1.09415,1760000,1000000
2020-01-09 13:25:51.484000,1.09415,1.09413,1000000,1450000
2020-01-09 13:25:52.374000,1.09415,1.09413,1000000,1310000
2020-01-09 13:25:54.575000,1.09414,1.09413,1000000,1000000
2020-01-09 13:25:54.677000,1.09414,1.09412,1000000,1500000
2020-01-09 13:25:54.829000,1.09415,1.09412,2620000,1820000
2020-01-09 13:25:54.952000,1.09416,1.09413,5210000,1370000
2020-01-09 13:25:55.003000,1.09415,1.09413,1000000,1760000
2020-01-09 13:25:55.891000,1.09415,1.09413,1000000,3090000
2020-01-09 13:25:58.899000,1.09415,1.09413,1500000,1760000
2020-01-09 13:26:02.921000,1.09415,1.09413,1000000,2640000
2020-01-09 13:26:04.475000,1.09417,1.09416,1100000,4500000
2020-01-09 13:26:04.577000,1.09419,1.09417,4200000,1120000
2020-01-09 13:26:04.678000,1.09419,1.09417,1250000,5750000
2020-01-09 13:26:04.780000,1.09418,1.09417,1000000,5250000
2020-01-09 13:26:04.881000,1.09417,1.09416,1500000,1120000
2020-01-09 13:26:04.983000,1.09418,1.09416,1500000,1120000
2020-01-09 13:26:05.125000,1.09418,1.09417,1000000,2620000
2020-01-09 13:26:05.227000,1.09419,1.09417,1310000,4120000
2020-01-09 13:26:05.709000,1.09419,1.09418,1000000,1120000
2020-01-09 13:26:05.812000,1.09418,1.09417,1250000,6750000
2020-01-09 13:26:05.863000,1.09417,1.09416,1000000,1870000
2020-01-09 13:26:06.016000,1.09417,1.09415,2620000,1000000
2020-01-09 13:26:06.117000,1.09417,1.09414,2620000,4010000
2020-01-09 13:26:06.285000,1.09416,1.09414,1000000,2060000
2020-01-09 13:26:06.438000,1.09415,1.09414,1500000,1000000
2020-01-09 13:26:10.675000,1.09416,1.09414,1000000,1570000
2020-01-09 13:26:10.776000,1.09417,1.09415,2620000,1250000
2020-01-09 13:26:10.878000,1.09416,1.09414,1000000,3000000
2020-01-09 13:26:10.979000,1.09416,1.09414,1000000,2560000
2020-01-09 13:26:11.905000,1.09416,1.09414,1500000,1120000
2020-01-09 13:26:14.136000,1.09416,1.09413,3750000,2140000
2020-01-09 13:26:17.683000,1.09416,1.09413,2850000,1690000
2020-01-09 13:26:17.786000,1.09414,1.09412,1500000,2440000
2020-01-09 13:26:18.191000,1.09413,1.09411,1250000,7500000
2020-01-09 13:26:18.294000,1.09411,1.09409,3000000,2250000
2020-01-09 13:26:18.396000,1.0941,1.09408,1000000,2370000
2020-01-09 13:26:19.309000,1.0941,1.09408,1000000,2250000
2020-01-09 13:26:19.615000,1.09413,1.09412,5060000,14250000
2020-01-09 13:26:19.665000,1.09416,1.09415,6450000,1250000
2020-01-09 13:26:19.995000,1.09418,1.09416,3370000,2370000
2020-01-09 13:26:20.046000,1.09417,1.09415,1500000,2810000
2020-01-09 13:26:20.148000,1.09417,1.09415,1500000,2940000
2020-01-09 13:26:21.045000,1.09417,1.09415,4500000,1250000
2020-01-09 13:26:25.033000,1.09416,1.09414,2250000,1120000
2020-01-09 13:26:27.030000,1.09416,1.09413,3750000,1310000
2020-01-09 13:26:28.621000,1.09416,1.09413,1500000,1370000
2020-01-09 13:26:28.755000,1.09416,1.09413,1500000,1390000
2020-01-09 13:26:29.030000,1.09416,1.09413,1500000,1890000
2020-01-09 13:26:33.633000,1.09415,1.09413,1000000,1250000
2020-01-09 13:26:35.274000,1.09415,1.09412,2440000,3310000
2020-01-09 13:26:35.325000,1.09413,1.09411,2500000,2700000
2020-01-09 13:26:35.477000,1.09412,1.0941,1690000,1120000
2020-01-09 13:26:35.529000,1.0941,1.09408,1000000,4790000
2020-01-09 13:26:35.630000,1.0941,1.09408,1000000,3190000
2020-01-09 13:26:36.507000,1.0941,1.09408,1000000,2560000
2020-01-09 13:26:49.551000,1.0941,1.09408,1500000,1870000
2020-01-09 13:26:52.657000,1.09411,1.09408,1690000,1870000
2020-01-09 13:26:52.758000,1.09411,1.0941,1000000,1000000
2020-01-09 13:26:52.809000,1.09413,1.09412,1570000,1500000
2020-01-09 13:26:52.911000,1.09414,1.09412,1500000,4310000
2020-01-09 13:26:53.567000,1.09414,1.09412,1000000,5420000
2020-01-09 13:26:53.669000,1.09415,1.09413,1000000,2510000
2020-01-09 13:26:53.820000,1.09416,1.09413,3260000,2510000
2020-01-09 13:26:54.433000,1.09416,1.09413,3260000,2200000
2020-01-09 13:26:55.579000,1.09416,1.09413,2890000,2440000
2020-01-09 13:26:55.909000,1.09415,1.09413,1690000,1870000
2020-01-09 13:26:56.062000,1.09414,1.09413,1000000,1120000
2020-01-09 13:26:58.128000,1.09415,1.09413,3340000,1000000
2020-01-09 13:27:00.720000,1.09414,1.09413,1000000,1000000
2020-01-09 13:27:08.560000,1.09412,1.0941,1000000,6020000
2020-01-09 13:27:08.661000,1.09412,1.0941,1500000,3190000
2020-01-09 13:27:10.260000,1.09411,1.0941,1000000,1310000
2020-01-09 13:27:11.192000,1.09411,1.09409,1500000,1120000
2020-01-09 13:27:11.294000,1.0941,1.09408,1000000,3010000
2020-01-09 13:27:12.169000,1.0941,1.09408,1000000,2320000
2020-01-09 13:27:13.223000,1.0941,1.09408,1000000,2820000
2020-01-09 13:27:15.243000,1.09411,1.09408,2810000,2820000
2020-01-09 13:27:16.242000,1.09411,1.09408,1500000,2510000
2020-01-09 13:27:16.419000,1.09411,1.0941,1000000,1690000
2020-01-09 13:27:16.521000,1.0941,1.09409,1000000,2250000
2020-01-09 13:27:29.087000,1.0941,1.09408,1500000,1120000
2020-01-09 13:27:31.352000,1.09409,1.09408,1000000,1120000
2020-01-09 13:27:32.492000,1.09409,1.09407,1760000,1120000
2020-01-09 13:27:33.288000,1.09406,1.09405,1500000,3000000
2020-01-09 13:27:33.389000,1.09405,1.09403,1500000,1700000
2020-01-09 13:27:33.490000,1.09405,1.09403,1000000,1570000
2020-01-09 13:27:33.629000,1.09404,1.09403,1000000,1200000
2020-01-09 13:27:35.786000,1.09404,1.09402,2440000,1500000
2020-01-09 13:27:35.888000,1.09403,1.09402,1000000,1500000
2020-01-09 13:27:40.683000,1.09404,1.09402,3370000,1620000
2020-01-09 13:27:42.781000,1.09403,1.09402,1000000,1500000
2020-01-09 13:27:43.748000,1.09404,1.09402,2440000,1620000
2020-01-09 13:27:54.267000,1.09404,1.09402,2440000,1620000
2020-01-09 13:27:56.843000,1.09404,1.09402,2250000,1120000
2020-01-09 13:28:00.867000,1.09404,1.094,4570000,5800000
2020-01-09 13:28:01.650000,1.09403,1.094,1000000,6170000
2020-01-09 13:28:02.118000,1.09401,1.094,1000000,1120000
2020-01-09 13:28:02.219000,1.09399,1.09398,1500000,1000000
2020-01-09 13:28:02.320000,1.09399,1.09396,1690000,3410000
2020-01-09 13:28:02.858000,1.09401,1.09399,2510000,1750000
2020-01-09 13:28:02.959000,1.09402,1.094,1500000,1310000
2020-01-09 13:28:07.260000,1.09401,1.09399,1000000,1500000
2020-01-09 13:28:07.691000,1.094,1.09399,1000000,1120000
2020-01-09 13:28:07.793000,1.09401,1.094,1000000,1250000
2020-01-09 13:28:11.934000,1.09402,1.094,1000000,1570000
2020-01-09 13:28:13.382000,1.09402,1.094,1000000,1570000
2020-01-09 13:28:15.792000,1.09402,1.094,1570000,1570000
2020-01-09 13:28:16.137000,1.09401,1.09399,1000000,1750000
2020-01-09 13:28:16.238000,1.094,1.09398,13500000,4890000
2020-01-09 13:28:17.827000,1.09401,1.09399,1000000,2260000
2020-01-09 13:28:20.998000,1.09403,1.094,4010000,4510000
2020-01-09 13:28:24.423000,1.09403,1.09401,1000000,1700000
2020-01-09 13:28:29.661000,1.09404,1.09402,3940000,1120000
2020-01-09 13:28:43.392000,1.09404,1.09402,1250000,1500000
2020-01-09 13:28:44.388000,1.09404,1.09402,1690000,1120000
2020-01-09 13:28:45.397000,1.09404,1.09402,1690000,1500000
2020-01-09 13:28:46.402000,1.09404,1.09402,1690000,1120000
2020-01-09 13:28:49.488000,1.09404,1.09402,1500000,1620000
2020-01-09 13:28:51.458000,1.09404,1.09402,1500000,1120000
2020-01-09 13:28:52.415000,1.09404,1.09402,1500000,1620000
2020-01-09 13:28:52.998000,1.09405,1.09403,2440000,1000000
2020-01-09 13:28:53.100000,1.09405,1.09404,1500000,1120000
2020-01-09 13:28:53.993000,1.09405,1.09403,1500000,1100000
2020-01-09 13:28:54.184000,1.09407,1.09405,1870000,1200000
2020-01-09 13:28:54.285000,1.09408,1.09407,1500000,1000000
2020-01-09 13:28:54.386000,1.09408,1.09405,1500000,8710000
2020-01-09 13:28:54.490000,1.09408,1.09406,1950000,1000000
2020-01-09 13:28:55.083000,1.09408,1.09405,1950000,3390000
2020-01-09 13:28:55.854000,1.09406,1.09405,2440000,2250000
2020-01-09 13:28:56.931000,1.09407,1.09406,1000000,1310000
2020-01-09 13:28:59.601000,1.09405,1.09403,2320000,2620000
2020-01-09 13:28:59.652000,1.09399,1.09398,1690000,3940000
2020-01-09 13:28:59.754000,1.09399,1.09397,4560000,1000000
2020-01-09 13:28:59.863000,1.09399,1.09396,5010000,1000000
2020-01-09 13:29:00.414000,1.09397,1.09395,1000000,1250000
2020-01-09 13:29:00.566000,1.09398,1.09396,2140000,1000000
2020-01-09 13:29:01.259000,1.09399,1.09398,1000000,1000000
2020-01-09 13:29:01.361000,1.09401,1.094,1000000,2250000
2020-01-09 13:29:01.463000,1.09403,1.094,2610000,2370000
2020-01-09 13:29:01.893000,1.09403,1.094,2770000,2370000
2020-01-09 13:29:02.358000,1.09403,1.094,3520000,1870000
2020-01-09 13:29:03.545000,1.09402,1.094,1000000,1870000
2020-01-09 13:29:06.910000,1.09402,1.094,1000000,1810000
2020-01-09 13:29:08.891000,1.09402,1.094,1000000,1310000
2020-01-09 13:29:09.431000,1.09403,1.094,2510000,1310000
2020-01-09 13:29:09.900000,1.09403,1.094,2510000,1810000
2020-01-09 13:29:11.902000,1.09403,1.094,2440000,1390000
2020-01-09 13:29:14.906000,1.09403,1.094,1250000,1810000
2020-01-09 13:29:24.806000,1.09403,1.094,2890000,1690000
2020-01-09 13:29:24.907000,1.09403,1.09401,2440000,1120000
2020-01-09 13:29:25.814000,1.09402,1.09399,1500000,2620000
2020-01-09 13:29:27.194000,1.09401,1.09399,1000000,1370000
2020-01-09 13:29:27.396000,1.094,1.09397,1000000,1810000
2020-01-09 13:29:27.851000,1.09401,1.09398,2660000,2940000
2020-01-09 13:29:27.953000,1.09401,1.09398,1500000,2940000
2020-01-09 13:29:28.979000,1.09402,1.09399,2440000,1000000
2020-01-09 13:29:29.849000,1.09402,1.09399,1500000,1750000
2020-01-09 13:29:30.256000,1.09402,1.09398,1500000,4000000
2020-01-09 13:29:30.446000,1.09402,1.09398,1690000,3190000
2020-01-09 13:29:38.489000,1.09402,1.09398,1570000,4000000
2020-01-09 13:29:41.445000,1.094,1.09399,1000000,1050000
2020-01-09 13:29:41.547000,1.094,1.09397,1000000,1250000
2020-01-09 13:29:43.333000,1.094,1.09396,2540000,1310000
2020-01-09 13:29:43.435000,1.094,1.09396,2510000,1310000
2020-01-09 13:29:44.078000,1.094,1.09396,2540000,1000000
2020-01-09 13:29:44.381000,1.09399,1.09394,1100000,4710000
2020-01-09 13:29:46.382000,1.09395,1.09393,1000000,2270000
2020-01-09 13:29:46.484000,1.09392,1.0939,1200000,3250000
2020-01-09 13:29:46.586000,1.09391,1.0939,1000000,1350000
2020-01-09 13:29:48.358000,1.09392,1.0939,1500000,1250000
2020-01-09 13:29:51.728000,1.09392,1.09389,1500000,1000000
2020-01-09 13:29:52.539000,1.09392,1.0939,1000000,1000000
2020-01-09 13:29:52.666000,1.09393,1.0939,1500000,1000000
2020-01-09 13:29:52.930000,1.09393,1.09389,2890000,1000000
2020-01-09 13:29:53.032000,1.09393,1.09389,2540000,1000000
2020-01-09 13:29:53.203000,1.09393,1.09389,2510000,1000000
2020-01-09 13:29:55.041000,1.09393,1.09389,2540000,1000000
2020-01-09 13:29:55.143000,1.09393,1.09389,2060000,1000000
2020-01-09 13:29:56.177000,1.09393,1.09389,1790000,1000000
2020-01-09 13:29:57.881000,1.09393,1.09389,2510000,1000000
2020-01-09 13:29:58.033000,1.09393,1.09389,2540000,1000000
2020-01-09 13:29:58.134000,1.09393,1.09389,2510000,1000000
2020-01-09 13:29:58.697000,1.09393,1.09388,1200000,1000000
2020-01-09 13:29:59.363000,1.09393,1.09387,1000000,1310000
2020-01-09 13:30:00.683000,1.09393,1.09387,1790000,1500000
2020-01-09 13:30:00.784000,1.09394,1.09388,4160000,1000000
2020-01-09 13:30:00.885000,1.09394,1.09387,1000000,1500000
2020-01-09 13:30:01.197000,1.09389,1.09388,1000000,1000000
2020-01-09 13:30:01.247000,1.09388,1.09384,1500000,1500000
2020-01-09 13:30:01.298000,1.09388,1.09381,1000000,1500000
2020-01-09 13:30:01.746000,1.09389,1.09381,1000000,1200000
2020-01-09 13:30:01.847000,1.09389,1.0938,1000000,3000000
2020-01-09 13:30:01.949000,1.09389,1.09385,1000000,1000000
2020-01-09 13:30:02.101000,1.0939,1.09385,1000000,1000000
2020-01-09 13:30:02.202000,1.09391,1.09387,1910000,1000000
2020-01-09 13:30:02.303000,1.09392,1.09387,4160000,1000000
2020-01-09 13:30:02.405000,1.09391,1.09389,1350000,1000000
2020-01-09 13:30:02.507000,1.09393,1.09389,1010000,1690000
2020-01-09 13:30:02.609000,1.09394,1.09389,1010000,1250000
2020-01-09 13:30:02.756000,1.09394,1.09391,2660000,1000000
2020-01-09 13:30:02.861000,1.09394,1.09392,2140000,1000000
2020-01-09 13:30:03.507000,1.09394,1.09389,1200000,2440000
2020-01-09 13:30:04.862000,1.09395,1.09389,1000000,3890000
2020-01-09 13:30:04.963000,1.09394,1.09389,1000000,2700000
2020-01-09 13:30:08.609000,1.09394,1.09389,1950000,3120000
2020-01-09 13:30:11.437000,1.09394,1.0939,1760000,1000000
2020-01-09 13:30:13.453000,1.09394,1.09389,1950000,4590000
2020-01-09 13:30:15.006000,1.09394,1.09389,2850000,2070000
2020-01-09 13:30:19.440000,1.09393,1.0939,1100000,1500000
2020-01-09 13:30:20.446000,1.09393,1.0939,1100000,1120000
2020-01-09 13:30:21.851000,1.09394,1.09391,3550000,1000000
2020-01-09 13:30:21.953000,1.09394,1.09391,2510000,1000000
2020-01-09 13:30:22.372000,1.09395,1.09392,4260000,1120000
2020-01-09 13:30:23.551000,1.09396,1.09394,1390000,2440000
2020-01-09 13:30:23.653000,1.09398,1.09396,1000000,1310000
2020-01-09 13:30:23.754000,1.09399,1.09397,1100000,1000000
2020-01-09 13:30:24.570000,1.094,1.09397,2400000,1000000
2020-01-09 13:30:27.625000,1.094,1.09397,4960000,1000000
2020-01-09 13:30:27.780000,1.094,1.09397,4460000,1000000
2020-01-09 13:30:41.205000,1.094,1.09397,2570000,1500000
2020-01-09 13:30:43.989000,1.094,1.09397,3070000,1310000
2020-01-09 13:30:44.090000,1.09402,1.094,2640000,3640000
2020-01-09 13:30:44.141000,1.09404,1.09402,1500000,1310000
2020-01-09 13:30:44.243000,1.09406,1.09402,5960000,1810000
2020-01-09 13:30:44.344000,1.09405,1.09402,2500000,1620000
2020-01-09 13:30:44.446000,1.09404,1.09402,1690000,1000000
2020-01-09 13:30:45.209000,1.09404,1.09402,1750000,1000000
2020-01-09 13:30:45.310000,1.09403,1.094,3850000,1620000
2020-01-09 13:30:45.412000,1.09402,1.09399,3520000,2060000
2020-01-09 13:30:45.693000,1.09402,1.09399,4900000,1500000
2020-01-09 13:30:48.248000,1.09401,1.09398,3640000,1120000
2020-01-09 13:30:48.924000,1.09399,1.09397,1390000,1120000
2020-01-09 13:30:49.077000,1.094,1.09398,2890000,1000000
2020-01-09 13:30:54.196000,1.09398,1.09397,1000000,1000000
2020-01-09 13:30:54.297000,1.094,1.09397,6710000,1000000
2020-01-09 13:30:54.399000,1.094,1.09397,2700000,1120000
2020-01-09 13:30:55.084000,1.094,1.09398,1120000,1000000
2020-01-09 13:30:58.507000,1.09401,1.09399,1840000,1000000
2020-01-09 13:30:58.609000,1.09403,1.09401,2140000,1000000
2020-01-09 13:30:58.710000,1.09405,1.09401,4090000,3310000
2020-01-09 13:30:59.014000,1.09405,1.09403,1250000,1000000
2020-01-09 13:30:59.325000,1.09404,1.09402,1010000,1120000
2020-01-09 13:30:59.679000,1.09404,1.09403,1000000,1000000
2020-01-09 13:30:59.781000,1.09405,1.09403,1500000,1000000
2020-01-09 13:31:01.932000,1.09406,1.09403,1310000,1000000
2020-01-09 13:31:02.654000,1.09407,1.09405,1700000,1250000
2020-01-09 13:31:02.757000,1.09409,1.09406,1950000,1000000
2020-01-09 13:31:02.858000,1.0941,1.09407,3360000,1120000
2020-01-09 13:31:03.074000,1.0941,1.09407,1390000,1120000
2020-01-09 13:31:03.852000,1.09412,1.09409,2820000,1500000
2020-01-09 13:31:04.862000,1.09412,1.09409,1310000,1000000
2020-01-09 13:31:05.688000,1.09411,1.09409,1750000,1120000
2020-01-09 13:31:06.915000,1.09409,1.09407,1250000,1120000
2020-01-09 13:31:07.872000,1.09409,1.09406,1250000,2700000
2020-01-09 13:31:07.974000,1.09408,1.09405,2590000,4050000
2020-01-09 13:31:08.075000,1.09407,1.09405,1250000,1000000
2020-01-09 13:31:08.227000,1.09406,1.09405,1250000,1000000
2020-01-09 13:31:11.108000,1.09408,1.09405,3840000,1690000
2020-01-09 13:31:11.159000,1.09408,1.09407,1010000,3450000
2020-01-09 13:31:11.261000,1.09411,1.09408,5210000,2700000
2020-01-09 13:31:11.362000,1.09411,1.09409,3070000,2700000
2020-01-09 13:31:11.413000,1.0941,1.09407,1390000,3450000
2020-01-09 13:31:11.465000,1.09409,1.09407,1250000,2620000
2020-01-09 13:31:11.617000,1.09408,1.09406,1250000,1000000
2020-01-09 13:31:11.718000,1.09407,1.09404,1000000,2060000
2020-01-09 13:31:12.058000,1.09407,1.09404,2640000,1500000
2020-01-09 13:31:18.266000,1.09406,1.09403,2810000,3070000
2020-01-09 13:31:24.169000,1.09407,1.09404,2060000,2590000
2020-01-09 13:31:24.372000,1.09408,1.09407,1120000,1000000
2020-01-09 13:31:24.762000,1.09409,1.09407,1390000,1000000
2020-01-09 13:31:24.864000,1.09408,1.09407,1690000,1000000
2020-01-09 13:31:24.966000,1.09409,1.09407,2140000,1000000
2020-01-09 13:31:25.123000,1.09408,1.09407,1000000,1000000
2020-01-09 13:31:26.804000,1.09409,1.09406,3850000,1000000
2020-01-09 13:31:27.631000,1.09408,1.09406,2950000,1000000
2020-01-09 13:31:27.733000,1.09408,1.09405,2950000,1120000
2020-01-09 13:31:28.039000,1.09407,1.09404,2060000,3070000
2020-01-09 13:31:28.839000,1.09406,1.09404,1310000,1000000
2020-01-09 13:31:36.954000,1.09407,1.09404,2060000,1310000
2020-01-09 13:31:38.463000,1.09407,1.09405,1870000,1250000
2020-01-09 13:31:40.855000,1.09407,1.09405,1000000,1760000
2020-01-09 13:31:42.564000,1.09408,1.09406,2060000,1500000
2020-01-09 13:31:43.134000,1.09408,1.09407,1250000,1000000
2020-01-09 13:31:45.897000,1.09407,1.09405,1370000,1200000
2020-01-09 13:31:46.404000,1.09405,1.09404,1000000,1000000
2020-01-09 13:31:46.558000,1.09405,1.09403,1000000,3070000
2020-01-09 13:31:53.286000,1.09405,1.09403,1000000,4320000
2020-01-09 13:31:53.860000,1.09406,1.09404,1000000,3340000
2020-01-09 13:31:53.961000,1.09407,1.09404,1310000,5050000
2020-01-09 13:31:57.188000,1.09406,1.09404,1750000,1200000
2020-01-09 13:32:02.147000,1.09406,1.09403,2950000,1500000
2020-01-09 13:32:09.330000,1.09403,1.09402,1250000,1120000
2020-01-09 13:32:09.432000,1.09403,1.094,4750000,1200000
2020-01-09 13:32:10.698000,1.09402,1.09399,2500000,2370000
2020-01-09 13:32:10.855000,1.09402,1.09399,2950000,1870000
2020-01-09 13:32:11.026000,1.09402,1.09399,1870000,2870000
2020-01-09 13:32:14.065000,1.09402,1.09399,2140000,1870000
2020-01-09 13:32:14.167000,1.09399,1.09398,1250000,1200000
2020-01-09 13:32:14.218000,1.09399,1.09397,1250000,3560000
2020-01-09 13:32:14.319000,1.09398,1.09395,1810000,3820000
2020-01-09 13:32:14.573000,1.09398,1.09395,1310000,2890000
2020-01-09 13:32:15.575000,1.09398,1.09395,1250000,3390000
2020-01-09 13:32:17,1.09397,1.09395,2510000,1500000
2020-01-09 13:32:17.202000,1.09396,1.09393,1690000,2450000
2020-01-09 13:32:17.355000,1.09395,1.09393,1250000,2450000
2020-01-09 13:32:17.457000,1.09395,1.09393,1250000,1570000
2020-01-09 13:32:19.026000,1.09395,1.09392,1690000,1870000
2020-01-09 13:32:20.197000,1.09394,1.09392,1250000,1870000
2020-01-09 13:32:21.015000,1.09395,1.09392,2140000,1870000
2020-01-09 13:32:21.378000,1.09395,1.09392,2140000,2370000
2020-01-09 13:32:21.905000,1.09397,1.09395,3760000,1500000
2020-01-09 13:32:22.007000,1.09399,1.09395,7390000,3310000
2020-01-09 13:32:23.087000,1.09399,1.09396,2890000,1390000
2020-01-09 13:32:26.166000,1.09399,1.09397,2890000,1000000
2020-01-09 13:32:27.393000,1.094,1.09397,2440000,1000000
2020-01-09 13:32:27.848000,1.09399,1.09397,1100000,1000000
2020-01-09 13:32:36.260000,1.09398,1.09397,1250000,1000000
2020-01-09 13:32:36.608000,1.09399,1.09397,2210000,1000000
2020-01-09 13:32:36.872000,1.09399,1.09397,2990000,1000000
2020-01-09 13:32:38.111000,1.09399,1.09397,1310000,1000000
2020-01-09 13:32:39.092000,1.09399,1.09397,2610000,1000000
2020-01-09 13:32:41.071000,1.09398,1.09395,1690000,3760000
2020-01-09 13:32:41.425000,1.09398,1.09395,2400000,1870000
2020-01-09 13:32:43.245000,1.09396,1.09393,2870000,2700000
2020-01-09 13:32:43.347000,1.09394,1.09392,1250000,1870000
2020-01-09 13:32:49.535000,1.09395,1.09392,1120000,3340000
2020-01-09 13:32:52.662000,1.09395,1.09392,1370000,4270000
2020-01-09 13:33:01.032000,1.09394,1.09392,3760000,1000000
2020-01-09 13:33:02.230000,1.09392,1.09389,2890000,4910000
2020-01-09 13:33:02.347000,1.09391,1.09389,1250000,1120000
2020-01-09 13:33:02.449000,1.0939,1.09388,1000000,1200000
2020-01-09 13:33:05.025000,1.09391,1.09389,1000000,1370000
2020-01-09 13:33:06.467000,1.09392,1.09389,1000000,5320000
2020-01-09 13:33:07.348000,1.09391,1.09389,1000000,2560000
2020-01-09 13:33:08.574000,1.09391,1.09389,1250000,1120000
2020-01-09 13:33:08.676000,1.0939,1.09388,1310000,1870000
2020-01-09 13:33:08.980000,1.09389,1.09387,2250000,3310000
2020-01-09 13:33:09.182000,1.0939,1.09387,1760000,3310000
2020-01-09 13:33:09.334000,1.0939,1.09387,3320000,2370000
2020-01-09 13:33:09.637000,1.0939,1.09387,3320000,1870000
2020-01-09 13:33:11.392000,1.0939,1.09387,3560000,1870000
2020-01-09 13:33:11.920000,1.0939,1.09387,3620000,1870000
2020-01-09 13:33:12.528000,1.0939,1.09387,3560000,1870000
2020-01-09 13:33:12.932000,1.09389,1.09387,2250000,1870000
2020-01-09 13:33:13.598000,1.09388,1.09387,2250000,1870000
2020-01-09 13:33:13.832000,1.0939,1.09387,4850000,1870000
2020-01-09 13:33:14.243000,1.09389,1.09387,1820000,1000000
2020-01-09 13:33:14.344000,1.09389,1.09386,7840000,1000000
2020-01-09 13:33:14.445000,1.09387,1.09385,1000000,1870000
2020-01-09 13:33:36.264000,1.09387,1.09385,1000000,2120000
2020-01-09 13:33:47.501000,1.09388,1.09386,1250000,1310000
2020-01-09 13:33:47.754000,1.0939,1.09388,1200000,1500000
2020-01-09 13:33:47.856000,1.09392,1.0939,1500000,13500000
2020-01-09 13:33:47.957000,1.09393,1.0939,4570000,1310000
2020-01-09 13:33:49.936000,1.09393,1.0939,2820000,1250000
2020-01-09 13:33:54.882000,1.0939,1.09388,2440000,4140000
2020-01-09 13:33:54.983000,1.09389,1.09387,2510000,1690000
2020-01-09 13:33:55.084000,1.09388,1.09386,1000000,2870000
2020-01-09 13:33:59.085000,1.09387,1.09386,1000000,1000000
2020-01-09 13:34:00.954000,1.09388,1.09386,1870000,2440000
2020-01-09 13:34:02.020000,1.09389,1.09387,3370000,1000000
2020-01-09 13:34:02.122000,1.09389,1.09388,1000000,1000000
2020-01-09 13:34:03.777000,1.0939,1.09388,1690000,1000000
2020-01-09 13:34:04.889000,1.09391,1.0939,1120000,1000000
2020-01-09 13:34:04.990000,1.09392,1.0939,2890000,1000000
2020-01-09 13:34:19.902000,1.09391,1.0939,1000000,1000000
2020-01-09 13:34:19.953000,1.0939,1.09389,1690000,1000000
2020-01-09 13:34:20.005000,1.09389,1.09387,1690000,4870000
2020-01-09 13:34:20.106000,1.09388,1.09387,1000000,1690000
2020-01-09 13:34:20.811000,1.09389,1.09387,1840000,1690000
2020-01-09 13:34:23.044000,1.09389,1.09386,3840000,1250000
2020-01-09 13:34:31.290000,1.09389,1.09386,2810000,1010000
2020-01-09 13:34:31.341000,1.0939,1.09389,1500000,1690000
2020-01-09 13:34:31.443000,1.09391,1.0939,1000000,1310000
2020-01-09 13:34:31.891000,1.09393,1.0939,4090000,1310000
2020-01-09 13:34:33.409000,1.09393,1.0939,3840000,1250000
2020-01-09 13:34:34.400000,1.09393,1.09391,1310000,1250000
2020-01-09 13:34:34.452000,1.09394,1.09392,2510000,4750000
2020-01-09 13:34:34.503000,1.09396,1.09394,2810000,11250000
2020-01-09 13:34:34.604000,1.09397,1.09395,1120000,2120000
2020-01-09 13:34:36.910000,1.09397,1.09395,1000000,1310000
2020-01-09 13:34:41.247000,1.09395,1.09393,1750000,3000000
2020-01-09 13:34:41.349000,1.09394,1.09392,2440000,2060000
2020-01-09 13:34:41.450000,1.09393,1.09391,2250000,2870000
2020-01-09 13:34:41.602000,1.09392,1.0939,1000000,3310000
2020-01-09 13:34:41.704000,1.09392,1.0939,1000000,2060000
2020-01-09 13:34:44.027000,1.09392,1.0939,2350000,1120000
2020-01-09 13:34:44.129000,1.09392,1.0939,1120000,2500000
2020-01-09 13:34:44.230000,1.09392,1.0939,1000000,2060000
2020-01-09 13:34:59.501000,1.09391,1.09389,2200000,1870000
2020-01-09 13:34:59.604000,1.09391,1.09389,1000000,1310000
2020-01-09 13:35:02.475000,1.09391,1.09389,1000000,1820000
2020-01-09 13:35:05.228000,1.09392,1.0939,1120000,1750000
2020-01-09 13:35:05.822000,1.09392,1.0939,1000000,1120000
2020-01-09 13:35:05.923000,1.09393,1.0939,3900000,1120000
2020-01-09 13:35:06.416000,1.09393,1.0939,2810000,2570000
2020-01-09 13:35:35.106000,1.09395,1.09393,2510000,3190000
2020-01-09 13:35:35.157000,1.09397,1.09395,1570000,1750000
2020-01-09 13:35:35.258000,1.09397,1.09395,1120000,1250000
2020-01-09 13:35:35.360000,1.09397,1.09395,1000000,2620000
2020-01-09 13:35:35.998000,1.09398,1.09396,1870000,1690000
2020-01-09 13:35:47.527000,1.094,1.09399,1100000,3640000
2020-01-09 13:35:47.629000,1.09401,1.09399,3190000,8070000
2020-01-09 13:35:47.733000,1.094,1.09399,1690000,1000000
2020-01-09 13:35:47.835000,1.09402,1.09401,1200000,1250000
2020-01-09 13:35:47.936000,1.09404,1.09401,3450000,2120000
2020-01-09 13:35:50.457000,1.09403,1.094,2060000,2140000
2020-01-09 13:35:50.559000,1.09404,1.09401,5150000,1690000
2020-01-09 13:35:50.660000,1.09404,1.09401,4010000,2060000
2020-01-09 13:35:53.435000,1.09402,1.094,1000000,3190000
2020-01-09 13:35:53.537000,1.09401,1.09399,2250000,1690000
2020-01-09 13:35:53.638000,1.09401,1.09399,4450000,1000000
2020-01-09 13:35:55.535000,1.09401,1.09399,2810000,1000000
2020-01-09 13:35:55.644000,1.09403,1.094,5700000,1000000
2020-01-09 13:35:55.696000,1.09403,1.09402,1870000,1000000
2020-01-09 13:35:55.849000,1.09404,1.09402,1950000,1690000
2020-01-09 13:35:59.500000,1.09404,1.09402,3010000,1000000
2020-01-09 13:36:00.647000,1.09404,1.09402,2020000,1000000
2020-01-09 13:36:04.938000,1.09404,1.09402,1950000,1750000
2020-01-09 13:36:05.729000,1.09405,1.09402,3000000,2120000
2020-01-09 13:36:06.641000,1.09405,1.09402,3950000,2120000
2020-01-09 13:36:07.642000,1.09405,1.09402,3820000,2120000
2020-01-09 13:36:08.646000,1.09405,1.09402,3870000,1750000
2020-01-09 13:36:10.269000,1.09405,1.09403,1870000,1250000
2020-01-09 13:36:16.483000,1.09402,1.094,1570000,3070000
2020-01-09 13:36:16.584000,1.09402,1.094,1000000,2070000
2020-01-09 13:36:16.686000,1.09402,1.09399,1120000,3340000
2020-01-09 13:36:17.088000,1.09401,1.09399,1000000,1120000
2020-01-09 13:36:17.190000,1.094,1.09398,1000000,3450000
2020-01-09 13:36:18.102000,1.09399,1.09397,1000000,2060000
2020-01-09 13:36:30.889000,1.09397,1.09395,1570000,1620000
2020-01-09 13:36:31.192000,1.09397,1.09395,1200000,1250000
2020-01-09 13:36:36.988000,1.09396,1.09394,2320000,4060000
2020-01-09 13:36:37.090000,1.09397,1.09395,1120000,1690000
2020-01-09 13:36:40.326000,1.09394,1.09393,1010000,4050000
2020-01-09 13:36:40.428000,1.09393,1.09391,3150000,1500000
2020-01-09 13:36:51.308000,1.09393,1.09391,4040000,1000000
2020-01-09 13:36:51.799000,1.09391,1.09389,1000000,4010000
2020-01-09 13:36:52.601000,1.09392,1.0939,1390000,30370001
2020-01-09 13:36:53.103000,1.09391,1.09388,2060000,5610000
2020-01-09 13:36:53.204000,1.09391,1.09388,2140000,2700000
2020-01-09 13:36:54.325000,1.09391,1.09388,2200000,4390000
2020-01-09 13:36:54.457000,1.09391,1.09389,1250000,1200000
2020-01-09 13:36:55.433000,1.09392,1.0939,1870000,1000000
2020-01-09 13:37:00.340000,1.0939,1.09389,1010000,1000000
2020-01-09 13:37:00.442000,1.0939,1.09388,3700000,1000000
2020-01-09 13:37:00.492000,1.0939,1.09387,4450000,2320000
2020-01-09 13:37:01.186000,1.09389,1.09387,1250000,1200000
2020-01-09 13:37:02.302000,1.09389,1.09387,1000000,1200000
2020-01-09 13:37:02.404000,1.09388,1.09386,1690000,1000000
2020-01-09 13:37:04.530000,1.09388,1.09385,2140000,3260000
2020-01-09 13:37:07.309000,1.09388,1.09385,2200000,1950000
2020-01-09 13:37:07.410000,1.09388,1.09385,1790000,2950000
2020-01-09 13:37:07.511000,1.09388,1.09385,2600000,1950000
2020-01-09 13:37:07.893000,1.09388,1.09385,1200000,3820000
2020-01-09 13:37:07.994000,1.09388,1.09385,1200000,3850000
2020-01-09 13:37:09.167000,1.09388,1.09385,1950000,3820000
2020-01-09 13:37:10.763000,1.09386,1.09385,1000000,2510000
2020-01-09 13:37:10.865000,1.09386,1.09384,1000000,1200000
2020-01-09 13:37:12.615000,1.09386,1.09384,1000000,1910000
2020-01-09 13:37:13.070000,1.09386,1.09384,1000000,2320000
2020-01-09 13:37:14.811000,1.09386,1.09384,1000000,2350000
2020-01-09 13:37:14.862000,1.09388,1.09385,2890000,1450000
2020-01-09 13:37:17.447000,1.09389,1.09387,1000000,2260000
2020-01-09 13:37:17.549000,1.0939,1.09387,1250000,3090000
2020-01-09 13:37:17.659000,1.0939,1.09387,2500000,2150000
2020-01-09 13:37:17.896000,1.09388,1.09387,1250000,1200000
2020-01-09 13:37:18.099000,1.09388,1.09386,1000000,2140000
2020-01-09 13:37:18.200000,1.09388,1.09387,1000000,1000000
2020-01-09 13:37:18.394000,1.09388,1.09386,1000000,3900000
2020-01-09 13:37:18.496000,1.09388,1.09386,1000000,5100000
2020-01-09 13:37:18.882000,1.09388,1.09386,1000000,4010000
2020-01-09 13:37:20.174000,1.09388,1.09386,1000000,3760000
2020-01-09 13:37:21.234000,1.09392,1.0939,2060000,1000000
2020-01-09 13:37:21.336000,1.09393,1.09391,2440000,1310000
2020-01-09 13:37:26.848000,1.09393,1.09392,1690000,1000000
2020-01-09 13:37:28.028000,1.09394,1.09393,1120000,1000000
2020-01-09 13:37:29.024000,1.09395,1.09393,2060000,1000000
2020-01-09 13:37:32.505000,1.09397,1.09395,4890000,1000000
2020-01-09 13:37:32.607000,1.09398,1.09396,1750000,2060000
2020-01-09 13:37:32.657000,1.09399,1.09396,3560000,2060000
2020-01-09 13:37:33.127000,1.09399,1.09398,1310000,1000000
2020-01-09 13:37:34.100000,1.094,1.09398,2810000,1000000
2020-01-09 13:37:46.055000,1.09401,1.09397,4570000,5140000
2020-01-09 13:37:46.878000,1.094,1.09397,1370000,3820000
2020-01-09 13:37:47.919000,1.09396,1.09395,1000000,4760000
2020-01-09 13:37:48.020000,1.09396,1.09394,1750000,1570000
2020-01-09 13:37:48.131000,1.09396,1.09394,3190000,1000000
2020-01-09 13:37:48.182000,1.09396,1.09393,4370000,3150000
2020-01-09 13:37:49.187000,1.09395,1.09392,2810000,1200000
2020-01-09 13:37:53.244000,1.09394,1.09392,1010000,1200000
2020-01-09 13:37:56.832000,1.09395,1.09392,2060000,1200000
2020-01-09 13:37:57.084000,1.09394,1.09392,1390000,2320000
2020-01-09 13:37:57.186000,1.09393,1.09391,1000000,4570000
2020-01-09 13:37:57.338000,1.09393,1.09391,1000000,4600000
2020-01-09 13:37:57.439000,1.09393,1.09391,1000000,4570000
2020-01-09 13:37:58.471000,1.09393,1.09391,1000000,5350000
2020-01-09 13:37:58.609000,1.09393,1.09391,1000000,5320000
2020-01-09 13:38:04.456000,1.09394,1.09392,2540000,1000000
2020-01-09 13:38:05.608000,1.09393,1.09391,1100000,1120000
2020-01-09 13:38:06.188000,1.09394,1.09392,2370000,1000000
2020-01-09 13:38:06.290000,1.09395,1.09392,3120000,1000000
2020-01-09 13:38:06.392000,1.09395,1.09392,1310000,1120000
2020-01-09 13:38:08.244000,1.09395,1.09392,1250000,4140000
2020-01-09 13:38:08.979000,1.09397,1.09395,3660000,2250000
2020-01-09 13:38:09.080000,1.09398,1.09396,1120000,2620000
2020-01-09 13:38:09.886000,1.09399,1.09397,1870000,1000000
2020-01-09 13:38:11.024000,1.09399,1.09396,1200000,2620000
2020-01-09 13:38:13.265000,1.094,1.09398,1690000,1000000
2020-01-09 13:38:14.149000,1.09399,1.09398,1010000,1000000
2020-01-09 13:38:23.961000,1.09399,1.09397,2060000,1000000
2020-01-09 13:38:41.633000,1.09399,1.09396,2060000,5210000
2020-01-09 13:38:42.143000,1.09399,1.09396,2060000,5340000
2020-01-09 13:38:42.245000,1.09399,1.09396,1310000,5210000
2020-01-09 13:38:48.556000,1.094,1.09397,2810000,1870000
2020-01-09 13:38:50.145000,1.094,1.09398,2060000,1000000
2020-01-09 13:38:51.706000,1.09399,1.09398,1250000,1000000
2020-01-09 13:38:55.506000,1.094,1.09398,1310000,1000000
2020-01-09 13:39:00.054000,1.09399,1.09398,1250000,1000000
2020-01-09 13:39:00.208000,1.09398,1.09396,2250000,2890000
2020-01-09 13:39:00.259000,1.09396,1.09395,1000000,2250000
2020-01-09 13:39:00.361000,1.09396,1.09394,4070000,1000000
2020-01-09 13:39:00.462000,1.09395,1.09393,1250000,1120000
2020-01-09 13:39:00.563000,1.09394,1.09393,1250000,1000000
2020-01-09 13:39:01.389000,1.09395,1.09393,2060000,1000000
2020-01-09 13:39:01.893000,1.09398,1.09396,2250000,1000000
2020-01-09 13:39:01.995000,1.09399,1.09397,1750000,1120000
2020-01-09 13:39:03.692000,1.09399,1.09398,1000000,1000000
2020-01-09 13:39:03.793000,1.094,1.09398,2060000,1000000
2020-01-09 13:39:10.489000,1.09402,1.09401,1100000,1250000
2020-01-09 13:39:10.540000,1.09403,1.09402,1870000,9450000
2020-01-09 13:39:10.715000,1.09405,1.09402,3700000,9820000
2020-01-09 13:39:12.795000,1.09405,1.09402,1310000,2890000
2020-01-09 13:39:12.897000,1.09405,1.09402,1810000,3520000
2020-01-09 13:39:13.201000,1.09405,1.09402,1120000,2960000
2020-01-09 13:39:14.171000,1.09406,1.09402,2060000,4210000
2020-01-09 13:39:14.407000,1.09406,1.09402,2870000,4020000
2020-01-09 13:39:14.508000,1.09406,1.09402,1870000,5340000
2020-01-09 13:39:15.765000,1.09404,1.09402,1750000,1120000
2020-01-09 13:39:15.866000,1.09403,1.094,4060000,1310000
2020-01-09 13:39:16.863000,1.09403,1.094,2810000,1310000
2020-01-09 13:39:18.030000,1.09403,1.094,2870000,1120000
2020-01-09 13:39:19.481000,1.094,1.09399,1000000,1120000
2020-01-09 13:39:19.583000,1.094,1.09398,1370000,1000000
2020-01-09 13:39:24.572000,1.09401,1.09398,5520000,1000000
2020-01-09 13:39:32.709000,1.094,1.09398,1370000,1000000
2020-01-09 13:39:32.810000,1.094,1.09397,2570000,1120000
2020-01-09 13:39:37.835000,1.094,1.09397,1310000,2400000
2020-01-09 13:39:37.936000,1.094,1.09397,1310000,2900000
2020-01-09 13:39:42.604000,1.09401,1.094,1100000,1500000
2020-01-09 13:39:42.655000,1.09404,1.09401,3120000,2200000
2020-01-09 13:39:42.706000,1.09405,1.09403,4200000,1500000
2020-01-09 13:39:42.807000,1.09406,1.09403,1690000,2250000
2020-01-09 13:39:46.222000,1.09406,1.09404,1310000,1100000
2020-01-09 13:39:47.103000,1.09409,1.09408,5510000,2440000
2020-01-09 13:39:47.205000,1.0941,1.09408,1120000,3190000
2020-01-09 13:39:47.306000,1.09412,1.09409,3260000,1870000
2020-01-09 13:39:49.340000,1.09412,1.09409,3310000,1500000
2020-01-09 13:39:51.340000,1.09412,1.09409,2140000,1500000
2020-01-09 13:39:53.892000,1.09411,1.09409,2320000,1000000
2020-01-09 13:39:53.943000,1.09409,1.09407,1870000,1100000
2020-01-09 13:39:54.044000,1.09408,1.09405,3370000,6820000
2020-01-09 13:39:54.146000,1.09408,1.09405,3760000,7750000
2020-01-09 13:39:54.695000,1.0941,1.09407,5260000,1570000
2020-01-09 13:39:54.796000,1.0941,1.09407,1870000,4070000
2020-01-09 13:39:54.897000,1.0941,1.09407,2060000,3560000
2020-01-09 13:39:54.948000,1.09407,1.09406,1000000,1120000
2020-01-09 13:39:55.050000,1.09407,1.09405,1310000,1000000
2020-01-09 13:39:55.151000,1.09407,1.09404,1310000,3070000
2020-01-09 13:39:55.961000,1.09407,1.09404,2560000,3070000
2020-01-09 13:39:58.984000,1.09407,1.09404,1690000,1120000
2020-01-09 13:39:59.376000,1.09406,1.09403,1000000,4320000
2020-01-09 13:40:01.021000,1.09406,1.09403,1120000,3070000
2020-01-09 13:40:02.639000,1.09405,1.09403,2570000,1000000
2020-01-09 13:40:03,1.09405,1.09403,1870000,1000000
2020-01-09 13:40:10.286000,1.09405,1.09404,1000000,1000000
2020-01-09 13:40:10.387000,1.09406,1.09404,1310000,1500000
2020-01-09 13:40:19.773000,1.09406,1.09404,2870000,1000000
2020-01-09 13:40:19.914000,1.09404,1.09402,1000000,3560000
2020-01-09 13:40:31.758000,1.09405,1.09403,1310000,1000000
2020-01-09 13:40:37.959000,1.09409,1.09407,3260000,1000000
2020-01-09 13:40:38.060000,1.09411,1.09408,2810000,2060000
2020-01-09 13:40:38.212000,1.09412,1.09408,3200000,2570000
2020-01-09 13:40:38.313000,1.09412,1.09408,1500000,3770000
2020-01-09 13:40:39.024000,1.09413,1.09409,2810000,2960000
2020-01-09 13:40:39.227000,1.09412,1.09409,1000000,2890000
2020-01-09 13:40:39.580000,1.09413,1.09409,2890000,3640000
2020-01-09 13:40:39.682000,1.09412,1.09409,1000000,2890000
2020-01-09 13:40:39.783000,1.09413,1.09409,2140000,2890000
2020-01-09 13:40:40.046000,1.09412,1.09409,1000000,2140000
2020-01-09 13:40:40.252000,1.09413,1.09409,2890000,3640000
2020-01-09 13:40:40.545000,1.09412,1.09409,1000000,2890000
2020-01-09 13:40:42.619000,1.09412,1.0941,1000000,1000000
2020-01-09 13:40:43.991000,1.09412,1.09409,2510000,1500000
2020-01-09 13:40:44.346000,1.09412,1.09409,2640000,1500000
2020-01-09 13:40:47.343000,1.09412,1.09409,2060000,1000000
2020-01-09 13:40:48.326000,1.09412,1.09409,2560000,1000000
2020-01-09 13:40:50.324000,1.09412,1.09409,1310000,1570000
2020-01-09 13:41:12.204000,1.09413,1.0941,6940000,1200000
2020-01-09 13:41:12.832000,1.09413,1.09409,6940000,4760000
2020-01-09 13:41:13.446000,1.09412,1.09409,1250000,2620000
2020-01-09 13:41:16.429000,1.09412,1.09409,1120000,3900000
2020-01-09 13:41:19.129000,1.09414,1.09413,1500000,4500000
2020-01-09 13:41:19.180000,1.09416,1.09414,3250000,1500000
2020-01-09 13:41:19.282000,1.09417,1.09414,3060000,1870000
2020-01-09 13:41:19.383000,1.09417,1.09414,1500000,2560000
2020-01-09 13:41:20.327000,1.09418,1.09414,6510000,3640000
2020-01-09 13:41:20.529000,1.09418,1.09415,6440000,1870000
2020-01-09 13:41:25.081000,1.09418,1.09415,4870000,1250000
2020-01-09 13:41:25.909000,1.09418,1.09415,1120000,4670000
2020-01-09 13:41:26.060000,1.09419,1.09417,3310000,1000000
2020-01-09 13:41:26.919000,1.09418,1.09416,2370000,1000000
2020-01-09 13:41:28.750000,1.09418,1.09416,2370000,1000000
2020-01-09 13:41:34.651000,1.09417,1.09415,2060000,1500000
2020-01-09 13:41:34.803000,1.09417,1.09414,2060000,2320000
2020-01-09 13:41:35.707000,1.09416,1.09414,1000000,1570000
2020-01-09 13:41:43.505000,1.09415,1.09413,4690000,1000000
2020-01-09 13:41:43.572000,1.09414,1.09412,4750000,4390000
2020-01-09 13:41:43.675000,1.09414,1.09412,2310000,2020000
2020-01-09 13:41:43.776000,1.09414,1.09411,1120000,4850000
2020-01-09 13:41:43.877000,1.09412,1.0941,6790000,1200000
2020-01-09 13:41:45.252000,1.09413,1.09412,1110000,1000000
2020-01-09 13:41:45.354000,1.09414,1.09412,1310000,2510000
2020-01-09 13:41:45.506000,1.09414,1.09413,1120000,1200000
2020-01-09 13:41:52.104000,1.09413,1.09411,1000000,8080000
2020-01-09 13:41:52.307000,1.09414,1.09412,1120000,1010000
2020-01-09 13:41:54.740000,1.09414,1.09412,1000000,3140000
2020-01-09 13:41:56.066000,1.09414,1.09412,1000000,1270000
2020-01-09 13:42:03.740000,1.09411,1.0941,4200000,1570000
2020-01-09 13:42:03.853000,1.0941,1.09407,1870000,2960000
2020-01-09 13:42:04.025000,1.0941,1.09407,1500000,3460000
2020-01-09 13:42:09.997000,1.0941,1.09407,1500000,2960000
2020-01-09 13:42:26.975000,1.09415,1.09413,6560000,1390000
2020-01-09 13:42:27.077000,1.09417,1.09414,6820000,2070000
2020-01-09 13:42:27.380000,1.09416,1.09414,2250000,2820000
2020-01-09 13:42:28.023000,1.09416,1.09414,2250000,1120000
2020-01-09 13:42:35.305000,1.09418,1.09416,4870000,3450000
2020-01-09 13:42:35.406000,1.09418,1.09416,2810000,1100000
2020-01-09 13:42:35.508000,1.09417,1.09415,2250000,2890000
2020-01-09 13:42:37.806000,1.09417,1.09416,1000000,1760000
2020-01-09 13:42:37.857000,1.0942,1.09417,4620000,3710000
2020-01-09 13:42:37.959000,1.09419,1.09417,1690000,4300000
2020-01-09 13:42:38.062000,1.09419,1.09417,1690000,2020000
2020-01-09 13:42:38.114000,1.09417,1.09415,1250000,7760000
2020-01-09 13:42:38.267000,1.09417,1.09414,1250000,4650000
2020-01-09 13:42:46.532000,1.09418,1.09416,4620000,2700000
2020-01-09 13:42:46.633000,1.0942,1.09418,2250000,1200000
2020-01-09 13:42:46.735000,1.0942,1.09418,1750000,2700000
2020-01-09 13:42:46.837000,1.0942,1.09418,1690000,1100000
2020-01-09 13:42:46.938000,1.09418,1.09416,1250000,3850000
2020-01-09 13:42:47.040000,1.09418,1.09416,1250000,1950000
2020-01-09 13:42:47.761000,1.09418,1.09416,2870000,1000000
2020-01-09 13:42:47.862000,1.09417,1.09415,1250000,1270000
2020-01-09 13:42:54.462000,1.09418,1.09416,1750000,1650000
2020-01-09 13:42:54.513000,1.09419,1.09417,1000000,4390000
2020-01-09 13:42:54.665000,1.09419,1.09417,1000000,4100000
2020-01-09 13:42:54.895000,1.09419,1.09417,1690000,4570000
2020-01-09 13:42:54.997000,1.09418,1.09416,1000000,4510000
2020-01-09 13:42:55.850000,1.09418,1.09416,1000000,4010000
2020-01-09 13:42:56.736000,1.09417,1.09415,1250000,2320000
2020-01-09 13:43:06.549000,1.09416,1.09414,1000000,1870000
2020-01-09 13:43:09.235000,1.09415,1.09414,1760000,1000000
2020-01-09 13:43:09.287000,1.09413,1.09411,1000000,2820000
2020-01-09 13:43:09.388000,1.09414,1.09411,1200000,9260000
2020-01-09 13:43:09.537000,1.09414,1.09412,1000000,1120000
2020-01-09 13:43:10.091000,1.09414,1.09412,1000000,3010000
2020-01-09 13:43:13.527000,1.09414,1.09412,1690000,1120000
2020-01-09 13:43:18.314000,1.09414,1.09412,1000000,2540000
2020-01-09 13:43:20.375000,1.09415,1.09413,1000000,1100000
2020-01-09 13:43:30.837000,1.09414,1.09412,1000000,3760000
2020-01-09 13:43:34.203000,1.09416,1.09413,3260000,1120000
2020-01-09 13:43:34.863000,1.09416,1.09413,3260000,1620000
2020-01-09 13:43:37.860000,1.09416,1.09413,3260000,1120000
2020-01-09 13:43:45.851000,1.09416,1.09413,3260000,1620000
2020-01-09 13:43:48.854000,1.09416,1.09413,3640000,1120000
2020-01-09 13:43:49.865000,1.09416,1.09413,3190000,2070000
2020-01-09 13:43:51.232000,1.09418,1.09416,1570000,2250000
2020-01-09 13:43:51.937000,1.09417,1.09415,1000000,1890000
2020-01-09 13:43:52.038000,1.09417,1.09414,1250000,4050000
2020-01-09 13:43:52.190000,1.09416,1.09414,1000000,1000000
2020-01-09 13:44:00.814000,1.09415,1.09412,2510000,2560000
2020-01-09 13:44:01.824000,1.09414,1.09412,1250000,2250000
2020-01-09 13:44:02.854000,1.09414,1.09412,1250000,2370000
2020-01-09 13:44:03.819000,1.09414,1.09412,1250000,2250000
2020-01-09 13:44:03.921000,1.09413,1.09411,1000000,4460000
2020-01-09 13:44:04.435000,1.09414,1.09412,1500000,2870000
2020-01-09 13:44:05.435000,1.09413,1.09411,1250000,4770000
2020-01-09 13:44:06.594000,1.09414,1.09412,1500000,1760000
2020-01-09 13:44:09.304000,1.09414,1.09411,3700000,5620000
2020-01-09 13:44:09.406000,1.09414,1.09411,2060000,5890000
2020-01-09 13:44:10.069000,1.09413,1.09411,1000000,5140000
2020-01-09 13:44:10.308000,1.09413,1.09411,1000000,5640000
2020-01-09 13:44:12.626000,1.09414,1.09412,1000000,1510000
2020-01-09 13:44:14.645000,1.09415,1.09413,1000000,1000000
2020-01-09 13:44:17.424000,1.09414,1.09412,1750000,1500000
2020-01-09 13:44:17.475000,1.09412,1.09411,1250000,7760000
2020-01-09 13:44:17.577000,1.09412,1.09409,1250000,4320000
2020-01-09 13:44:19.601000,1.09412,1.09411,1000000,1250000
2020-01-09 13:44:20.263000,1.09412,1.0941,1000000,1310000
2020-01-09 13:44:26.296000,1.09412,1.09411,1000000,1250000
2020-01-09 13:44:26.397000,1.09412,1.0941,1000000,2060000
2020-01-09 13:44:30.816000,1.09415,1.09412,6760000,1390000
2020-01-09 13:44:30.917000,1.09416,1.09414,1100000,1310000
2020-01-09 13:44:43.517000,1.09416,1.09413,3370000,1460000
2020-01-09 13:44:47.714000,1.09416,1.09413,1000000,2640000
2020-01-09 13:44:48.715000,1.09416,1.09413,1120000,2510000
2020-01-09 13:44:49.425000,1.09414,1.09412,2620000,1700000
2020-01-09 13:44:49.527000,1.09412,1.0941,6370000,3040000
2020-01-09 13:44:50.835000,1.09412,1.0941,6370000,1390000
2020-01-09 13:44:51.133000,1.09412,1.0941,6370000,2540000
2020-01-09 13:44:51.235000,1.09413,1.0941,1310000,3360000
2020-01-09 13:44:52.082000,1.09414,1.09412,1570000,1950000
2020-01-09 13:44:52.234000,1.09415,1.09413,1870000,1100000
2020-01-09 13:44:52.437000,1.09414,1.09412,1000000,4090000
2020-01-09 13:44:52.741000,1.09413,1.09411,1000000,6390000
2020-01-09 13:44:52.843000,1.09413,1.09411,1690000,1200000
2020-01-09 13:44:53.853000,1.09412,1.0941,1000000,2810000
2020-01-09 13:44:54.279000,1.09412,1.0941,1000000,3410000
2020-01-09 13:44:54.583000,1.09412,1.0941,1000000,2590000
2020-01-09 13:45:03.621000,1.09412,1.0941,2640000,1000000
