time,ask,bid,ask_volume,bid_volume
2022-08-10 13:55:00.016000,1.3287,1.3286,5220000,1320000
2022-08-10 13:55:00.219000,1.32868,1.3286,1440000,1320000
2022-08-10 13:55:00.372000,1.3287,1.3286,5220000,1320000
2022-08-10 13:55:01.133000,1.32868,1.3286,1340000,2060000
2022-08-10 13:55:01.184000,1.3286,1.32857,1920000,1200000
2022-08-10 13:55:01.267000,1.32859,1.32853,1920000,1200000
2022-08-10 13:55:01.371000,1.32861,1.32851,6420000,5660000
2022-08-10 13:55:01.422000,1.32856,1.32848,2520000,5040000
2022-08-10 13:55:01.525000,1.32853,1.32847,1920000,1200000
2022-08-10 13:55:01.627000,1.32852,1.32844,2520000,3600000
2022-08-10 13:55:01.730000,1.32851,1.32841,8820000,4580000
2022-08-10 13:55:02.289000,1.32852,1.32842,2220000,2060000
2022-08-10 13:55:02.391000,1.3285,1.32842,1440000,4760000
2022-08-10 13:55:02.493000,1.32851,1.32841,5220000,4320000
2022-08-10 13:55:02.595000,1.32852,1.32842,4620000,4760000
2022-08-10 13:55:02.799000,1.32846,1.32842,1320000,1200000
2022-08-10 13:55:02.850000,1.32846,1.32839,1920000,2240000
2022-08-10 13:55:02.953000,1.32846,1.32835,1320000,1320000
2022-08-10 13:55:03.055000,1.32842,1.32833,1320000,5220000
2022-08-10 13:55:03.157000,1.32843,1.32833,4320000,6120000
2022-08-10 13:55:03.620000,1.32845,1.32835,3910000,8360000
2022-08-10 13:55:04,1.32845,1.32836,1920000,4320000
2022-08-10 13:55:04.356000,1.32843,1.32836,2520000,1800000
2022-08-10 13:55:04.408000,1.32839,1.32831,3420000,1800000
2022-08-10 13:55:04.459000,1.32838,1.32827,6420000,2960000
2022-08-10 13:55:04.561000,1.32837,1.32827,2960000,1880000
2022-08-10 13:55:04.664000,1.32833,1.32824,1920000,1440000
2022-08-10 13:55:04.970000,1.32835,1.32825,3190000,1440000
2022-08-10 13:55:05.123000,1.32835,1.32823,2520000,1440000
2022-08-10 13:55:05.225000,1.32829,1.32822,5220000,1200000
2022-08-10 13:55:05.277000,1.32828,1.32818,6120000,4140000
2022-08-10 13:55:05.328000,1.32828,1.32817,4140000,3600000
2022-08-10 13:55:05.380000,1.32819,1.32813,2360000,1800000
2022-08-10 13:55:05.482000,1.32818,1.32808,9260000,4370000
2022-08-10 13:55:05.635000,1.32816,1.32808,1320000,1920000
2022-08-10 13:55:05.889000,1.32818,1.32808,3650000,1440000
2022-08-10 13:55:06.093000,1.32818,1.32808,7020000,4320000
2022-08-10 13:55:06.246000,1.32819,1.32809,2220000,1440000
2022-08-10 13:55:06.389000,1.32821,1.32808,4620000,1440000
2022-08-10 13:55:06.593000,1.3282,1.32809,2750000,1920000
2022-08-10 13:55:07.152000,1.32822,1.32813,4390000,1920000
2022-08-10 13:55:07.204000,1.32823,1.32814,2340000,1920000
2022-08-10 13:55:07.917000,1.32826,1.32819,2170000,1320000
2022-08-10 13:55:07.968000,1.32829,1.32818,2960000,6560000
2022-08-10 13:55:08.019000,1.32829,1.32817,2960000,8360000
2022-08-10 13:55:08.439000,1.32831,1.32825,2880000,1920000
2022-08-10 13:55:08.491000,1.32835,1.32825,2360000,1920000
2022-08-10 13:55:08.594000,1.32835,1.32824,3860000,1920000
2022-08-10 13:55:08.798000,1.32832,1.32822,2220000,2360000
2022-08-10 13:55:09.409000,1.32832,1.32821,6120000,1920000
2022-08-10 13:55:09.547000,1.32832,1.32822,7460000,4160000
2022-08-10 13:55:10.004000,1.32832,1.32823,4160000,1920000
2022-08-10 13:55:10.208000,1.32833,1.32822,7250000,1320000
2022-08-10 13:55:10.260000,1.32832,1.32822,8820000,3680000
2022-08-10 13:55:10.362000,1.32833,1.3282,3420000,2060000
2022-08-10 13:55:11.581000,1.32827,1.32818,1320000,4040000
2022-08-10 13:55:11.683000,1.32826,1.32816,4760000,4760000
2022-08-10 13:55:11.785000,1.32827,1.32815,4760000,4160000
2022-08-10 13:55:11.896000,1.32827,1.32815,4620000,5220000
2022-08-10 13:55:12.049000,1.32825,1.32816,1670000,5060000
2022-08-10 13:55:12.253000,1.32826,1.32816,1320000,1920000
2022-08-10 13:55:12.710000,1.32824,1.32813,1320000,1920000
2022-08-10 13:55:12.863000,1.32823,1.32814,1320000,1440000
2022-08-10 13:55:12.965000,1.32822,1.32813,1920000,1320000
2022-08-10 13:55:13.079000,1.32822,1.32813,1440000,6420000
2022-08-10 13:55:13.285000,1.3282,1.32812,1460000,3680000
2022-08-10 13:55:13.387000,1.32818,1.32808,4760000,7020000
2022-08-10 13:55:13.489000,1.32819,1.32809,7460000,1320000
2022-08-10 13:55:13.591000,1.32818,1.32807,5890000,5660000
2022-08-10 13:55:13.846000,1.32819,1.32809,7820000,4760000
2022-08-10 13:55:14.049000,1.32818,1.32808,6120000,1320000
2022-08-10 13:55:14.152000,1.32817,1.32808,4140000,1320000
2022-08-10 13:55:15.269000,1.32819,1.3281,1800000,1320000
2022-08-10 13:55:15.372000,1.32821,1.32815,2100000,4320000
2022-08-10 13:55:15.474000,1.32825,1.32815,5150000,5220000
2022-08-10 13:55:15.576000,1.32823,1.32813,3420000,1880000
2022-08-10 13:55:15.679000,1.32818,1.32808,4760000,8400000
2022-08-10 13:55:15.781000,1.32819,1.3281,2960000,3600000
2022-08-10 13:55:15.883000,1.3282,1.32809,1620000,5660000
2022-08-10 13:55:16.462000,1.32819,1.32807,5890000,1320000
2022-08-10 13:55:16.565000,1.32818,1.32808,4810000,5220000
2022-08-10 13:55:16.667000,1.32819,1.32807,5660000,4620000
2022-08-10 13:55:16.769000,1.32818,1.32808,4580000,4760000
2022-08-10 13:55:17.429000,1.32819,1.32806,8590000,5520000
2022-08-10 13:55:17.633000,1.32819,1.32808,4370000,1320000
2022-08-10 13:55:17.786000,1.32817,1.32808,4140000,1320000
2022-08-10 13:55:17.939000,1.32819,1.32808,10920000,1920000
2022-08-10 13:55:18.041000,1.32818,1.32808,4990000,1460000
2022-08-10 13:55:18.093000,1.32816,1.32807,2060000,1320000
2022-08-10 13:55:18.347000,1.32816,1.32807,2540000,5060000
2022-08-10 13:55:18.702000,1.32816,1.32807,2720000,4580000
2022-08-10 13:55:18.936000,1.32816,1.32807,2540000,5060000
2022-08-10 13:55:19.089000,1.32818,1.32809,1320000,4140000
2022-08-10 13:55:19.191000,1.32822,1.32814,4150000,1320000
2022-08-10 13:55:19.294000,1.32824,1.32815,1320000,2060000
2022-08-10 13:55:19.806000,1.32824,1.32815,1320000,1920000
2022-08-10 13:55:19.908000,1.32822,1.32813,1320000,1920000
2022-08-10 13:55:20.053000,1.32817,1.32809,1320000,1320000
2022-08-10 13:55:20.155000,1.32819,1.32808,1320000,2060000
2022-08-10 13:55:21.219000,1.32819,1.3281,1320000,1920000
2022-08-10 13:55:21.270000,1.32822,1.32812,2520000,1920000
2022-08-10 13:55:21.373000,1.32821,1.32811,1320000,1200000
2022-08-10 13:55:21.424000,1.32819,1.3281,1320000,1440000
2022-08-10 13:55:21.526000,1.32819,1.3281,1320000,1320000
2022-08-10 13:55:24.721000,1.32818,1.3281,1320000,3600000
2022-08-10 13:55:24.823000,1.3282,1.32812,2750000,5040000
2022-08-10 13:55:24.926000,1.3282,1.32813,2100000,4140000
2022-08-10 13:55:25.029000,1.32818,1.3281,1320000,4140000
2022-08-10 13:55:25.131000,1.32817,1.32808,1460000,4620000
2022-08-10 13:55:25.289000,1.32818,1.32809,4200000,3860000
2022-08-10 13:55:25.392000,1.32822,1.32815,1500000,1920000
2022-08-10 13:55:25.494000,1.32822,1.32816,1500000,1320000
2022-08-10 13:55:25.545000,1.32825,1.32816,2220000,1320000
2022-08-10 13:55:26.181000,1.32826,1.32819,1800000,1440000
2022-08-10 13:55:26.233000,1.3283,1.32821,1740000,1320000
2022-08-10 13:55:26.335000,1.32831,1.32822,1320000,2060000
2022-08-10 13:55:26.539000,1.32832,1.32824,1320000,1440000
2022-08-10 13:55:26.692000,1.32834,1.32824,7460000,1320000
2022-08-10 13:55:26.794000,1.32834,1.32825,1920000,1320000
2022-08-10 13:55:27.154000,1.32835,1.32825,1340000,4760000
2022-08-10 13:55:27.257000,1.32835,1.32825,5890000,4620000
2022-08-10 13:55:27.418000,1.32835,1.32825,5890000,4620000
2022-08-10 13:55:27.571000,1.32838,1.32832,3780000,1320000
2022-08-10 13:55:27.673000,1.32839,1.32831,1500000,1460000
2022-08-10 13:55:27.826000,1.32841,1.32832,5700000,1460000
2022-08-10 13:55:27.877000,1.32841,1.32832,1800000,1460000
2022-08-10 13:55:28.110000,1.32841,1.32834,1340000,3680000
2022-08-10 13:55:28.212000,1.32843,1.32833,3640000,1320000
2022-08-10 13:55:28.315000,1.32843,1.32833,1960000,1320000
2022-08-10 13:55:28.620000,1.32843,1.32833,1670000,1320000
2022-08-10 13:55:28.874000,1.32843,1.32833,2270000,1320000
2022-08-10 13:55:28.976000,1.32843,1.32831,2780000,1320000
2022-08-10 13:55:29.129000,1.32843,1.32832,1200000,1460000
2022-08-10 13:55:30.174000,1.32841,1.32831,3680000,2060000
2022-08-10 13:55:30.595000,1.32841,1.32832,1500000,1920000
2022-08-10 13:55:30.697000,1.32841,1.32833,1200000,1320000
2022-08-10 13:55:30.799000,1.32841,1.32832,1340000,1920000
2022-08-10 13:55:30.901000,1.32841,1.32833,1200000,1320000
2022-08-10 13:55:31.257000,1.32842,1.32833,1200000,1320000
2022-08-10 13:55:31.778000,1.32844,1.32833,3370000,1320000
2022-08-10 13:55:32.032000,1.32843,1.32838,1570000,4040000
2022-08-10 13:55:32.084000,1.32844,1.32834,1340000,4620000
2022-08-10 13:55:32.186000,1.32843,1.32834,3600000,1320000
2022-08-10 13:55:32.289000,1.32843,1.32832,3840000,2060000
2022-08-10 13:55:32.492000,1.32843,1.32833,1200000,1320000
2022-08-10 13:55:32.595000,1.32846,1.32834,9010000,1320000
2022-08-10 13:55:32.748000,1.32844,1.32834,1690000,1320000
2022-08-10 13:55:32.951000,1.32844,1.32834,1760000,1320000
2022-08-10 13:55:33.307000,1.32845,1.32835,8640000,4620000
2022-08-10 13:55:33.469000,1.32844,1.32834,1880000,3600000
2022-08-10 13:55:33.776000,1.32841,1.32833,1880000,3600000
2022-08-10 13:55:33.827000,1.3284,1.3283,2940000,1920000
2022-08-10 13:55:33.929000,1.32839,1.32829,4740000,4760000
2022-08-10 13:55:34.032000,1.32839,1.3283,4040000,2520000
2022-08-10 13:55:34.134000,1.32843,1.3283,2780000,6120000
2022-08-10 13:55:34.236000,1.32843,1.32833,5780000,1320000
2022-08-10 13:55:34.338000,1.32844,1.32832,2540000,1320000
2022-08-10 13:55:34.440000,1.32843,1.32833,2470000,1320000
2022-08-10 13:55:34.594000,1.32843,1.32832,4010000,2520000
2022-08-10 13:55:34.696000,1.32842,1.32832,1880000,1320000
2022-08-10 13:55:34.950000,1.32841,1.32831,1500000,4760000
2022-08-10 13:55:35.052000,1.32841,1.32831,2290000,1320000
2022-08-10 13:55:35.155000,1.3284,1.32831,3900000,2060000
2022-08-10 13:55:35.206000,1.32841,1.32832,5270000,1440000
2022-08-10 13:55:35.310000,1.32841,1.32832,3600000,2060000
2022-08-10 13:55:35.412000,1.32841,1.32832,5040000,1880000
2022-08-10 13:55:35.717000,1.32842,1.32834,4550000,1200000
2022-08-10 13:55:35.819000,1.32843,1.32834,6860000,1920000
2022-08-10 13:55:36.179000,1.32844,1.32837,1520000,1320000
2022-08-10 13:55:36.238000,1.32847,1.32838,3680000,1320000
2022-08-10 13:55:37.093000,1.32845,1.32837,1670000,4040000
2022-08-10 13:55:37.195000,1.32846,1.32837,1740000,1320000
2022-08-10 13:55:37.247000,1.32847,1.32839,2540000,1320000
2022-08-10 13:55:37.349000,1.32847,1.32838,1500000,1920000
2022-08-10 13:55:37.451000,1.32849,1.3284,2660000,1920000
2022-08-10 13:55:37.554000,1.32849,1.32841,1220000,1920000
2022-08-10 13:55:37.980000,1.32852,1.32845,4220000,1920000
2022-08-10 13:55:38.082000,1.32856,1.32844,2180000,2060000
2022-08-10 13:55:38.803000,1.32853,1.32844,1880000,1320000
2022-08-10 13:55:39.210000,1.32853,1.32843,5180000,4320000
2022-08-10 13:55:39.362000,1.32852,1.32843,1320000,4140000
2022-08-10 13:55:39.414000,1.32851,1.32842,2220000,4040000
2022-08-10 13:55:39.516000,1.32853,1.32843,10920000,5040000
2022-08-10 13:55:39.618000,1.32854,1.32842,5040000,1920000
2022-08-10 13:55:39.884000,1.32855,1.32844,5900000,4320000
2022-08-10 13:55:39.987000,1.32858,1.3285,3600000,1320000
2022-08-10 13:55:40.099000,1.32861,1.32853,2340000,1320000
2022-08-10 13:55:40.202000,1.32862,1.32853,4340000,1320000
2022-08-10 13:55:40.410000,1.32861,1.32852,1870000,2960000
2022-08-10 13:55:40.562000,1.32861,1.32851,1870000,7920000
2022-08-10 13:55:40.969000,1.32861,1.32852,3550000,4140000
2022-08-10 13:55:41.070000,1.3286,1.32851,1200000,5220000
2022-08-10 13:55:41.172000,1.32861,1.32851,5710000,5220000
2022-08-10 13:55:41.274000,1.32861,1.32851,6920000,4320000
2022-08-10 13:55:41.477000,1.32862,1.3285,5810000,5220000
2022-08-10 13:55:41.580000,1.32858,1.32849,2110000,1920000
2022-08-10 13:55:41.682000,1.32854,1.32846,1800000,1920000
2022-08-10 13:55:41.784000,1.32853,1.32844,1880000,1320000
2022-08-10 13:55:41.988000,1.32851,1.32842,1880000,5040000
2022-08-10 13:55:42.091000,1.3285,1.32842,1500000,1320000
2022-08-10 13:55:42.193000,1.32851,1.32842,2570000,1440000
2022-08-10 13:55:42.295000,1.32851,1.32843,1200000,1320000
2022-08-10 13:55:42.397000,1.32852,1.32844,6300000,1340000
2022-08-10 13:55:42.499000,1.32855,1.32846,3600000,2520000
2022-08-10 13:55:42.601000,1.32856,1.32846,3470000,2520000
2022-08-10 13:55:42.705000,1.32856,1.32846,3540000,2520000
2022-08-10 13:55:42.858000,1.32855,1.32846,1640000,1920000
2022-08-10 13:55:43.040000,1.32855,1.32846,2360000,1340000
2022-08-10 13:55:43.193000,1.32856,1.32848,4140000,1200000
2022-08-10 13:55:43.295000,1.32856,1.32846,4140000,2060000
2022-08-10 13:55:43.988000,1.32856,1.32845,1620000,1320000
2022-08-10 13:55:44.091000,1.32854,1.32845,5700000,1320000
2022-08-10 13:55:44.193000,1.32855,1.32846,6170000,1320000
2022-08-10 13:55:44.345000,1.32855,1.32846,2030000,1320000
2022-08-10 13:55:44.872000,1.32855,1.32846,2110000,1880000
2022-08-10 13:55:44.974000,1.32856,1.32846,4140000,1920000
2022-08-10 13:55:45.025000,1.32852,1.32843,1880000,4740000
2022-08-10 13:55:45.128000,1.32851,1.32839,6120000,1200000
2022-08-10 13:55:45.230000,1.32846,1.32837,2240000,5660000
2022-08-10 13:55:45.281000,1.32846,1.32842,1800000,1320000
2022-08-10 13:55:45.333000,1.3285,1.32842,1200000,1320000
2022-08-10 13:55:45.435000,1.32855,1.32844,3560000,1320000
2022-08-10 13:55:45.537000,1.32851,1.32845,1500000,1320000
2022-08-10 13:55:45.640000,1.32855,1.32844,1760000,1320000
2022-08-10 13:55:45.742000,1.32854,1.32845,2220000,1320000
2022-08-10 13:55:45.793000,1.32853,1.32843,1810000,1920000
2022-08-10 13:55:45.896000,1.32853,1.32843,2710000,1320000
2022-08-10 13:55:47.079000,1.32853,1.32844,1800000,1320000
2022-08-10 13:55:47.181000,1.32853,1.32844,2340000,4580000
2022-08-10 13:55:47.475000,1.32853,1.32844,2480000,4140000
2022-08-10 13:55:48.051000,1.3285,1.32845,1500000,2060000
2022-08-10 13:55:48.103000,1.32853,1.32845,1570000,6560000
2022-08-10 13:55:48.154000,1.32856,1.32844,4810000,5660000
2022-08-10 13:55:48.256000,1.32855,1.32846,1210000,1920000
2022-08-10 13:55:48.811000,1.32856,1.32845,1320000,1320000
2022-08-10 13:55:50.215000,1.32858,1.3285,3710000,1320000
2022-08-10 13:55:50.317000,1.32862,1.32853,4750000,1920000
2022-08-10 13:55:50.451000,1.32869,1.32863,1200000,1920000
2022-08-10 13:55:50.503000,1.3287,1.32859,1200000,5520000
2022-08-10 13:55:50.605000,1.3287,1.3286,6610000,5060000
2022-08-10 13:55:50.707000,1.3287,1.32862,4500000,2520000
2022-08-10 13:55:50.809000,1.3287,1.32861,1620000,4580000
2022-08-10 13:55:50.962000,1.32872,1.32861,6860000,1320000
2022-08-10 13:55:51.469000,1.32869,1.3286,3600000,3860000
2022-08-10 13:55:51.765000,1.32869,1.32862,3600000,1920000
2022-08-10 13:55:51.867000,1.3287,1.32863,3680000,1200000
2022-08-10 13:55:52.960000,1.32871,1.32863,3680000,1920000
2022-08-10 13:55:53.318000,1.32871,1.32862,3680000,1920000
2022-08-10 13:55:53.421000,1.3287,1.32861,5360000,1440000
2022-08-10 13:55:53.577000,1.32868,1.32859,7090000,1320000
2022-08-10 13:55:53.679000,1.32867,1.32859,1440000,1320000
2022-08-10 13:55:53.883000,1.32866,1.32859,1200000,1320000
2022-08-10 13:55:54.035000,1.32866,1.32858,1200000,2060000
2022-08-10 13:55:54.947000,1.32866,1.32859,1200000,1320000
2022-08-10 13:55:55.100000,1.32867,1.32859,1320000,1320000
2022-08-10 13:55:55.218000,1.32867,1.32859,1320000,1320000
2022-08-10 13:55:55.320000,1.32866,1.32858,1200000,1320000
2022-08-10 13:55:55.548000,1.32865,1.32858,1200000,4620000
2022-08-10 13:55:55.599000,1.32862,1.32854,1880000,4140000
2022-08-10 13:55:55.702000,1.32861,1.32852,1880000,5220000
2022-08-10 13:55:55.854000,1.32861,1.32853,1440000,1920000
2022-08-10 13:55:55.956000,1.3286,1.32853,1200000,1920000
2022-08-10 13:55:56.059000,1.32861,1.3285,5290000,2040000
2022-08-10 13:55:56.161000,1.32858,1.32851,1200000,2040000
2022-08-10 13:55:56.262000,1.32858,1.32852,1200000,1200000
2022-08-10 13:55:56.415000,1.32859,1.32852,1200000,1920000
2022-08-10 13:55:56.517000,1.32858,1.32852,1200000,1920000
2022-08-10 13:55:56.773000,1.32858,1.32852,1320000,1200000
2022-08-10 13:55:56.845000,1.32855,1.32848,1880000,1800000
2022-08-10 13:55:56.896000,1.32853,1.32845,1670000,1320000
2022-08-10 13:55:56.948000,1.32851,1.32845,1200000,1320000
2022-08-10 13:55:57.050000,1.32852,1.32844,1200000,5660000
2022-08-10 13:55:57.152000,1.32851,1.32842,4670000,4620000
2022-08-10 13:55:57.254000,1.32846,1.32841,1210000,4040000
2022-08-10 13:55:57.357000,1.32843,1.32832,4810000,2060000
2022-08-10 13:55:57.459000,1.32842,1.32834,1200000,1320000
2022-08-10 13:55:57.612000,1.32841,1.32835,1200000,1200000
2022-08-10 13:55:57.714000,1.32844,1.32834,4580000,1440000
2022-08-10 13:55:57.867000,1.32844,1.32835,1320000,1200000
2022-08-10 13:55:57.969000,1.32842,1.32836,1200000,1200000
2022-08-10 13:55:58.122000,1.32843,1.32836,1200000,1920000
2022-08-10 13:56:00.025000,1.32843,1.32836,1200000,4140000
2022-08-10 13:56:00.574000,1.32844,1.32834,5290000,5220000
2022-08-10 13:56:00.678000,1.32842,1.32834,1200000,5220000
2022-08-10 13:56:00.837000,1.32843,1.32834,1320000,5220000
2022-08-10 13:56:01.141000,1.32843,1.32833,1200000,5220000
2022-08-10 13:56:01.243000,1.32843,1.32835,1320000,1440000
2022-08-10 13:56:01.447000,1.32842,1.32834,1200000,5220000
2022-08-10 13:56:01.650000,1.32844,1.32834,5750000,5220000
2022-08-10 13:56:02.006000,1.32844,1.32835,5290000,1920000
2022-08-10 13:56:02.973000,1.32845,1.32834,5220000,1920000
2022-08-10 13:56:03.347000,1.32844,1.32836,4640000,1920000
2022-08-10 13:56:03.450000,1.32847,1.32841,3060000,1440000
2022-08-10 13:56:03.501000,1.32852,1.32841,4740000,1440000
2022-08-10 13:56:03.654000,1.32852,1.32843,2270000,1320000
2022-08-10 13:56:03.857000,1.32853,1.32841,6770000,5220000
2022-08-10 13:56:03.986000,1.32856,1.32849,1500000,1920000
2022-08-10 13:56:04.092000,1.32858,1.32851,1500000,1320000
2022-08-10 13:56:04.194000,1.3286,1.32851,1640000,4760000
2022-08-10 13:56:04.296000,1.3286,1.32851,1570000,4760000
2022-08-10 13:56:04.619000,1.3286,1.32851,1940000,4320000
2022-08-10 13:56:04.670000,1.32859,1.3285,1620000,4580000
2022-08-10 13:56:04.722000,1.32861,1.32856,1200000,1320000
2022-08-10 13:56:04.773000,1.32862,1.32857,3240000,6560000
2022-08-10 13:56:04.824000,1.32867,1.3286,1200000,1920000
2022-08-10 13:56:04.927000,1.32869,1.32859,5060000,5660000
2022-08-10 13:56:05.181000,1.32869,1.3286,1200000,4760000
2022-08-10 13:56:05.794000,1.3287,1.32864,3600000,1320000
2022-08-10 13:56:05.896000,1.32877,1.32869,1800000,1920000
2022-08-10 13:56:05.998000,1.32879,1.32869,5870000,5220000
2022-08-10 13:56:06.202000,1.32881,1.3287,2100000,4620000
2022-08-10 13:56:06.304000,1.3288,1.32869,2100000,4160000
2022-08-10 13:56:06.406000,1.32879,1.3287,2060000,3680000
2022-08-10 13:56:06.559000,1.3288,1.32871,4040000,1320000
2022-08-10 13:56:06.662000,1.32881,1.32872,1200000,4160000
2022-08-10 13:56:06.764000,1.32879,1.3287,1340000,4320000
2022-08-10 13:56:07.524000,1.32879,1.32871,1200000,3860000
2022-08-10 13:56:07.626000,1.32884,1.32876,4580000,1920000
2022-08-10 13:56:07.728000,1.32884,1.32875,1320000,1320000
2022-08-10 13:56:07.830000,1.32882,1.32874,1320000,2700000
2022-08-10 13:56:07.932000,1.32882,1.3287,5290000,4760000
2022-08-10 13:56:08.136000,1.32878,1.32871,1320000,3600000
2022-08-10 13:56:08.239000,1.32878,1.32869,1440000,4320000
2022-08-10 13:56:08.617000,1.32879,1.3287,4140000,1920000
2022-08-10 13:56:09.312000,1.3288,1.32871,4560000,1320000
2022-08-10 13:56:09.414000,1.32881,1.32871,4940000,1320000
2022-08-10 13:56:09.719000,1.32879,1.32871,1340000,4140000
2022-08-10 13:56:09.821000,1.32878,1.3287,1320000,3600000
2022-08-10 13:56:09.923000,1.32879,1.32869,7020000,5220000
2022-08-10 13:56:10.177000,1.3288,1.32871,2930000,4140000
2022-08-10 13:56:10.229000,1.32881,1.32871,4580000,4320000
2022-08-10 13:56:10.386000,1.3288,1.32871,2270000,4140000
2022-08-10 13:56:10.507000,1.32879,1.3287,2590000,4140000
2022-08-10 13:56:10.916000,1.32878,1.32869,2750000,3600000
2022-08-10 13:56:11.018000,1.32878,1.32869,1670000,4140000
2022-08-10 13:56:11.120000,1.32878,1.32869,2750000,3600000
2022-08-10 13:56:11.273000,1.32878,1.32868,2960000,1440000
2022-08-10 13:56:11.324000,1.32878,1.32868,1670000,1920000
2022-08-10 13:56:11.426000,1.32878,1.32868,1500000,4140000
2022-08-10 13:56:11.562000,1.32878,1.32869,1670000,4140000
2022-08-10 13:56:11.715000,1.32877,1.32868,1500000,1920000
2022-08-10 13:56:11.867000,1.32878,1.32869,1670000,4140000
2022-08-10 13:56:11.969000,1.32877,1.32869,1460000,3600000
2022-08-10 13:56:12.072000,1.32876,1.32868,1690000,3600000
2022-08-10 13:56:12.174000,1.32877,1.32867,2820000,1880000
2022-08-10 13:56:12.409000,1.32871,1.32865,2570000,1200000
2022-08-10 13:56:12.461000,1.32871,1.32862,3840000,1620000
2022-08-10 13:56:12.563000,1.3287,1.32862,4370000,1440000
2022-08-10 13:56:12.665000,1.32873,1.32862,2960000,5040000
2022-08-10 13:56:12.767000,1.32873,1.32864,2060000,3600000
2022-08-10 13:56:12.920000,1.32873,1.32863,2060000,1440000
2022-08-10 13:56:13.029000,1.32873,1.32864,2060000,3600000
2022-08-10 13:56:13.080000,1.32873,1.32864,1880000,4140000
2022-08-10 13:56:14.077000,1.32871,1.32864,2110000,3600000
2022-08-10 13:56:14.179000,1.32871,1.32861,7460000,5220000
2022-08-10 13:56:14.281000,1.32871,1.32862,6080000,2360000
2022-08-10 13:56:14.383000,1.32874,1.32864,4320000,2060000
2022-08-10 13:56:14.486000,1.32873,1.32863,1320000,2060000
2022-08-10 13:56:15.513000,1.32871,1.32862,2710000,4320000
2022-08-10 13:56:16.181000,1.3287,1.3286,1500000,3860000
2022-08-10 13:56:16.774000,1.32869,1.3286,1320000,5660000
2022-08-10 13:56:17.522000,1.32868,1.3286,2150000,3600000
2022-08-10 13:56:17.574000,1.32867,1.32858,1460000,1880000
2022-08-10 13:56:17.676000,1.32862,1.32857,1320000,1200000
2022-08-10 13:56:17.727000,1.32863,1.32852,1620000,5450000
2022-08-10 13:56:17.829000,1.32862,1.32852,6260000,4760000
2022-08-10 13:56:18.135000,1.32859,1.3285,1320000,4500000
2022-08-10 13:56:18.237000,1.32852,1.32845,1320000,4680000
2022-08-10 13:56:18.288000,1.32852,1.32842,5520000,7920000
2022-08-10 13:56:18.391000,1.32853,1.32844,1620000,1920000
2022-08-10 13:56:18.645000,1.32853,1.32843,2590000,1920000
2022-08-10 13:56:18.899000,1.32855,1.32846,2890000,1320000
2022-08-10 13:56:19.003000,1.32855,1.32846,1460000,4140000
2022-08-10 13:56:19.105000,1.32856,1.32845,6350000,4320000
2022-08-10 13:56:19.822000,1.32858,1.32849,4390000,5480000
2022-08-10 13:56:20.282000,1.32859,1.32849,2150000,2060000
2022-08-10 13:56:20.390000,1.32861,1.32858,1700000,1320000
2022-08-10 13:56:20.441000,1.32869,1.3286,1220000,4160000
2022-08-10 13:56:20.543000,1.32869,1.3286,1200000,4160000
2022-08-10 13:56:20.645000,1.32868,1.32858,1920000,2060000
2022-08-10 13:56:20.747000,1.32868,1.32859,1320000,1460000
2022-08-10 13:56:20.850000,1.32863,1.32857,1920000,1200000
2022-08-10 13:56:20.952000,1.32863,1.32855,1920000,1320000
2022-08-10 13:56:21.358000,1.32862,1.32852,4580000,5220000
2022-08-10 13:56:21.868000,1.32863,1.32856,1700000,1320000
2022-08-10 13:56:21.970000,1.32865,1.32856,5360000,1320000
2022-08-10 13:56:22.072000,1.32863,1.32855,1200000,5060000
2022-08-10 13:56:22.174000,1.32866,1.32859,6170000,1320000
2022-08-10 13:56:22.225000,1.32869,1.32861,7090000,1200000
2022-08-10 13:56:22.327000,1.32871,1.3286,6440000,1320000
2022-08-10 13:56:22.632000,1.32864,1.32858,1500000,1200000
2022-08-10 13:56:22.734000,1.32865,1.32858,1210000,1200000
2022-08-10 13:56:22.837000,1.32867,1.32858,6860000,1320000
2022-08-10 13:56:22.939000,1.32868,1.32859,1690000,1320000
2022-08-10 13:56:23.041000,1.32868,1.32858,1920000,2520000
2022-08-10 13:56:23.295000,1.32868,1.32859,1820000,1920000
2022-08-10 13:56:23.805000,1.32863,1.32857,2520000,1200000
2022-08-10 13:56:23.857000,1.32862,1.32853,3720000,4810000
2022-08-10 13:56:24.518000,1.32862,1.32856,1200000,1320000
2022-08-10 13:56:24.620000,1.32865,1.32856,5520000,1440000
2022-08-10 13:56:24.722000,1.32865,1.32856,5220000,1440000
2022-08-10 13:56:26.716000,1.32865,1.32854,2150000,1320000
2022-08-10 13:56:28.365000,1.32866,1.32858,6290000,1200000
2022-08-10 13:56:28.518000,1.32867,1.32859,7760000,1200000
2022-08-10 13:56:28.620000,1.32868,1.3286,1500000,1460000
2022-08-10 13:56:28.722000,1.3287,1.3286,1620000,1920000
2022-08-10 13:56:29.027000,1.32869,1.3286,1620000,1200000
2022-08-10 13:56:29.079000,1.32866,1.32857,1880000,5060000
2022-08-10 13:56:29.838000,1.32866,1.32856,6420000,5520000
2022-08-10 13:56:30.143000,1.32864,1.32856,1320000,4580000
2022-08-10 13:56:30.296000,1.32863,1.32852,2340000,5060000
2022-08-10 13:56:30.398000,1.32862,1.32853,5750000,1320000
2022-08-10 13:56:31.615000,1.32864,1.32855,2220000,1440000
2022-08-10 13:56:31.718000,1.32865,1.32857,4500000,2060000
2022-08-10 13:56:31.820000,1.3287,1.3286,2360000,1320000
2022-08-10 13:56:32.647000,1.32867,1.32858,1320000,1880000
2022-08-10 13:56:32.851000,1.32866,1.32857,5520000,1920000
2022-08-10 13:56:32.953000,1.32866,1.32857,1320000,1320000
2022-08-10 13:56:34.889000,1.32867,1.32858,2150000,1920000
2022-08-10 13:56:34.991000,1.32867,1.32858,2590000,4580000
2022-08-10 13:56:35.094000,1.32866,1.32857,1620000,1320000
2022-08-10 13:56:35.517000,1.32864,1.32855,5060000,1440000
2022-08-10 13:56:35.619000,1.32865,1.32857,4040000,2060000
2022-08-10 13:56:35.772000,1.32867,1.32858,2150000,1320000
2022-08-10 13:56:36.309000,1.32869,1.32861,2770000,1320000
2022-08-10 13:56:37.134000,1.3287,1.32861,5450000,1320000
2022-08-10 13:56:39.727000,1.32867,1.3286,1320000,3600000
2022-08-10 13:56:39.829000,1.3286,1.32852,1440000,1920000
2022-08-10 13:56:39.982000,1.3286,1.32851,2710000,4760000
2022-08-10 13:56:40.033000,1.32859,1.32851,2340000,4580000
2022-08-10 13:56:40.541000,1.3286,1.32851,1500000,1320000
2022-08-10 13:56:41.798000,1.32861,1.32852,1320000,1920000
2022-08-10 13:56:41.900000,1.32861,1.32852,1320000,2060000
2022-08-10 13:56:43.497000,1.32864,1.32855,10160000,1320000
2022-08-10 13:56:43.599000,1.32863,1.32854,1620000,2060000
2022-08-10 13:56:44.842000,1.32861,1.32853,1620000,1320000
2022-08-10 13:56:46.881000,1.32861,1.32853,1200000,1920000
2022-08-10 13:56:46.983000,1.32865,1.32859,1640000,1200000
2022-08-10 13:56:47.034000,1.32865,1.32858,1500000,1880000
2022-08-10 13:56:47.137000,1.32865,1.32858,1500000,2040000
2022-08-10 13:56:47.188000,1.32867,1.32859,1500000,1320000
2022-08-10 13:56:48.867000,1.32861,1.32857,1500000,1200000
2022-08-10 13:56:48.918000,1.32861,1.32853,1320000,4810000
2022-08-10 13:56:49.173000,1.32857,1.32849,1320000,5960000
2022-08-10 13:56:49.916000,1.32854,1.32848,1320000,4200000
2022-08-10 13:56:49.967000,1.32853,1.32845,1800000,2990000
2022-08-10 13:56:50.069000,1.32853,1.32844,3380000,1320000
2022-08-10 13:56:50.175000,1.32852,1.32843,1320000,2060000
2022-08-10 13:56:50.531000,1.32851,1.32843,1800000,1920000
2022-08-10 13:56:50.785000,1.32851,1.32843,1200000,1920000
2022-08-10 13:56:51.799000,1.32854,1.32849,1640000,1320000
2022-08-10 13:56:51.993000,1.32857,1.32849,1800000,1320000
2022-08-10 13:56:52.147000,1.32857,1.32848,2040000,2060000
2022-08-10 13:56:52.249000,1.32855,1.32847,1800000,1320000
2022-08-10 13:56:52.707000,1.32852,1.32844,1200000,1320000
2022-08-10 13:56:52.962000,1.32852,1.32843,2520000,4580000
2022-08-10 13:56:53.065000,1.3285,1.32842,2180000,1320000
2022-08-10 13:56:53.217000,1.3285,1.32842,1320000,1320000
2022-08-10 13:56:53.269000,1.32847,1.32838,2750000,1800000
2022-08-10 13:56:53.371000,1.32845,1.32836,2940000,5660000
2022-08-10 13:56:53.473000,1.32846,1.32837,2220000,1320000
2022-08-10 13:56:53.575000,1.32846,1.32837,2220000,1320000
2022-08-10 13:56:53.677000,1.32846,1.32837,4970000,2060000
2022-08-10 13:56:53.779000,1.32844,1.32836,2100000,4320000
2022-08-10 13:56:53.881000,1.32843,1.32835,2410000,1320000
2022-08-10 13:56:54.447000,1.32842,1.32833,2220000,1880000
2022-08-10 13:56:54.550000,1.32843,1.32832,2270000,1920000
2022-08-10 13:56:54.702000,1.3284,1.32833,1500000,1320000
2022-08-10 13:56:54.957000,1.32842,1.32831,1920000,1920000
2022-08-10 13:56:55.068000,1.3284,1.32832,1320000,1440000
2022-08-10 13:56:55.160000,1.32835,1.3283,1200000,2700000
2022-08-10 13:56:55.216000,1.32835,1.32825,2480000,2560000
2022-08-10 13:56:55.369000,1.32834,1.32825,1200000,1920000
2022-08-10 13:56:55.471000,1.32833,1.32824,1800000,1920000
2022-08-10 13:56:55.573000,1.32833,1.32824,2040000,1460000
2022-08-10 13:56:55.675000,1.32832,1.32823,1200000,1460000
2022-08-10 13:56:55.777000,1.32831,1.32824,1920000,1440000
2022-08-10 13:56:56.201000,1.32825,1.32822,1200000,1200000
2022-08-10 13:56:56.253000,1.32824,1.32816,1200000,5960000
2022-08-10 13:56:56.355000,1.32824,1.32815,1200000,4160000
2022-08-10 13:56:56.457000,1.32818,1.32813,1670000,5840000
2022-08-10 13:56:56.560000,1.32811,1.32802,2110000,2840000
2022-08-10 13:56:56.611000,1.3281,1.328,1920000,1370000
2022-08-10 13:56:56.662000,1.3281,1.32804,1340000,1440000
2022-08-10 13:56:56.765000,1.32814,1.32805,2220000,1440000
2022-08-10 13:56:56.867000,1.32811,1.32806,1500000,1920000
2022-08-10 13:56:56.969000,1.32816,1.32806,6860000,5220000
2022-08-10 13:56:57.071000,1.32816,1.32806,3120000,1920000
2022-08-10 13:56:57.173000,1.32816,1.32806,1690000,1920000
2022-08-10 13:56:58.095000,1.32817,1.32807,2960000,1920000
2022-08-10 13:56:58.146000,1.3282,1.32808,3680000,2960000
2022-08-10 13:56:58.350000,1.32821,1.32809,6350000,4140000
2022-08-10 13:56:58.561000,1.3282,1.32811,4040000,3420000
2022-08-10 13:56:58.663000,1.3283,1.32822,4940000,2060000
2022-08-10 13:56:58.715000,1.32832,1.32823,4580000,2060000
2022-08-10 13:56:58.817000,1.32834,1.32823,3420000,2060000
2022-08-10 13:56:58.919000,1.32832,1.32822,1880000,2520000
2022-08-10 13:56:58.970000,1.32833,1.32827,4140000,1200000
2022-08-10 13:56:59.073000,1.32834,1.32824,1320000,2060000
2022-08-10 13:56:59.175000,1.32833,1.32824,1460000,4140000
2022-08-10 13:56:59.277000,1.32834,1.32823,1440000,2060000
2022-08-10 13:56:59.379000,1.32834,1.32823,2520000,2060000
2022-08-10 13:56:59.481000,1.32834,1.32825,1320000,1200000
2022-08-10 13:56:59.532000,1.32834,1.32825,1320000,1920000
2022-08-10 13:56:59.634000,1.32836,1.32832,1200000,1200000
2022-08-10 13:56:59.686000,1.3284,1.32832,1320000,1320000
2022-08-10 13:56:59.890000,1.32842,1.32833,4500000,1920000
2022-08-10 13:56:59.992000,1.32844,1.32834,2520000,1440000
2022-08-10 13:57:00.247000,1.32844,1.32835,1320000,1320000
2022-08-10 13:57:00.349000,1.32842,1.32832,1460000,1920000
2022-08-10 13:57:00.806000,1.32835,1.32827,1320000,4940000
2022-08-10 13:57:00.909000,1.32835,1.32825,5660000,1920000
2022-08-10 13:57:02.160000,1.32834,1.32824,1320000,1920000
2022-08-10 13:57:02.401000,1.32835,1.32826,4760000,1440000
2022-08-10 13:57:02.503000,1.32835,1.32826,4580000,1920000
2022-08-10 13:57:02.757000,1.32835,1.32826,1320000,1320000
2022-08-10 13:57:03.012000,1.32836,1.32829,3600000,1320000
2022-08-10 13:57:03.114000,1.3284,1.3283,7460000,6300000
2022-08-10 13:57:03.486000,1.32838,1.32829,1320000,1320000
2022-08-10 13:57:03.588000,1.32838,1.32829,1320000,1320000
2022-08-10 13:57:05.430000,1.32832,1.32825,1200000,4220000
2022-08-10 13:57:05.533000,1.32824,1.32816,1460000,4270000
2022-08-10 13:57:05.635000,1.32825,1.32815,7320000,4580000
2022-08-10 13:57:05.737000,1.32824,1.32815,1320000,3600000
2022-08-10 13:57:05.889000,1.32824,1.32814,1320000,1880000
2022-08-10 13:57:06.093000,1.32823,1.32813,1320000,3140000
2022-08-10 13:57:06.195000,1.32821,1.32811,1320000,5640000
2022-08-10 13:57:06.297000,1.32816,1.32807,1320000,5120000
2022-08-10 13:57:06.349000,1.32813,1.32806,1500000,6230000
2022-08-10 13:57:06.400000,1.32811,1.32806,3650000,1200000
2022-08-10 13:57:06.452000,1.3281,1.32802,3860000,1200000
2022-08-10 13:57:06.554000,1.3281,1.32801,2060000,4040000
2022-08-10 13:57:06.656000,1.3281,1.328,6560000,4500000
2022-08-10 13:57:06.758000,1.32808,1.32798,1320000,2840000
2022-08-10 13:57:06.860000,1.32807,1.32797,1320000,3600000
2022-08-10 13:57:07.013000,1.32807,1.32798,1320000,3600000
2022-08-10 13:57:07.115000,1.328,1.32795,1440000,2700000
2022-08-10 13:57:07.167000,1.328,1.32792,2040000,5400000
2022-08-10 13:57:07.269000,1.32801,1.32791,5660000,5480000
2022-08-10 13:57:07.371000,1.32804,1.32794,4760000,1440000
2022-08-10 13:57:07.473000,1.32803,1.32795,1740000,6300000
2022-08-10 13:57:07.576000,1.32803,1.32791,5660000,4160000
2022-08-10 13:57:08.033000,1.32804,1.32795,1920000,4140000
2022-08-10 13:57:08.090000,1.32805,1.32796,1320000,1200000
2022-08-10 13:57:08.504000,1.32804,1.32796,1320000,1200000
2022-08-10 13:57:08.556000,1.32801,1.32794,1320000,3600000
2022-08-10 13:57:08.607000,1.32801,1.32792,1320000,4580000
2022-08-10 13:57:09.031000,1.32805,1.32796,2540000,1200000
2022-08-10 13:57:09.235000,1.32805,1.32794,5220000,1880000
2022-08-10 13:57:09.337000,1.32805,1.32796,1320000,1200000
2022-08-10 13:57:09.592000,1.32807,1.328,1320000,5940000
2022-08-10 13:57:09.796000,1.32808,1.32798,4760000,6120000
2022-08-10 13:57:10.202000,1.32808,1.32802,3600000,1800000
2022-08-10 13:57:10.305000,1.3281,1.32802,1320000,5040000
2022-08-10 13:57:10.559000,1.32811,1.32802,1320000,4320000
2022-08-10 13:57:10.763000,1.32813,1.32806,1200000,1920000
2022-08-10 13:57:10.866000,1.32815,1.32803,1920000,8360000
2022-08-10 13:57:11.019000,1.32815,1.32806,4550000,1440000
2022-08-10 13:57:11.121000,1.32817,1.32805,6560000,1920000
2022-08-10 13:57:11.325000,1.32815,1.32805,5660000,5220000
2022-08-10 13:57:11.376000,1.32816,1.32809,4940000,1340000
2022-08-10 13:57:11.506000,1.32821,1.32812,1320000,2060000
2022-08-10 13:57:11.610000,1.32822,1.32813,1320000,4140000
2022-08-10 13:57:11.915000,1.32821,1.32812,1920000,5480000
2022-08-10 13:57:12.017000,1.32823,1.32813,3490000,5660000
2022-08-10 13:57:12.120000,1.32824,1.32815,6770000,1920000
2022-08-10 13:57:12.222000,1.3283,1.32825,1800000,1440000
2022-08-10 13:57:12.324000,1.32835,1.32825,7580000,1920000
2022-08-10 13:57:12.477000,1.32835,1.32825,6840000,1920000
2022-08-10 13:57:12.630000,1.32831,1.32823,1320000,3600000
2022-08-10 13:57:12.732000,1.32832,1.32822,7440000,4320000
2022-08-10 13:57:12.834000,1.32827,1.32818,1920000,4760000
2022-08-10 13:57:12.936000,1.32827,1.3282,1920000,1200000
2022-08-10 13:57:12.989000,1.32829,1.3282,1320000,6120000
2022-08-10 13:57:13.091000,1.32829,1.3282,1320000,5040000
2022-08-10 13:57:13.546000,1.32832,1.32821,6440000,1320000
2022-08-10 13:57:13.648000,1.32831,1.32824,6140000,1200000
2022-08-10 13:57:13.699000,1.3283,1.32819,3600000,1920000
2022-08-10 13:57:13.929000,1.32829,1.32821,3600000,2520000
2022-08-10 13:57:14.032000,1.32834,1.32824,4940000,6560000
2022-08-10 13:57:14.235000,1.32834,1.32824,5520000,4990000
2022-08-10 13:57:14.994000,1.32834,1.32824,4940000,6560000
2022-08-10 13:57:15.300000,1.32836,1.32829,2630000,5040000
2022-08-10 13:57:15.452000,1.32836,1.32828,2100000,1440000
2022-08-10 13:57:15.605000,1.32836,1.32829,2100000,1440000
2022-08-10 13:57:15.707000,1.32837,1.32829,6300000,2060000
2022-08-10 13:57:15.810000,1.32839,1.32829,6610000,5660000
2022-08-10 13:57:15.861000,1.32837,1.32829,1200000,5660000
2022-08-10 13:57:15.963000,1.32836,1.32828,4200000,1670000
2022-08-10 13:57:16.065000,1.32836,1.32827,3600000,7020000
2022-08-10 13:57:16.959000,1.32836,1.32829,1200000,1920000
2022-08-10 13:57:17.012000,1.32838,1.32829,6970000,1920000
2022-08-10 13:57:17.114000,1.32838,1.32827,2340000,1740000
2022-08-10 13:57:17.216000,1.32837,1.32826,4270000,6350000
2022-08-10 13:57:18.588000,1.32835,1.32827,2180000,1670000
2022-08-10 13:57:18.639000,1.32826,1.32822,2060000,7380000
2022-08-10 13:57:18.691000,1.32818,1.32814,1340000,1340000
2022-08-10 13:57:18.742000,1.32818,1.3281,1440000,1320000
2022-08-10 13:57:18.845000,1.32816,1.32811,1200000,1500000
2022-08-10 13:57:18.947000,1.32816,1.32808,1340000,2960000
2022-08-10 13:57:19.100000,1.32817,1.32807,5540000,7020000
2022-08-10 13:57:19.202000,1.32816,1.32807,2180000,4760000
2022-08-10 13:57:19.304000,1.32816,1.32807,1880000,4760000
2022-08-10 13:57:19.405000,1.32816,1.32807,1740000,5220000
2022-08-10 13:57:20.604000,1.32816,1.32807,2540000,7020000
2022-08-10 13:57:20.655000,1.32821,1.32814,3600000,3860000
2022-08-10 13:57:20.707000,1.32823,1.32815,1200000,4990000
2022-08-10 13:57:20.758000,1.32827,1.32817,6000000,1920000
2022-08-10 13:57:20.860000,1.32827,1.32817,1340000,2520000
2022-08-10 13:57:20.962000,1.32827,1.32816,1800000,9120000
2022-08-10 13:57:21.407000,1.32826,1.32817,1920000,4370000
2022-08-10 13:57:22.134000,1.32828,1.3282,5400000,5040000
2022-08-10 13:57:22.237000,1.32828,1.32818,4640000,8360000
2022-08-10 13:57:22.339000,1.32828,1.32818,5180000,5660000
2022-08-10 13:57:22.492000,1.32828,1.32818,4640000,7460000
2022-08-10 13:57:22.645000,1.32824,1.32815,1320000,8520000
2022-08-10 13:57:22.747000,1.32823,1.32813,4620000,8820000
2022-08-10 13:57:22.849000,1.32824,1.32814,4140000,5660000
2022-08-10 13:57:22.951000,1.32824,1.32814,4040000,3860000
2022-08-10 13:57:23.105000,1.32824,1.32814,4640000,7020000
2022-08-10 13:57:23.613000,1.32818,1.32813,5640000,1800000
2022-08-10 13:57:23.715000,1.32815,1.32807,4040000,1740000
2022-08-10 13:57:23.827000,1.32813,1.32804,6080000,1670000
2022-08-10 13:57:23.881000,1.32809,1.32801,1200000,3730000
2022-08-10 13:57:23.983000,1.3281,1.328,1200000,2830000
2022-08-10 13:57:24.085000,1.32809,1.328,1200000,6560000
2022-08-10 13:57:24.187000,1.32808,1.32798,4280000,6120000
2022-08-10 13:57:24.340000,1.32808,1.32798,4740000,4320000
2022-08-10 13:57:24.568000,1.32808,1.32797,1320000,3600000
2022-08-10 13:57:24.670000,1.32803,1.32794,1200000,3780000
2022-08-10 13:57:24.772000,1.32803,1.32792,1440000,8740000
2022-08-10 13:57:25.357000,1.32803,1.32792,1920000,3860000
2022-08-10 13:57:25.459000,1.32801,1.32791,1800000,10160000
2022-08-10 13:57:25.561000,1.32801,1.32792,1200000,3420000
2022-08-10 13:57:26.611000,1.328,1.32791,5400000,1320000
2022-08-10 13:57:26.662000,1.32802,1.32792,5040000,4760000
2022-08-10 13:57:26.866000,1.32802,1.32792,4500000,6560000
2022-08-10 13:57:28.392000,1.32803,1.32794,4500000,1920000
2022-08-10 13:57:28.647000,1.32805,1.32798,2450000,1920000
2022-08-10 13:57:28.749000,1.32809,1.32799,5040000,4760000
2022-08-10 13:57:29.148000,1.32809,1.32802,1200000,3680000
2022-08-10 13:57:29.199000,1.32806,1.32797,1440000,2640000
2022-08-10 13:57:29.302000,1.32805,1.32797,1200000,1320000
2022-08-10 13:57:29.353000,1.32808,1.32798,8820000,4140000
2022-08-10 13:57:29.624000,1.32808,1.32797,6840000,2060000
2022-08-10 13:57:29.676000,1.32808,1.328,4040000,1920000
2022-08-10 13:57:29.727000,1.3281,1.328,3600000,5660000
2022-08-10 13:57:29.829000,1.32812,1.32802,6860000,1440000
2022-08-10 13:57:30.084000,1.3281,1.32801,2960000,3680000
2022-08-10 13:57:30.186000,1.32808,1.32801,3860000,3600000
2022-08-10 13:57:30.288000,1.3281,1.32801,1320000,2030000
2022-08-10 13:57:30.390000,1.32809,1.32802,3600000,3860000
2022-08-10 13:57:30.492000,1.32813,1.32801,2960000,3860000
2022-08-10 13:57:30.645000,1.3281,1.32801,3860000,4500000
2022-08-10 13:57:30.747000,1.32811,1.32801,2960000,2340000
2022-08-10 13:57:31.338000,1.32809,1.32799,2520000,1200000
2022-08-10 13:57:31.441000,1.32808,1.328,1320000,3600000
2022-08-10 13:57:31.543000,1.32811,1.328,2520000,1340000
2022-08-10 13:57:31.645000,1.32811,1.32801,2960000,1880000
2022-08-10 13:57:31.747000,1.32811,1.32802,2960000,3600000
2022-08-10 13:57:32.052000,1.32811,1.32802,1320000,6560000
2022-08-10 13:57:32.154000,1.32815,1.32807,2520000,3600000
2022-08-10 13:57:32.205000,1.32814,1.32805,2520000,1880000
2022-08-10 13:57:32.358000,1.32814,1.32805,2520000,6240000
2022-08-10 13:57:32.515000,1.32815,1.32805,6560000,6420000
2022-08-10 13:57:32.617000,1.32815,1.32806,5480000,1620000
2022-08-10 13:57:32.739000,1.32815,1.32806,4500000,2290000
2022-08-10 13:57:32.843000,1.32816,1.32807,1320000,4320000
2022-08-10 13:57:32.945000,1.32816,1.32806,1920000,4140000
2022-08-10 13:57:33.199000,1.32815,1.32804,1440000,2060000
2022-08-10 13:57:33.301000,1.32815,1.32806,5480000,1320000
2022-08-10 13:57:34.083000,1.32815,1.32807,1320000,4140000
2022-08-10 13:57:34.389000,1.32816,1.32806,1320000,4140000
2022-08-10 13:57:35.637000,1.32814,1.32806,1200000,1320000
2022-08-10 13:57:36.021000,1.32814,1.32806,1440000,1320000
2022-08-10 13:57:37.249000,1.32814,1.32806,1200000,1320000
2022-08-10 13:57:37.605000,1.32808,1.32804,2750000,3140000
2022-08-10 13:57:37.657000,1.32806,1.32798,1920000,5480000
2022-08-10 13:57:37.759000,1.32807,1.32798,2940000,2020000
2022-08-10 13:57:38.014000,1.32806,1.32798,1320000,1320000
2022-08-10 13:57:38.319000,1.32805,1.32797,1320000,1880000
2022-08-10 13:57:38.472000,1.32806,1.32797,2040000,2060000
2022-08-10 13:57:38.854000,1.328,1.32795,1320000,6300000
2022-08-10 13:57:38.956000,1.32797,1.3279,1200000,1320000
2022-08-10 13:57:39.210000,1.32798,1.32789,1200000,4320000
2022-08-10 13:57:40.080000,1.32797,1.3279,1200000,1320000
2022-08-10 13:57:40.182000,1.32798,1.32789,1200000,1320000
2022-08-10 13:57:41.125000,1.32796,1.32789,1200000,4140000
2022-08-10 13:57:41.450000,1.32797,1.32788,1920000,1320000
2022-08-10 13:57:41.553000,1.32787,1.32782,1800000,1320000
2022-08-10 13:57:41.655000,1.3279,1.32781,1320000,4320000
2022-08-10 13:57:41.757000,1.3279,1.3278,1920000,2960000
2022-08-10 13:57:41.961000,1.32788,1.3278,1200000,2360000
2022-08-10 13:57:42.165000,1.32788,1.3278,1200000,4760000
2022-08-10 13:57:42.368000,1.32787,1.3278,1200000,4760000
2022-08-10 13:57:42.470000,1.32787,1.3278,1200000,4140000
2022-08-10 13:57:42.623000,1.32788,1.32779,1200000,5220000
2022-08-10 13:57:42.725000,1.32786,1.32779,1320000,5040000
2022-08-10 13:57:42.777000,1.32783,1.32776,2100000,1930000
2022-08-10 13:57:42.879000,1.32782,1.32773,2040000,5770000
2022-08-10 13:57:42.981000,1.32782,1.32774,2040000,1750000
2022-08-10 13:57:43.083000,1.32781,1.32773,1920000,5570000
2022-08-10 13:57:43.185000,1.32778,1.32773,4970000,1800000
2022-08-10 13:57:43.237000,1.32773,1.32769,1320000,1200000
2022-08-10 13:57:43.289000,1.32772,1.32765,1320000,3300000
2022-08-10 13:57:43.441000,1.32772,1.32763,1920000,5760000
2022-08-10 13:57:43.493000,1.32766,1.32762,1500000,1940000
2022-08-10 13:57:43.595000,1.32766,1.3276,1200000,3470000
2022-08-10 13:57:43.698000,1.32771,1.32766,4200000,1200000
2022-08-10 13:57:43.749000,1.32771,1.32762,1320000,4320000
2022-08-10 13:57:43.801000,1.32765,1.32761,1200000,1200000
2022-08-10 13:57:43.852000,1.32766,1.32756,6120000,5540000
2022-08-10 13:57:43.904000,1.32767,1.3276,2060000,4500000
2022-08-10 13:57:44.057000,1.32766,1.32757,1320000,5040000
2022-08-10 13:57:44.464000,1.32763,1.32754,5660000,1800000
2022-08-10 13:57:44.566000,1.32763,1.32753,5890000,5060000
2022-08-10 13:57:44.719000,1.32763,1.32753,5450000,4500000
2022-08-10 13:57:44.822000,1.32764,1.32754,6860000,4140000
2022-08-10 13:57:44.924000,1.32764,1.32755,1620000,5040000
2022-08-10 13:57:45.128000,1.32764,1.32755,1320000,5040000
2022-08-10 13:57:45.267000,1.32764,1.32755,1320000,4500000
2022-08-10 13:57:45.370000,1.32761,1.32753,1320000,3600000
2022-08-10 13:57:45.472000,1.32761,1.32752,1320000,4500000
2022-08-10 13:57:45.574000,1.32761,1.32752,3860000,1200000
2022-08-10 13:57:45.677000,1.32756,1.32747,1920000,3600000
2022-08-10 13:57:45.728000,1.32752,1.32746,1320000,1800000
2022-08-10 13:57:45.779000,1.32753,1.32745,1340000,1920000
2022-08-10 13:57:45.881000,1.32757,1.32751,3540000,1200000
2022-08-10 13:57:45.984000,1.32756,1.32752,1500000,1320000
2022-08-10 13:57:46.086000,1.32756,1.32752,1500000,3240000
2022-08-10 13:57:46.239000,1.32764,1.32758,4940000,1200000
2022-08-10 13:57:46.290000,1.32765,1.32756,1320000,3600000
2022-08-10 13:57:46.341000,1.32762,1.32753,1500000,5040000
2022-08-10 13:57:46.444000,1.32765,1.32754,3240000,7920000
2022-08-10 13:57:46.546000,1.32765,1.32756,2820000,1200000
2022-08-10 13:57:46.597000,1.32763,1.32754,1210000,6840000
2022-08-10 13:57:46.699000,1.32764,1.32755,2220000,1920000
2022-08-10 13:57:46.903000,1.32764,1.32754,2110000,7460000
2022-08-10 13:57:47.005000,1.32764,1.32754,2060000,7020000
2022-08-10 13:57:47.310000,1.32762,1.32753,1320000,5940000
2022-08-10 13:57:47.413000,1.32763,1.32752,1320000,3600000
2022-08-10 13:57:47.667000,1.32762,1.32753,1620000,4140000
2022-08-10 13:57:47.769000,1.32763,1.32755,1210000,4140000
2022-08-10 13:57:47.872000,1.32764,1.32754,10850000,4140000
2022-08-10 13:57:47.974000,1.32762,1.32753,2820000,4580000
2022-08-10 13:57:48.394000,1.32762,1.32753,1320000,1320000
2022-08-10 13:57:48.649000,1.32762,1.32753,5660000,1320000
2022-08-10 13:57:48.855000,1.32762,1.32753,2220000,4760000
2022-08-10 13:57:49.007000,1.32761,1.32753,1620000,4140000
2022-08-10 13:57:49.160000,1.32762,1.32753,1320000,5220000
2022-08-10 13:57:49.262000,1.32763,1.32755,1320000,1320000
2022-08-10 13:57:49.821000,1.32762,1.32753,1320000,5660000
2022-08-10 13:57:49.923000,1.32763,1.32754,1620000,5660000
2022-08-10 13:57:50.025000,1.32763,1.32754,1440000,5660000
2022-08-10 13:57:50.432000,1.32764,1.32754,1620000,7920000
2022-08-10 13:57:50.856000,1.32766,1.32759,1200000,2060000
2022-08-10 13:57:50.907000,1.3277,1.3276,1920000,7920000
2022-08-10 13:57:51.009000,1.3277,1.3276,1920000,7020000
2022-08-10 13:57:51.861000,1.3277,1.32761,2520000,2060000
2022-08-10 13:57:51.912000,1.32771,1.32762,1620000,1320000
2022-08-10 13:57:52.430000,1.32771,1.32762,1210000,1320000
2022-08-10 13:57:53.061000,1.32772,1.32763,1880000,5220000
2022-08-10 13:57:53.671000,1.32772,1.32763,5890000,1320000
2022-08-10 13:57:53.773000,1.32764,1.3276,1970000,2700000
2022-08-10 13:57:53.824000,1.32764,1.32755,6420000,1920000
2022-08-10 13:57:54.028000,1.32764,1.32756,5220000,1320000
2022-08-10 13:57:54.180000,1.32764,1.32757,1320000,1320000
2022-08-10 13:57:54.232000,1.32758,1.32751,1440000,3840000
2022-08-10 13:57:54.355000,1.32759,1.32751,3490000,2340000
2022-08-10 13:57:54.457000,1.32759,1.32751,1970000,1320000
2022-08-10 13:57:55.016000,1.32761,1.32753,1440000,1920000
2022-08-10 13:57:55.220000,1.3276,1.32751,1320000,4580000
2022-08-10 13:57:55.373000,1.32758,1.3275,1740000,2060000
2022-08-10 13:57:55.425000,1.32759,1.3275,2220000,5660000
2022-08-10 13:57:55.476000,1.32756,1.32751,1500000,2060000
2022-08-10 13:57:55.527000,1.3276,1.32751,3260000,4140000
2022-08-10 13:57:55.731000,1.3276,1.32751,3260000,4320000
2022-08-10 13:57:55.935000,1.32759,1.3275,1620000,3600000
2022-08-10 13:57:56.037000,1.32759,1.32753,2340000,1200000
2022-08-10 13:57:56.139000,1.32763,1.32755,1320000,1920000
2022-08-10 13:57:57.158000,1.32763,1.32757,1320000,1200000
2022-08-10 13:57:57.991000,1.32763,1.32756,1320000,1440000
2022-08-10 13:57:58.460000,1.32761,1.32753,1320000,2780000
2022-08-10 13:57:58.563000,1.3276,1.32753,1200000,2060000
2022-08-10 13:57:58.665000,1.32763,1.32753,5450000,2060000
2022-08-10 13:57:58.767000,1.32763,1.32754,1620000,4320000
2022-08-10 13:57:58.917000,1.32763,1.32754,2360000,4320000
2022-08-10 13:57:59.099000,1.32763,1.32757,1500000,1920000
2022-08-10 13:57:59.252000,1.32765,1.32757,1500000,5660000
2022-08-10 13:57:59.557000,1.32766,1.32758,1210000,4320000
2022-08-10 13:58:00.038000,1.32766,1.32758,1200000,1920000
2022-08-10 13:58:00.089000,1.32769,1.32761,5340000,1920000
2022-08-10 13:58:00.191000,1.32769,1.32761,1440000,1920000
2022-08-10 13:58:00.294000,1.32768,1.32761,1200000,1920000
2022-08-10 13:58:00.396000,1.32768,1.32759,1440000,1920000
2022-08-10 13:58:00.498000,1.32766,1.32759,1200000,1320000
2022-08-10 13:58:00.702000,1.32766,1.32757,4760000,1200000
2022-08-10 13:58:00.753000,1.32755,1.32751,2060000,1200000
2022-08-10 13:58:00.805000,1.32753,1.32747,1200000,3600000
2022-08-10 13:58:00.856000,1.32754,1.32745,3860000,1200000
2022-08-10 13:58:00.944000,1.32753,1.32743,1920000,7460000
2022-08-10 13:58:01.049000,1.32753,1.32746,1320000,1320000
2022-08-10 13:58:01.424000,1.32752,1.32745,1200000,1320000
2022-08-10 13:58:01.526000,1.32754,1.32744,1320000,1320000
2022-08-10 13:58:01.678000,1.32753,1.32744,1740000,1920000
2022-08-10 13:58:01.780000,1.32753,1.32744,1670000,1920000
2022-08-10 13:58:01.995000,1.32754,1.32746,1670000,1920000
2022-08-10 13:58:02.046000,1.32754,1.32745,1920000,1440000
2022-08-10 13:58:02.148000,1.32754,1.32745,1460000,1920000
2022-08-10 13:58:02.402000,1.32754,1.32742,1320000,8360000
2022-08-10 13:58:02.454000,1.3274,1.32733,2060000,4800000
2022-08-10 13:58:02.505000,1.32738,1.32731,1880000,1440000
2022-08-10 13:58:02.557000,1.32736,1.3273,2060000,1200000
2022-08-10 13:58:02.608000,1.32731,1.32725,1880000,1200000
2022-08-10 13:58:02.812000,1.32731,1.32723,1320000,6120000
2022-08-10 13:58:02.965000,1.3273,1.32723,4090000,3600000
2022-08-10 13:58:03.017000,1.3273,1.32723,1200000,2220000
2022-08-10 13:58:03.119000,1.3273,1.32723,1200000,1920000
2022-08-10 13:58:03.221000,1.32732,1.32723,5220000,1920000
2022-08-10 13:58:03.999000,1.32734,1.32723,4140000,2960000
2022-08-10 13:58:04.152000,1.32731,1.32723,1440000,4670000
2022-08-10 13:58:04.786000,1.32729,1.32721,1920000,1800000
2022-08-10 13:58:04.838000,1.32728,1.32719,5660000,2180000
2022-08-10 13:58:04.991000,1.32728,1.32718,2060000,5780000
2022-08-10 13:58:05.093000,1.32728,1.3272,1440000,1210000
2022-08-10 13:58:05.246000,1.32728,1.32719,1920000,1620000
2022-08-10 13:58:06.183000,1.32728,1.32719,4140000,2360000
2022-08-10 13:58:06.438000,1.32729,1.32719,6120000,5110000
2022-08-10 13:58:07.164000,1.32728,1.32719,1200000,8450000
2022-08-10 13:58:07.266000,1.32729,1.32718,1440000,5750000
2022-08-10 13:58:07.317000,1.32726,1.32719,1920000,3900000
2022-08-10 13:58:07.420000,1.32726,1.32718,1920000,5570000
2022-08-10 13:58:07.522000,1.32726,1.32719,3000000,1920000
2022-08-10 13:58:07.573000,1.32728,1.32719,5660000,1320000
2022-08-10 13:58:08.183000,1.32728,1.32718,2060000,5290000
2022-08-10 13:58:08.387000,1.32729,1.3272,1920000,1460000
2022-08-10 13:58:08.489000,1.32728,1.32719,1920000,4160000
2022-08-10 13:58:09.114000,1.32728,1.3272,1320000,1620000
2022-08-10 13:58:09.266000,1.32729,1.3272,1920000,1620000
2022-08-10 13:58:09.572000,1.32729,1.3272,1440000,2220000
2022-08-10 13:58:09.826000,1.3273,1.32721,1670000,2060000
2022-08-10 13:58:10.030000,1.32732,1.32724,5270000,2060000
2022-08-10 13:58:10.153000,1.32732,1.32725,4800000,2360000
2022-08-10 13:58:10.206000,1.32738,1.32734,1200000,1320000
2022-08-10 13:58:10.258000,1.32741,1.32732,2520000,3050000
2022-08-10 13:58:10.461000,1.32741,1.32734,4140000,1440000
2022-08-10 13:58:10.564000,1.32743,1.32737,1440000,1200000
2022-08-10 13:58:10.717000,1.32743,1.32734,2060000,5660000
2022-08-10 13:58:10.768000,1.32741,1.32732,2060000,4760000
2022-08-10 13:58:11.176000,1.3274,1.32733,1200000,6560000
2022-08-10 13:58:11.278000,1.32743,1.32735,1920000,4320000
2022-08-10 13:58:11.431000,1.32744,1.32734,5220000,6560000
2022-08-10 13:58:11.533000,1.32744,1.32734,4140000,6560000
2022-08-10 13:58:11.649000,1.32745,1.32735,5040000,4760000
2022-08-10 13:58:11.903000,1.32746,1.32736,1320000,1920000
2022-08-10 13:58:12.158000,1.32748,1.32741,1340000,1320000
2022-08-10 13:58:12.209000,1.3275,1.32741,5270000,1320000
2022-08-10 13:58:12.413000,1.32751,1.32741,4580000,7020000
2022-08-10 13:58:12.464000,1.32753,1.32743,6610000,4760000
2022-08-10 13:58:12.617000,1.32753,1.32743,5640000,4320000
2022-08-10 13:58:12.719000,1.32753,1.32743,5040000,5220000
2022-08-10 13:58:13.075000,1.32753,1.32745,5040000,1320000
2022-08-10 13:58:13.177000,1.32754,1.32745,3600000,2960000
2022-08-10 13:58:13.229000,1.32757,1.32747,2700000,3600000
2022-08-10 13:58:13.331000,1.32756,1.32746,5960000,5220000
2022-08-10 13:58:13.382000,1.32753,1.32744,1440000,2060000
2022-08-10 13:58:13.484000,1.32755,1.32744,1320000,4760000
2022-08-10 13:58:13.587000,1.32752,1.32743,5040000,1920000
2022-08-10 13:58:13.739000,1.32753,1.32743,5040000,5660000
2022-08-10 13:58:13.841000,1.32752,1.32743,5040000,2060000
2022-08-10 13:58:14.400000,1.32751,1.32743,1200000,1320000
2022-08-10 13:58:14.552000,1.32753,1.32743,5660000,5220000
2022-08-10 13:58:15.112000,1.32752,1.32743,3600000,1920000
2022-08-10 13:58:15.214000,1.32753,1.32743,5040000,5220000
2022-08-10 13:58:15.316000,1.32754,1.32745,5040000,1320000
2022-08-10 13:58:15.519000,1.32755,1.32745,5270000,4990000
2022-08-10 13:58:16.078000,1.32754,1.32742,2040000,3860000
2022-08-10 13:58:16.180000,1.32752,1.32743,1320000,5660000
2022-08-10 13:58:16.355000,1.32753,1.32743,1880000,2960000
2022-08-10 13:58:16.457000,1.32752,1.32743,1200000,2960000
2022-08-10 13:58:16.575000,1.3275,1.32743,1200000,1920000
2022-08-10 13:58:16.677000,1.32751,1.32743,1200000,4760000
2022-08-10 13:58:16.729000,1.32754,1.32744,5940000,4760000
2022-08-10 13:58:16.932000,1.32754,1.32748,1200000,1440000
2022-08-10 13:58:17.034000,1.32754,1.32746,1200000,5220000
2022-08-10 13:58:17.136000,1.32755,1.32746,5270000,1920000
2022-08-10 13:58:17.383000,1.32755,1.32746,5450000,1440000
2022-08-10 13:58:17.485000,1.32753,1.32745,1320000,4140000
2022-08-10 13:58:17.587000,1.32754,1.32744,1620000,2960000
2022-08-10 13:58:18.180000,1.32754,1.32745,1210000,1920000
2022-08-10 13:58:19.341000,1.32756,1.32746,5710000,1320000
2022-08-10 13:58:19.443000,1.32757,1.32749,4880000,1440000
2022-08-10 13:58:19.748000,1.32758,1.32751,1670000,1340000
2022-08-10 13:58:19.800000,1.32762,1.3276,1200000,1320000
2022-08-10 13:58:19.851000,1.32769,1.3276,5750000,1440000
2022-08-10 13:58:19.902000,1.32767,1.3276,1500000,1440000
2022-08-10 13:58:19.954000,1.32769,1.3276,1920000,1440000
2022-08-10 13:58:20.056000,1.32768,1.32759,2520000,1200000
2022-08-10 13:58:20.107000,1.32765,1.32756,2780000,2520000
2022-08-10 13:58:20.209000,1.32767,1.32758,1920000,1880000
2022-08-10 13:58:20.343000,1.32767,1.32758,2360000,1440000
2022-08-10 13:58:20.445000,1.32767,1.32758,2060000,1440000
2022-08-10 13:58:20.861000,1.32767,1.32758,2520000,2040000
2022-08-10 13:58:20.964000,1.32767,1.32759,2340000,1320000
2022-08-10 13:58:21.167000,1.32768,1.32759,5890000,1320000
2022-08-10 13:58:22.201000,1.32766,1.32758,1920000,1800000
2022-08-10 13:58:22.303000,1.32765,1.32757,3980000,2040000
2022-08-10 13:58:22.405000,1.32766,1.32756,3910000,2040000
2022-08-10 13:58:22.507000,1.32766,1.32757,2180000,1200000
2022-08-10 13:58:23.061000,1.32765,1.32757,1620000,1440000
2022-08-10 13:58:23.316000,1.32765,1.32757,2780000,1920000
2022-08-10 13:58:23.772000,1.32764,1.32753,5480000,1920000
2022-08-10 13:58:23.874000,1.32762,1.32753,5040000,3420000
2022-08-10 13:58:24.012000,1.32763,1.32753,2060000,3860000
2022-08-10 13:58:24.114000,1.32764,1.32755,5220000,1320000
2022-08-10 13:58:24.318000,1.32762,1.32753,5040000,2520000
2022-08-10 13:58:24.369000,1.32756,1.32752,1320000,1800000
2022-08-10 13:58:24.522000,1.32759,1.32752,6420000,1200000
2022-08-10 13:58:24.828000,1.32759,1.32749,6350000,7020000
2022-08-10 13:58:24.879000,1.32756,1.32749,1200000,6120000
2022-08-10 13:58:25.002000,1.32757,1.32749,2060000,5940000
2022-08-10 13:58:25.054000,1.32754,1.32747,1920000,5040000
2022-08-10 13:58:25.156000,1.32751,1.32745,1200000,1320000
2022-08-10 13:58:25.360000,1.32754,1.32747,2220000,1200000
2022-08-10 13:58:25.684000,1.32747,1.32743,2780000,1200000
2022-08-10 13:58:25.735000,1.32747,1.32741,5660000,1200000
2022-08-10 13:58:25.787000,1.32747,1.32738,5890000,1320000
2022-08-10 13:58:26.397000,1.32746,1.32737,5450000,1920000
2022-08-10 13:58:26.550000,1.32746,1.32737,5450000,1440000
2022-08-10 13:58:27.165000,1.32744,1.32736,1920000,4580000
2022-08-10 13:58:27.578000,1.32746,1.32736,5450000,4580000
2022-08-10 13:58:28.298000,1.32743,1.32735,1500000,4500000
2022-08-10 13:58:28.349000,1.3273,1.32721,4140000,2960000
2022-08-10 13:58:28.451000,1.32733,1.32724,2290000,4580000
2022-08-10 13:58:28.554000,1.32732,1.32722,5220000,1320000
2022-08-10 13:58:28.656000,1.32733,1.32721,5060000,4320000
2022-08-10 13:58:28.758000,1.32734,1.32725,1620000,7460000
2022-08-10 13:58:28.860000,1.32733,1.32724,1440000,1320000
2022-08-10 13:58:29.267000,1.32735,1.32725,5960000,2060000
2022-08-10 13:58:29.369000,1.32736,1.32726,5890000,4140000
2022-08-10 13:58:29.978000,1.32735,1.32724,2220000,5940000
2022-08-10 13:58:30.715000,1.32731,1.32723,5220000,1200000
2022-08-10 13:58:30.818000,1.32732,1.32723,5660000,1320000
2022-08-10 13:58:30.920000,1.32733,1.32725,1320000,1440000
2022-08-10 13:58:31.022000,1.32735,1.32726,2360000,3600000
2022-08-10 13:58:31.124000,1.32736,1.32726,2750000,1920000
2022-08-10 13:58:31.226000,1.32736,1.32727,1320000,1460000
2022-08-10 13:58:31.328000,1.32737,1.32726,1320000,1320000
2022-08-10 13:58:31.430000,1.32737,1.32728,5890000,1320000
2022-08-10 13:58:32.099000,1.32735,1.32727,1320000,1320000
2022-08-10 13:58:32.252000,1.32734,1.32725,1670000,5960000
2022-08-10 13:58:32.304000,1.32729,1.32721,1320000,4040000
2022-08-10 13:58:32.406000,1.32728,1.32719,1620000,4740000
2022-08-10 13:58:32.508000,1.32728,1.32719,1620000,4200000
2022-08-10 13:58:32.610000,1.32722,1.32718,2220000,1340000
2022-08-10 13:58:32.661000,1.32725,1.32717,1500000,2060000
2022-08-10 13:58:32.713000,1.32721,1.32717,1500000,1800000
2022-08-10 13:58:32.765000,1.32723,1.32716,1500000,6380000
2022-08-10 13:58:33.121000,1.32724,1.32717,1500000,1920000
2022-08-10 13:58:33.223000,1.32724,1.32717,1500000,1320000
2022-08-10 13:58:33.325000,1.32724,1.32717,1500000,5060000
2022-08-10 13:58:33.550000,1.32724,1.32717,1500000,1460000
2022-08-10 13:58:33.601000,1.32726,1.32717,2180000,1460000
2022-08-10 13:58:33.906000,1.32724,1.32718,1500000,3680000
2022-08-10 13:58:34.008000,1.32726,1.32718,2180000,3680000
2022-08-10 13:58:34.415000,1.32726,1.32717,2180000,1920000
2022-08-10 13:58:34.536000,1.32726,1.32717,1210000,1920000
2022-08-10 13:58:34.862000,1.32726,1.32718,2180000,1320000
2022-08-10 13:58:34.964000,1.32723,1.32717,2520000,1200000
2022-08-10 13:58:35.067000,1.3272,1.32713,2360000,1800000
2022-08-10 13:58:35.118000,1.3272,1.32711,2290000,4140000
2022-08-10 13:58:35.329000,1.3272,1.32711,2060000,1320000
2022-08-10 13:58:35.431000,1.3272,1.32711,1880000,5660000
2022-08-10 13:58:36.324000,1.3272,1.32711,2750000,1920000
2022-08-10 13:58:36.426000,1.32714,1.32706,1880000,1690000
2022-08-10 13:58:37.348000,1.32715,1.32705,4160000,2960000
2022-08-10 13:58:37.451000,1.32716,1.32707,1620000,4580000
2022-08-10 13:58:37.553000,1.32715,1.32707,1500000,6860000
2022-08-10 13:58:37.655000,1.32715,1.32707,2220000,6300000
2022-08-10 13:58:37.706000,1.32709,1.32702,1920000,1440000
2022-08-10 13:58:37.757000,1.32704,1.32697,2040000,1340000
2022-08-10 13:58:37.859000,1.32702,1.32696,1340000,6020000
2022-08-10 13:58:37.910000,1.327,1.32692,1920000,1440000
2022-08-10 13:58:38.977000,1.32697,1.32691,1200000,4320000
2022-08-10 13:58:39.028000,1.32695,1.3269,1320000,1200000
2022-08-10 13:58:39.131000,1.32695,1.32686,1880000,1520000
2022-08-10 13:58:39.284000,1.32689,1.32681,2060000,2210000
2022-08-10 13:58:39.335000,1.32686,1.32677,1440000,6000000
2022-08-10 13:58:39.437000,1.32689,1.3268,2220000,5040000
2022-08-10 13:58:39.488000,1.3269,1.3268,7320000,5220000
2022-08-10 13:58:39.642000,1.3269,1.32681,7320000,1200000
2022-08-10 13:58:39.744000,1.3269,1.3268,3720000,2340000
2022-08-10 13:58:39.897000,1.3269,1.3268,2520000,2520000
2022-08-10 13:58:40.151000,1.32689,1.32682,1200000,2060000
2022-08-10 13:58:40.203000,1.32693,1.32685,4490000,6840000
2022-08-10 13:58:40.318000,1.32693,1.32684,1620000,5940000
2022-08-10 13:58:40.372000,1.32695,1.32686,2750000,3600000
2022-08-10 13:58:40.474000,1.32694,1.32685,1320000,5220000
2022-08-10 13:58:40.678000,1.32696,1.32684,6770000,6120000
2022-08-10 13:58:40.780000,1.32695,1.32686,1670000,5220000
2022-08-10 13:58:40.882000,1.32695,1.32686,2360000,5040000
2022-08-10 13:58:40.984000,1.32695,1.32686,1620000,5220000
2022-08-10 13:58:41.086000,1.32693,1.32685,2220000,1200000
2022-08-10 13:58:41.188000,1.32694,1.32686,4440000,1920000
2022-08-10 13:58:41.290000,1.32696,1.32687,2220000,1440000
2022-08-10 13:58:41.392000,1.32696,1.32687,2220000,1920000
2022-08-10 13:58:41.701000,1.32699,1.32691,4970000,1920000
2022-08-10 13:58:41.752000,1.32699,1.32691,5040000,1920000
2022-08-10 13:58:42.006000,1.32699,1.32693,2570000,1200000
2022-08-10 13:58:42.058000,1.32699,1.32697,1800000,1880000
2022-08-10 13:58:42.160000,1.32706,1.32697,6420000,1880000
2022-08-10 13:58:42.212000,1.32706,1.327,2100000,1880000
2022-08-10 13:58:42.263000,1.32707,1.327,1500000,1440000
2022-08-10 13:58:42.365000,1.32707,1.327,1340000,2040000
2022-08-10 13:58:42.417000,1.32707,1.32699,2960000,2240000
2022-08-10 13:58:42.621000,1.32707,1.32698,6920000,1880000
2022-08-10 13:58:42.672000,1.32704,1.32698,1200000,2040000
2022-08-10 13:58:42.774000,1.32707,1.32699,4140000,1920000
2022-08-10 13:58:42.877000,1.32708,1.32701,4630000,2340000
2022-08-10 13:58:42.928000,1.32716,1.32712,2700000,1800000
2022-08-10 13:58:43.030000,1.32715,1.32712,1800000,1800000
2022-08-10 13:58:43.140000,1.32721,1.32713,6120000,1200000
2022-08-10 13:58:43.243000,1.32722,1.32714,5400000,1200000
2022-08-10 13:58:43.345000,1.32721,1.32714,1920000,1200000
2022-08-10 13:58:43.447000,1.32718,1.32709,2470000,4140000
2022-08-10 13:58:43.570000,1.32719,1.32712,3900000,1320000
2022-08-10 13:58:43.621000,1.32721,1.3271,5700000,2060000
2022-08-10 13:58:43.977000,1.32721,1.3271,6780000,1920000
2022-08-10 13:58:44.130000,1.32721,1.32711,7500000,4320000
2022-08-10 13:58:45.225000,1.3272,1.3271,1610000,2060000
2022-08-10 13:58:46.953000,1.32718,1.32709,1320000,1920000
2022-08-10 13:58:47.209000,1.32719,1.32709,2520000,3600000
2022-08-10 13:58:47.261000,1.32704,1.32699,1340000,1200000
2022-08-10 13:58:47.363000,1.32702,1.32697,1340000,1200000
2022-08-10 13:58:47.414000,1.32703,1.32693,1980000,1920000
2022-08-10 13:58:47.770000,1.32703,1.32693,6560000,4140000
2022-08-10 13:58:47.872000,1.32702,1.32693,1440000,4320000
2022-08-10 13:58:47.974000,1.32703,1.32692,1920000,4140000
2022-08-10 13:58:48.486000,1.32702,1.32692,1500000,1920000
2022-08-10 13:58:48.537000,1.32704,1.32695,1870000,4140000
2022-08-10 13:58:48.639000,1.32703,1.32696,1640000,3240000
2022-08-10 13:58:48.690000,1.32704,1.32696,6840000,3240000
2022-08-10 13:58:48.792000,1.32705,1.32695,2030000,4320000
2022-08-10 13:58:48.945000,1.32701,1.32697,1200000,1920000
2022-08-10 13:58:49.150000,1.327,1.32697,1200000,1200000
2022-08-10 13:58:49.252000,1.327,1.32696,9240000,1200000
2022-08-10 13:58:49.304000,1.327,1.3269,3840000,3420000
2022-08-10 13:58:49.355000,1.32697,1.3269,1440000,6300000
2022-08-10 13:58:49.458000,1.32693,1.32687,1800000,1200000
2022-08-10 13:58:49.713000,1.32693,1.32686,1460000,1200000
2022-08-10 13:58:49.816000,1.32688,1.32684,1880000,1200000
2022-08-10 13:58:49.868000,1.32688,1.32679,1440000,4860000
2022-08-10 13:58:49.919000,1.32685,1.32677,1200000,4320000
2022-08-10 13:58:50.022000,1.32685,1.32675,5040000,5220000
2022-08-10 13:58:50.124000,1.32685,1.32675,5340000,5220000
2022-08-10 13:58:50.328000,1.32686,1.32677,1200000,6120000
2022-08-10 13:58:50.380000,1.32684,1.32674,5520000,5220000
2022-08-10 13:58:50.482000,1.32677,1.32672,1340000,1200000
2022-08-10 13:58:50.534000,1.3267,1.32666,2960000,1200000
2022-08-10 13:58:50.586000,1.32673,1.32666,3600000,1320000
2022-08-10 13:58:50.688000,1.32675,1.32671,2520000,1880000
2022-08-10 13:58:50.740000,1.32669,1.3266,2290000,4810000
2022-08-10 13:58:50.791000,1.32669,1.3266,3860000,3680000
2022-08-10 13:58:50.894000,1.32667,1.32658,1920000,4160000
2022-08-10 13:58:51.511000,1.32664,1.32657,1200000,5220000
2022-08-10 13:58:51.562000,1.32664,1.32657,1200000,5040000
2022-08-10 13:58:51.742000,1.32667,1.32657,2360000,1440000
2022-08-10 13:58:51.844000,1.32661,1.32657,1440000,1200000
2022-08-10 13:58:51.947000,1.32661,1.32652,1920000,4500000
2022-08-10 13:58:52.049000,1.32661,1.32651,5960000,4580000
2022-08-10 13:58:52.101000,1.32655,1.32649,3420000,1200000
2022-08-10 13:58:52.204000,1.32658,1.32647,1740000,12960000
2022-08-10 13:58:52.306000,1.32658,1.32649,2220000,4140000
2022-08-10 13:58:52.357000,1.32659,1.3265,3600000,2520000
2022-08-10 13:58:52.460000,1.3266,1.3265,5220000,5040000
2022-08-10 13:58:52.820000,1.32658,1.32649,1920000,5400000
2022-08-10 13:58:52.872000,1.32649,1.32645,1200000,5220000
2022-08-10 13:58:52.923000,1.32647,1.3264,1920000,1800000
2022-08-10 13:58:52.975000,1.32642,1.32636,1200000,1800000
2022-08-10 13:58:53.026000,1.32642,1.32633,5040000,1440000
2022-08-10 13:58:53.179000,1.3264,1.32631,1460000,4940000
2022-08-10 13:58:53.282000,1.3264,1.32632,1200000,5940000
2022-08-10 13:58:53.384000,1.32643,1.32631,6120000,5040000
2022-08-10 13:58:53.486000,1.3264,1.32631,4370000,1320000
2022-08-10 13:58:53.589000,1.32639,1.32629,5220000,11780000
2022-08-10 13:58:53.743000,1.32638,1.32628,1200000,5840000
2022-08-10 13:58:53.845000,1.32631,1.32626,1460000,1200000
2022-08-10 13:58:53.965000,1.32635,1.32628,1200000,5040000
2022-08-10 13:58:54.067000,1.32635,1.32629,1500000,4500000
2022-08-10 13:58:54.118000,1.32637,1.32629,1500000,10980000
2022-08-10 13:58:54.170000,1.32635,1.32629,1200000,1340000
2022-08-10 13:58:54.221000,1.32638,1.32628,1440000,5400000
2022-08-10 13:58:54.324000,1.32639,1.32629,6120000,6380000
2022-08-10 13:58:54.426000,1.32637,1.32629,1500000,6380000
2022-08-10 13:58:54.477000,1.32639,1.32629,6560000,10700000
2022-08-10 13:58:54.842000,1.32631,1.32628,4140000,1800000
2022-08-10 13:58:54.945000,1.32631,1.32622,2280000,6080000
2022-08-10 13:58:54.996000,1.32631,1.32622,5220000,2480000
2022-08-10 13:58:55.048000,1.32631,1.32622,4370000,1320000
2022-08-10 13:58:55.150000,1.32631,1.32623,4140000,1200000
2022-08-10 13:58:55.252000,1.32634,1.32626,1500000,1920000
2022-08-10 13:58:55.355000,1.32636,1.32629,1500000,5940000
2022-08-10 13:58:55.457000,1.32637,1.32631,1200000,4140000
2022-08-10 13:58:55.559000,1.32639,1.3263,1920000,3240000
2022-08-10 13:58:55.661000,1.32639,1.3263,1320000,3240000
2022-08-10 13:58:55.764000,1.32639,1.32631,1320000,1200000
2022-08-10 13:58:55.968000,1.32637,1.32631,1920000,1200000
2022-08-10 13:58:56.071000,1.32637,1.32629,2960000,1340000
2022-08-10 13:58:56.173000,1.32637,1.32627,2220000,6980000
2022-08-10 13:58:56.275000,1.32637,1.32628,1440000,1320000
2022-08-10 13:58:56.377000,1.32637,1.32627,1920000,7740000
2022-08-10 13:58:56.480000,1.32637,1.32627,1920000,9260000
2022-08-10 13:58:56.582000,1.32637,1.32629,1200000,1320000
2022-08-10 13:58:56.684000,1.32639,1.3263,5520000,1320000
2022-08-10 13:58:56.939000,1.32634,1.32629,1440000,1200000
2022-08-10 13:58:57.042000,1.32631,1.32621,6860000,5400000
2022-08-10 13:58:57.162000,1.3263,1.32621,5220000,1800000
2022-08-10 13:58:57.319000,1.3263,1.32621,5040000,4760000
2022-08-10 13:58:57.371000,1.32636,1.32627,3000000,1200000
2022-08-10 13:58:57.424000,1.32635,1.32629,2030000,1200000
2022-08-10 13:58:57.475000,1.32638,1.32629,5480000,3240000
2022-08-10 13:58:57.577000,1.32639,1.32628,5220000,1340000
2022-08-10 13:58:57.680000,1.32638,1.3263,1440000,1340000
2022-08-10 13:58:57.731000,1.3264,1.32631,4320000,1320000
2022-08-10 13:58:57.834000,1.3264,1.32631,1260000,6080000
2022-08-10 13:58:57.987000,1.32641,1.32631,5480000,5940000
2022-08-10 13:58:58.090000,1.32641,1.32632,4860000,1320000
2022-08-10 13:58:58.192000,1.32641,1.32633,4860000,1200000
2022-08-10 13:58:58.294000,1.32643,1.32633,5040000,1200000
2022-08-10 13:58:58.397000,1.32643,1.32634,5270000,1320000
2022-08-10 13:58:58.696000,1.32643,1.32634,5090000,1460000
2022-08-10 13:58:58.747000,1.32647,1.32642,7020000,1200000
2022-08-10 13:58:58.850000,1.32653,1.32646,1500000,1920000
2022-08-10 13:58:58.953000,1.32659,1.32648,2820000,4140000
2022-08-10 13:58:59.258000,1.32658,1.32649,1670000,4160000
2022-08-10 13:58:59.411000,1.32657,1.32648,1440000,4160000
2022-08-10 13:58:59.716000,1.32657,1.32648,1920000,3680000
2022-08-10 13:58:59.971000,1.32657,1.32647,4370000,6140000
2022-08-10 13:59:00.124000,1.32653,1.32647,2060000,4070000
2022-08-10 13:59:00.176000,1.32653,1.32644,1920000,4040000
2022-08-10 13:59:00.227000,1.3265,1.32642,1320000,6000000
2022-08-10 13:59:00.371000,1.3265,1.32642,1500000,2340000
2022-08-10 13:59:00.473000,1.3265,1.32643,1500000,1200000
2022-08-10 13:59:00.576000,1.32651,1.32643,2220000,3600000
2022-08-10 13:59:00.627000,1.3265,1.32642,3720000,1200000
2022-08-10 13:59:01.203000,1.32652,1.32648,1800000,1440000
2022-08-10 13:59:01.305000,1.32653,1.32645,1500000,6540000
2022-08-10 13:59:01.356000,1.32654,1.32646,1500000,7880000
2022-08-10 13:59:01.459000,1.32656,1.32646,1920000,7880000
2022-08-10 13:59:01.561000,1.32653,1.32646,1440000,6300000
2022-08-10 13:59:01.663000,1.32653,1.32643,2520000,2480000
2022-08-10 13:59:02.498000,1.3265,1.32642,2060000,2240000
2022-08-10 13:59:02.600000,1.32646,1.32642,1920000,1200000
2022-08-10 13:59:02.703000,1.32645,1.32634,2520000,4040000
2022-08-10 13:59:02.805000,1.32642,1.32635,2520000,4040000
2022-08-10 13:59:02.907000,1.32641,1.32633,1320000,1820000
2022-08-10 13:59:03.377000,1.32646,1.32637,5060000,2700000
2022-08-10 13:59:03.487000,1.32647,1.32638,2060000,3600000
2022-08-10 13:59:03.640000,1.32649,1.32638,2220000,6120000
2022-08-10 13:59:03.746000,1.32649,1.32639,7250000,4500000
2022-08-10 13:59:04.240000,1.32641,1.32638,1320000,1200000
2022-08-10 13:59:04.291000,1.32641,1.32633,1320000,1820000
2022-08-10 13:59:04.444000,1.32643,1.32634,7920000,1800000
2022-08-10 13:59:04.546000,1.32644,1.32634,2960000,1440000
2022-08-10 13:59:04.851000,1.32644,1.32635,1440000,2040000
2022-08-10 13:59:05.359000,1.32647,1.32638,6680000,1320000
2022-08-10 13:59:05.461000,1.32649,1.32638,2290000,3680000
2022-08-10 13:59:05.958000,1.32652,1.32644,4440000,1340000
2022-08-10 13:59:06.010000,1.3265,1.32641,2060000,5510000
2022-08-10 13:59:06.163000,1.32651,1.32641,3190000,6110000
2022-08-10 13:59:06.675000,1.32651,1.32643,2630000,1320000
2022-08-10 13:59:06.785000,1.3265,1.32646,1320000,1800000
2022-08-10 13:59:06.836000,1.3265,1.32642,1320000,2400000
2022-08-10 13:59:08.167000,1.32646,1.3264,3420000,2270000
2022-08-10 13:59:08.219000,1.32641,1.32635,1880000,1200000
2022-08-10 13:59:08.270000,1.32634,1.32628,3170000,1940000
2022-08-10 13:59:08.322000,1.32634,1.32625,4320000,4800000
2022-08-10 13:59:08.424000,1.32632,1.32624,1320000,5480000
2022-08-10 13:59:08.526000,1.32632,1.32622,7760000,4940000
2022-08-10 13:59:08.679000,1.3263,1.32622,2060000,3600000
2022-08-10 13:59:08.832000,1.3263,1.32621,1320000,1200000
2022-08-10 13:59:08.934000,1.32629,1.3262,5060000,3600000
2022-08-10 13:59:09.037000,1.32625,1.32616,5220000,1200000
2022-08-10 13:59:09.139000,1.32626,1.32618,4730000,1440000
2022-08-10 13:59:09.190000,1.32628,1.32619,2110000,1800000
2022-08-10 13:59:09.242000,1.32628,1.32616,8360000,4500000
2022-08-10 13:59:09.395000,1.32626,1.32616,5450000,4580000
2022-08-10 13:59:09.497000,1.32625,1.32615,5660000,6380000
2022-08-10 13:59:09.599000,1.32625,1.32616,1320000,5940000
2022-08-10 13:59:09.792000,1.32625,1.32616,1920000,5480000
2022-08-10 13:59:09.895000,1.32625,1.32618,1320000,3600000
2022-08-10 13:59:09.947000,1.32616,1.32613,1920000,1800000
2022-08-10 13:59:10.049000,1.32614,1.32607,1500000,4580000
2022-08-10 13:59:10.862000,1.32611,1.32606,1640000,5400000
2022-08-10 13:59:10.965000,1.32601,1.32596,1800000,1880000
2022-08-10 13:59:11.016000,1.32601,1.32596,1440000,4040000
2022-08-10 13:59:11.068000,1.32599,1.32595,2340000,1200000
2022-08-10 13:59:11.171000,1.32601,1.32596,1200000,1800000
2022-08-10 13:59:11.222000,1.326,1.32596,1500000,1800000
2022-08-10 13:59:11.273000,1.32596,1.32592,3420000,1200000
2022-08-10 13:59:11.325000,1.32592,1.32587,3600000,1200000
2022-08-10 13:59:11.376000,1.32594,1.32586,1800000,5270000
2022-08-10 13:59:11.428000,1.32595,1.32586,1200000,1500000
2022-08-10 13:59:11.530000,1.32591,1.32584,1200000,1200000
2022-08-10 13:59:11.581000,1.3259,1.32583,4320000,1200000
2022-08-10 13:59:11.633000,1.3258,1.32576,1200000,3380000
2022-08-10 13:59:11.684000,1.32582,1.32576,1800000,1800000
2022-08-10 13:59:11.736000,1.32584,1.32579,1200000,1200000
2022-08-10 13:59:11.838000,1.32573,1.3257,1460000,1200000
2022-08-10 13:59:11.941000,1.32576,1.32571,1200000,1200000
2022-08-10 13:59:11.992000,1.32574,1.32571,1440000,1200000
2022-08-10 13:59:12.044000,1.3257,1.32567,1440000,1200000
2022-08-10 13:59:12.146000,1.32572,1.32567,1200000,1320000
2022-08-10 13:59:12.198000,1.3257,1.32566,1200000,1500000
2022-08-10 13:59:12.306000,1.32572,1.32564,1440000,1500000
2022-08-10 13:59:12.360000,1.32569,1.32561,1440000,2100000
2022-08-10 13:59:12.411000,1.32581,1.32575,6080000,1200000
2022-08-10 13:59:12.514000,1.32578,1.32574,1200000,1200000
2022-08-10 13:59:12.565000,1.32578,1.32571,3600000,1200000
2022-08-10 13:59:12.616000,1.32575,1.32568,3600000,1200000
2022-08-10 13:59:12.719000,1.32575,1.32568,1500000,4500000
2022-08-10 13:59:12.770000,1.32576,1.32568,1670000,4500000
2022-08-10 13:59:12.872000,1.32575,1.32568,1500000,4500000
2022-08-10 13:59:12.923000,1.32576,1.32568,1200000,5060000
2022-08-10 13:59:12.975000,1.32579,1.3257,5040000,1440000
2022-08-10 13:59:13.077000,1.32579,1.3257,4500000,3420000
2022-08-10 13:59:13.230000,1.32578,1.32569,1500000,1880000
2022-08-10 13:59:13.332000,1.32579,1.3257,4500000,2700000
2022-08-10 13:59:13.383000,1.32579,1.32571,1200000,1940000
2022-08-10 13:59:13.486000,1.32585,1.32582,1640000,1320000
2022-08-10 13:59:13.537000,1.3259,1.32587,1200000,1800000
2022-08-10 13:59:13.589000,1.3261,1.32605,1920000,1200000
2022-08-10 13:59:13.641000,1.326,1.32595,2340000,4500000
2022-08-10 13:59:13.692000,1.32606,1.32599,2040000,1800000
2022-08-10 13:59:13.743000,1.32601,1.32595,1200000,3600000
2022-08-10 13:59:13.846000,1.32602,1.32594,1880000,4500000
2022-08-10 13:59:13.948000,1.32602,1.32593,1880000,1880000
2022-08-10 13:59:14.050000,1.32599,1.32589,2480000,3240000
2022-08-10 13:59:14.152000,1.32597,1.32589,1920000,3600000
2022-08-10 13:59:14.255000,1.32598,1.32588,5060000,5360000
2022-08-10 13:59:14.867000,1.32599,1.32589,1320000,3420000
2022-08-10 13:59:14.918000,1.32602,1.32592,8400000,5400000
2022-08-10 13:59:15.039000,1.32602,1.32592,5450000,8820000
2022-08-10 13:59:15.399000,1.32602,1.32592,1920000,1800000
2022-08-10 13:59:15.501000,1.326,1.32591,1920000,3600000
2022-08-10 13:59:15.604000,1.32604,1.32595,6350000,1200000
2022-08-10 13:59:15.706000,1.326,1.32593,1500000,4580000
2022-08-10 13:59:15.758000,1.32603,1.32592,1620000,5060000
2022-08-10 13:59:15.809000,1.32604,1.32597,2340000,1200000
2022-08-10 13:59:15.911000,1.32607,1.32602,1320000,1200000
2022-08-10 13:59:15.962000,1.32606,1.32597,1320000,6300000
2022-08-10 13:59:16.013000,1.32603,1.32597,2520000,1800000
2022-08-10 13:59:16.065000,1.32597,1.32588,2520000,4640000
2022-08-10 13:59:16.167000,1.32595,1.32585,1920000,6120000
2022-08-10 13:59:16.218000,1.32595,1.32585,1200000,6120000
2022-08-10 13:59:16.321000,1.32597,1.32586,4370000,1920000
2022-08-10 13:59:16.423000,1.32596,1.32587,1920000,3600000
2022-08-10 13:59:16.526000,1.32587,1.32583,1340000,1800000
2022-08-10 13:59:16.577000,1.32585,1.32576,1920000,1440000
2022-08-10 13:59:16.882000,1.32585,1.32575,5220000,4500000
2022-08-10 13:59:16.934000,1.32581,1.32573,1440000,4200000
2022-08-10 13:59:16.985000,1.32581,1.32572,1440000,6380000
2022-08-10 13:59:17.087000,1.32582,1.32573,1920000,3600000
2022-08-10 13:59:17.189000,1.32584,1.32579,1500000,1200000
2022-08-10 13:59:17.241000,1.32589,1.32585,1500000,1200000
2022-08-10 13:59:17.292000,1.32594,1.32584,8400000,4140000
2022-08-10 13:59:17.394000,1.32594,1.32585,2700000,1200000
2022-08-10 13:59:17.496000,1.32617,1.32606,1500000,2520000
2022-08-10 13:59:17.599000,1.32606,1.326,1320000,2700000
2022-08-10 13:59:17.651000,1.32605,1.326,1920000,2700000
2022-08-10 13:59:17.753000,1.32607,1.32603,4040000,1200000
2022-08-10 13:59:17.805000,1.32606,1.32599,1320000,3600000
2022-08-10 13:59:17.907000,1.32607,1.32602,3600000,1800000
2022-08-10 13:59:18.009000,1.32607,1.32603,2220000,1200000
2022-08-10 13:59:18.112000,1.32608,1.32602,2340000,1200000
2022-08-10 13:59:18.163000,1.32607,1.32601,1920000,1200000
2022-08-10 13:59:18.215000,1.32608,1.32602,2340000,1200000
2022-08-10 13:59:18.267000,1.32606,1.32598,1320000,3600000
2022-08-10 13:59:18.369000,1.32606,1.32597,1320000,1200000
2022-08-10 13:59:18.725000,1.32606,1.32597,1320000,1440000
2022-08-10 13:59:18.777000,1.32609,1.32601,8180000,1200000
2022-08-10 13:59:18.828000,1.32608,1.32599,7020000,1340000
2022-08-10 13:59:18.930000,1.32606,1.32597,1620000,2340000
2022-08-10 13:59:19.032000,1.32607,1.32602,1500000,2340000
2022-08-10 13:59:19.135000,1.32616,1.32611,4080000,1800000
2022-08-10 13:59:19.186000,1.32625,1.32617,1200000,2040000
2022-08-10 13:59:19.238000,1.32636,1.32633,1200000,1200000
2022-08-10 13:59:19.289000,1.32622,1.32616,1500000,2960000
2022-08-10 13:59:19.341000,1.32624,1.32621,1200000,1320000
2022-08-10 13:59:19.443000,1.32624,1.32615,1320000,6480000
2022-08-10 13:59:19.647000,1.32624,1.32615,2960000,4500000
2022-08-10 13:59:19.749000,1.32623,1.32616,1920000,3600000
2022-08-10 13:59:19.801000,1.32627,1.32617,5220000,5040000
2022-08-10 13:59:19.853000,1.32627,1.3262,1500000,1200000
2022-08-10 13:59:19.904000,1.32632,1.32623,1320000,5220000
2022-08-10 13:59:20.006000,1.3263,1.32625,1500000,1200000
2022-08-10 13:59:20.058000,1.32632,1.32627,1500000,1440000
2022-08-10 13:59:20.109000,1.32635,1.32628,1740000,1200000
2022-08-10 13:59:20.262000,1.32635,1.32628,1500000,3420000
2022-08-10 13:59:20.364000,1.3264,1.32631,1760000,3600000
2022-08-10 13:59:20.517000,1.32639,1.32631,1760000,5040000
2022-08-10 13:59:20.569000,1.32641,1.32631,7760000,5040000
2022-08-10 13:59:20.671000,1.32641,1.32633,1320000,1440000
2022-08-10 13:59:20.773000,1.32643,1.3264,2540000,1440000
2022-08-10 13:59:20.824000,1.3265,1.32639,2220000,1440000
2022-08-10 13:59:20.927000,1.3265,1.32641,3720000,3600000
2022-08-10 13:59:21.130000,1.3265,1.3264,3720000,1440000
2022-08-10 13:59:21.732000,1.3265,1.32641,3720000,3600000
2022-08-10 13:59:21.834000,1.3265,1.3264,2820000,1440000
2022-08-10 13:59:22.352000,1.32648,1.32639,2520000,1200000
2022-08-10 13:59:22.454000,1.32642,1.32634,2220000,5480000
2022-08-10 13:59:22.709000,1.32641,1.32632,1320000,1880000
2022-08-10 13:59:22.811000,1.32642,1.32631,2590000,1440000
2022-08-10 13:59:22.913000,1.32641,1.32631,2590000,4680000
2022-08-10 13:59:23.124000,1.32641,1.32631,2360000,4680000
2022-08-10 13:59:23.226000,1.32638,1.3263,1920000,3600000
2022-08-10 13:59:23.277000,1.32638,1.32627,2220000,4940000
2022-08-10 13:59:23.329000,1.32638,1.32629,2220000,3600000
2022-08-10 13:59:23.786000,1.32638,1.32629,2220000,3600000
2022-08-10 13:59:24.091000,1.32637,1.32628,1920000,1200000
2022-08-10 13:59:24.345000,1.32637,1.32629,1920000,3600000
2022-08-10 13:59:24.447000,1.32641,1.32631,5450000,5040000
2022-08-10 13:59:25.747000,1.32642,1.3263,5450000,5220000
2022-08-10 13:59:25.849000,1.32638,1.32631,1200000,4500000
2022-08-10 13:59:25.901000,1.32634,1.32629,3650000,1800000
2022-08-10 13:59:25.952000,1.32634,1.32623,2820000,4140000
2022-08-10 13:59:26.308000,1.32634,1.32624,10920000,5660000
2022-08-10 13:59:26.360000,1.32634,1.32624,11820000,1440000
2022-08-10 13:59:26.462000,1.32634,1.32624,10020000,5040000
2022-08-10 13:59:26.716000,1.32627,1.3262,3230000,1440000
2022-08-10 13:59:26.819000,1.32629,1.32619,5700000,5220000
2022-08-10 13:59:26.921000,1.32629,1.32619,1500000,1920000
2022-08-10 13:59:27.023000,1.3263,1.3262,5700000,5220000
2022-08-10 13:59:27.711000,1.32629,1.32619,1500000,1920000
2022-08-10 13:59:27.841000,1.32626,1.32619,1200000,1920000
2022-08-10 13:59:27.943000,1.32623,1.32614,2520000,5630000
2022-08-10 13:59:28.088000,1.32617,1.32611,1200000,4160000
2022-08-10 13:59:28.191000,1.32611,1.32604,1200000,6220000
2022-08-10 13:59:28.243000,1.32611,1.32604,1200000,4810000
2022-08-10 13:59:28.346000,1.32611,1.32606,1200000,2520000
2022-08-10 13:59:28.398000,1.32615,1.32608,1200000,4320000
2022-08-10 13:59:28.500000,1.32615,1.32608,1500000,1920000
2022-08-10 13:59:28.607000,1.32618,1.32608,1200000,1920000
2022-08-10 13:59:28.658000,1.32616,1.32608,1500000,1920000
2022-08-10 13:59:28.709000,1.32618,1.32608,1620000,1920000
2022-08-10 13:59:28.812000,1.32618,1.32608,1620000,1920000
2022-08-10 13:59:29.015000,1.32616,1.32605,2820000,3420000
2022-08-10 13:59:29.066000,1.32618,1.32608,3720000,1920000
2022-08-10 13:59:29.169000,1.32618,1.32609,1500000,4160000
2022-08-10 13:59:29.321000,1.32617,1.32609,1500000,4160000
2022-08-10 13:59:29.373000,1.32618,1.32609,2100000,4160000
2022-08-10 13:59:29.475000,1.32618,1.32608,4800000,5220000
2022-08-10 13:59:29.678000,1.3262,1.32611,1500000,3420000
2022-08-10 13:59:29.781000,1.32626,1.32617,1200000,4320000
2022-08-10 13:59:29.883000,1.32623,1.32616,1500000,1320000
2022-08-10 13:59:29.985000,1.32625,1.32615,5520000,4160000
2022-08-10 13:59:30.341000,1.32625,1.32616,3830000,1920000
2022-08-10 13:59:30.444000,1.32629,1.32622,2210000,4320000
2022-08-10 13:59:30.495000,1.32631,1.32622,3600000,1920000
2022-08-10 13:59:30.597000,1.32632,1.32622,4810000,1920000
2022-08-10 13:59:31.150000,1.32632,1.32624,4730000,2520000
2022-08-10 13:59:31.263000,1.32634,1.32629,2880000,3420000
2022-08-10 13:59:31.320000,1.32634,1.32629,1200000,1340000
2022-08-10 13:59:31.373000,1.32633,1.32624,1200000,4320000
2022-08-10 13:59:31.425000,1.32633,1.32623,2520000,2340000
2022-08-10 13:59:31.628000,1.32625,1.3262,2240000,1800000
2022-08-10 13:59:31.680000,1.32625,1.32616,4580000,2040000
2022-08-10 13:59:31.731000,1.32623,1.32615,1200000,1320000
2022-08-10 13:59:31.782000,1.32623,1.32614,1200000,4320000
2022-08-10 13:59:32.138000,1.3262,1.32613,1200000,6120000
2022-08-10 13:59:32.240000,1.3262,1.32613,1200000,2520000
2022-08-10 13:59:32.595000,1.32624,1.32619,1500000,1920000
2022-08-10 13:59:32.647000,1.32625,1.32617,3000000,1920000
2022-08-10 13:59:32.698000,1.32625,1.32616,1440000,4160000
2022-08-10 13:59:33.004000,1.32625,1.32619,2540000,1800000
2022-08-10 13:59:33.055000,1.32624,1.32615,1200000,5220000
2022-08-10 13:59:33.107000,1.32624,1.3262,1200000,1200000
2022-08-10 13:59:33.209000,1.32625,1.32616,1340000,4320000
2022-08-10 13:59:33.362000,1.32625,1.32616,1640000,5220000
2022-08-10 13:59:33.464000,1.32626,1.32617,2030000,4760000
2022-08-10 13:59:33.567000,1.32626,1.32617,2340000,5220000
2022-08-10 13:59:33.719000,1.32627,1.32618,5700000,2960000
2022-08-10 13:59:33.771000,1.32626,1.32618,3380000,1200000
2022-08-10 13:59:33.873000,1.32626,1.32616,1320000,5040000
2022-08-10 13:59:34.141000,1.32625,1.32617,1620000,5040000
2022-08-10 13:59:34.192000,1.32627,1.32618,7430000,4760000
2022-08-10 13:59:34.244000,1.32627,1.32617,1920000,1200000
2022-08-10 13:59:34.346000,1.32626,1.32617,3190000,1440000
2022-08-10 13:59:34.448000,1.32625,1.32616,1620000,2340000
2022-08-10 13:59:34.753000,1.32625,1.32616,1620000,2520000
2022-08-10 13:59:34.856000,1.32626,1.32615,1320000,2340000
2022-08-10 13:59:35.008000,1.32627,1.32615,3050000,2520000
2022-08-10 13:59:35.110000,1.32625,1.32616,1620000,2340000
2022-08-10 13:59:35.213000,1.32624,1.32615,2220000,1440000
2022-08-10 13:59:35.315000,1.32625,1.32617,7460000,1200000
2022-08-10 13:59:35.417000,1.32625,1.32616,3860000,5040000
2022-08-10 13:59:35.519000,1.32625,1.32616,5060000,5040000
2022-08-10 13:59:35.621000,1.32625,1.32616,3860000,5040000
2022-08-10 13:59:35.723000,1.32625,1.32616,9560000,1440000
2022-08-10 13:59:35.876000,1.32625,1.32616,4990000,5040000
2022-08-10 13:59:36.079000,1.32624,1.32616,2220000,1200000
2022-08-10 13:59:36.232000,1.32624,1.32615,2220000,2340000
2022-08-10 13:59:36.436000,1.32621,1.32615,1200000,2340000
2022-08-10 13:59:36.538000,1.32621,1.32616,1200000,1200000
2022-08-10 13:59:36.843000,1.32621,1.32617,1200000,1200000
2022-08-10 13:59:36.954000,1.32625,1.32617,5220000,1200000
2022-08-10 13:59:37.231000,1.32625,1.32618,1200000,2060000
2022-08-10 13:59:37.333000,1.32627,1.3262,2220000,1200000
2022-08-10 13:59:37.863000,1.32628,1.32619,5520000,1200000
2022-08-10 13:59:38.270000,1.32622,1.32619,1920000,1200000
2022-08-10 13:59:38.321000,1.32619,1.32612,1440000,2800000
2022-08-10 13:59:38.424000,1.32619,1.32612,2100000,4240000
2022-08-10 13:59:38.475000,1.32622,1.32613,2030000,1880000
2022-08-10 13:59:38.577000,1.32624,1.32615,3120000,1440000
2022-08-10 13:59:38.781000,1.32618,1.32614,1200000,1200000
2022-08-10 13:59:38.883000,1.3262,1.32612,1920000,1200000
2022-08-10 13:59:38.985000,1.3262,1.32611,1920000,1800000
2022-08-10 13:59:39.276000,1.32622,1.32615,1210000,1200000
2022-08-10 13:59:39.378000,1.32622,1.32615,1620000,1200000
2022-08-10 13:59:39.683000,1.32623,1.32614,5890000,1200000
2022-08-10 13:59:39.785000,1.32622,1.32613,1320000,1200000
2022-08-10 13:59:40.091000,1.32621,1.32612,2060000,1800000
2022-08-10 13:59:40.193000,1.32618,1.32609,2220000,4600000
2022-08-10 13:59:40.295000,1.32619,1.3261,2820000,1200000
2022-08-10 13:59:40.680000,1.32621,1.32612,2770000,1340000
2022-08-10 13:59:40.782000,1.32618,1.32613,1200000,1200000
2022-08-10 13:59:41.213000,1.32622,1.32612,2240000,1200000
2022-08-10 13:59:41.315000,1.3262,1.32613,2520000,1200000
2022-08-10 13:59:41.366000,1.32621,1.32609,3950000,2240000
2022-08-10 13:59:41.468000,1.32616,1.3261,2360000,1200000
2022-08-10 13:59:41.571000,1.32616,1.32608,3260000,1200000
2022-08-10 13:59:41.825000,1.32616,1.32607,3720000,1340000
2022-08-10 13:59:42.174000,1.32617,1.32608,2220000,1340000
2022-08-10 13:59:42.225000,1.32616,1.32607,10850000,1200000
2022-08-10 13:59:42.328000,1.32615,1.32612,1500000,1340000
2022-08-10 13:59:42.379000,1.32625,1.32619,3420000,1800000
2022-08-10 13:59:42.430000,1.32625,1.32617,2060000,3240000
2022-08-10 13:59:42.482000,1.32625,1.3262,1320000,1200000
2022-08-10 13:59:42.584000,1.32625,1.32617,3420000,1200000
2022-08-10 13:59:42.737000,1.32625,1.32618,3420000,2800000
2022-08-10 13:59:42.788000,1.32625,1.3262,1200000,1200000
2022-08-10 13:59:42.891000,1.32625,1.32621,2360000,1200000
2022-08-10 13:59:42.993000,1.32626,1.32615,3420000,2240000
2022-08-10 13:59:43.095000,1.32625,1.32617,3420000,2800000
2022-08-10 13:59:43.198000,1.32625,1.32621,1200000,1200000
2022-08-10 13:59:43.249000,1.32626,1.32617,3190000,1200000
2022-08-10 13:59:43.352000,1.32625,1.3262,1200000,2240000
2022-08-10 13:59:43.454000,1.32626,1.32619,2400000,1880000
2022-08-10 13:59:43.557000,1.32626,1.32623,1340000,1200000
2022-08-10 13:59:43.608000,1.32629,1.32624,1500000,1500000
2022-08-10 13:59:43.660000,1.32629,1.32626,1200000,1340000
2022-08-10 13:59:43.711000,1.32634,1.32626,1920000,1340000
2022-08-10 13:59:43.813000,1.32634,1.32627,2960000,1200000
2022-08-10 13:59:43.864000,1.32633,1.32627,2220000,1200000
2022-08-10 13:59:43.916000,1.32634,1.32627,4320000,1800000
2022-08-10 13:59:44.018000,1.32631,1.32627,1500000,1200000
2022-08-10 13:59:44.069000,1.32634,1.32625,4160000,1800000
2022-08-10 13:59:44.121000,1.32633,1.32626,2220000,1340000
2022-08-10 13:59:44.249000,1.32633,1.32627,2220000,1200000
2022-08-10 13:59:44.351000,1.32634,1.32627,1500000,3140000
2022-08-10 13:59:44.403000,1.32634,1.32626,1920000,1800000
2022-08-10 13:59:44.454000,1.32634,1.32628,1570000,1320000
2022-08-10 13:59:44.506000,1.32638,1.3263,5090000,2800000
2022-08-10 13:59:44.609000,1.32638,1.32632,2210000,1200000
2022-08-10 13:59:44.660000,1.32638,1.32632,1640000,1200000
2022-08-10 13:59:44.762000,1.32641,1.32632,2220000,2800000
2022-08-10 13:59:44.915000,1.32635,1.32631,1620000,1200000
2022-08-10 13:59:44.966000,1.32634,1.32626,2520000,3400000
2022-08-10 13:59:45.018000,1.32634,1.32626,4320000,2800000
2022-08-10 13:59:45.120000,1.32634,1.3263,2700000,1500000
2022-08-10 13:59:45.222000,1.32636,1.3263,1320000,1500000
2022-08-10 13:59:45.477000,1.32638,1.32628,1320000,1440000
2022-08-10 13:59:45.579000,1.32637,1.3263,1320000,1340000
2022-08-10 13:59:45.630000,1.32639,1.32631,1340000,1200000
2022-08-10 13:59:45.733000,1.32641,1.32633,2090000,1200000
2022-08-10 13:59:45.784000,1.3264,1.32632,1320000,1200000
2022-08-10 13:59:46.089000,1.32642,1.32631,3440000,1200000
2022-08-10 13:59:46.191000,1.32639,1.3263,1320000,1440000
2022-08-10 13:59:46.243000,1.32635,1.3263,1200000,1440000
2022-08-10 13:59:46.345000,1.32635,1.32632,1200000,1200000
2022-08-10 13:59:46.447000,1.32633,1.3263,1200000,2100000
2022-08-10 13:59:46.498000,1.3263,1.32626,1200000,1500000
2022-08-10 13:59:46.601000,1.32632,1.32626,1200000,2100000
2022-08-10 13:59:46.703000,1.32633,1.32627,1200000,1500000
2022-08-10 13:59:46.805000,1.32634,1.32627,2700000,2360000
2022-08-10 13:59:46.907000,1.32634,1.32626,5220000,1340000
2022-08-10 13:59:47.039000,1.3263,1.32622,1320000,1200000
2022-08-10 13:59:47.145000,1.32625,1.32618,1920000,1500000
2022-08-10 13:59:47.249000,1.32625,1.32618,2960000,1500000
2022-08-10 13:59:47.301000,1.32625,1.32617,3240000,1440000
2022-08-10 13:59:47.505000,1.32625,1.32619,1800000,1200000
2022-08-10 13:59:47.607000,1.32627,1.32622,1800000,1200000
2022-08-10 13:59:47.709000,1.32629,1.32621,1200000,1440000
2022-08-10 13:59:47.811000,1.32629,1.32622,1200000,2800000
2022-08-10 13:59:47.913000,1.32631,1.32622,1220000,1440000
2022-08-10 13:59:48.015000,1.32634,1.32625,3860000,3700000
2022-08-10 13:59:48.118000,1.32634,1.32625,1880000,1440000
2022-08-10 13:59:48.526000,1.32636,1.32631,1200000,1200000
2022-08-10 13:59:48.629000,1.32636,1.3263,1800000,1800000
2022-08-10 13:59:48.731000,1.32636,1.32627,5640000,2270000
2022-08-10 13:59:48.833000,1.32634,1.32626,2700000,2780000
2022-08-10 13:59:48.884000,1.32634,1.32627,2700000,2040000
2022-08-10 13:59:48.988000,1.32636,1.32628,5640000,1200000
2022-08-10 13:59:49.191000,1.32634,1.32627,1200000,1200000
2022-08-10 13:59:49.395000,1.32634,1.32628,1200000,1200000
2022-08-10 13:59:49.548000,1.32633,1.32625,1320000,2100000
2022-08-10 13:59:49.650000,1.32633,1.32625,1440000,1200000
2022-08-10 13:59:49.752000,1.32633,1.32624,6080000,1440000
2022-08-10 13:59:49.803000,1.3263,1.32624,1200000,1200000
2022-08-10 13:59:49.855000,1.32637,1.32631,5100000,1440000
2022-08-10 13:59:49.906000,1.32635,1.32628,1800000,1200000
2022-08-10 13:59:49.958000,1.32634,1.32629,5640000,1200000
2022-08-10 13:59:50.060000,1.32633,1.3263,1200000,1500000
2022-08-10 13:59:50.111000,1.32631,1.32626,1200000,1500000
2022-08-10 13:59:50.162000,1.32627,1.32624,1340000,1200000
2022-08-10 13:59:50.265000,1.32626,1.32618,1800000,2100000
2022-08-10 13:59:50.316000,1.32625,1.32619,3420000,2240000
2022-08-10 13:59:50.368000,1.32616,1.3261,1200000,1200000
2022-08-10 13:59:50.470000,1.32621,1.32616,1340000,1500000
2022-08-10 13:59:50.521000,1.32624,1.32615,5040000,2270000
2022-08-10 13:59:50.573000,1.32624,1.32615,2990000,1500000
2022-08-10 13:59:50.624000,1.32624,1.32615,1340000,2340000
2022-08-10 13:59:50.676000,1.32616,1.32612,2700000,1320000
2022-08-10 13:59:50.778000,1.32615,1.32612,1910000,1500000
2022-08-10 13:59:50.829000,1.32615,1.32608,1340000,1500000
2022-08-10 13:59:50.880000,1.32616,1.32611,2420000,1200000
2022-08-10 13:59:51.135000,1.32616,1.32611,2420000,1640000
2022-08-10 13:59:51.288000,1.32616,1.32608,3000000,2100000
2022-08-10 13:59:51.339000,1.32616,1.32608,3000000,1200000
2022-08-10 13:59:51.492000,1.32616,1.32609,1820000,1880000
2022-08-10 13:59:51.594000,1.32616,1.32609,1800000,1880000
2022-08-10 13:59:52.560000,1.32616,1.32609,1800000,3420000
2022-08-10 13:59:52.662000,1.32616,1.32609,1200000,3340000
2022-08-10 13:59:52.714000,1.32616,1.32611,1800000,1500000
2022-08-10 13:59:52.765000,1.32616,1.32608,1800000,2180000
2022-08-10 13:59:52.816000,1.32616,1.32608,1800000,1320000
2022-08-10 13:59:53.020000,1.32616,1.32608,1800000,2060000
2022-08-10 13:59:53.325000,1.32617,1.32607,1800000,1320000
2022-08-10 13:59:53.528000,1.32616,1.32609,1800000,1200000
2022-08-10 13:59:53.732000,1.32611,1.32608,1200000,1200000
2022-08-10 13:59:53.783000,1.3261,1.32602,1800000,7120000
2022-08-10 13:59:53.921000,1.3261,1.32602,2040000,1320000
2022-08-10 13:59:54.023000,1.32608,1.32602,1200000,5760000
2022-08-10 13:59:54.075000,1.32611,1.32603,1440000,1880000
2022-08-10 13:59:54.177000,1.32609,1.32601,1320000,1440000
2022-08-10 13:59:54.279000,1.32607,1.32601,1200000,4240000
2022-08-10 13:59:54.381000,1.32607,1.32599,1340000,1920000
2022-08-10 13:59:54.483000,1.32601,1.32599,1200000,1200000
2022-08-10 13:59:54.535000,1.32601,1.32595,1200000,2340000
2022-08-10 13:59:54.689000,1.32601,1.32595,1800000,1880000
2022-08-10 13:59:54.892000,1.32599,1.32592,2240000,1320000
2022-08-10 13:59:54.944000,1.3259,1.32585,1200000,3520000
2022-08-10 13:59:55.046000,1.32591,1.32586,1200000,2220000
2022-08-10 13:59:55.097000,1.32594,1.32587,1200000,1320000
2022-08-10 13:59:55.149000,1.32591,1.32587,2240000,2100000
2022-08-10 13:59:55.201000,1.3259,1.32584,1200000,3420000
2022-08-10 13:59:55.252000,1.32591,1.32587,1200000,1920000
2022-08-10 13:59:55.303000,1.32595,1.32589,1800000,1920000
2022-08-10 13:59:55.405000,1.32597,1.32589,1440000,1440000
2022-08-10 13:59:55.458000,1.32595,1.32587,1440000,3340000
2022-08-10 13:59:55.560000,1.32597,1.32587,1800000,1920000
2022-08-10 13:59:55.663000,1.32593,1.32588,3240000,2800000
2022-08-10 13:59:55.765000,1.3259,1.32583,1200000,3640000
2022-08-10 13:59:55.867000,1.32593,1.32586,1440000,1200000
2022-08-10 13:59:55.970000,1.32593,1.32583,2940000,3340000
2022-08-10 13:59:56.072000,1.3259,1.32582,1800000,2520000
2022-08-10 13:59:56.174000,1.3259,1.32582,3240000,1880000
2022-08-10 13:59:56.429000,1.3259,1.32583,1200000,4420000
2022-08-10 13:59:56.531000,1.3259,1.32581,4140000,1920000
2022-08-10 13:59:56.582000,1.32588,1.32581,1440000,1200000
2022-08-10 13:59:56.684000,1.32588,1.3258,1320000,1440000
2022-08-10 13:59:56.888000,1.32589,1.32579,1880000,2960000
2022-08-10 13:59:57.119000,1.32589,1.3258,1880000,1320000
2022-08-10 13:59:57.225000,1.3259,1.32581,1440000,2060000
2022-08-10 13:59:57.328000,1.32597,1.32588,5480000,1920000
2022-08-10 13:59:57.430000,1.32598,1.32589,1440000,2060000
2022-08-10 13:59:57.532000,1.32598,1.32588,1440000,1440000
2022-08-10 13:59:57.685000,1.32587,1.32582,2340000,1200000
2022-08-10 13:59:57.787000,1.32589,1.32579,2360000,1920000
2022-08-10 13:59:57.890000,1.32589,1.3258,1200000,1690000
2022-08-10 13:59:57.941000,1.32589,1.32584,1200000,1500000
2022-08-10 13:59:57.992000,1.32589,1.32582,1200000,1500000
2022-08-10 13:59:58.094000,1.32589,1.3258,1200000,4560000
2022-08-10 13:59:58.196000,1.3259,1.32583,4500000,1920000
2022-08-10 13:59:58.248000,1.3259,1.32581,5940000,1920000
2022-08-10 13:59:58.350000,1.32589,1.3258,1200000,4260000
2022-08-10 13:59:58.452000,1.32583,1.32576,1800000,4980000
2022-08-10 13:59:58.554000,1.32581,1.32575,1800000,1500000
2022-08-10 13:59:58.657000,1.32582,1.32575,1800000,1740000
2022-08-10 13:59:58.759000,1.32581,1.32575,1200000,2220000
2022-08-10 13:59:58.811000,1.32583,1.32576,1340000,5340000
2022-08-10 13:59:58.862000,1.32582,1.32575,1200000,3900000
2022-08-10 13:59:58.913000,1.32581,1.32574,1800000,3550000
2022-08-10 13:59:59.534000,1.32581,1.32577,1200000,1440000
2022-08-10 13:59:59.585000,1.32588,1.32579,1200000,1440000
2022-08-10 13:59:59.688000,1.32589,1.32579,3240000,1440000
2022-08-10 13:59:59.790000,1.32589,1.3258,2340000,3700000
2022-08-10 13:59:59.842000,1.32587,1.32584,1200000,1200000
2022-08-10 13:59:59.893000,1.32593,1.32583,6120000,4420000
2022-08-10 13:59:59.944000,1.32591,1.32586,3600000,1440000
2022-08-10 13:59:59.996000,1.32595,1.32587,1320000,1320000
2022-08-10 14:00:00.098000,1.32595,1.32585,1920000,1200000
2022-08-10 14:00:00.200000,1.32594,1.32585,1920000,1200000
2022-08-10 14:00:00.302000,1.3259,1.32583,1200000,1740000
2022-08-10 14:00:00.440000,1.32593,1.32587,1800000,1920000
2022-08-10 14:00:00.543000,1.32595,1.32587,1200000,1320000
2022-08-10 14:00:00.645000,1.32593,1.32587,1200000,1320000
2022-08-10 14:00:00.697000,1.32592,1.32584,1800000,1920000
2022-08-10 14:00:00.849000,1.32594,1.32584,3420000,1920000
2022-08-10 14:00:00.952000,1.3259,1.32581,1200000,2220000
2022-08-10 14:00:01.156000,1.3259,1.32586,1200000,1920000
2022-08-10 14:00:01.207000,1.32594,1.32585,2340000,1440000
2022-08-10 14:00:01.360000,1.3259,1.32584,2700000,1200000
2022-08-10 14:00:01.463000,1.32589,1.32579,1800000,4340000
2022-08-10 14:00:01.616000,1.32589,1.32584,1200000,1460000
2022-08-10 14:00:01.718000,1.3259,1.32584,3600000,1200000
2022-08-10 14:00:01.769000,1.32599,1.32594,6300000,2220000
2022-08-10 14:00:01.871000,1.32604,1.32596,2340000,1440000
2022-08-10 14:00:01.973000,1.32604,1.326,2240000,2520000
2022-08-10 14:00:02.024000,1.32608,1.32603,1200000,2520000
2022-08-10 14:00:02.076000,1.32612,1.32606,1800000,2520000
2022-08-10 14:00:02.127000,1.32615,1.32609,1200000,1920000
2022-08-10 14:00:02.229000,1.32617,1.3261,1200000,1920000
2022-08-10 14:00:02.280000,1.3262,1.32611,1440000,1200000
2022-08-10 14:00:02.383000,1.32621,1.32612,2700000,2340000
2022-08-10 14:00:02.485000,1.32623,1.32611,5040000,1440000
2022-08-10 14:00:02.625000,1.3262,1.32612,1200000,1880000
2022-08-10 14:00:02.777000,1.32616,1.32612,1500000,1800000
2022-08-10 14:00:02.930000,1.32621,1.32612,2180000,1880000
2022-08-10 14:00:02.982000,1.32624,1.32612,5470000,1920000
2022-08-10 14:00:03.084000,1.32629,1.32623,1200000,1440000
2022-08-10 14:00:03.135000,1.32631,1.32623,1200000,2340000
2022-08-10 14:00:03.237000,1.32632,1.32628,1440000,1200000
2022-08-10 14:00:03.289000,1.32623,1.32619,1500000,1200000
2022-08-10 14:00:03.340000,1.3263,1.32619,2340000,2520000
2022-08-10 14:00:03.443000,1.32627,1.32622,2520000,1200000
2022-08-10 14:00:03.545000,1.32625,1.32619,1200000,1200000
2022-08-10 14:00:03.647000,1.32625,1.3262,1200000,1440000
2022-08-10 14:00:03.750000,1.3263,1.32622,3470000,1200000
2022-08-10 14:00:04.004000,1.32629,1.32622,1200000,1200000
2022-08-10 14:00:04.055000,1.32625,1.32622,1500000,1200000
2022-08-10 14:00:04.107000,1.32629,1.32622,1500000,1200000
2022-08-10 14:00:04.158000,1.32627,1.32621,1500000,1320000
2022-08-10 14:00:04.210000,1.32629,1.32621,1500000,1320000
2022-08-10 14:00:04.318000,1.3263,1.32622,3080000,1200000
2022-08-10 14:00:04.725000,1.32629,1.32621,1800000,1460000
2022-08-10 14:00:04.827000,1.32629,1.32621,2100000,1200000
2022-08-10 14:00:04.980000,1.32627,1.32621,1340000,1200000
2022-08-10 14:00:05.082000,1.32626,1.32623,1670000,1200000
2022-08-10 14:00:05.134000,1.32615,1.32611,1200000,1800000
2022-08-10 14:00:05.236000,1.32614,1.32606,1800000,4420000
2022-08-10 14:00:05.338000,1.32617,1.32607,1800000,3520000
2022-08-10 14:00:05.450000,1.32616,1.32612,1800000,3240000
2022-08-10 14:00:05.555000,1.32625,1.32617,4500000,1920000
2022-08-10 14:00:05.658000,1.32631,1.32622,6020000,1920000
2022-08-10 14:00:05.761000,1.32634,1.32624,6380000,2360000
2022-08-10 14:00:05.813000,1.32633,1.32624,1920000,1800000
2022-08-10 14:00:05.915000,1.3263,1.32623,1200000,1200000
2022-08-10 14:00:06.017000,1.3263,1.32622,1200000,1320000
2022-08-10 14:00:06.221000,1.32629,1.32621,1500000,1320000
2022-08-10 14:00:06.323000,1.32625,1.32622,1200000,1320000
2022-08-10 14:00:06.476000,1.32625,1.32622,1200000,1920000
2022-08-10 14:00:06.578000,1.32634,1.32623,1740000,1320000
2022-08-10 14:00:06.680000,1.32625,1.32623,1200000,1200000
2022-08-10 14:00:06.782000,1.32625,1.32622,1200000,1200000
2022-08-10 14:00:06.885000,1.32625,1.32617,2240000,1320000
2022-08-10 14:00:06.936000,1.32625,1.32615,3380000,2960000
2022-08-10 14:00:07.038000,1.32625,1.32615,3380000,2520000
2022-08-10 14:00:07.343000,1.32625,1.32615,6980000,2520000
2022-08-10 14:00:07.445000,1.32624,1.32615,1320000,1880000
2022-08-10 14:00:08.054000,1.32625,1.32618,3000000,2520000
2022-08-10 14:00:08.157000,1.32634,1.32624,5640000,1460000
2022-08-10 14:00:08.208000,1.32637,1.32633,1340000,1920000
2022-08-10 14:00:08.259000,1.32642,1.32634,1800000,2880000
2022-08-10 14:00:08.313000,1.32635,1.32628,1320000,1200000
2022-08-10 14:00:08.420000,1.32633,1.32625,1320000,2800000
2022-08-10 14:00:08.471000,1.32625,1.32618,2100000,4320000
2022-08-10 14:00:08.522000,1.32635,1.32626,1200000,2040000
2022-08-10 14:00:08.625000,1.32635,1.32629,1500000,1920000
2022-08-10 14:00:08.676000,1.32641,1.32632,2210000,1440000
2022-08-10 14:00:08.778000,1.32641,1.32632,2210000,1440000
2022-08-10 14:00:08.830000,1.32638,1.32632,1500000,1440000
2022-08-10 14:00:08.932000,1.32637,1.32632,1500000,1440000
2022-08-10 14:00:09.034000,1.32641,1.32632,1910000,1440000
2022-08-10 14:00:09.136000,1.32641,1.32632,2320000,1440000
2022-08-10 14:00:09.187000,1.32638,1.32632,1500000,1440000
2022-08-10 14:00:09.289000,1.32641,1.32632,2390000,1440000
2022-08-10 14:00:09.392000,1.32636,1.32629,4160000,1200000
2022-08-10 14:00:09.494000,1.32634,1.32629,1320000,1200000
2022-08-10 14:00:09.546000,1.32634,1.32626,2340000,3340000
2022-08-10 14:00:09.597000,1.32634,1.32629,1800000,1440000
2022-08-10 14:00:09.648000,1.32639,1.32629,2340000,1920000
2022-08-10 14:00:09.700000,1.3264,1.32634,2880000,3340000
2022-08-10 14:00:09.802000,1.32642,1.32634,2100000,3960000
2022-08-10 14:00:09.853000,1.32643,1.32633,1200000,3520000
2022-08-10 14:00:09.956000,1.32642,1.32633,1200000,3520000
2022-08-10 14:00:10.108000,1.32642,1.32633,1200000,2060000
2022-08-10 14:00:10.261000,1.32642,1.32634,2100000,3360000
2022-08-10 14:00:10.313000,1.32642,1.32634,1500000,3360000
2022-08-10 14:00:10.364000,1.32642,1.32633,1200000,3960000
