time,ask,bid,ask_volume,bid_volume
2019-06-12 12:25:00.285000,1.08446,1.08444,1810000,1310000
2019-06-12 12:25:00.618000,1.08446,1.08444,1250000,1690000
2019-06-12 12:25:00.822000,1.08445,1.08444,1000000,1310000
2019-06-12 12:25:01.076000,1.08446,1.08444,1250000,2810000
2019-06-12 12:25:01.178000,1.08446,1.08444,1250000,2810000
2019-06-12 12:25:02.676000,1.08446,1.08444,1250000,3940000
2019-06-12 12:25:02.779000,1.08446,1.08444,1000000,3190000
2019-06-12 12:25:03.035000,1.08445,1.08443,1000000,2620000
2019-06-12 12:25:03.087000,1.08445,1.08443,1690000,1310000
2019-06-12 12:25:03.189000,1.08444,1.08442,1250000,2440000
2019-06-12 12:25:06.184000,1.08446,1.08444,2250000,3560000
2019-06-12 12:25:06.286000,1.0845,1.08446,1390000,1250000
2019-06-12 12:25:06.535000,1.0845,1.08448,3620000,1000000
2019-06-12 12:25:09.056000,1.08449,1.08447,1310000,3190000
2019-06-12 12:25:09.158000,1.08449,1.08448,1310000,1000000
2019-06-12 12:25:11.085000,1.08449,1.08447,1310000,2440000
2019-06-12 12:25:12.201000,1.08449,1.08448,1250000,1120000
2019-06-12 12:25:12.721000,1.08449,1.08447,1250000,2810000
2019-06-12 12:25:12.822000,1.08449,1.08447,2560000,1310000
2019-06-12 12:25:12.925000,1.08447,1.08445,1690000,7310000
2019-06-12 12:25:13.027000,1.08446,1.08445,1000000,2440000
2019-06-12 12:25:13.212000,1.08449,1.08446,6380000,4500000
2019-06-12 12:25:13.314000,1.08449,1.08447,5780000,1310000
2019-06-12 12:25:13.670000,1.08447,1.08446,1000000,1250000
2019-06-12 12:25:13.776000,1.08447,1.08445,1200000,4750000
2019-06-12 12:25:13.979000,1.08446,1.08445,1250000,3370000
2019-06-12 12:25:14.081000,1.08448,1.08445,2160000,3750000
2019-06-12 12:25:14.184000,1.08448,1.08446,1760000,3560000
2019-06-12 12:25:15.888000,1.08448,1.08445,5640000,4750000
2019-06-12 12:25:16.222000,1.08448,1.08446,3640000,1690000
2019-06-12 12:25:19.955000,1.08447,1.08446,1000000,3340000
2019-06-12 12:25:20.158000,1.08447,1.08445,3560000,2810000
2019-06-12 12:25:20.984000,1.08447,1.08445,3690000,1300000
2019-06-12 12:25:21.704000,1.08447,1.08445,3560000,1670000
2019-06-12 12:25:22.844000,1.08447,1.08446,1000000,1690000
2019-06-12 12:25:24.430000,1.08448,1.08447,2440000,1000000
2019-06-12 12:25:24.532000,1.08448,1.08446,2560000,1250000
2019-06-12 12:25:27.386000,1.08447,1.08445,2560000,1670000
2019-06-12 12:25:28.185000,1.08448,1.08446,2140000,2690000
2019-06-12 12:25:28.287000,1.08449,1.08447,8870000,1500000
2019-06-12 12:25:28.694000,1.08449,1.08447,9190000,1690000
2019-06-12 12:25:33.099000,1.08447,1.08445,1000000,5200000
2019-06-12 12:25:33.201000,1.08448,1.08445,5700000,1690000
2019-06-12 12:25:33.353000,1.08446,1.08444,1370000,1870000
2019-06-12 12:25:33.506000,1.08446,1.08443,6450000,2250000
2019-06-12 12:25:33.619000,1.08445,1.08443,1310000,2440000
2019-06-12 12:25:35.005000,1.08444,1.08442,1000000,1250000
2019-06-12 12:25:35.221000,1.08444,1.08441,2700000,4500000
2019-06-12 12:25:35.272000,1.08445,1.08443,4720000,1000000
2019-06-12 12:25:35.476000,1.08445,1.08443,2320000,1750000
2019-06-12 12:25:38.389000,1.08447,1.08445,2940000,1120000
2019-06-12 12:25:38.491000,1.08447,1.08445,1390000,2190000
2019-06-12 12:25:38.593000,1.08447,1.08445,4070000,1000000
2019-06-12 12:25:38.695000,1.08446,1.08444,2510000,1310000
2019-06-12 12:25:38.999000,1.08447,1.08445,5810000,1810000
2019-06-12 12:25:39.527000,1.08446,1.08445,1690000,1120000
2019-06-12 12:25:39.579000,1.08446,1.08444,1690000,1690000
2019-06-12 12:25:40.038000,1.08446,1.08444,1750000,1500000
2019-06-12 12:25:40.368000,1.08441,1.0844,1690000,1000000
2019-06-12 12:25:40.471000,1.08439,1.08437,1100000,1370000
2019-06-12 12:25:40.573000,1.08439,1.08437,1250000,1730000
2019-06-12 12:25:40.624000,1.08438,1.08436,1250000,1310000
2019-06-12 12:25:40.771000,1.08437,1.08436,1100000,1250000
2019-06-12 12:25:41.128000,1.08438,1.08435,1390000,4370000
2019-06-12 12:25:44.384000,1.08439,1.08436,4750000,2190000
2019-06-12 12:25:47.144000,1.0844,1.08439,3560000,1120000
2019-06-12 12:25:47.262000,1.08442,1.0844,1000000,4970000
2019-06-12 12:25:47.364000,1.08443,1.0844,3560000,6820000
2019-06-12 12:25:47.466000,1.08442,1.0844,1250000,1810000
2019-06-12 12:25:47.569000,1.08442,1.08439,4370000,1890000
2019-06-12 12:25:47.827000,1.08442,1.08439,3560000,3070000
2019-06-12 12:25:49.797000,1.0844,1.08439,1000000,1250000
2019-06-12 12:25:49.848000,1.0844,1.08437,4000000,4160000
2019-06-12 12:25:49.951000,1.08438,1.08436,1690000,2060000
2019-06-12 12:25:50.054000,1.08438,1.08435,1120000,5550000
2019-06-12 12:25:52.065000,1.08438,1.08436,1250000,1310000
2019-06-12 12:25:52.167000,1.08438,1.08436,1120000,1370000
2019-06-12 12:25:52.370000,1.08438,1.08435,2060000,7420000
2019-06-12 12:25:53.406000,1.08438,1.08436,1120000,2120000
2019-06-12 12:25:53.507000,1.08438,1.08436,1310000,1310000
2019-06-12 12:25:53.871000,1.08438,1.08436,1120000,1370000
2019-06-12 12:25:54.412000,1.08438,1.08435,1500000,5860000
2019-06-12 12:25:54.711000,1.08437,1.08435,1620000,2740000
2019-06-12 12:25:54.814000,1.08437,1.08434,3870000,1310000
2019-06-12 12:25:57.983000,1.08438,1.08435,5140000,1870000
2019-06-12 12:25:58.187000,1.08436,1.08435,1000000,1250000
2019-06-12 12:25:58.289000,1.08436,1.08434,1000000,2620000
2019-06-12 12:25:58.447000,1.08435,1.08433,1000000,1250000
2019-06-12 12:25:59.007000,1.08436,1.08433,3820000,2620000
2019-06-12 12:26:00.667000,1.08436,1.08433,3850000,1620000
2019-06-12 12:26:01.085000,1.08436,1.08435,1570000,1250000
2019-06-12 12:26:01.187000,1.08437,1.08435,1120000,1750000
2019-06-12 12:26:01.400000,1.08438,1.08436,4010000,1250000
2019-06-12 12:26:02.321000,1.08439,1.08436,5640000,1250000
2019-06-12 12:26:02.437000,1.08439,1.08436,4760000,1250000
2019-06-12 12:26:10.669000,1.0844,1.08438,4370000,1000000
2019-06-12 12:26:11.140000,1.08439,1.08437,1250000,1250000
2019-06-12 12:26:11.736000,1.08439,1.08438,1250000,1000000
2019-06-12 12:26:11.938000,1.0844,1.08437,4450000,3940000
2019-06-12 12:26:12.481000,1.08438,1.08436,1500000,3250000
2019-06-12 12:26:13.361000,1.08438,1.08436,1690000,2440000
2019-06-12 12:26:13.595000,1.08438,1.08436,1810000,2060000
2019-06-12 12:26:15.068000,1.08438,1.08436,1310000,2440000
2019-06-12 12:26:16.658000,1.08439,1.08437,6370000,1000000
2019-06-12 12:26:17.156000,1.08439,1.08436,6820000,1690000
2019-06-12 12:26:17.207000,1.08437,1.08435,2690000,1690000
2019-06-12 12:26:17.309000,1.08436,1.08434,4310000,1000000
2019-06-12 12:26:17.411000,1.08436,1.08434,2060000,1690000
2019-06-12 12:26:18.271000,1.08435,1.08434,1250000,1000000
2019-06-12 12:26:18.701000,1.08435,1.08432,3190000,3750000
2019-06-12 12:26:19.058000,1.08434,1.08432,1250000,2190000
2019-06-12 12:26:19.708000,1.08434,1.08432,1690000,1690000
2019-06-12 12:26:21.976000,1.08435,1.08432,4390000,1250000
2019-06-12 12:26:23.150000,1.08436,1.08434,2320000,3550000
2019-06-12 12:26:23.252000,1.08437,1.08435,1250000,1000000
2019-06-12 12:26:23.643000,1.08438,1.08434,1870000,3320000
2019-06-12 12:26:24.328000,1.08439,1.08436,5260000,1000000
2019-06-12 12:26:24.482000,1.08439,1.08437,4310000,1000000
2019-06-12 12:26:25.108000,1.08439,1.08436,5060000,1120000
2019-06-12 12:26:25.210000,1.08438,1.08435,1810000,4240000
2019-06-12 12:26:27.803000,1.08438,1.08435,3690000,1370000
2019-06-12 12:26:27.905000,1.08437,1.08435,1310000,1310000
2019-06-12 12:26:29.803000,1.08437,1.08435,1750000,1000000
2019-06-12 12:26:29.854000,1.08438,1.08434,5890000,4870000
2019-06-12 12:26:30.576000,1.08436,1.08434,1000000,3190000
2019-06-12 12:26:38.739000,1.08436,1.08432,3500000,3010000
2019-06-12 12:26:39.656000,1.08436,1.08433,2620000,2750000
2019-06-12 12:26:39.809000,1.08435,1.08433,1000000,2000000
2019-06-12 12:26:39.910000,1.08436,1.08433,3370000,1500000
2019-06-12 12:26:40.678000,1.08436,1.08433,3570000,1000000
2019-06-12 12:26:41.735000,1.08434,1.08432,2810000,1250000
2019-06-12 12:26:41.837000,1.08433,1.08432,1000000,1250000
2019-06-12 12:26:43.043000,1.08434,1.08431,2620000,3370000
2019-06-12 12:26:43.731000,1.08433,1.08431,1000000,1250000
2019-06-12 12:26:45.085000,1.08434,1.0843,3260000,7600000
2019-06-12 12:26:45.763000,1.08434,1.08431,6010000,1250000
2019-06-12 12:26:46.948000,1.08434,1.08432,5510000,1690000
2019-06-12 12:26:48.150000,1.08433,1.08431,1000000,1870000
2019-06-12 12:26:49.906000,1.08433,1.08431,3940000,1250000
2019-06-12 12:26:50.009000,1.08432,1.0843,1620000,3790000
2019-06-12 12:26:50.804000,1.08433,1.0843,4140000,3850000
2019-06-12 12:26:53.256000,1.08433,1.0843,3640000,3970000
2019-06-12 12:26:55.239000,1.08433,1.0843,3760000,3970000
2019-06-12 12:26:56.239000,1.08433,1.0843,3640000,1870000
2019-06-12 12:26:56.847000,1.08432,1.0843,1000000,2440000
2019-06-12 12:26:56.951000,1.08427,1.08426,2620000,2060000
2019-06-12 12:26:57.002000,1.08426,1.08425,1250000,1000000
2019-06-12 12:26:57.155000,1.08426,1.08424,1620000,1250000
2019-06-12 12:26:57.257000,1.08427,1.08425,2450000,1250000
2019-06-12 12:26:57.818000,1.08427,1.08425,1000000,1250000
2019-06-12 12:26:58.843000,1.08427,1.08425,1250000,1250000
2019-06-12 12:26:59.846000,1.08427,1.08425,1250000,1250000
2019-06-12 12:27:01.821000,1.08427,1.08425,1000000,1000000
2019-06-12 12:27:03.183000,1.08429,1.08427,6370000,1370000
2019-06-12 12:27:03.285000,1.08429,1.08428,2060000,1000000
2019-06-12 12:27:03.482000,1.08431,1.08429,3310000,1250000
2019-06-12 12:27:04.477000,1.0843,1.08428,2060000,1310000
2019-06-12 12:27:04.579000,1.08429,1.08427,3190000,1310000
2019-06-12 12:27:04.681000,1.08428,1.08426,1000000,2320000
2019-06-12 12:27:04.783000,1.08429,1.08426,3000000,2700000
2019-06-12 12:27:10.685000,1.08428,1.08426,1500000,1250000
2019-06-12 12:27:10.939000,1.08427,1.08425,1000000,2620000
2019-06-12 12:27:11.275000,1.08428,1.08425,2060000,1870000
2019-06-12 12:27:11.690000,1.08427,1.08425,1000000,1250000
2019-06-12 12:27:13.955000,1.08428,1.08425,2810000,2620000
2019-06-12 12:27:24.385000,1.08429,1.08427,4870000,1000000
2019-06-12 12:27:24.517000,1.08429,1.08427,3560000,1250000
2019-06-12 12:27:24.772000,1.08429,1.08427,1870000,1750000
2019-06-12 12:27:28.237000,1.08431,1.0843,3000000,1310000
2019-06-12 12:27:28.360000,1.08432,1.08431,1500000,1310000
2019-06-12 12:27:28.463000,1.08432,1.08431,1000000,1310000
2019-06-12 12:27:29.235000,1.08433,1.08431,3560000,1310000
2019-06-12 12:27:31.150000,1.08433,1.08432,1310000,1000000
2019-06-12 12:27:31.252000,1.08434,1.08433,2440000,1000000
2019-06-12 12:27:31.391000,1.08434,1.08433,1120000,1250000
2019-06-12 12:27:32.833000,1.08435,1.08433,2250000,2120000
2019-06-12 12:27:33.186000,1.08435,1.08433,1870000,2120000
2019-06-12 12:27:36.412000,1.08435,1.08433,1370000,1500000
2019-06-12 12:27:36.586000,1.08434,1.08432,1000000,4310000
2019-06-12 12:27:37.873000,1.08434,1.08432,1120000,2620000
2019-06-12 12:27:37.976000,1.08435,1.08432,4950000,3370000
2019-06-12 12:27:38.280000,1.08434,1.08432,1250000,3310000
2019-06-12 12:27:38.484000,1.08434,1.08432,1690000,2060000
2019-06-12 12:27:40.692000,1.08434,1.08432,1250000,2560000
2019-06-12 12:27:40.795000,1.08435,1.08434,1100000,1310000
2019-06-12 12:27:40.897000,1.08436,1.08433,2810000,4120000
2019-06-12 12:27:41.863000,1.08435,1.08434,1000000,1250000
2019-06-12 12:27:42.570000,1.08436,1.08434,3260000,1000000
2019-06-12 12:27:42.672000,1.08435,1.08433,2060000,1000000
2019-06-12 12:27:42.774000,1.08434,1.08433,1250000,1000000
2019-06-12 12:27:44.134000,1.08435,1.08433,5140000,1310000
2019-06-12 12:27:44.438000,1.08434,1.08433,1000000,1000000
2019-06-12 12:27:51.084000,1.08433,1.08432,1500000,1250000
2019-06-12 12:27:53.444000,1.08433,1.08431,2940000,1690000
2019-06-12 12:27:53.548000,1.08432,1.0843,2000000,2440000
2019-06-12 12:27:53.906000,1.08432,1.0843,1500000,1750000
2019-06-12 12:28:05.857000,1.08431,1.0843,2100000,1690000
2019-06-12 12:28:05.960000,1.0843,1.08428,3190000,1000000
2019-06-12 12:28:06.011000,1.08428,1.08427,2060000,1000000
2019-06-12 12:28:06.316000,1.08428,1.08426,1310000,6940000
2019-06-12 12:28:06.759000,1.08428,1.08426,1310000,4810000
2019-06-12 12:28:07.536000,1.0843,1.08428,4870000,1120000
2019-06-12 12:28:07.841000,1.08429,1.08427,2440000,1250000
2019-06-12 12:28:09.123000,1.08428,1.08426,1000000,3250000
2019-06-12 12:28:09.228000,1.08427,1.08425,1810000,3190000
2019-06-12 12:28:09.330000,1.08427,1.08425,2560000,2440000
2019-06-12 12:28:10.502000,1.08426,1.08424,1310000,3190000
2019-06-12 12:28:11.360000,1.08426,1.08425,1000000,1000000
2019-06-12 12:28:11.577000,1.08427,1.08425,1690000,1000000
2019-06-12 12:28:13.102000,1.08423,1.08422,1690000,1100000
2019-06-12 12:28:13.154000,1.08421,1.08419,1690000,5770000
2019-06-12 12:28:14.193000,1.08421,1.08419,2440000,2370000
2019-06-12 12:28:19.927000,1.08423,1.08421,3260000,2100000
2019-06-12 12:28:20.029000,1.08421,1.0842,1120000,1500000
2019-06-12 12:28:20.992000,1.08421,1.08419,1500000,4090000
2019-06-12 12:28:21.945000,1.08421,1.08419,1120000,4210000
2019-06-12 12:28:22.926000,1.08421,1.08419,1870000,1310000
2019-06-12 12:28:24.992000,1.08421,1.08419,1870000,4900000
2019-06-12 12:28:25.093000,1.08421,1.08419,1950000,1690000
2019-06-12 12:28:28.779000,1.08422,1.08419,2700000,6520000
2019-06-12 12:28:28.885000,1.08421,1.08419,1120000,5590000
2019-06-12 12:28:33.134000,1.08421,1.0842,1120000,1500000
2019-06-12 12:28:33.591000,1.08421,1.08419,1000000,5590000
2019-06-12 12:28:33.720000,1.08421,1.0842,1000000,1000000
2019-06-12 12:28:33.883000,1.08421,1.08419,1000000,5590000
2019-06-12 12:28:34.183000,1.08422,1.0842,2750000,1000000
2019-06-12 12:28:34.386000,1.08422,1.08419,2940000,4840000
2019-06-12 12:28:34.618000,1.08422,1.08419,2750000,4900000
2019-06-12 12:28:34.857000,1.08422,1.08419,2940000,5590000
2019-06-12 12:28:35.144000,1.08422,1.08419,2750000,5500000
2019-06-12 12:28:35.296000,1.08422,1.08419,3690000,5440000
2019-06-12 12:28:35.634000,1.08422,1.08419,3500000,5350000
2019-06-12 12:28:35.787000,1.08422,1.08419,3690000,5290000
2019-06-12 12:28:36.142000,1.08422,1.08419,3690000,5410000
2019-06-12 12:28:40.174000,1.08423,1.08421,4950000,1250000
2019-06-12 12:28:40.317000,1.08422,1.0842,1500000,1250000
2019-06-12 12:28:40.521000,1.08422,1.0842,1000000,3250000
2019-06-12 12:28:40.978000,1.0842,1.08419,1000000,1540000
2019-06-12 12:28:41.559000,1.0842,1.08417,1120000,3370000
2019-06-12 12:28:41.762000,1.08419,1.08417,1310000,2060000
2019-06-12 12:28:41.864000,1.0842,1.08417,1870000,2500000
2019-06-12 12:28:42.734000,1.08418,1.08416,1750000,2250000
2019-06-12 12:28:42.837000,1.08415,1.08412,1690000,6710000
2019-06-12 12:28:42.888000,1.08414,1.08412,1500000,2060000
2019-06-12 12:28:46.037000,1.08413,1.08411,1810000,1000000
2019-06-12 12:28:46.251000,1.08413,1.08411,1000000,1250000
2019-06-12 12:28:46.913000,1.08413,1.08411,2560000,1250000
2019-06-12 12:28:47.110000,1.08413,1.08411,2440000,1310000
2019-06-12 12:28:48.651000,1.08414,1.08411,1120000,3370000
2019-06-12 12:28:48.753000,1.08414,1.08411,1120000,3620000
2019-06-12 12:28:51.450000,1.08413,1.08411,2500000,2250000
2019-06-12 12:28:51.554000,1.08413,1.08411,3260000,1500000
2019-06-12 12:28:51.656000,1.08413,1.08411,4070000,1000000
2019-06-12 12:28:52.750000,1.08413,1.08411,2060000,1620000
2019-06-12 12:28:54.739000,1.08413,1.08411,2950000,1870000
2019-06-12 12:28:55.061000,1.08412,1.08409,2140000,2620000
2019-06-12 12:28:55.163000,1.08412,1.08409,2260000,3750000
2019-06-12 12:28:55.519000,1.08411,1.08409,1200000,2120000
2019-06-12 12:28:55.621000,1.0841,1.08409,1120000,1310000
2019-06-12 12:28:58.559000,1.08409,1.08408,1000000,1310000
2019-06-12 12:28:59.532000,1.0841,1.08408,1250000,1810000
2019-06-12 12:28:59.836000,1.08409,1.08408,1000000,1120000
2019-06-12 12:29:00.239000,1.08409,1.08406,2120000,3310000
2019-06-12 12:29:00.341000,1.08409,1.08406,2120000,2810000
2019-06-12 12:29:00.443000,1.08409,1.08406,2060000,3310000
2019-06-12 12:29:00.545000,1.0841,1.08407,1510000,1750000
2019-06-12 12:29:00.666000,1.08409,1.08407,1750000,1120000
2019-06-12 12:29:00.768000,1.08407,1.08406,1250000,1870000
2019-06-12 12:29:00.921000,1.08407,1.08405,1250000,3190000
2019-06-12 12:29:01.025000,1.08406,1.08404,1000000,2440000
2019-06-12 12:29:01.184000,1.08406,1.08405,1000000,1500000
2019-06-12 12:29:01.489000,1.08407,1.08405,1000000,2500000
2019-06-12 12:29:01.662000,1.08407,1.08405,1000000,2440000
2019-06-12 12:29:02.083000,1.08406,1.08404,1000000,1870000
2019-06-12 12:29:02.134000,1.08404,1.08402,2440000,1510000
2019-06-12 12:29:02.237000,1.08404,1.084,3560000,1620000
2019-06-12 12:29:02.340000,1.08403,1.084,1250000,1250000
2019-06-12 12:29:02.442000,1.08403,1.084,2060000,1750000
2019-06-12 12:29:04.285000,1.08404,1.08402,2120000,1500000
2019-06-12 12:29:04.387000,1.08404,1.08401,2870000,3190000
2019-06-12 12:29:06.076000,1.08404,1.08401,2060000,4060000
2019-06-12 12:29:06.178000,1.08405,1.08402,2140000,2250000
2019-06-12 12:29:06.505000,1.08405,1.08403,1310000,1000000
2019-06-12 12:29:07.731000,1.08405,1.08404,1310000,1000000
2019-06-12 12:29:08.095000,1.08406,1.08405,1000000,1000000
2019-06-12 12:29:08.198000,1.08406,1.08404,1000000,1870000
2019-06-12 12:29:08.301000,1.08406,1.08405,1000000,1000000
2019-06-12 12:29:08.403000,1.08407,1.08405,1000000,1750000
2019-06-12 12:29:08.505000,1.08407,1.08405,1690000,1870000
2019-06-12 12:29:08.673000,1.08407,1.08405,1250000,1620000
2019-06-12 12:29:08.928000,1.08408,1.08406,2440000,1310000
2019-06-12 12:29:09.663000,1.08407,1.08406,1000000,1250000
2019-06-12 12:29:10.697000,1.08408,1.08406,2510000,1310000
2019-06-12 12:29:11.130000,1.08408,1.08407,1760000,1000000
2019-06-12 12:29:11.366000,1.08408,1.08406,1760000,2810000
2019-06-12 12:29:11.675000,1.08408,1.08407,1760000,1000000
2019-06-12 12:29:12.623000,1.08408,1.08406,1760000,2810000
2019-06-12 12:29:12.725000,1.08408,1.08407,1690000,1000000
2019-06-12 12:29:15.643000,1.08408,1.08406,1000000,2250000
2019-06-12 12:29:15.745000,1.08409,1.08407,2620000,1500000
2019-06-12 12:29:16.164000,1.08408,1.08406,2120000,2250000
2019-06-12 12:29:16.216000,1.08404,1.08401,1750000,3690000
2019-06-12 12:29:16.319000,1.08403,1.084,2060000,1820000
2019-06-12 12:29:16.421000,1.08403,1.084,2060000,1500000
2019-06-12 12:29:16.523000,1.08403,1.084,1870000,1810000
2019-06-12 12:29:17.290000,1.08403,1.084,1870000,2620000
2019-06-12 12:29:20.417000,1.08402,1.084,1500000,1750000
2019-06-12 12:29:20.519000,1.08401,1.08399,1120000,1450000
2019-06-12 12:29:20.672000,1.08402,1.08399,2250000,2120000
2019-06-12 12:29:21.079000,1.084,1.08399,1250000,1120000
2019-06-12 12:29:21.287000,1.08401,1.08398,2250000,3000000
2019-06-12 12:29:21.338000,1.08402,1.08401,3370000,1250000
2019-06-12 12:29:21.440000,1.08402,1.08399,1870000,4120000
2019-06-12 12:29:21.868000,1.08403,1.08401,3000000,1250000
2019-06-12 12:29:21.919000,1.08402,1.08399,1870000,3560000
2019-06-12 12:29:22.060000,1.08403,1.08401,2620000,1370000
2019-06-12 12:29:22.879000,1.08402,1.084,1000000,2120000
2019-06-12 12:29:23.019000,1.08402,1.084,1500000,1690000
2019-06-12 12:29:23.841000,1.08402,1.084,1120000,1750000
2019-06-12 12:29:24.842000,1.08402,1.084,1500000,1690000
2019-06-12 12:29:25.011000,1.08402,1.084,1500000,1250000
2019-06-12 12:29:25.702000,1.08401,1.08399,1120000,1000000
2019-06-12 12:29:25.804000,1.08399,1.08397,1690000,2440000
2019-06-12 12:29:25.906000,1.08398,1.08397,1000000,1250000
2019-06-12 12:29:26.240000,1.08398,1.08396,1000000,1250000
2019-06-12 12:29:27.946000,1.084,1.08399,1000000,1250000
2019-06-12 12:29:28.049000,1.08402,1.084,1120000,1250000
2019-06-12 12:29:28.580000,1.08403,1.08399,2560000,4120000
2019-06-12 12:29:29.178000,1.08403,1.08401,1250000,1000000
2019-06-12 12:29:29.419000,1.08403,1.08401,1000000,2060000
2019-06-12 12:29:29.548000,1.08403,1.08402,1000000,1000000
2019-06-12 12:29:29.803000,1.08403,1.08401,1000000,2060000
2019-06-12 12:29:29.957000,1.08403,1.08401,1250000,1500000
2019-06-12 12:29:30.110000,1.08402,1.08399,1620000,2440000
2019-06-12 12:29:30.254000,1.08402,1.08399,1120000,1250000
2019-06-12 12:29:30.458000,1.08403,1.084,1810000,1000000
2019-06-12 12:29:31.234000,1.08402,1.08399,1120000,1690000
2019-06-12 12:29:32.611000,1.08401,1.08398,1120000,1250000
2019-06-12 12:29:33.329000,1.08401,1.08399,1120000,1000000
2019-06-12 12:29:33.431000,1.08401,1.08398,1120000,2440000
2019-06-12 12:29:33.534000,1.08401,1.08398,1120000,2500000
2019-06-12 12:29:34.069000,1.08401,1.08398,1120000,2440000
2019-06-12 12:29:35.358000,1.08402,1.08399,1810000,1000000
2019-06-12 12:29:35.462000,1.08403,1.084,1120000,1750000
2019-06-12 12:29:37.504000,1.08403,1.084,1000000,1250000
2019-06-12 12:29:37.634000,1.08403,1.084,1000000,1250000
2019-06-12 12:29:39.209000,1.08403,1.084,1250000,1120000
2019-06-12 12:29:39.312000,1.08406,1.08403,1120000,1250000
2019-06-12 12:29:40.107000,1.08407,1.08404,1810000,1000000
2019-06-12 12:29:40.210000,1.08408,1.08405,1310000,1000000
2019-06-12 12:29:40.312000,1.08409,1.08406,1000000,1000000
2019-06-12 12:29:40.724000,1.08409,1.08407,2120000,1000000
2019-06-12 12:29:41.361000,1.08409,1.08406,1370000,1000000
2019-06-12 12:29:41.846000,1.08408,1.08406,1250000,1250000
2019-06-12 12:29:42.066000,1.08409,1.08406,1870000,1000000
2019-06-12 12:29:42.922000,1.08406,1.08404,2440000,1000000
2019-06-12 12:29:43.024000,1.08403,1.084,1250000,1000000
2019-06-12 12:29:43.177000,1.08403,1.08399,1810000,1250000
2019-06-12 12:29:43.335000,1.08402,1.08398,1810000,3190000
2019-06-12 12:29:43.641000,1.08398,1.08396,1250000,1690000
2019-06-12 12:29:44.113000,1.08402,1.08398,2810000,1690000
2019-06-12 12:29:44.215000,1.08403,1.08399,1250000,1690000
2019-06-12 12:29:44.675000,1.08405,1.08401,1000000,2120000
2019-06-12 12:29:44.786000,1.08408,1.08404,4500000,1750000
2019-06-12 12:29:44.838000,1.08407,1.08403,1310000,1250000
2019-06-12 12:29:44.991000,1.08407,1.08403,1370000,1000000
2019-06-12 12:29:45.094000,1.08406,1.08402,1250000,1120000
2019-06-12 12:29:46.042000,1.08408,1.08404,1820000,1500000
2019-06-12 12:29:46.147000,1.08413,1.08406,2620000,1250000
2019-06-12 12:29:46.770000,1.08414,1.08404,1500000,4000000
2019-06-12 12:29:46.872000,1.08416,1.08408,1370000,1250000
2019-06-12 12:29:46.923000,1.08416,1.08408,1750000,1000000
2019-06-12 12:29:47.027000,1.08414,1.08403,1250000,1750000
2019-06-12 12:29:47.130000,1.08414,1.08407,1750000,1000000
2019-06-12 12:29:47.235000,1.08414,1.08408,1000000,1750000
2019-06-12 12:29:47.286000,1.08421,1.0841,1750000,1250000
2019-06-12 12:29:47.522000,1.08416,1.0841,1250000,1000000
2019-06-12 12:29:47.573000,1.08418,1.08407,1250000,1250000
2019-06-12 12:29:47.676000,1.08415,1.08407,1250000,1000000
2019-06-12 12:29:48.876000,1.08412,1.08407,1250000,1000000
2019-06-12 12:29:48.927000,1.08414,1.08407,1250000,1000000
2019-06-12 12:29:48.979000,1.0841,1.08402,1750000,1000000
2019-06-12 12:29:49.081000,1.08408,1.08398,2120000,3190000
2019-06-12 12:29:49.284000,1.08408,1.08398,2060000,4000000
2019-06-12 12:29:49.462000,1.08415,1.08404,1250000,1750000
2019-06-12 12:29:49.615000,1.08415,1.08404,1250000,1250000
2019-06-12 12:29:49.997000,1.08417,1.08408,1500000,1750000
2019-06-12 12:29:50.048000,1.08417,1.08406,1250000,1250000
2019-06-12 12:29:50.145000,1.08418,1.08409,2500000,1000000
2019-06-12 12:29:50.197000,1.08415,1.08404,1250000,3250000
2019-06-12 12:29:50.504000,1.08417,1.08407,1000000,1250000
2019-06-12 12:29:50.603000,1.0842,1.08409,1750000,1250000
2019-06-12 12:29:51.178000,1.0842,1.08409,1000000,1000000
2019-06-12 12:29:54.495000,1.08421,1.0841,1120000,1000000
2019-06-12 12:29:54.649000,1.08421,1.08409,1870000,1000000
2019-06-12 12:29:55.164000,1.0842,1.08409,1000000,1000000
2019-06-12 12:29:55.266000,1.08421,1.08409,1120000,1000000
2019-06-12 12:29:56.231000,1.0842,1.08409,1000000,1000000
2019-06-12 12:29:56.912000,1.08419,1.08409,1000000,1000000
2019-06-12 12:29:57.116000,1.08421,1.08409,1000000,1000000
2019-06-12 12:29:57.220000,1.08423,1.0841,1000000,1000000
2019-06-12 12:29:57.765000,1.08423,1.08409,1000000,1000000
2019-06-12 12:29:57.978000,1.08423,1.0841,1000000,1000000
2019-06-12 12:29:59.187000,1.08426,1.0841,2250000,1000000
2019-06-12 12:29:59.412000,1.08424,1.0841,1000000,1000000
2019-06-12 12:29:59.513000,1.08423,1.0841,1000000,1000000
2019-06-12 12:30:00.127000,1.08419,1.0841,1000000,1000000
2019-06-12 12:30:00.231000,1.08418,1.0841,1000000,1000000
2019-06-12 12:30:00.334000,1.08419,1.0841,1000000,1000000
2019-06-12 12:30:00.435000,1.08418,1.08409,1000000,1000000
2019-06-12 12:30:00.544000,1.08418,1.08409,1250000,1000000
2019-06-12 12:30:00.596000,1.08413,1.08405,1000000,1000000
2019-06-12 12:30:00.650000,1.08421,1.08405,1300000,1000000
2019-06-12 12:30:00.701000,1.08411,1.08402,1000000,1080000
2019-06-12 12:30:00.854000,1.08412,1.08403,1000000,1080000
2019-06-12 12:30:01.096000,1.08409,1.08397,1000000,1000000
2019-06-12 12:30:01.208000,1.08408,1.08393,4310000,1000000
2019-06-12 12:30:01.414000,1.08403,1.08393,1000000,1000000
2019-06-12 12:30:01.466000,1.08393,1.0838,2250000,1000000
2019-06-12 12:30:01.517000,1.0839,1.08375,1000000,1500000
2019-06-12 12:30:01.632000,1.08347,1.08332,1500000,1250000
2019-06-12 12:30:01.738000,1.08346,1.08337,1000000,1870000
2019-06-12 12:30:01.812000,1.08337,1.08326,1000000,2620000
2019-06-12 12:30:01.967000,1.08338,1.08328,1000000,1000000
2019-06-12 12:30:02.077000,1.08334,1.08326,1250000,1000000
2019-06-12 12:30:02.179000,1.08338,1.08328,2250000,1000000
2019-06-12 12:30:02.291000,1.08341,1.0833,1500000,2250000
2019-06-12 12:30:02.343000,1.08333,1.08326,1000000,1000000
2019-06-12 12:30:02.445000,1.08335,1.08322,1500000,2620000
2019-06-12 12:30:02.496000,1.08332,1.08322,1000000,2620000
2019-06-12 12:30:02.618000,1.08333,1.08328,1000000,1000000
2019-06-12 12:30:02.674000,1.08338,1.08328,1050000,1000000
2019-06-12 12:30:02.775000,1.08335,1.08328,1000000,1000000
2019-06-12 12:30:02.963000,1.08339,1.08328,1000000,1000000
2019-06-12 12:30:03.065000,1.08338,1.08328,1250000,1000000
2019-06-12 12:30:03.234000,1.08327,1.08316,1000000,1000000
2019-06-12 12:30:03.335000,1.08329,1.08321,1000000,1000000
2019-06-12 12:30:03.437000,1.08332,1.08322,1000000,1000000
2019-06-12 12:30:03.539000,1.08333,1.08322,3750000,1000000
2019-06-12 12:30:03.676000,1.08333,1.08323,3500000,1500000
2019-06-12 12:30:03.727000,1.08336,1.08323,1500000,1750000
2019-06-12 12:30:03.879000,1.08333,1.08327,1870000,1000000
2019-06-12 12:30:03.930000,1.08332,1.08322,3000000,1000000
2019-06-12 12:30:04.087000,1.08332,1.0832,4310000,2620000
2019-06-12 12:30:04.139000,1.08329,1.08319,1500000,3070000
2019-06-12 12:30:04.242000,1.0833,1.08315,1000000,2750000
2019-06-12 12:30:04.344000,1.08326,1.08311,1750000,1500000
2019-06-12 12:30:04.490000,1.08322,1.08311,1000000,1120000
2019-06-12 12:30:04.541000,1.08323,1.08313,1500000,1000000
2019-06-12 12:30:04.643000,1.08323,1.08313,1810000,1000000
2019-06-12 12:30:04.745000,1.0832,1.08304,1000000,2000000
2019-06-12 12:30:04.796000,1.08317,1.08304,1750000,2000000
2019-06-12 12:30:04.909000,1.08316,1.08304,1000000,1120000
2019-06-12 12:30:05.011000,1.08314,1.08299,1000000,1870000
2019-06-12 12:30:05.062000,1.08316,1.08299,2370000,1500000
2019-06-12 12:30:05.164000,1.08314,1.08309,3000000,2250000
2019-06-12 12:30:05.265000,1.08324,1.08309,1870000,2750000
2019-06-12 12:30:05.377000,1.08324,1.08309,1870000,2750000
2019-06-12 12:30:05.580000,1.08325,1.08314,2250000,1000000
2019-06-12 12:30:05.683000,1.08323,1.08314,1620000,1000000
2019-06-12 12:30:06.747000,1.08323,1.08313,1250000,1100000
2019-06-12 12:30:06.904000,1.08323,1.08314,1250000,1100000
2019-06-12 12:30:07.007000,1.08323,1.08314,1250000,1100000
2019-06-12 12:30:07.110000,1.08329,1.08319,1770000,2870000
2019-06-12 12:30:07.161000,1.08329,1.08322,1370000,1120000
2019-06-12 12:30:07.380000,1.08329,1.08317,1370000,1750000
2019-06-12 12:30:07.815000,1.08326,1.08315,1250000,1250000
2019-06-12 12:30:07.968000,1.08326,1.08314,1870000,1100000
2019-06-12 12:30:08.183000,1.08319,1.08308,1250000,2910000
2019-06-12 12:30:08.287000,1.08318,1.08311,1000000,1880000
2019-06-12 12:30:08.389000,1.0832,1.08309,1250000,1920000
2019-06-12 12:30:08.616000,1.08321,1.0831,1250000,1250000
2019-06-12 12:30:08.819000,1.08322,1.08307,1750000,2250000
2019-06-12 12:30:08.921000,1.0832,1.08307,1250000,1870000
2019-06-12 12:30:09.189000,1.08317,1.08308,1250000,1750000
2019-06-12 12:30:09.292000,1.08317,1.08307,1370000,2250000
2019-06-12 12:30:09.395000,1.08317,1.08308,1370000,1750000
2019-06-12 12:30:09.525000,1.08318,1.0831,1870000,1750000
2019-06-12 12:30:09.735000,1.08318,1.08311,1250000,1120000
2019-06-12 12:30:09.838000,1.08314,1.0831,1000000,1750000
2019-06-12 12:30:09.889000,1.08318,1.08311,1750000,2440000
2019-06-12 12:30:10.028000,1.08318,1.08313,1690000,1000000
2019-06-12 12:30:10.472000,1.08317,1.08309,1250000,1250000
2019-06-12 12:30:10.575000,1.08318,1.08309,1750000,1250000
2019-06-12 12:30:10.677000,1.08314,1.08307,1000000,1250000
2019-06-12 12:30:10.890000,1.08318,1.08315,1620000,1750000
2019-06-12 12:30:10.941000,1.08321,1.08316,1000000,2120000
2019-06-12 12:30:11.043000,1.08323,1.08316,1250000,3620000
2019-06-12 12:30:11.431000,1.08323,1.08318,2500000,1000000
2019-06-12 12:30:11.483000,1.08325,1.08318,1560000,1000000
2019-06-12 12:30:11.534000,1.08325,1.08316,1370000,3370000
2019-06-12 12:30:11.639000,1.08322,1.08313,1250000,1250000
2019-06-12 12:30:11.742000,1.08329,1.08321,3250000,1000000
2019-06-12 12:30:11.844000,1.08329,1.08328,1500000,1000000
2019-06-12 12:30:11.946000,1.08336,1.08332,1000000,1250000
2019-06-12 12:30:12.005000,1.08336,1.08333,1000000,1250000
2019-06-12 12:30:12.057000,1.08343,1.08336,1500000,2120000
2019-06-12 12:30:12.159000,1.08346,1.08339,1250000,1250000
2019-06-12 12:30:12.479000,1.08348,1.08341,1250000,1250000
2019-06-12 12:30:12.582000,1.08348,1.08341,1250000,1250000
2019-06-12 12:30:12.841000,1.0835,1.08342,1390000,1250000
2019-06-12 12:30:12.994000,1.08349,1.08342,1250000,1250000
2019-06-12 12:30:13.197000,1.08345,1.08341,1000000,1250000
2019-06-12 12:30:13.936000,1.08345,1.0834,1000000,2120000
2019-06-12 12:30:13.988000,1.08345,1.08342,1000000,1250000
2019-06-12 12:30:14.091000,1.08348,1.08344,1000000,2440000
2019-06-12 12:30:14.200000,1.08351,1.08346,1000000,2120000
2019-06-12 12:30:14.405000,1.0835,1.08346,1000000,1310000
2019-06-12 12:30:14.961000,1.0835,1.08342,1000000,2620000
2019-06-12 12:30:15.118000,1.08349,1.08342,1000000,1870000
2019-06-12 12:30:15.321000,1.08348,1.08342,1250000,1750000
2019-06-12 12:30:15.423000,1.08346,1.08341,1000000,2250000
2019-06-12 12:30:15.549000,1.08346,1.08341,1250000,1750000
2019-06-12 12:30:15.703000,1.08345,1.0834,1000000,2120000
2019-06-12 12:30:15.755000,1.08343,1.0834,1000000,1120000
2019-06-12 12:30:15.807000,1.08343,1.08336,1000000,1250000
2019-06-12 12:30:15.965000,1.0834,1.08335,1000000,2500000
2019-06-12 12:30:16.068000,1.08336,1.08333,1000000,1250000
2019-06-12 12:30:16.119000,1.08337,1.08332,1000000,1250000
2019-06-12 12:30:16.223000,1.08338,1.08333,1000000,1250000
2019-06-12 12:30:16.356000,1.08339,1.08333,1250000,1750000
2019-06-12 12:30:16.509000,1.08337,1.08333,1000000,1250000
2019-06-12 12:30:16.611000,1.08338,1.08331,1250000,1250000
2019-06-12 12:30:16.726000,1.08337,1.08332,1250000,1250000
2019-06-12 12:30:16.828000,1.08335,1.0833,1250000,1500000
2019-06-12 12:30:17.088000,1.08334,1.0833,1000000,1500000
2019-06-12 12:30:17.698000,1.08334,1.0833,1000000,1750000
2019-06-12 12:30:17.850000,1.08338,1.08334,2120000,1000000
2019-06-12 12:30:17.901000,1.08334,1.08329,1000000,1120000
2019-06-12 12:30:18.006000,1.08333,1.08328,1000000,2440000
2019-06-12 12:30:18.363000,1.08334,1.08328,1000000,1250000
2019-06-12 12:30:18.466000,1.08336,1.08331,1250000,1000000
2019-06-12 12:30:18.570000,1.08337,1.0833,1250000,1250000
2019-06-12 12:30:18.806000,1.08337,1.08331,1000000,1250000
2019-06-12 12:30:19.060000,1.08336,1.08331,1000000,1250000
2019-06-12 12:30:19.168000,1.08337,1.0833,1370000,1310000
2019-06-12 12:30:19.474000,1.08334,1.08329,1250000,2060000
2019-06-12 12:30:19.758000,1.08335,1.0833,1250000,1250000
2019-06-12 12:30:20.304000,1.08333,1.08328,1000000,1870000
2019-06-12 12:30:20.406000,1.08335,1.0833,1250000,1120000
2019-06-12 12:30:20.508000,1.0833,1.08328,1250000,1000000
2019-06-12 12:30:20.560000,1.08329,1.08326,1750000,1870000
2019-06-12 12:30:20.676000,1.08328,1.08325,1250000,2000000
2019-06-12 12:30:20.828000,1.08329,1.08327,1810000,1000000
2019-06-12 12:30:20.981000,1.08328,1.08326,1250000,1000000
2019-06-12 12:30:21.032000,1.08328,1.08324,1810000,2560000
2019-06-12 12:30:21.191000,1.08325,1.08322,2620000,1000000
2019-06-12 12:30:21.243000,1.08324,1.0832,1250000,1500000
2019-06-12 12:30:21.295000,1.08326,1.08321,1250000,1310000
2019-06-12 12:30:21.346000,1.08327,1.08324,1500000,1250000
2019-06-12 12:30:21.656000,1.08329,1.08326,1250000,1000000
2019-06-12 12:30:22.475000,1.08328,1.08325,1250000,1000000
2019-06-12 12:30:22.645000,1.08326,1.08322,1000000,1310000
2019-06-12 12:30:22.747000,1.08325,1.0832,1370000,1120000
2019-06-12 12:30:22.798000,1.08325,1.08323,1250000,1000000
2019-06-12 12:30:22.900000,1.08326,1.08322,1310000,1690000
2019-06-12 12:30:23.007000,1.08324,1.08322,1000000,1000000
2019-06-12 12:30:23.059000,1.08323,1.0832,1250000,1000000
2019-06-12 12:30:23.164000,1.08323,1.08318,1000000,2940000
2019-06-12 12:30:23.267000,1.08323,1.08319,1000000,1250000
2019-06-12 12:30:23.475000,1.08325,1.08323,1000000,1000000
2019-06-12 12:30:23.578000,1.08324,1.08322,1000000,1000000
2019-06-12 12:30:23.680000,1.08322,1.0832,1000000,1000000
2019-06-12 12:30:23.731000,1.08326,1.08321,1810000,3620000
2019-06-12 12:30:23.833000,1.08326,1.08322,1000000,2120000
2019-06-12 12:30:24.095000,1.08326,1.08322,2120000,1500000
2019-06-12 12:30:24.200000,1.08318,1.08314,1250000,1000000
2019-06-12 12:30:24.353000,1.08318,1.08315,1000000,1000000
2019-06-12 12:30:24.511000,1.08321,1.08319,3000000,1000000
2019-06-12 12:30:24.613000,1.08322,1.08319,1000000,1000000
2019-06-12 12:30:24.766000,1.0832,1.08319,1000000,1000000
2019-06-12 12:30:24.868000,1.08322,1.08319,2620000,1000000
2019-06-12 12:30:25.007000,1.08322,1.08318,2720000,1000000
2019-06-12 12:30:25.159000,1.0832,1.08317,1000000,1500000
2019-06-12 12:30:25.211000,1.08317,1.08311,1250000,1250000
2019-06-12 12:30:25.262000,1.08317,1.0831,1250000,2250000
2019-06-12 12:30:25.314000,1.08316,1.0831,2120000,1000000
2019-06-12 12:30:25.430000,1.08316,1.08309,2700000,1250000
2019-06-12 12:30:25.532000,1.08314,1.0831,1840000,1000000
2019-06-12 12:30:25.583000,1.08314,1.08307,2570000,2620000
2019-06-12 12:30:26.443000,1.08314,1.08306,2400000,1250000
2019-06-12 12:30:26.963000,1.08312,1.08305,1250000,1500000
2019-06-12 12:30:27.129000,1.08309,1.08306,1250000,1500000
2019-06-12 12:30:27.180000,1.0831,1.08304,2370000,1380000
2019-06-12 12:30:27.283000,1.08308,1.08304,1000000,1000000
2019-06-12 12:30:27.550000,1.08309,1.08305,1250000,1120000
2019-06-12 12:30:28.383000,1.08307,1.08304,1000000,1000000
2019-06-12 12:30:29.448000,1.08306,1.08302,1250000,1250000
2019-06-12 12:30:29.891000,1.08308,1.08305,1370000,1000000
2019-06-12 12:30:30.041000,1.0831,1.08304,1250000,1870000
2019-06-12 12:30:30.143000,1.08308,1.08305,1000000,1250000
2019-06-12 12:30:30.346000,1.08308,1.08305,1000000,1250000
2019-06-12 12:30:30.449000,1.083,1.08294,1000000,1000000
2019-06-12 12:30:30.551000,1.08297,1.08296,1000000,2250000
2019-06-12 12:30:30.605000,1.08296,1.08293,1000000,1950000
2019-06-12 12:30:30.659000,1.08298,1.08293,1500000,3450000
2019-06-12 12:30:30.710000,1.08297,1.08294,1000000,1000000
2019-06-12 12:30:30.812000,1.08297,1.08294,1000000,1500000
2019-06-12 12:30:30.966000,1.08298,1.08297,1000000,1000000
2019-06-12 12:30:31.067000,1.08297,1.08295,1000000,1120000
2019-06-12 12:30:31.384000,1.08297,1.08294,1000000,1000000
2019-06-12 12:30:32.516000,1.08297,1.08294,1000000,2470000
2019-06-12 12:30:32.782000,1.08298,1.08294,1000000,2850000
2019-06-12 12:30:32.985000,1.08298,1.08295,1000000,3850000
2019-06-12 12:30:33.414000,1.08302,1.08299,1500000,1500000
2019-06-12 12:30:33.465000,1.08307,1.08304,1000000,1000000
2019-06-12 12:30:33.568000,1.08306,1.08305,1000000,1120000
2019-06-12 12:30:33.619000,1.08308,1.08305,1000000,1120000
2019-06-12 12:30:34.087000,1.08307,1.08303,1000000,1000000
2019-06-12 12:30:34.189000,1.08307,1.08301,1000000,7700000
2019-06-12 12:30:34.392000,1.08307,1.08303,1120000,1000000
2019-06-12 12:30:34.553000,1.08303,1.083,2370000,1000000
2019-06-12 12:30:34.604000,1.08302,1.08298,1000000,1000000
2019-06-12 12:30:34.757000,1.08304,1.083,4620000,1000000
2019-06-12 12:30:34.859000,1.08304,1.08298,1120000,1870000
2019-06-12 12:30:35.894000,1.08305,1.08298,1000000,2000000
2019-06-12 12:30:36.179000,1.08306,1.083,2000000,1000000
2019-06-12 12:30:36.795000,1.08301,1.08299,1000000,1120000
2019-06-12 12:30:36.897000,1.08297,1.08292,1000000,1000000
2019-06-12 12:30:37.008000,1.08297,1.08293,1950000,1120000
2019-06-12 12:30:37.059000,1.08298,1.08294,3380000,2370000
2019-06-12 12:30:37.161000,1.08304,1.08301,1000000,1000000
2019-06-12 12:30:37.212000,1.08306,1.08302,1000000,1620000
2019-06-12 12:30:37.786000,1.08306,1.08303,1000000,1620000
2019-06-12 12:30:37.839000,1.08308,1.08303,1000000,1960000
2019-06-12 12:30:38.352000,1.08306,1.08304,1120000,1220000
2019-06-12 12:30:38.403000,1.08306,1.08302,3600000,3500000
2019-06-12 12:30:38.505000,1.08306,1.08302,1000000,1000000
2019-06-12 12:30:38.859000,1.08306,1.08301,1000000,2000000
2019-06-12 12:30:39.667000,1.08304,1.08301,2000000,1200000
2019-06-12 12:30:39.828000,1.08303,1.083,1120000,1200000
2019-06-12 12:30:39.937000,1.08303,1.08299,1000000,2320000
2019-06-12 12:30:40.039000,1.08303,1.08299,1000000,2470000
2019-06-12 12:30:40.140000,1.08303,1.08299,1200000,1120000
2019-06-12 12:30:41.448000,1.08304,1.08299,1000000,1120000
2019-06-12 12:30:41.708000,1.08305,1.083,2190000,1000000
2019-06-12 12:30:41.911000,1.08306,1.08301,1250000,1000000
2019-06-12 12:30:42.013000,1.08307,1.08302,1720000,3820000
2019-06-12 12:30:42.115000,1.08306,1.08303,1000000,1000000
2019-06-12 12:30:43.110000,1.08305,1.08303,1000000,1000000
2019-06-12 12:30:43.212000,1.08305,1.08302,1000000,1500000
2019-06-12 12:30:44.056000,1.08305,1.08302,1000000,1120000
2019-06-12 12:30:44.159000,1.08305,1.08302,1000000,1000000
2019-06-12 12:30:44.793000,1.08305,1.08301,1000000,2250000
2019-06-12 12:30:44.894000,1.08305,1.08302,1000000,1000000
2019-06-12 12:30:45.798000,1.08305,1.08301,1000000,1870000
2019-06-12 12:30:46.096000,1.08305,1.08302,1000000,1000000
2019-06-12 12:30:46.199000,1.08305,1.08301,1000000,2000000
2019-06-12 12:30:46.568000,1.08305,1.08301,1000000,1000000
2019-06-12 12:30:46.688000,1.08307,1.08303,2000000,1000000
2019-06-12 12:30:46.789000,1.08307,1.08304,1200000,1000000
2019-06-12 12:30:46.891000,1.083,1.08298,1500000,1000000
2019-06-12 12:30:46.993000,1.08298,1.08297,1000000,1000000
2019-06-12 12:30:47.095000,1.08298,1.08296,1000000,1100000
2019-06-12 12:30:47.199000,1.08299,1.08296,1000000,1100000
2019-06-12 12:30:47.504000,1.08299,1.08294,1120000,1950000
2019-06-12 12:30:47.675000,1.08299,1.08295,1120000,1000000
2019-06-12 12:30:48.029000,1.08299,1.08295,1120000,1220000
2019-06-12 12:30:48.131000,1.08299,1.08295,1120000,1100000
2019-06-12 12:30:48.452000,1.08299,1.08295,1000000,1700000
2019-06-12 12:30:48.656000,1.083,1.08295,1120000,1220000
2019-06-12 12:30:48.810000,1.08302,1.08297,2630000,3600000
2019-06-12 12:30:48.913000,1.08304,1.08301,1500000,1000000
2019-06-12 12:30:49.217000,1.08304,1.08302,1000000,1200000
2019-06-12 12:30:49.423000,1.08304,1.08301,1000000,1500000
2019-06-12 12:30:49.779000,1.08301,1.08299,1000000,1950000
2019-06-12 12:30:50.023000,1.083,1.08298,1000000,1000000
2019-06-12 12:30:50.127000,1.08298,1.08296,1000000,2620000
2019-06-12 12:30:50.230000,1.08298,1.08296,1000000,1200000
2019-06-12 12:30:51.106000,1.08298,1.08296,1000000,1200000
2019-06-12 12:30:51.669000,1.08299,1.08297,1000000,1570000
2019-06-12 12:30:51.720000,1.08302,1.08298,2470000,1000000
2019-06-12 12:30:51.771000,1.08302,1.08299,1500000,1700000
2019-06-12 12:30:51.872000,1.08302,1.08299,1620000,1120000
2019-06-12 12:30:52.025000,1.08302,1.08299,1000000,1120000
2019-06-12 12:30:52.143000,1.08302,1.08298,1500000,1950000
2019-06-12 12:30:52.245000,1.08303,1.083,1120000,1000000
2019-06-12 12:30:52.346000,1.08303,1.08299,1620000,1620000
2019-06-12 12:30:52.448000,1.08303,1.08297,2000000,1500000
2019-06-12 12:30:53.208000,1.08303,1.08298,1500000,1000000
2019-06-12 12:30:53.464000,1.08303,1.08297,2000000,1620000
2019-06-12 12:30:54.475000,1.08303,1.08299,1120000,1000000
2019-06-12 12:30:54.835000,1.08302,1.08297,1000000,1500000
2019-06-12 12:30:54.938000,1.08303,1.08297,2370000,1500000
2019-06-12 12:30:55.091000,1.08303,1.08298,2370000,1000000
2019-06-12 12:30:55.991000,1.08303,1.08297,1620000,1870000
2019-06-12 12:30:56.194000,1.08303,1.083,1120000,1100000
2019-06-12 12:30:56.296000,1.08303,1.08299,1000000,1000000
2019-06-12 12:30:56.398000,1.08303,1.08298,1000000,3000000
2019-06-12 12:30:56.803000,1.08303,1.08298,1500000,1120000
2019-06-12 12:30:57.817000,1.08303,1.08299,1950000,1000000
2019-06-12 12:30:58.224000,1.08303,1.08298,1950000,1870000
2019-06-12 12:30:58.385000,1.08303,1.08298,2450000,1000000
2019-06-12 12:30:58.487000,1.08302,1.08299,1000000,1000000
2019-06-12 12:30:58.538000,1.083,1.08299,1000000,1000000
2019-06-12 12:30:58.639000,1.08303,1.08299,1500000,1000000
2019-06-12 12:30:58.792000,1.08303,1.08299,2320000,1870000
2019-06-12 12:30:58.945000,1.08304,1.083,2470000,1000000
2019-06-12 12:30:59.241000,1.08304,1.083,1720000,1000000
2019-06-12 12:31:00.094000,1.08304,1.083,1100000,2000000
2019-06-12 12:31:00.358000,1.08305,1.08302,1620000,2250000
2019-06-12 12:31:00.461000,1.08306,1.08303,2370000,1120000
2019-06-12 12:31:00.577000,1.08308,1.08305,1500000,1000000
2019-06-12 12:31:00.679000,1.08308,1.08305,1000000,1120000
2019-06-12 12:31:01.263000,1.08308,1.08306,1000000,1000000
2019-06-12 12:31:01.365000,1.0831,1.08305,1870000,1000000
2019-06-12 12:31:01.473000,1.08313,1.0831,3570000,1500000
2019-06-12 12:31:01.575000,1.08313,1.08308,1000000,2750000
2019-06-12 12:31:01.729000,1.08314,1.08309,2150000,2720000
2019-06-12 12:31:01.860000,1.08314,1.08311,1620000,1000000
2019-06-12 12:31:01.962000,1.08314,1.08311,1000000,1000000
2019-06-12 12:31:02.115000,1.08316,1.08313,1120000,1620000
2019-06-12 12:31:02.218000,1.08318,1.08315,1120000,1000000
2019-06-12 12:31:03.196000,1.08318,1.08315,1500000,1120000
2019-06-12 12:31:03.297000,1.08318,1.08315,1000000,1500000
2019-06-12 12:31:03.470000,1.08318,1.08316,1000000,1000000
2019-06-12 12:31:03.674000,1.08318,1.08317,1000000,1000000
2019-06-12 12:31:03.837000,1.08318,1.08316,1000000,1000000
2019-06-12 12:31:04.507000,1.08319,1.08317,1620000,1000000
2019-06-12 12:31:05.250000,1.08315,1.08314,1120000,1000000
2019-06-12 12:31:05.301000,1.08314,1.08312,1000000,2850000
2019-06-12 12:31:05.352000,1.08314,1.08309,1850000,1870000
2019-06-12 12:31:05.505000,1.08313,1.0831,1000000,1500000
2019-06-12 12:31:05.556000,1.08314,1.08312,1000000,1120000
2019-06-12 12:31:05.658000,1.08316,1.08313,1950000,1500000
2019-06-12 12:31:06.620000,1.08315,1.08313,1000000,1000000
2019-06-12 12:31:06.671000,1.08313,1.0831,1000000,2250000
2019-06-12 12:31:06.773000,1.08313,1.08311,1500000,1570000
2019-06-12 12:31:06.875000,1.08313,1.08311,1000000,3600000
2019-06-12 12:31:07.808000,1.08315,1.08312,2000000,1200000
2019-06-12 12:31:08.240000,1.08314,1.08312,1000000,1200000
2019-06-12 12:31:08.394000,1.08313,1.08311,1500000,1000000
2019-06-12 12:31:09.232000,1.08315,1.08313,1220000,1000000
2019-06-12 12:31:09.334000,1.08318,1.08315,1570000,1500000
2019-06-12 12:31:09.538000,1.08318,1.08316,1000000,1100000
2019-06-12 12:31:09.640000,1.08319,1.08317,1500000,1000000
2019-06-12 12:31:10.213000,1.08318,1.08314,2370000,2850000
2019-06-12 12:31:10.331000,1.08315,1.08312,1870000,3450000
2019-06-12 12:31:10.433000,1.08315,1.08312,2450000,1000000
2019-06-12 12:31:10.536000,1.08316,1.08312,3600000,1000000
2019-06-12 12:31:10.638000,1.08315,1.08313,1120000,1000000
2019-06-12 12:31:10.918000,1.08314,1.08312,1000000,1570000
2019-06-12 12:31:12.341000,1.08314,1.08313,1000000,1000000
2019-06-12 12:31:12.595000,1.08314,1.08312,1000000,1000000
2019-06-12 12:31:12.801000,1.08317,1.08313,2450000,1000000
2019-06-12 12:31:12.903000,1.08316,1.08315,1000000,1000000
2019-06-12 12:31:12.954000,1.08318,1.08314,1570000,1000000
2019-06-12 12:31:13.055000,1.08318,1.08314,1700000,1000000
2019-06-12 12:31:13.158000,1.08318,1.08314,1570000,1000000
2019-06-12 12:31:13.325000,1.08318,1.08315,1570000,1000000
2019-06-12 12:31:13.491000,1.08318,1.08316,1570000,1000000
2019-06-12 12:31:13.644000,1.08318,1.08315,1570000,1000000
2019-06-12 12:31:13.791000,1.08318,1.08315,1700000,1120000
2019-06-12 12:31:19.452000,1.08318,1.08316,1000000,1000000
2019-06-12 12:31:19.907000,1.08318,1.08315,1000000,1950000
2019-06-12 12:31:20.506000,1.08319,1.08317,1120000,1000000
2019-06-12 12:31:21.490000,1.08319,1.08316,1200000,2750000
2019-06-12 12:31:21.727000,1.08321,1.08318,1120000,1620000
2019-06-12 12:31:21.829000,1.08322,1.08321,1000000,1000000
2019-06-12 12:31:21.880000,1.08323,1.08321,1950000,1000000
2019-06-12 12:31:22.251000,1.08323,1.0832,2000000,1500000
2019-06-12 12:31:22.725000,1.08323,1.08322,1000000,1120000
2019-06-12 12:31:22.869000,1.08329,1.08326,2370000,2320000
2019-06-12 12:31:23.021000,1.08327,1.08325,1120000,1950000
2019-06-12 12:31:23.123000,1.08325,1.08322,1000000,5820000
2019-06-12 12:31:24.096000,1.08325,1.08322,1500000,1000000
2019-06-12 12:31:25.175000,1.08325,1.08324,1000000,1000000
2019-06-12 12:31:25.277000,1.08328,1.08327,1950000,1000000
2019-06-12 12:31:25.329000,1.0833,1.08328,1500000,1500000
2019-06-12 12:31:25.482000,1.0833,1.08327,1120000,2100000
2019-06-12 12:31:25.650000,1.0833,1.08326,2750000,3600000
2019-06-12 12:31:26.005000,1.08329,1.08326,1500000,3470000
2019-06-12 12:31:26.584000,1.08329,1.08326,2000000,1200000
2019-06-12 12:31:27.404000,1.08329,1.08325,1870000,3600000
2019-06-12 12:31:27.505000,1.08329,1.08325,1870000,1100000
2019-06-12 12:31:28.034000,1.08328,1.08325,1000000,1000000
2019-06-12 12:31:30.550000,1.0833,1.08328,2250000,12600000
2019-06-12 12:31:30.602000,1.08333,1.0833,2320000,1500000
2019-06-12 12:31:30.653000,1.08333,1.08331,1870000,2070000
2019-06-12 12:31:30.755000,1.08333,1.08331,3000000,1000000
2019-06-12 12:31:30.858000,1.08334,1.08331,1500000,2700000
2019-06-12 12:31:30.987000,1.08336,1.08334,2750000,1000000
2019-06-12 12:31:31.089000,1.08337,1.08334,5450000,1000000
2019-06-12 12:31:31.707000,1.08337,1.08335,1000000,1000000
2019-06-12 12:31:32.099000,1.08338,1.08336,1000000,1620000
2019-06-12 12:31:32.201000,1.08341,1.08339,1870000,1000000
2019-06-12 12:31:32.554000,1.08343,1.0834,5100000,1500000
2019-06-12 12:31:32.605000,1.08343,1.08341,1000000,1000000
2019-06-12 12:31:32.707000,1.08343,1.0834,1120000,4700000
2019-06-12 12:31:32.809000,1.08345,1.08343,1000000,1000000
2019-06-12 12:31:32.963000,1.08346,1.08344,1000000,1000000
2019-06-12 12:31:33.065000,1.08347,1.08344,2370000,1000000
2019-06-12 12:31:33.218000,1.08346,1.08343,3870000,2100000
2019-06-12 12:31:33.320000,1.08345,1.08342,2750000,2850000
2019-06-12 12:31:33.421000,1.08342,1.08341,1870000,1000000
2019-06-12 12:31:33.523000,1.08342,1.08339,1620000,3600000
2019-06-12 12:31:33.659000,1.08342,1.08339,1120000,3600000
2019-06-12 12:31:33.863000,1.08341,1.08339,1000000,1600000
2019-06-12 12:31:34.167000,1.08341,1.08338,1000000,2850000
2019-06-12 12:31:36.787000,1.0834,1.08338,1000000,1200000
2019-06-12 12:31:36.889000,1.08339,1.08337,1120000,1200000
2019-06-12 12:31:36.991000,1.08339,1.08337,1500000,1100000
2019-06-12 12:31:37.157000,1.08338,1.08336,1000000,1950000
2019-06-12 12:31:37.309000,1.08338,1.08336,1000000,1970000
2019-06-12 12:31:37.613000,1.08334,1.0833,1000000,1870000
2019-06-12 12:31:37.721000,1.08334,1.08333,1500000,2250000
2019-06-12 12:31:37.823000,1.08333,1.08332,1500000,1000000
2019-06-12 12:31:37.874000,1.08332,1.0833,1000000,1500000
2019-06-12 12:31:37.975000,1.08332,1.0833,1000000,3600000
2019-06-12 12:31:38.666000,1.08333,1.08331,1500000,1200000
2019-06-12 12:31:40.615000,1.08333,1.08331,1500000,1100000
2019-06-12 12:31:40.768000,1.08333,1.0833,1000000,1100000
2019-06-12 12:31:40.944000,1.08333,1.0833,1620000,1600000
2019-06-12 12:31:41.197000,1.08333,1.0833,1620000,1570000
2019-06-12 12:31:41.522000,1.08333,1.0833,1620000,2350000
2019-06-12 12:31:41.776000,1.08333,1.08329,1620000,3200000
2019-06-12 12:31:41.878000,1.08332,1.08329,2000000,2450000
2019-06-12 12:31:41.972000,1.0833,1.08328,2000000,1000000
2019-06-12 12:31:42.023000,1.08327,1.08324,1120000,1700000
2019-06-12 12:31:42.996000,1.08328,1.08325,3870000,1600000
2019-06-12 12:31:49.373000,1.08327,1.08325,1000000,1000000
2019-06-12 12:31:49.524000,1.08327,1.08324,1620000,1000000
2019-06-12 12:31:51.129000,1.08328,1.08326,1500000,1000000
2019-06-12 12:31:51.891000,1.0833,1.08328,4250000,1120000
2019-06-12 12:31:51.993000,1.08331,1.08329,1120000,2000000
2019-06-12 12:31:52.099000,1.08332,1.0833,1500000,1000000
2019-06-12 12:31:52.201000,1.08332,1.08329,1000000,2620000
2019-06-12 12:31:52.252000,1.08333,1.08331,1120000,1000000
2019-06-12 12:31:52.354000,1.08337,1.08335,1200000,1000000
2019-06-12 12:31:53.348000,1.08336,1.08334,1000000,1100000
2019-06-12 12:31:53.450000,1.08334,1.08332,1500000,4500000
2019-06-12 12:31:53.873000,1.08334,1.08331,1500000,2370000
2019-06-12 12:31:54.809000,1.08334,1.08332,1000000,1200000
2019-06-12 12:31:54.911000,1.08336,1.08334,1100000,1000000
2019-06-12 12:31:56.923000,1.08337,1.08334,1500000,1700000
2019-06-12 12:31:57.192000,1.08338,1.08336,1500000,1120000
2019-06-12 12:31:57.294000,1.08339,1.08337,1000000,1000000
2019-06-12 12:31:57.397000,1.0834,1.08338,1000000,10720000
2019-06-12 12:31:57.499000,1.08342,1.0834,1600000,1000000
2019-06-12 12:31:58.062000,1.08343,1.0834,1000000,3120000
2019-06-12 12:31:58.267000,1.08343,1.08341,1000000,1620000
2019-06-12 12:31:58.369000,1.08343,1.08341,2000000,1100000
2019-06-12 12:31:58.516000,1.08342,1.0834,1000000,1000000
2019-06-12 12:31:59.375000,1.08342,1.0834,1500000,1000000
2019-06-12 12:31:59.680000,1.08343,1.08341,1200000,1000000
2019-06-12 12:31:59.781000,1.08344,1.08343,1000000,1000000
2019-06-12 12:31:59.910000,1.08345,1.08344,1000000,1000000
2019-06-12 12:32:00.063000,1.08347,1.08345,1200000,1000000
2019-06-12 12:32:00.165000,1.08348,1.08346,1220000,1000000
2019-06-12 12:32:00.267000,1.08348,1.08346,1100000,1000000
2019-06-12 12:32:01.259000,1.0835,1.08347,3220000,1000000
2019-06-12 12:32:01.362000,1.08351,1.08349,1100000,1000000
2019-06-12 12:32:01.464000,1.08353,1.08351,1500000,1000000
2019-06-12 12:32:01.587000,1.08353,1.08351,1500000,1000000
2019-06-12 12:32:01.790000,1.08353,1.08351,1100000,1870000
2019-06-12 12:32:01.925000,1.08357,1.08355,1600000,1120000
2019-06-12 12:32:01.977000,1.08359,1.08356,1120000,1000000
2019-06-12 12:32:02.281000,1.08359,1.08357,1120000,1000000
2019-06-12 12:32:02.441000,1.08359,1.08357,1500000,1000000
2019-06-12 12:32:03.223000,1.08359,1.08356,1500000,1100000
2019-06-12 12:32:03.325000,1.08362,1.08358,2370000,2720000
2019-06-12 12:32:03.482000,1.08363,1.08362,1500000,1000000
2019-06-12 12:32:03.635000,1.08364,1.08361,1500000,1000000
2019-06-12 12:32:03.687000,1.08362,1.0836,2750000,1000000
2019-06-12 12:32:03.789000,1.08361,1.08359,2670000,1500000
2019-06-12 12:32:04.042000,1.08361,1.0836,1420000,1000000
2019-06-12 12:32:04.160000,1.08362,1.0836,1000000,1500000
2019-06-12 12:32:04.312000,1.08363,1.08361,1500000,1000000
2019-06-12 12:32:04.617000,1.08363,1.08361,1000000,1000000
2019-06-12 12:32:05.383000,1.0836,1.08358,5850000,3000000
2019-06-12 12:32:05.434000,1.08355,1.08352,1000000,2250000
2019-06-12 12:32:05.508000,1.08355,1.08354,1000000,1000000
2019-06-12 12:32:05.661000,1.08354,1.08353,1120000,1000000
2019-06-12 12:32:05.763000,1.08354,1.08352,1500000,1000000
2019-06-12 12:32:05.814000,1.08354,1.0835,1500000,4970000
2019-06-12 12:32:05.915000,1.08352,1.0835,1000000,1100000
2019-06-12 12:32:06.044000,1.08352,1.08349,1620000,1200000
2019-06-12 12:32:06.300000,1.08353,1.0835,1100000,1000000
2019-06-12 12:32:06.351000,1.08353,1.08351,1100000,2370000
2019-06-12 12:32:06.403000,1.08355,1.08354,1500000,1120000
2019-06-12 12:32:06.556000,1.08356,1.08354,1000000,1000000
2019-06-12 12:32:07.013000,1.08358,1.08355,2070000,1620000
2019-06-12 12:32:07.114000,1.08358,1.08357,1000000,1000000
2019-06-12 12:32:07.165000,1.08359,1.08357,2320000,1000000
2019-06-12 12:32:07.884000,1.08362,1.0836,2000000,1000000
2019-06-12 12:32:08.510000,1.08361,1.08359,1620000,1000000
2019-06-12 12:32:08.612000,1.0836,1.08358,1000000,1000000
2019-06-12 12:32:08.663000,1.0836,1.08356,1100000,6000000
2019-06-12 12:32:08.765000,1.0836,1.08357,1500000,1000000
2019-06-12 12:32:08.866000,1.0836,1.08356,1120000,2620000
2019-06-12 12:32:09.276000,1.08361,1.08359,1800000,1000000
2019-06-12 12:32:09.378000,1.08362,1.0836,1000000,1000000
2019-06-12 12:32:09.651000,1.08364,1.08361,2470000,1000000
2019-06-12 12:32:09.753000,1.08364,1.08362,1950000,1000000
2019-06-12 12:32:10.318000,1.08365,1.08363,1870000,1000000
2019-06-12 12:32:10.572000,1.08365,1.08363,2700000,1000000
2019-06-12 12:32:10.674000,1.08364,1.08362,1200000,1000000
2019-06-12 12:32:11.376000,1.08364,1.08361,2000000,1950000
2019-06-12 12:32:12.378000,1.08363,1.0836,1000000,1570000
2019-06-12 12:32:13.042000,1.08368,1.08364,2700000,2070000
2019-06-12 12:32:13.144000,1.08367,1.08365,1500000,1000000
2019-06-12 12:32:13.403000,1.08367,1.08364,1500000,1950000
2019-06-12 12:32:14.229000,1.08367,1.08364,1120000,1000000
2019-06-12 12:32:14.949000,1.08369,1.08368,1000000,1000000
2019-06-12 12:32:15.050000,1.0837,1.08368,1000000,1200000
2019-06-12 12:32:15.982000,1.08371,1.08368,1870000,1500000
2019-06-12 12:32:16.181000,1.08371,1.08368,2370000,1500000
2019-06-12 12:32:17.477000,1.08368,1.08366,1000000,1870000
2019-06-12 12:32:17.528000,1.08367,1.08364,3120000,2070000
2019-06-12 12:32:17.630000,1.08365,1.08362,1500000,1100000
2019-06-12 12:32:17.871000,1.08364,1.08362,1000000,1000000
2019-06-12 12:32:18.228000,1.08363,1.08361,1500000,1570000
2019-06-12 12:32:18.337000,1.08361,1.0836,1120000,1000000
2019-06-12 12:32:18.438000,1.08361,1.08359,1120000,2320000
2019-06-12 12:32:18.540000,1.08361,1.0836,1120000,1120000
2019-06-12 12:32:18.641000,1.08361,1.08358,1120000,1000000
2019-06-12 12:32:18.744000,1.08361,1.08358,1920000,1000000
2019-06-12 12:32:19.273000,1.0836,1.08358,1000000,1200000
2019-06-12 12:32:19.623000,1.0836,1.08357,2370000,1600000
2019-06-12 12:32:19.674000,1.08358,1.08356,1500000,2250000
2019-06-12 12:32:19.775000,1.08357,1.08355,1000000,2250000
2019-06-12 12:32:20.995000,1.08357,1.08354,1700000,1500000
2019-06-12 12:32:23.746000,1.08351,1.08347,1120000,1870000
2019-06-12 12:32:23.797000,1.08349,1.08346,1870000,1620000
2019-06-12 12:32:23.945000,1.08347,1.08344,1620000,1000000
2019-06-12 12:32:24.047000,1.08347,1.08342,3870000,3500000
2019-06-12 12:32:24.148000,1.08345,1.08343,1000000,1000000
2019-06-12 12:32:24.508000,1.08346,1.08343,1700000,1000000
2019-06-12 12:32:24.712000,1.08345,1.08342,2000000,1100000
2019-06-12 12:32:24.815000,1.08343,1.08341,1120000,1950000
2019-06-12 12:32:24.917000,1.08341,1.0834,1870000,1500000
2019-06-12 12:32:25.089000,1.08341,1.08338,1120000,3200000
2019-06-12 12:32:26.318000,1.08343,1.0834,6220000,1000000
2019-06-12 12:32:26.368000,1.08343,1.0834,1120000,7170000
2019-06-12 12:32:26.735000,1.08341,1.08339,1500000,1500000
2019-06-12 12:32:26.837000,1.08338,1.08336,1000000,4200000
2019-06-12 12:32:26.939000,1.08339,1.08337,1000000,1000000
2019-06-12 12:32:27.829000,1.08339,1.08336,1000000,2470000
2019-06-12 12:32:28.032000,1.08339,1.08337,1000000,1100000
2019-06-12 12:32:28.083000,1.0834,1.08337,1120000,1100000
2019-06-12 12:32:28.134000,1.08338,1.08337,1000000,1000000
2019-06-12 12:32:28.257000,1.08338,1.08337,1000000,1000000
2019-06-12 12:32:28.360000,1.08333,1.08331,1000000,4350000
2019-06-12 12:32:28.826000,1.08335,1.08333,1000000,1120000
2019-06-12 12:32:28.928000,1.08335,1.08334,1000000,1000000
2019-06-12 12:32:29.670000,1.08335,1.08333,1000000,1120000
2019-06-12 12:32:29.823000,1.08335,1.08334,1000000,1120000
2019-06-12 12:32:30.478000,1.08335,1.08334,1000000,1120000
2019-06-12 12:32:30.997000,1.08335,1.08334,1000000,1120000
2019-06-12 12:32:31.752000,1.08335,1.08333,1120000,1200000
2019-06-12 12:32:32.381000,1.08336,1.08333,1000000,1970000
2019-06-12 12:32:32.531000,1.08335,1.08333,1120000,1950000
2019-06-12 12:32:32.633000,1.08335,1.08334,1000000,1120000
2019-06-12 12:32:34.035000,1.08337,1.08334,2370000,1200000
2019-06-12 12:32:34.137000,1.08338,1.08336,2620000,1100000
2019-06-12 12:32:35.201000,1.08338,1.08336,1000000,1100000
2019-06-12 12:32:35.786000,1.08339,1.08338,1000000,2250000
2019-06-12 12:32:35.916000,1.08341,1.08339,1000000,1950000
2019-06-12 12:32:36.017000,1.08341,1.0834,1000000,1120000
2019-06-12 12:32:36.223000,1.08341,1.08339,1000000,1570000
2019-06-12 12:32:36.325000,1.08341,1.08339,1000000,1100000
2019-06-12 12:32:36.545000,1.08339,1.08338,1500000,4120000
2019-06-12 12:32:36.647000,1.08338,1.08336,1120000,1950000
2019-06-12 12:32:36.800000,1.08339,1.08336,1120000,1950000
2019-06-12 12:32:36.851000,1.08339,1.08338,1120000,1500000
2019-06-12 12:32:36.952000,1.08341,1.08338,3500000,1570000
2019-06-12 12:32:37.054000,1.08339,1.08338,1000000,1500000
2019-06-12 12:32:37.156000,1.0834,1.08337,1000000,1220000
2019-06-12 12:32:37.207000,1.08339,1.08336,1000000,6970000
2019-06-12 12:32:37.501000,1.08339,1.08336,1000000,4870000
2019-06-12 12:32:37.654000,1.08339,1.08336,1000000,3850000
2019-06-12 12:32:37.856000,1.08339,1.08336,1000000,2700000
2019-06-12 12:32:38.486000,1.08338,1.08337,1000000,1200000
2019-06-12 12:32:38.690000,1.08339,1.08337,1000000,1000000
2019-06-12 12:32:38.792000,1.08338,1.08336,1000000,1100000
2019-06-12 12:32:39.912000,1.08338,1.08335,1500000,2850000
2019-06-12 12:32:41.878000,1.08338,1.08335,1120000,1120000
2019-06-12 12:32:42.874000,1.08337,1.08335,1000000,1870000
2019-06-12 12:32:43.127000,1.08336,1.08334,1000000,2250000
2019-06-12 12:32:43.638000,1.08337,1.08334,1950000,1000000
2019-06-12 12:32:43.740000,1.08337,1.08334,2450000,1000000
2019-06-12 12:32:43.843000,1.08335,1.08334,1000000,1000000
2019-06-12 12:32:44.148000,1.08335,1.08334,1000000,1000000
2019-06-12 12:32:44.624000,1.08335,1.08333,1000000,1200000
2019-06-12 12:32:45.025000,1.08335,1.08334,1000000,1000000
2019-06-12 12:32:45.388000,1.08335,1.08333,1000000,1950000
2019-06-12 12:32:46.177000,1.08335,1.08333,1000000,1200000
2019-06-12 12:32:46.279000,1.08337,1.08335,1570000,1500000
2019-06-12 12:32:46.432000,1.08337,1.08336,1100000,1000000
2019-06-12 12:32:47.228000,1.08338,1.08336,1120000,1000000
2019-06-12 12:32:47.454000,1.08338,1.08336,1000000,1620000
2019-06-12 12:32:47.555000,1.08338,1.08336,1000000,1620000
2019-06-12 12:32:47.935000,1.08337,1.08336,1000000,1000000
2019-06-12 12:32:48.041000,1.08338,1.08336,1000000,1000000
2019-06-12 12:32:48.387000,1.08338,1.08336,1000000,1500000
2019-06-12 12:32:48.540000,1.08338,1.08336,1000000,1000000
2019-06-12 12:32:48.693000,1.08339,1.08336,2320000,1620000
2019-06-12 12:32:48.745000,1.08337,1.08335,1120000,1620000
2019-06-12 12:32:49.669000,1.08337,1.08334,2750000,1000000
2019-06-12 12:32:49.771000,1.08336,1.08333,2070000,3870000
2019-06-12 12:32:50.076000,1.08334,1.08332,1000000,2000000
2019-06-12 12:32:50.177000,1.08333,1.08332,1000000,1000000
2019-06-12 12:32:50.288000,1.08333,1.08331,1950000,1870000
2019-06-12 12:32:50.390000,1.08332,1.08331,1000000,1870000
2019-06-12 12:32:50.492000,1.08333,1.0833,1200000,2370000
2019-06-12 12:32:50.593000,1.08331,1.08329,2370000,1500000
2019-06-12 12:32:50.695000,1.08324,1.08323,1120000,1000000
2019-06-12 12:32:50.746000,1.08323,1.08321,1600000,1000000
2019-06-12 12:32:50.857000,1.08322,1.08321,1000000,1120000
2019-06-12 12:32:51.061000,1.08323,1.08321,1120000,2000000
2019-06-12 12:32:51.163000,1.08322,1.0832,1500000,3450000
2019-06-12 12:32:51.265000,1.08321,1.0832,1000000,2620000
2019-06-12 12:32:51.437000,1.08321,1.08319,1000000,1120000
2019-06-12 12:32:51.539000,1.0832,1.08319,1000000,2620000
2019-06-12 12:32:51.641000,1.08319,1.08317,1500000,1500000
2019-06-12 12:32:51.742000,1.08318,1.08316,1000000,3070000
2019-06-12 12:32:51.946000,1.08318,1.08316,1500000,1000000
2019-06-12 12:32:52.098000,1.08318,1.08317,1000000,1000000
2019-06-12 12:32:52.199000,1.0832,1.08316,2850000,1000000
2019-06-12 12:32:52.448000,1.08317,1.08316,1000000,1000000
2019-06-12 12:32:52.550000,1.08318,1.08315,1100000,2000000
2019-06-12 12:32:52.651000,1.08316,1.08314,1000000,1500000
2019-06-12 12:32:52.754000,1.08317,1.08314,3970000,1300000
2019-06-12 12:32:52.856000,1.08314,1.08312,1600000,1000000
2019-06-12 12:32:52.962000,1.08312,1.08311,1000000,1500000
2019-06-12 12:32:53.064000,1.08314,1.08311,1600000,1350000
2019-06-12 12:32:54.618000,1.08311,1.0831,1000000,1500000
2019-06-12 12:32:54.669000,1.08308,1.08305,1620000,1870000
2019-06-12 12:32:54.771000,1.08307,1.08305,1000000,1200000
2019-06-12 12:32:54.873000,1.08307,1.08305,1000000,2750000
2019-06-12 12:32:54.975000,1.08309,1.08306,5670000,1500000
2019-06-12 12:32:55.026000,1.08306,1.08304,1120000,1720000
2019-06-12 12:32:55.127000,1.08306,1.08304,1500000,1000000
2019-06-12 12:32:55.690000,1.08305,1.08304,1000000,1000000
2019-06-12 12:32:55.842000,1.08306,1.08304,1000000,1000000
2019-06-12 12:32:56.313000,1.08305,1.08303,1000000,2250000
2019-06-12 12:32:56.414000,1.08305,1.08304,1120000,1000000
2019-06-12 12:32:56.617000,1.08306,1.08304,1500000,1120000
2019-06-12 12:32:56.755000,1.08305,1.08304,1000000,1000000
2019-06-12 12:32:57.213000,1.08305,1.08303,1000000,2620000
2019-06-12 12:32:57.315000,1.08307,1.08306,1000000,1120000
2019-06-12 12:32:57.446000,1.08308,1.08306,1000000,2750000
2019-06-12 12:32:58.238000,1.08308,1.08306,1000000,1120000
2019-06-12 12:32:58.665000,1.08308,1.08306,1100000,1500000
2019-06-12 12:32:59.326000,1.08307,1.08305,5920000,1120000
2019-06-12 12:32:59.428000,1.08301,1.08299,1000000,1600000
2019-06-12 12:32:59.535000,1.08301,1.08298,1500000,3200000
2019-06-12 12:32:59.638000,1.08302,1.08301,1950000,1000000
2019-06-12 12:32:59.740000,1.08301,1.083,1100000,1120000
2019-06-12 12:32:59.994000,1.08302,1.083,1200000,1500000
2019-06-12 12:33:00.837000,1.08303,1.08301,1100000,1120000
2019-06-12 12:33:00.888000,1.08308,1.08306,1500000,1500000
2019-06-12 12:33:00.939000,1.08313,1.08311,1000000,1000000
2019-06-12 12:33:01.041000,1.08313,1.08311,1000000,1000000
2019-06-12 12:33:01.192000,1.08316,1.08314,1500000,1000000
2019-06-12 12:33:01.396000,1.08317,1.08313,1120000,3120000
2019-06-12 12:33:01.706000,1.08318,1.08316,1500000,1300000
2019-06-12 12:33:01.757000,1.08319,1.08317,1000000,1000000
2019-06-12 12:33:01.808000,1.0832,1.08317,1000000,2370000
2019-06-12 12:33:01.916000,1.08321,1.08318,1950000,2370000
2019-06-12 12:33:01.967000,1.08322,1.08319,1200000,1000000
2019-06-12 12:33:02.069000,1.08322,1.0832,1500000,1120000
2019-06-12 12:33:02.723000,1.08321,1.08319,1000000,1000000
2019-06-12 12:33:02.825000,1.08317,1.08315,3000000,3820000
2019-06-12 12:33:02.876000,1.08315,1.08313,1120000,1000000
2019-06-12 12:33:03.028000,1.08315,1.08313,2000000,2250000
2019-06-12 12:33:03.131000,1.08316,1.08313,1000000,3820000
2019-06-12 12:33:03.523000,1.08316,1.08312,3870000,3970000
2019-06-12 12:33:03.625000,1.08314,1.08312,1120000,2620000
2019-06-12 12:33:03.728000,1.08313,1.0831,2250000,2370000
2019-06-12 12:33:04.140000,1.08311,1.0831,1100000,1120000
2019-06-12 12:33:04.292000,1.08311,1.08308,1950000,2000000
2019-06-12 12:33:05.909000,1.08311,1.08308,2620000,1000000
2019-06-12 12:33:06.012000,1.0831,1.08307,1200000,4870000
2019-06-12 12:33:06.130000,1.0831,1.08307,1220000,4120000
2019-06-12 12:33:06.232000,1.08311,1.08308,2820000,1120000
2019-06-12 12:33:06.800000,1.08309,1.08306,1120000,5700000
2019-06-12 12:33:06.902000,1.08309,1.08306,2450000,1120000
2019-06-12 12:33:07.003000,1.08307,1.08305,2750000,2250000
2019-06-12 12:33:07.105000,1.08302,1.083,1000000,1870000
2019-06-12 12:33:07.207000,1.083,1.08299,1120000,3370000
2019-06-12 12:33:07.311000,1.083,1.08297,2350000,1120000
2019-06-12 12:33:07.414000,1.08302,1.08299,1600000,2750000
2019-06-12 12:33:07.517000,1.08304,1.08302,1200000,1000000
2019-06-12 12:33:08.054000,1.08303,1.08301,1500000,1000000
2019-06-12 12:33:08.106000,1.08301,1.08298,1570000,1000000
2019-06-12 12:33:08.239000,1.083,1.08296,5200000,2250000
2019-06-12 12:33:08.342000,1.08298,1.08296,1000000,3000000
2019-06-12 12:33:09.050000,1.083,1.08296,2070000,2620000
2019-06-12 12:33:09.455000,1.083,1.08296,1500000,2450000
2019-06-12 12:33:09.821000,1.083,1.08299,1120000,1000000
2019-06-12 12:33:09.872000,1.08302,1.08299,1000000,3720000
2019-06-12 12:33:10.025000,1.08302,1.08299,1570000,1000000
2019-06-12 12:33:10.426000,1.08301,1.08298,1000000,1120000
2019-06-12 12:33:10.528000,1.083,1.08298,1000000,1120000
2019-06-12 12:33:10.630000,1.083,1.08297,1000000,1000000
2019-06-12 12:33:10.952000,1.083,1.08296,1500000,6450000
2019-06-12 12:33:11.919000,1.08299,1.08296,1000000,3820000
2019-06-12 12:33:12.804000,1.08298,1.08296,1000000,1120000
2019-06-12 12:33:13.057000,1.08299,1.08298,1000000,1000000
2019-06-12 12:33:13.159000,1.08302,1.08299,1220000,1620000
2019-06-12 12:33:13.261000,1.08302,1.08299,1100000,1620000
2019-06-12 12:33:13.725000,1.08302,1.08299,1120000,1120000
2019-06-12 12:33:13.827000,1.08302,1.08298,2000000,4320000
2019-06-12 12:33:14.555000,1.083,1.08297,1620000,4950000
2019-06-12 12:33:14.667000,1.083,1.08298,1000000,1000000
2019-06-12 12:33:14.769000,1.083,1.08298,1000000,1200000
2019-06-12 12:33:14.972000,1.083,1.08297,1000000,7950000
2019-06-12 12:33:15.498000,1.083,1.08297,1000000,3070000
2019-06-12 12:33:16.001000,1.08299,1.08297,1000000,1120000
2019-06-12 12:33:16.103000,1.08298,1.08296,1120000,1950000
2019-06-12 12:33:16.206000,1.08298,1.08295,1120000,3070000
2019-06-12 12:33:16.916000,1.08297,1.08295,1000000,1570000
2019-06-12 12:33:18.167000,1.08297,1.08296,1000000,1000000
2019-06-12 12:33:18.269000,1.08298,1.08296,1120000,1120000
2019-06-12 12:33:18.371000,1.08299,1.08296,1120000,4950000
2019-06-12 12:33:18.506000,1.08299,1.08297,1120000,2700000
2019-06-12 12:33:18.608000,1.083,1.08299,1000000,3000000
2019-06-12 12:33:18.710000,1.08302,1.083,1000000,2370000
2019-06-12 12:33:18.812000,1.08303,1.083,1000000,3570000
2019-06-12 12:33:19.201000,1.08304,1.08302,1000000,1120000
2019-06-12 12:33:19.303000,1.08306,1.08303,1500000,1600000
2019-06-12 12:33:20.150000,1.08305,1.08303,1000000,1500000
2019-06-12 12:33:20.818000,1.08306,1.08303,2000000,2070000
2019-06-12 12:33:21.171000,1.08303,1.08301,2000000,7500000
2019-06-12 12:33:21.273000,1.08299,1.08296,1000000,8000000
2019-06-12 12:33:21.375000,1.08298,1.08297,1120000,1000000
2019-06-12 12:33:21.522000,1.08298,1.08294,3120000,6200000
2019-06-12 12:33:21.573000,1.08296,1.08294,1000000,6070000
2019-06-12 12:33:21.877000,1.08296,1.08294,1000000,2820000
2019-06-12 12:33:22.347000,1.08296,1.08294,1500000,1950000
2019-06-12 12:33:22.449000,1.08295,1.08293,1000000,1120000
2019-06-12 12:33:23.379000,1.08295,1.08293,1120000,1120000
2019-06-12 12:33:23.582000,1.08296,1.08294,1500000,1120000
2019-06-12 12:33:23.684000,1.08299,1.08296,3200000,1500000
2019-06-12 12:33:23.735000,1.08303,1.083,2620000,1120000
2019-06-12 12:33:23.786000,1.08305,1.08301,1500000,1620000
2019-06-12 12:33:23.976000,1.08305,1.08302,1000000,1600000
2019-06-12 12:33:24.229000,1.08305,1.08302,1000000,2070000
2019-06-12 12:33:28.272000,1.08306,1.08304,1500000,1200000
2019-06-12 12:33:28.456000,1.08308,1.08306,1500000,4470000
2019-06-12 12:33:28.507000,1.0831,1.08308,1500000,1950000
2019-06-12 12:33:28.610000,1.08313,1.0831,1870000,1120000
2019-06-12 12:33:28.813000,1.08313,1.08311,1120000,1200000
2019-06-12 12:33:29.066000,1.08312,1.08311,1120000,1120000
2019-06-12 12:33:29.168000,1.08312,1.0831,2000000,1500000
2019-06-12 12:33:29.269000,1.08312,1.08309,1000000,2320000
2019-06-12 12:33:29.429000,1.08312,1.08311,1000000,1000000
2019-06-12 12:33:29.485000,1.08315,1.08313,1000000,1000000
2019-06-12 12:33:29.586000,1.08316,1.08314,1120000,1120000
2019-06-12 12:33:29.740000,1.08317,1.08315,1000000,1120000
2019-06-12 12:33:29.841000,1.08317,1.08314,1000000,2320000
2019-06-12 12:33:30.461000,1.08317,1.08315,1120000,1120000
2019-06-12 12:33:30.613000,1.08317,1.08314,1000000,2700000
2019-06-12 12:33:30.765000,1.08317,1.08315,1000000,1600000
2019-06-12 12:33:30.896000,1.08319,1.08316,1000000,3370000
2019-06-12 12:33:30.948000,1.0832,1.08317,2250000,2450000
2019-06-12 12:33:31.050000,1.08319,1.08317,1120000,1120000
2019-06-12 12:33:31.151000,1.08318,1.08316,2370000,1870000
2019-06-12 12:33:31.254000,1.08317,1.08315,1500000,1120000
2019-06-12 12:33:31.356000,1.08317,1.08316,1000000,1000000
2019-06-12 12:33:31.989000,1.08317,1.08315,1500000,1570000
2019-06-12 12:33:32.116000,1.08314,1.08312,1000000,2620000
2019-06-12 12:33:32.320000,1.08314,1.08311,1870000,1570000
2019-06-12 12:33:32.421000,1.08312,1.0831,1000000,1500000
2019-06-12 12:33:32.677000,1.08313,1.0831,1000000,3870000
2019-06-12 12:33:32.809000,1.08314,1.08312,1000000,1120000
2019-06-12 12:33:32.911000,1.08314,1.08313,1000000,1200000
2019-06-12 12:33:33.266000,1.08313,1.08311,1500000,1500000
2019-06-12 12:33:33.429000,1.08313,1.0831,1500000,2250000
2019-06-12 12:33:33.531000,1.08314,1.08311,4250000,1120000
2019-06-12 12:33:33.633000,1.08314,1.08313,1000000,1120000
2019-06-12 12:33:33.735000,1.08314,1.08312,1500000,1570000
2019-06-12 12:33:33.837000,1.08313,1.08311,1000000,1570000
2019-06-12 12:33:33.998000,1.08313,1.08309,2370000,2320000
2019-06-12 12:33:34.304000,1.0831,1.08307,1870000,2250000
2019-06-12 12:33:34.407000,1.08309,1.08306,1000000,2070000
2019-06-12 12:33:34.639000,1.0831,1.08307,2620000,1570000
2019-06-12 12:33:34.801000,1.08309,1.08306,1000000,1100000
2019-06-12 12:33:34.852000,1.08308,1.08305,2250000,3450000
2019-06-12 12:33:34.903000,1.08306,1.08305,3000000,2620000
2019-06-12 12:33:34.954000,1.08306,1.08302,2250000,1950000
2019-06-12 12:33:35.057000,1.08305,1.08302,1500000,1000000
2019-06-12 12:33:35.245000,1.08304,1.08302,1000000,1120000
2019-06-12 12:33:35.347000,1.08304,1.08301,6000000,1000000
2019-06-12 12:33:35.452000,1.08302,1.08298,1000000,4250000
2019-06-12 12:33:35.554000,1.08302,1.08298,1870000,3000000
2019-06-12 12:33:35.659000,1.08301,1.08298,1500000,1870000
2019-06-12 12:33:35.761000,1.08299,1.08296,1000000,1500000
2019-06-12 12:33:35.863000,1.083,1.08296,1500000,1500000
2019-06-12 12:33:36.384000,1.08298,1.08295,1000000,1000000
2019-06-12 12:33:36.536000,1.08299,1.08296,1000000,1000000
2019-06-12 12:33:36.739000,1.08299,1.08295,1000000,2320000
2019-06-12 12:33:37.072000,1.08299,1.08295,1000000,2450000
2019-06-12 12:33:37.326000,1.083,1.08296,1870000,1120000
2019-06-12 12:33:37.428000,1.08301,1.08299,2250000,2000000
2019-06-12 12:33:37.533000,1.08303,1.083,2250000,1120000
2019-06-12 12:33:37.635000,1.08303,1.08299,2250000,1500000
2019-06-12 12:33:38.300000,1.08304,1.08301,2250000,1000000
2019-06-12 12:33:38.554000,1.08305,1.08301,3000000,1000000
2019-06-12 12:33:38.656000,1.08306,1.08303,1500000,1000000
2019-06-12 12:33:38.783000,1.08308,1.08304,3120000,1620000
2019-06-12 12:33:38.986000,1.08306,1.08304,1000000,1000000
2019-06-12 12:33:39.037000,1.08306,1.08302,1870000,4320000
2019-06-12 12:33:39.190000,1.08306,1.08303,1120000,1620000
2019-06-12 12:33:39.496000,1.083,1.08298,1300000,1000000
2019-06-12 12:33:39.649000,1.083,1.08296,1000000,2700000
2019-06-12 12:33:39.751000,1.08299,1.08296,1000000,1000000
2019-06-12 12:33:39.852000,1.08299,1.08295,1000000,1000000
2019-06-12 12:33:40.233000,1.08299,1.08295,1000000,2070000
2019-06-12 12:33:40.486000,1.083,1.08296,1120000,1000000
2019-06-12 12:33:40.537000,1.08301,1.08297,1120000,3120000
2019-06-12 12:33:40.639000,1.08303,1.08299,1620000,3000000
2019-06-12 12:33:41.392000,1.08301,1.08299,1500000,1000000
2019-06-12 12:33:41.550000,1.08299,1.08296,1620000,1500000
2019-06-12 12:33:41.601000,1.08299,1.08295,3120000,1500000
2019-06-12 12:33:41.652000,1.08296,1.08295,1000000,1000000
2019-06-12 12:33:41.753000,1.08295,1.08292,1500000,1500000
2019-06-12 12:33:45.370000,1.08293,1.08291,3970000,1570000
2019-06-12 12:33:45.527000,1.08293,1.08292,1000000,1000000
2019-06-12 12:33:45.579000,1.08295,1.08293,1120000,1000000
2019-06-12 12:33:45.681000,1.08297,1.08293,1870000,4120000
2019-06-12 12:33:45.732000,1.08297,1.08294,1000000,3950000
2019-06-12 12:33:45.834000,1.08298,1.08295,1120000,1570000
2019-06-12 12:33:46.296000,1.08298,1.08296,1120000,1100000
2019-06-12 12:33:46.398000,1.08299,1.08296,1120000,1200000
2019-06-12 12:33:47.984000,1.083,1.08299,1000000,1000000
2019-06-12 12:33:48.086000,1.08304,1.08302,4500000,1000000
2019-06-12 12:33:48.188000,1.08304,1.08302,1000000,1000000
2019-06-12 12:33:48.585000,1.08305,1.08302,1120000,1100000
2019-06-12 12:33:48.686000,1.08305,1.08301,1120000,3220000
2019-06-12 12:33:48.806000,1.08305,1.08303,1120000,1000000
2019-06-12 12:33:48.909000,1.08309,1.08306,3600000,1000000
2019-06-12 12:33:49.215000,1.08309,1.08307,1120000,1000000
2019-06-12 12:33:49.324000,1.08306,1.08303,1620000,4200000
2019-06-12 12:33:49.428000,1.08305,1.08302,1500000,2450000
2019-06-12 12:33:49.530000,1.08306,1.08302,1620000,2070000
2019-06-12 12:33:49.632000,1.08306,1.08303,1500000,1120000
2019-06-12 12:33:49.734000,1.08306,1.08304,1500000,1000000
2019-06-12 12:33:49.845000,1.08306,1.08303,1500000,1120000
2019-06-12 12:33:49.997000,1.08306,1.08304,1120000,1000000
2019-06-12 12:33:50.149000,1.08308,1.08305,5000000,1000000
2019-06-12 12:33:50.251000,1.08308,1.08306,1500000,1000000
2019-06-12 12:33:50.409000,1.08309,1.08306,2370000,1000000
2019-06-12 12:33:50.764000,1.08308,1.08305,1620000,1200000
2019-06-12 12:33:51.587000,1.08308,1.08306,1120000,1000000
2019-06-12 12:33:51.689000,1.08308,1.08307,1000000,1000000
2019-06-12 12:33:51.998000,1.08309,1.08307,1870000,1000000
2019-06-12 12:33:52.255000,1.0831,1.08308,1120000,1120000
2019-06-12 12:33:52.357000,1.08311,1.08309,1500000,1000000
2019-06-12 12:33:53.424000,1.08311,1.08308,2750000,1600000
2019-06-12 12:33:53.529000,1.08311,1.08307,4250000,3820000
2019-06-12 12:33:53.631000,1.0831,1.08307,1120000,3200000
2019-06-12 12:33:54.291000,1.08311,1.0831,1000000,1000000
2019-06-12 12:33:54.393000,1.08313,1.08311,3750000,2620000
2019-06-12 12:33:54.495000,1.08314,1.08312,1120000,1200000
2019-06-12 12:33:54.705000,1.08315,1.08313,2620000,4320000
2019-06-12 12:33:54.808000,1.08317,1.08316,1000000,1000000
2019-06-12 12:33:54.859000,1.08318,1.08316,1120000,1000000
2019-06-12 12:33:55.012000,1.0832,1.08317,5370000,1870000
2019-06-12 12:33:55.063000,1.08321,1.08319,3750000,1000000
2019-06-12 12:33:55.192000,1.0832,1.08319,1000000,1000000
2019-06-12 12:33:55.602000,1.08321,1.08319,3000000,1000000
2019-06-12 12:33:55.961000,1.08319,1.08317,1620000,2700000
2019-06-12 12:33:56.063000,1.08318,1.08317,1120000,1000000
2019-06-12 12:33:56.165000,1.08319,1.08316,1620000,1870000
2019-06-12 12:33:56.355000,1.08319,1.08316,1870000,3750000
2019-06-12 12:33:56.457000,1.08319,1.08317,1500000,1000000
2019-06-12 12:33:56.610000,1.0832,1.08319,1200000,1000000
2019-06-12 12:33:56.661000,1.08322,1.0832,1500000,1120000
2019-06-12 12:33:57.402000,1.08322,1.0832,1000000,1120000
2019-06-12 12:33:58.086000,1.08322,1.08321,1000000,1000000
2019-06-12 12:33:58.189000,1.08324,1.08322,2320000,1000000
2019-06-12 12:33:58.493000,1.08324,1.08323,1000000,1000000
2019-06-12 12:33:58.660000,1.08328,1.08327,1570000,1000000
2019-06-12 12:33:58.714000,1.08329,1.08327,1000000,1620000
2019-06-12 12:33:58.815000,1.0833,1.08327,2250000,1620000
2019-06-12 12:33:59.019000,1.08331,1.08328,3870000,2370000
2019-06-12 12:33:59.157000,1.08332,1.08331,1800000,1000000
2019-06-12 12:33:59.261000,1.08331,1.0833,1000000,1000000
2019-06-12 12:33:59.365000,1.0833,1.08328,2000000,2250000
2019-06-12 12:33:59.467000,1.08329,1.08327,1000000,2620000
2019-06-12 12:33:59.677000,1.0833,1.08328,1500000,1000000
2019-06-12 12:33:59.780000,1.0833,1.08328,1000000,1120000
2019-06-12 12:34:00.449000,1.08329,1.08328,1000000,1120000
2019-06-12 12:34:00.552000,1.08328,1.08326,1500000,2620000
2019-06-12 12:34:00.792000,1.08326,1.08324,7200000,1000000
2019-06-12 12:34:00.943000,1.08324,1.08321,1000000,2070000
2019-06-12 12:34:01.145000,1.08324,1.08321,1000000,2000000
2019-06-12 12:34:02.783000,1.08325,1.08321,3000000,1950000
2019-06-12 12:34:02.899000,1.08324,1.08323,1000000,1690000
2019-06-12 12:34:03.001000,1.08327,1.08325,1000000,3260000
2019-06-12 12:34:03.103000,1.08324,1.08323,1310000,1500000
2019-06-12 12:34:03.204000,1.08323,1.0832,2750000,2570000
2019-06-12 12:34:03.306000,1.08323,1.0832,2940000,2140000
2019-06-12 12:34:05.076000,1.08323,1.08321,2190000,1000000
2019-06-12 12:34:05.216000,1.08323,1.0832,2810000,2640000
2019-06-12 12:34:05.319000,1.08322,1.0832,1250000,1500000
2019-06-12 12:34:06.195000,1.08323,1.08322,1120000,1250000
2019-06-12 12:34:06.298000,1.08324,1.08321,2120000,1570000
2019-06-12 12:34:06.451000,1.08322,1.0832,1000000,1350000
2019-06-12 12:34:07.006000,1.08321,1.0832,1000000,1000000
2019-06-12 12:34:07.159000,1.08323,1.0832,1690000,1700000
2019-06-12 12:34:07.261000,1.08325,1.08322,2070000,8120000
2019-06-12 12:34:07.408000,1.0833,1.08327,4440000,1250000
2019-06-12 12:34:07.512000,1.08335,1.08334,1250000,1000000
2019-06-12 12:34:07.615000,1.08339,1.08338,1250000,1000000
2019-06-12 12:34:07.734000,1.0834,1.08338,2500000,1870000
2019-06-12 12:34:07.835000,1.08342,1.0834,2440000,1000000
2019-06-12 12:34:08.115000,1.0834,1.08339,1120000,1200000
2019-06-12 12:34:08.217000,1.0834,1.08337,2870000,3390000
2019-06-12 12:34:08.269000,1.08336,1.08333,2620000,22950001
2019-06-12 12:34:08.371000,1.08334,1.08332,1250000,3560000
2019-06-12 12:34:08.498000,1.08335,1.08333,2060000,1000000
2019-06-12 12:34:08.600000,1.08335,1.08334,2060000,1200000
2019-06-12 12:34:09.016000,1.08335,1.08332,2190000,4160000
2019-06-12 12:34:09.421000,1.08335,1.08333,1690000,1100000
2019-06-12 12:34:09.531000,1.08328,1.08326,1250000,4870000
2019-06-12 12:34:09.584000,1.08325,1.08324,2620000,1000000
2019-06-12 12:34:09.640000,1.08323,1.08321,2000000,3190000
2019-06-12 12:34:09.743000,1.08323,1.08321,2560000,2440000
2019-06-12 12:34:09.894000,1.0832,1.08318,1200000,4500000
2019-06-12 12:34:09.945000,1.08318,1.08314,2620000,2810000
2019-06-12 12:34:10,1.08317,1.08316,1500000,1690000
2019-06-12 12:34:10.101000,1.0832,1.08317,2250000,2510000
2019-06-12 12:34:10.154000,1.08322,1.08319,2640000,2810000
2019-06-12 12:34:10.268000,1.08322,1.08321,1000000,1250000
2019-06-12 12:34:10.372000,1.08324,1.08322,1870000,1120000
2019-06-12 12:34:10.423000,1.08326,1.08324,1200000,3000000
2019-06-12 12:34:10.525000,1.08325,1.08323,1310000,2510000
2019-06-12 12:34:10.627000,1.08324,1.08323,1000000,2060000
2019-06-12 12:34:10.738000,1.08326,1.08323,2440000,2510000
2019-06-12 12:34:10.789000,1.08325,1.08322,1370000,1690000
2019-06-12 12:34:10.891000,1.08325,1.08323,1250000,1100000
2019-06-12 12:34:11.257000,1.08329,1.08326,2290000,2500000
2019-06-12 12:34:11.360000,1.08329,1.08327,1310000,1010000
2019-06-12 12:34:11.462000,1.08332,1.0833,1570000,2250000
2019-06-12 12:34:11.564000,1.08335,1.08333,1690000,1000000
2019-06-12 12:34:11.673000,1.08332,1.08331,1250000,1870000
2019-06-12 12:34:11.776000,1.08331,1.0833,1310000,1000000
2019-06-12 12:34:12.251000,1.08334,1.08332,1000000,2940000
2019-06-12 12:34:12.302000,1.08335,1.08332,1690000,2940000
2019-06-12 12:34:12.659000,1.08335,1.08333,2440000,1700000
2019-06-12 12:34:12.820000,1.08335,1.08333,1690000,1570000
2019-06-12 12:34:13.125000,1.08335,1.08333,1500000,1890000
2019-06-12 12:34:13.227000,1.08334,1.08332,1250000,2560000
2019-06-12 12:34:13.763000,1.08334,1.08331,1250000,1390000
2019-06-12 12:34:13.916000,1.08331,1.0833,1250000,1100000
2019-06-12 12:34:14.020000,1.08329,1.08327,1750000,1000000
2019-06-12 12:34:14.123000,1.08325,1.08324,1000000,1250000
2019-06-12 12:34:14.225000,1.08323,1.08321,1500000,2060000
2019-06-12 12:34:14.327000,1.08322,1.0832,1500000,1910000
2019-06-12 12:34:14.539000,1.08317,1.08315,1250000,1120000
2019-06-12 12:34:14.594000,1.08315,1.08313,1250000,3640000
2019-06-12 12:34:14.697000,1.08315,1.08314,1000000,1000000
2019-06-12 12:34:14.799000,1.08316,1.08314,1000000,2810000
2019-06-12 12:34:14.962000,1.08318,1.08315,1950000,3370000
2019-06-12 12:34:15.064000,1.08321,1.0832,2620000,1000000
2019-06-12 12:34:15.115000,1.08323,1.0832,2510000,1870000
2019-06-12 12:34:15.167000,1.0832,1.08318,1870000,2620000
2019-06-12 12:34:15.271000,1.08318,1.08315,2000000,3000000
2019-06-12 12:34:15.415000,1.0832,1.08317,1310000,2870000
2019-06-12 12:34:16.314000,1.08321,1.08318,6070000,1250000
2019-06-12 12:34:16.857000,1.08321,1.08318,3190000,2250000
2019-06-12 12:34:16.959000,1.08322,1.0832,2700000,1000000
2019-06-12 12:34:17.065000,1.08321,1.0832,1000000,1250000
2019-06-12 12:34:17.169000,1.08322,1.0832,1950000,1250000
2019-06-12 12:34:18.160000,1.08321,1.08319,2500000,1000000
2019-06-12 12:34:18.617000,1.08321,1.08317,2950000,6600000
2019-06-12 12:34:18.720000,1.08322,1.08319,3320000,1000000
2019-06-12 12:34:18.822000,1.08318,1.08316,1000000,2470000
2019-06-12 12:34:18.924000,1.08317,1.08314,1200000,2190000
2019-06-12 12:34:19.130000,1.08315,1.08313,1000000,2370000
2019-06-12 12:34:19.233000,1.08315,1.08313,1000000,1500000
2019-06-12 12:34:20.777000,1.08315,1.08313,2120000,1500000
2019-06-12 12:34:21.141000,1.08316,1.08314,1500000,1370000
2019-06-12 12:34:21.193000,1.08319,1.08317,1690000,1810000
2019-06-12 12:34:21.296000,1.08318,1.08316,1310000,1810000
2019-06-12 12:34:21.468000,1.08318,1.08316,1370000,1000000
2019-06-12 12:34:22.257000,1.08318,1.08315,1870000,2060000
2019-06-12 12:34:22.663000,1.08318,1.08316,1250000,1000000
2019-06-12 12:34:23.106000,1.08318,1.08315,1870000,2060000
2019-06-12 12:34:25.121000,1.08316,1.08315,1250000,1000000
2019-06-12 12:34:25.225000,1.08315,1.08314,1250000,1000000
2019-06-12 12:34:25.389000,1.08316,1.08314,1000000,1120000
2019-06-12 12:34:25.697000,1.08317,1.08314,2060000,2000000
2019-06-12 12:34:25.970000,1.08316,1.08314,1000000,1620000
2019-06-12 12:34:26.021000,1.08314,1.08313,1500000,2620000
2019-06-12 12:34:26.123000,1.0831,1.08309,3560000,1100000
2019-06-12 12:34:26.174000,1.08309,1.08306,3310000,2440000
2019-06-12 12:34:26.278000,1.08307,1.08306,1000000,1500000
2019-06-12 12:34:26.330000,1.08308,1.08306,2140000,1500000
2019-06-12 12:34:26.381000,1.08307,1.08305,1000000,2810000
2019-06-12 12:34:26.520000,1.08307,1.08304,1250000,2940000
2019-06-12 12:34:26.623000,1.08306,1.08304,1000000,3190000
2019-06-12 12:34:26.726000,1.08309,1.08306,3890000,2120000
2019-06-12 12:34:26.872000,1.08309,1.08307,1000000,2750000
2019-06-12 12:34:26.974000,1.08309,1.08307,1500000,1500000
2019-06-12 12:34:28.068000,1.08308,1.08306,3450000,2560000
2019-06-12 12:34:28.172000,1.08306,1.08304,1200000,1310000
2019-06-12 12:34:29.923000,1.08306,1.08303,1690000,2440000
2019-06-12 12:34:30.026000,1.08307,1.08303,2060000,6620000
2019-06-12 12:34:30.128000,1.08307,1.08305,1120000,1310000
2019-06-12 12:34:30.230000,1.08308,1.08305,3820000,2120000
2019-06-12 12:34:31.218000,1.08307,1.08305,1000000,1750000
2019-06-12 12:34:31.434000,1.08308,1.08305,3070000,2250000
2019-06-12 12:34:32.156000,1.08308,1.08305,2940000,1370000
2019-06-12 12:34:32.310000,1.08306,1.08305,1000000,1120000
2019-06-12 12:34:33.098000,1.08301,1.08299,1000000,1250000
2019-06-12 12:34:33.202000,1.083,1.08299,1500000,1250000
2019-06-12 12:34:33.725000,1.083,1.08298,1690000,1690000
2019-06-12 12:34:34.198000,1.08301,1.083,1120000,1690000
2019-06-12 12:34:34.249000,1.08302,1.08301,1000000,2810000
2019-06-12 12:34:34.300000,1.08304,1.08303,1000000,1250000
2019-06-12 12:34:34.402000,1.08306,1.08304,2440000,1000000
2019-06-12 12:34:35.243000,1.08306,1.08304,1310000,1000000
2019-06-12 12:34:35.395000,1.08306,1.08303,2060000,1890000
2019-06-12 12:34:35.497000,1.08307,1.08305,1000000,2120000
2019-06-12 12:34:35.614000,1.08308,1.08306,1100000,2000000
2019-06-12 12:34:35.716000,1.0831,1.08308,1500000,1250000
2019-06-12 12:34:37.625000,1.08311,1.08308,1690000,3260000
2019-06-12 12:34:38.244000,1.0831,1.08308,1000000,2510000
2019-06-12 12:34:38.447000,1.08311,1.08308,1690000,3190000
2019-06-12 12:34:38.600000,1.08311,1.08308,1690000,3390000
2019-06-12 12:34:40.042000,1.0831,1.08308,1000000,2620000
2019-06-12 12:34:40.315000,1.08309,1.08307,1000000,3370000
2019-06-12 12:34:40.417000,1.08307,1.08306,1120000,1310000
2019-06-12 12:34:40.978000,1.08308,1.08306,1000000,2870000
2019-06-12 12:34:41.869000,1.08309,1.08307,1000000,2190000
2019-06-12 12:34:41.920000,1.08311,1.08308,2700000,4120000
2019-06-12 12:34:42.085000,1.08311,1.08309,1500000,2120000
2019-06-12 12:34:43.366000,1.08312,1.08311,1310000,1500000
2019-06-12 12:34:43.417000,1.08318,1.08316,1570000,1370000
2019-06-12 12:34:43.571000,1.08313,1.08311,1000000,2820000
2019-06-12 12:34:43.674000,1.08314,1.08311,2060000,2140000
2019-06-12 12:34:43.726000,1.08314,1.08312,2060000,1250000
2019-06-12 12:34:43.847000,1.08314,1.08312,1870000,2250000
2019-06-12 12:34:44.152000,1.08315,1.08312,1690000,2190000
2019-06-12 12:34:44.522000,1.08315,1.08312,1750000,2000000
2019-06-12 12:34:45.252000,1.08317,1.08314,1450000,2250000
2019-06-12 12:34:45.354000,1.08317,1.08315,2060000,1500000
2019-06-12 12:34:45.490000,1.08316,1.08315,1000000,1000000
2019-06-12 12:34:45.592000,1.08317,1.08314,1690000,1810000
2019-06-12 12:34:46.202000,1.08318,1.08316,2060000,1690000
2019-06-12 12:34:46.305000,1.0832,1.08318,1870000,1250000
2019-06-12 12:34:46.357000,1.08321,1.08319,1120000,1310000
2019-06-12 12:34:46.459000,1.08322,1.0832,1310000,1000000
2019-06-12 12:34:47.841000,1.08321,1.0832,1500000,1000000
2019-06-12 12:34:47.944000,1.08322,1.0832,1310000,1000000
2019-06-12 12:34:48.307000,1.08321,1.0832,1000000,1000000
2019-06-12 12:34:48.409000,1.08321,1.08318,1120000,4200000
2019-06-12 12:34:49.680000,1.08322,1.08319,2370000,1820000
2019-06-12 12:34:49.833000,1.08321,1.08319,1310000,1000000
2019-06-12 12:34:50.414000,1.08323,1.0832,4750000,1690000
2019-06-12 12:34:50.517000,1.08324,1.08321,4120000,1000000
2019-06-12 12:34:51.472000,1.08324,1.08321,2620000,1310000
2019-06-12 12:34:52.570000,1.08324,1.08321,2060000,1870000
2019-06-12 12:34:52.672000,1.08324,1.08321,2190000,1870000
2019-06-12 12:34:55.368000,1.08326,1.08325,2700000,1000000
2019-06-12 12:34:55.419000,1.08328,1.08327,1000000,1310000
2019-06-12 12:34:55.521000,1.0833,1.08328,1250000,2690000
2019-06-12 12:34:55.573000,1.08332,1.08331,3820000,1120000
2019-06-12 12:34:55.717000,1.08333,1.08332,1000000,1250000
2019-06-12 12:34:55.871000,1.08334,1.08332,2060000,1250000
2019-06-12 12:34:56.130000,1.08334,1.08332,2810000,1250000
2019-06-12 12:34:56.233000,1.08334,1.08333,2060000,1000000
2019-06-12 12:34:56.336000,1.08335,1.08333,1690000,1250000
2019-06-12 12:34:56.439000,1.08334,1.08333,1000000,1250000
2019-06-12 12:34:56.707000,1.08332,1.0833,1000000,2440000
2019-06-12 12:34:56.810000,1.08333,1.08331,2060000,1690000
2019-06-12 12:34:56.963000,1.08334,1.08331,5190000,1750000
2019-06-12 12:34:57.810000,1.08334,1.08332,7690000,1250000
2019-06-12 12:34:57.861000,1.08332,1.0833,1310000,1000000
2019-06-12 12:34:58.014000,1.08331,1.08329,2440000,1000000
2019-06-12 12:34:58.733000,1.0833,1.08328,3190000,1250000
2019-06-12 12:34:58.843000,1.08327,1.08326,1000000,1100000
2019-06-12 12:34:58.947000,1.0832,1.08319,1000000,1690000
2019-06-12 12:34:59.049000,1.08319,1.08318,1870000,1690000
2019-06-12 12:34:59.151000,1.08316,1.08314,1000000,3690000
2019-06-12 12:34:59.263000,1.08318,1.08316,1620000,1250000
2019-06-12 12:34:59.467000,1.08319,1.08316,2810000,1750000
2019-06-12 12:34:59.619000,1.08318,1.08315,1000000,4750000
2019-06-12 12:34:59.721000,1.08319,1.08315,3940000,2870000
2019-06-12 12:35:00.233000,1.0832,1.08317,2070000,3000000
2019-06-12 12:35:00.340000,1.08323,1.08321,2890000,2430000
2019-06-12 12:35:00.392000,1.08324,1.08322,2060000,1250000
2019-06-12 12:35:00.443000,1.08323,1.08321,1250000,1820000
2019-06-12 12:35:00.495000,1.08321,1.0832,1250000,1870000
2019-06-12 12:35:00.599000,1.0832,1.08319,1250000,2250000
2019-06-12 12:35:00.702000,1.0832,1.08318,1750000,1000000
2019-06-12 12:35:01.396000,1.0832,1.08319,1000000,1000000
2019-06-12 12:35:01.500000,1.08327,1.08326,1000000,1000000
2019-06-12 12:35:01.552000,1.08329,1.08327,2440000,1250000
2019-06-12 12:35:01.655000,1.08329,1.08327,1870000,1000000
2019-06-12 12:35:02.158000,1.08328,1.08327,1500000,1390000
2019-06-12 12:35:02.267000,1.08326,1.08324,2250000,2320000
2019-06-12 12:35:02.318000,1.08324,1.08322,2560000,1760000
2019-06-12 12:35:02.471000,1.08323,1.08321,1000000,2890000
2019-06-12 12:35:03.801000,1.08322,1.0832,1000000,3750000
2019-06-12 12:35:04.685000,1.08323,1.08321,1120000,2060000
2019-06-12 12:35:04.788000,1.08325,1.08323,2700000,1250000
2019-06-12 12:35:04.907000,1.08328,1.08326,3000000,1750000
2019-06-12 12:35:05.984000,1.08328,1.08326,1000000,3750000
2019-06-12 12:35:06.304000,1.08329,1.08326,1500000,3120000
2019-06-12 12:35:08.548000,1.08329,1.08326,1870000,2250000
2019-06-12 12:35:08.752000,1.08329,1.08326,1620000,2620000
2019-06-12 12:35:10.859000,1.08329,1.08328,1120000,1000000
2019-06-12 12:35:10.961000,1.08333,1.0833,1870000,2000000
2019-06-12 12:35:11.374000,1.08333,1.08331,1620000,1200000
2019-06-12 12:35:11.477000,1.08332,1.08329,3300000,1100000
2019-06-12 12:35:14.077000,1.08332,1.08329,1620000,1100000
2019-06-12 12:35:14.226000,1.08329,1.08328,1120000,1500000
2019-06-12 12:35:14.328000,1.08329,1.08327,1120000,1500000
2019-06-12 12:35:14.429000,1.08329,1.08326,1870000,1200000
2019-06-12 12:35:14.733000,1.08334,1.0833,1500000,3000000
2019-06-12 12:35:14.845000,1.08334,1.08332,2250000,2100000
2019-06-12 12:35:14.947000,1.08336,1.08332,4700000,2070000
2019-06-12 12:35:15.151000,1.08337,1.08335,2250000,1000000
2019-06-12 12:35:15.203000,1.08338,1.08336,2250000,1100000
2019-06-12 12:35:15.311000,1.08339,1.08337,2250000,1000000
2019-06-12 12:35:15.362000,1.08345,1.08342,2700000,1000000
2019-06-12 12:35:15.413000,1.08343,1.08341,1000000,1100000
2019-06-12 12:35:15.515000,1.08343,1.08341,1500000,1100000
2019-06-12 12:35:15.616000,1.08342,1.08341,1000000,1100000
2019-06-12 12:35:15.771000,1.0834,1.08337,1500000,2620000
2019-06-12 12:35:15.823000,1.08338,1.08336,2000000,1000000
2019-06-12 12:35:15.875000,1.08338,1.08334,2000000,1100000
2019-06-12 12:35:16.537000,1.08337,1.08333,1000000,3450000
2019-06-12 12:35:16.640000,1.08338,1.08333,2370000,3570000
2019-06-12 12:35:16.743000,1.08337,1.08333,1000000,3070000
2019-06-12 12:35:16.845000,1.08337,1.08334,1120000,1000000
2019-06-12 12:35:17.108000,1.08338,1.08336,1120000,1000000
2019-06-12 12:35:17.210000,1.08339,1.08337,1120000,1000000
2019-06-12 12:35:17.493000,1.08341,1.08339,2620000,1870000
2019-06-12 12:35:17.601000,1.08344,1.08342,1500000,1000000
2019-06-12 12:35:17.804000,1.08344,1.0834,2370000,2070000
2019-06-12 12:35:18.157000,1.08341,1.08339,87599998,2820000
2019-06-12 12:35:18.259000,1.08338,1.08336,1000000,2700000
2019-06-12 12:35:18.600000,1.08336,1.08335,1120000,1000000
2019-06-12 12:35:18.702000,1.08336,1.08332,1870000,1600000
2019-06-12 12:35:18.753000,1.08334,1.08332,1000000,1120000
2019-06-12 12:35:19.002000,1.08334,1.08331,1000000,1500000
2019-06-12 12:35:19.104000,1.08336,1.08333,1950000,1620000
2019-06-12 12:35:19.206000,1.08338,1.08334,1950000,3000000
2019-06-12 12:35:19.308000,1.08337,1.08335,1000000,1500000
2019-06-12 12:35:19.410000,1.08331,1.08329,1000000,1000000
2019-06-12 12:35:19.461000,1.08329,1.08327,1000000,1000000
2019-06-12 12:35:19.563000,1.08326,1.08324,106470001,1120000
2019-06-12 12:35:19.614000,1.08324,1.08322,1000000,1000000
2019-06-12 12:35:19.665000,1.08323,1.08321,1000000,2700000
2019-06-12 12:35:19.767000,1.08324,1.08321,1000000,1570000
2019-06-12 12:35:19.920000,1.08324,1.08322,1000000,1000000
2019-06-12 12:35:20.123000,1.08323,1.08321,1000000,2250000
2019-06-12 12:35:20.224000,1.08323,1.08322,1000000,1000000
2019-06-12 12:35:20.326000,1.08323,1.0832,1000000,3000000
2019-06-12 12:35:20.589000,1.08321,1.0832,1000000,1000000
2019-06-12 12:35:20.640000,1.08321,1.08318,1000000,2620000
2019-06-12 12:35:20.742000,1.08321,1.08319,1000000,1000000
2019-06-12 12:35:21.087000,1.08325,1.08321,3450000,1000000
2019-06-12 12:35:21.290000,1.08325,1.08321,1950000,2370000
2019-06-12 12:35:21.672000,1.08325,1.08321,1500000,1000000
2019-06-12 12:35:21.926000,1.08325,1.08321,1000000,1600000
2019-06-12 12:35:22.450000,1.08325,1.08321,1000000,1120000
2019-06-12 12:35:22.551000,1.08325,1.08321,1000000,1950000
2019-06-12 12:35:22.602000,1.08326,1.08323,2070000,1000000
2019-06-12 12:35:22.704000,1.08327,1.08322,1600000,2700000
2019-06-12 12:35:23.175000,1.08327,1.08322,1500000,3850000
2019-06-12 12:35:23.277000,1.08327,1.08322,1620000,2250000
2019-06-12 12:35:23.379000,1.08325,1.08321,3120000,2350000
2019-06-12 12:35:23.481000,1.08323,1.0832,1000000,1870000
2019-06-12 12:35:23.608000,1.08323,1.08321,1000000,1000000
2019-06-12 12:35:24.521000,1.08324,1.0832,1500000,1120000
2019-06-12 12:35:25.375000,1.08323,1.08319,1000000,2250000
2019-06-12 12:35:26.451000,1.08323,1.0832,1000000,1000000
2019-06-12 12:35:26.502000,1.08324,1.08322,1100000,1000000
2019-06-12 12:35:26.604000,1.08326,1.08322,1700000,1000000
2019-06-12 12:35:26.744000,1.08326,1.08322,1570000,1000000
2019-06-12 12:35:26.846000,1.08326,1.08323,1100000,1000000
2019-06-12 12:35:27,1.08325,1.08321,1120000,2250000
2019-06-12 12:35:27.101000,1.08324,1.08321,1600000,1500000
2019-06-12 12:35:27.203000,1.08321,1.08318,4170000,1000000
2019-06-12 12:35:27.318000,1.0832,1.08317,1100000,1000000
2019-06-12 12:35:27.522000,1.08319,1.08316,1120000,1000000
2019-06-12 12:35:27.625000,1.08318,1.08315,3570000,1500000
2019-06-12 12:35:27.748000,1.08317,1.08314,1120000,1500000
2019-06-12 12:35:28.581000,1.08318,1.08314,2450000,1000000
2019-06-12 12:35:29.315000,1.08316,1.08312,1120000,3220000
2019-06-12 12:35:29.416000,1.08316,1.08312,1700000,2250000
2019-06-12 12:35:30.628000,1.08311,1.08309,1000000,1000000
2019-06-12 12:35:30.934000,1.08313,1.0831,1870000,1870000
2019-06-12 12:35:31.038000,1.08313,1.08311,1500000,1120000
2019-06-12 12:35:31.089000,1.08314,1.08313,1000000,1000000
2019-06-12 12:35:31.140000,1.08316,1.08313,1120000,1000000
2019-06-12 12:35:31.445000,1.08317,1.08313,1000000,2450000
2019-06-12 12:35:32.193000,1.08317,1.08313,2000000,1500000
2019-06-12 12:35:34.157000,1.08316,1.08313,2000000,3600000
2019-06-12 12:35:34.506000,1.08314,1.08313,2620000,1000000
2019-06-12 12:35:34.557000,1.08312,1.0831,1120000,1500000
2019-06-12 12:35:34.659000,1.08311,1.08308,3200000,1000000
2019-06-12 12:35:34.711000,1.0831,1.08307,1500000,1500000
2019-06-12 12:35:34.813000,1.08309,1.08307,1620000,1000000
2019-06-12 12:35:34.918000,1.08309,1.08306,1000000,1500000
2019-06-12 12:35:35.021000,1.08306,1.08304,2370000,1000000
2019-06-12 12:35:35.128000,1.08304,1.08302,1000000,1500000
2019-06-12 12:35:35.232000,1.08306,1.08303,1600000,1870000
2019-06-12 12:35:35.590000,1.08307,1.08303,4350000,1620000
2019-06-12 12:35:35.693000,1.08304,1.08302,1000000,2000000
2019-06-12 12:35:35.795000,1.08304,1.08301,3000000,2370000
2019-06-12 12:35:35.897000,1.08303,1.08301,1000000,1120000
2019-06-12 12:35:36.007000,1.08304,1.08301,3470000,2370000
2019-06-12 12:35:36.111000,1.08305,1.08303,1000000,2370000
2019-06-12 12:35:36.213000,1.08307,1.08304,1000000,1500000
2019-06-12 12:35:36.856000,1.08306,1.08304,1000000,1870000
2019-06-12 12:35:37.824000,1.08308,1.08305,4220000,2370000
2019-06-12 12:35:37.977000,1.08308,1.08305,1000000,2370000
2019-06-12 12:35:38.488000,1.0831,1.08309,3000000,1000000
2019-06-12 12:35:38.596000,1.08313,1.08311,1950000,1000000
2019-06-12 12:35:38.699000,1.08311,1.0831,1000000,1000000
2019-06-12 12:35:38.852000,1.08311,1.08308,1000000,4470000
2019-06-12 12:35:40.630000,1.08312,1.0831,1000000,1500000
2019-06-12 12:35:40.681000,1.08313,1.08311,1570000,1000000
2019-06-12 12:35:41.635000,1.08314,1.08311,2700000,1000000
2019-06-12 12:35:43.741000,1.08313,1.0831,1620000,5250000
2019-06-12 12:35:44.298000,1.08313,1.0831,1000000,1000000
2019-06-12 12:35:44.817000,1.08313,1.0831,1620000,1120000
2019-06-12 12:35:45.123000,1.08312,1.08309,1000000,1120000
2019-06-12 12:35:45.225000,1.08312,1.08309,1000000,1500000
2019-06-12 12:35:45.590000,1.08312,1.0831,1000000,1120000
2019-06-12 12:35:45.692000,1.08314,1.08311,4320000,1000000
2019-06-12 12:35:46.687000,1.08314,1.08311,3450000,1000000
2019-06-12 12:35:47.248000,1.08312,1.0831,1000000,1120000
2019-06-12 12:35:47.397000,1.08312,1.08309,1570000,2250000
2019-06-12 12:35:47.500000,1.0831,1.08308,1500000,1000000
2019-06-12 12:35:47.605000,1.08308,1.08307,1000000,1000000
2019-06-12 12:35:47.707000,1.08307,1.08305,1000000,1000000
2019-06-12 12:35:47.759000,1.08308,1.08305,5700000,1000000
2019-06-12 12:35:47.867000,1.08307,1.08305,2600000,1000000
2019-06-12 12:35:47.969000,1.08307,1.08304,1000000,4620000
2019-06-12 12:35:48.858000,1.08306,1.08304,1120000,1500000
2019-06-12 12:35:48.971000,1.08305,1.08303,1000000,1500000
2019-06-12 12:35:49.073000,1.08305,1.08302,1000000,4500000
2019-06-12 12:35:49.175000,1.08305,1.08302,1000000,6870000
2019-06-12 12:35:49.277000,1.08306,1.08303,1950000,1620000
2019-06-12 12:35:50.265000,1.08306,1.08303,1500000,1000000
2019-06-12 12:35:50.367000,1.08307,1.08305,1200000,3750000
2019-06-12 12:35:50.470000,1.08308,1.08306,1200000,1000000
2019-06-12 12:35:50.724000,1.08309,1.08307,1000000,3750000
2019-06-12 12:35:50.826000,1.08311,1.08309,1000000,2370000
2019-06-12 12:35:50.972000,1.08309,1.08307,1200000,1000000
2019-06-12 12:35:51.075000,1.08309,1.08307,1970000,1000000
2019-06-12 12:35:51.178000,1.08307,1.08305,1000000,3750000
2019-06-12 12:35:51.485000,1.08305,1.08304,1000000,1500000
2019-06-12 12:35:51.587000,1.08306,1.08305,1000000,1000000
2019-06-12 12:35:51.689000,1.08306,1.08304,1000000,1120000
2019-06-12 12:35:51.893000,1.08307,1.08304,1200000,2370000
2019-06-12 12:35:52.006000,1.08306,1.08304,1000000,1120000
2019-06-12 12:35:52.614000,1.08305,1.08303,1000000,1120000
2019-06-12 12:35:52.671000,1.08304,1.08301,1000000,6220000
2019-06-12 12:35:52.774000,1.08305,1.08301,1000000,6720000
2019-06-12 12:35:52.875000,1.08298,1.08297,5850000,1000000
2019-06-12 12:35:52.979000,1.08297,1.08295,1000000,1000000
2019-06-12 12:35:53.149000,1.08298,1.08295,1500000,1000000
2019-06-12 12:35:53.200000,1.08296,1.08293,1000000,3370000
2019-06-12 12:35:53.302000,1.08297,1.08295,1620000,1000000
2019-06-12 12:35:53.717000,1.08299,1.08298,1500000,1120000
2019-06-12 12:35:53.769000,1.08305,1.08302,1120000,1000000
2019-06-12 12:35:53.820000,1.08306,1.08303,1000000,1000000
2019-06-12 12:35:54.339000,1.08306,1.08303,1000000,1500000
2019-06-12 12:35:54.491000,1.08307,1.08304,1500000,6370000
2019-06-12 12:35:54.593000,1.08308,1.08304,2320000,4440000
2019-06-12 12:35:55.587000,1.08307,1.08305,1000000,1120000
2019-06-12 12:35:58.576000,1.08298,1.08296,1500000,1500000
2019-06-12 12:35:58.683000,1.08294,1.08293,1500000,1000000
2019-06-12 12:35:58.734000,1.08293,1.08291,3370000,1000000
2019-06-12 12:35:58.836000,1.08294,1.08291,3370000,1000000
2019-06-12 12:35:58.887000,1.08292,1.0829,1000000,4800000
2019-06-12 12:35:58.989000,1.08292,1.08291,1000000,1500000
2019-06-12 12:35:59.247000,1.08295,1.08293,1120000,1120000
2019-06-12 12:35:59.298000,1.08297,1.08294,4200000,1500000
2019-06-12 12:35:59.400000,1.08294,1.08291,1500000,2620000
2019-06-12 12:35:59.503000,1.08293,1.08291,1000000,2250000
2019-06-12 12:36:00.177000,1.08292,1.08291,1000000,1000000
2019-06-12 12:36:00.270000,1.08291,1.08289,1000000,5020000
2019-06-12 12:36:00.797000,1.08293,1.0829,1500000,5400000
2019-06-12 12:36:00.899000,1.08294,1.08292,1000000,2250000
2019-06-12 12:36:00.950000,1.08292,1.0829,1500000,4500000
2019-06-12 12:36:01.369000,1.08292,1.08291,1000000,1000000
2019-06-12 12:36:01.573000,1.08293,1.08292,1000000,1000000
2019-06-12 12:36:01.684000,1.08293,1.0829,1000000,8750000
2019-06-12 12:36:01.888000,1.08291,1.0829,1500000,3370000
2019-06-12 12:36:01.940000,1.08286,1.08284,1000000,6260000
2019-06-12 12:36:02.043000,1.08287,1.08285,2850000,1000000
2019-06-12 12:36:02.146000,1.08283,1.08282,1000000,1000000
2019-06-12 12:36:02.198000,1.08285,1.08283,5100000,1500000
2019-06-12 12:36:02.299000,1.08285,1.08283,1000000,1000000
2019-06-12 12:36:02.401000,1.08285,1.08283,1000000,1870000
2019-06-12 12:36:02.872000,1.08287,1.08284,2370000,1870000
2019-06-12 12:36:04.059000,1.08287,1.08286,1000000,1500000
2019-06-12 12:36:04.111000,1.08293,1.0829,1500000,1000000
2019-06-12 12:36:04.162000,1.08291,1.0829,1000000,2250000
2019-06-12 12:36:04.213000,1.08294,1.08291,1500000,1870000
