time,ask,bid,ask_volume,bid_volume
2021-04-13 12:25:01.856000,1.09464,1.09462,2890000,1000000
2021-04-13 12:25:01.907000,1.09463,1.0946,1000000,4790000
2021-04-13 12:25:02.008000,1.09462,1.09459,1570000,1250000
2021-04-13 12:25:02.396000,1.09463,1.09458,4410000,1000000
2021-04-13 12:25:02.497000,1.0946,1.09458,1100000,1000000
2021-04-13 12:25:02.750000,1.0946,1.09457,1220000,1250000
2021-04-13 12:25:02.903000,1.0946,1.09457,1100000,1250000
2021-04-13 12:25:06.407000,1.09459,1.09456,2320000,1250000
2021-04-13 12:25:06.509000,1.09458,1.09456,1200000,1000000
2021-04-13 12:25:06.975000,1.09457,1.09455,1100000,1000000
2021-04-13 12:25:07.076000,1.09456,1.09455,1000000,1000000
2021-04-13 12:25:07.228000,1.09457,1.09454,1950000,1690000
2021-04-13 12:25:07.329000,1.09457,1.09454,1500000,2950000
2021-04-13 12:25:07.896000,1.09459,1.09455,1870000,2970000
2021-04-13 12:25:07.947000,1.09461,1.09458,4670000,1250000
2021-04-13 12:25:08.048000,1.09461,1.09458,2250000,1010000
2021-04-13 12:25:08.809000,1.0946,1.09458,1250000,1000000
2021-04-13 12:25:08.911000,1.09458,1.09456,4820000,1000000
2021-04-13 12:25:09.013000,1.09457,1.09455,1390000,1000000
2021-04-13 12:25:09.114000,1.09458,1.09455,3820000,1310000
2021-04-13 12:25:12.388000,1.0946,1.09458,1870000,1250000
2021-04-13 12:25:12.489000,1.09461,1.0946,1000000,1000000
2021-04-13 12:25:13.532000,1.09462,1.0946,1000000,1750000
2021-04-13 12:25:13.793000,1.09462,1.0946,1000000,1250000
2021-04-13 12:25:14.605000,1.09463,1.0946,4760000,1000000
2021-04-13 12:25:20.132000,1.09463,1.09458,4370000,1500000
2021-04-13 12:25:20.234000,1.09461,1.09458,4390000,1000000
2021-04-13 12:25:20.539000,1.0946,1.09457,1000000,2440000
2021-04-13 12:25:24.089000,1.09457,1.09455,1000000,1500000
2021-04-13 12:25:24.191000,1.09456,1.09454,1000000,1000000
2021-04-13 12:25:29.558000,1.09457,1.09455,1500000,1250000
2021-04-13 12:25:29.659000,1.09458,1.09456,1000000,1000000
2021-04-13 12:25:29.710000,1.0946,1.09459,2400000,1250000
2021-04-13 12:25:29.761000,1.09461,1.09459,1870000,2510000
2021-04-13 12:25:29.863000,1.09461,1.0946,1000000,2060000
2021-04-13 12:25:29.914000,1.09463,1.09461,1500000,1310000
2021-04-13 12:25:30.886000,1.09463,1.09461,1000000,2290000
2021-04-13 12:25:30.987000,1.09464,1.09461,1870000,2290000
2021-04-13 12:25:31.088000,1.09464,1.09461,1500000,1690000
2021-04-13 12:25:37.175000,1.09463,1.09461,1000000,1250000
2021-04-13 12:25:52.881000,1.09463,1.09461,1000000,2950000
2021-04-13 12:25:52.990000,1.09463,1.09461,1000000,2890000
2021-04-13 12:25:53.478000,1.09464,1.0946,1000000,2950000
2021-04-13 12:25:54.245000,1.09464,1.09461,1500000,2510000
2021-04-13 12:25:54.347000,1.09464,1.09461,1120000,2570000
2021-04-13 12:25:55.071000,1.09464,1.09461,1500000,2510000
2021-04-13 12:25:55.765000,1.09465,1.09463,1500000,2510000
2021-04-13 12:25:55.867000,1.09466,1.09464,1000000,1000000
2021-04-13 12:25:59.051000,1.09466,1.09461,4810000,2320000
2021-04-13 12:26:00.290000,1.09463,1.09462,1000000,1000000
2021-04-13 12:26:05.024000,1.09464,1.0946,1000000,1690000
2021-04-13 12:26:12.121000,1.09462,1.09461,1000000,1690000
2021-04-13 12:26:12.273000,1.09462,1.0946,1120000,1250000
2021-04-13 12:26:12.432000,1.0946,1.09458,1000000,3370000
2021-04-13 12:26:12.483000,1.09461,1.09459,1870000,2390000
2021-04-13 12:26:12.585000,1.09462,1.0946,1500000,1820000
2021-04-13 12:26:20.555000,1.09461,1.09458,8890000,1220000
2021-04-13 12:26:20.606000,1.09457,1.09454,3200000,1500000
2021-04-13 12:26:20.709000,1.09455,1.09453,1000000,1390000
2021-04-13 12:26:28.816000,1.09461,1.09459,1690000,1000000
2021-04-13 12:26:28.918000,1.09461,1.09459,1120000,6700000
2021-04-13 12:26:29.019000,1.09462,1.09459,1000000,5220000
2021-04-13 12:26:29.314000,1.09462,1.0946,1000000,2950000
2021-04-13 12:26:29.416000,1.09464,1.09459,1000000,4470000
2021-04-13 12:26:30.635000,1.09463,1.0946,1000000,1760000
2021-04-13 12:26:30.737000,1.09462,1.09459,1000000,4070000
2021-04-13 12:26:31.091000,1.09462,1.09459,1500000,2510000
2021-04-13 12:26:59.848000,1.09461,1.09459,1120000,1500000
2021-04-13 12:26:59.950000,1.09462,1.09459,2890000,1500000
2021-04-13 12:27:00.102000,1.09461,1.09459,1000000,1500000
2021-04-13 12:27:00.203000,1.0946,1.09457,2440000,2320000
2021-04-13 12:27:01.124000,1.09457,1.09455,1000000,2810000
2021-04-13 12:27:03.031000,1.09459,1.09457,1870000,2810000
2021-04-13 12:27:03.132000,1.09461,1.09456,1000000,3260000
2021-04-13 12:27:03.702000,1.09462,1.09457,2890000,1000000
2021-04-13 12:27:06.255000,1.09462,1.09459,2140000,1000000
2021-04-13 12:27:13.452000,1.09462,1.0946,1390000,1000000
2021-04-13 12:27:23.517000,1.09462,1.0946,1390000,1000000
2021-04-13 12:27:25.724000,1.09462,1.0946,1000000,3250000
2021-04-13 12:27:25.775000,1.09465,1.09461,1870000,1250000
2021-04-13 12:27:25.877000,1.09466,1.09462,1100000,1000000
2021-04-13 12:27:28.103000,1.09466,1.09463,1120000,1250000
2021-04-13 12:27:34.265000,1.09463,1.09461,1310000,1870000
2021-04-13 12:27:34.366000,1.09462,1.0946,1120000,1500000
2021-04-13 12:27:34.467000,1.09461,1.09459,1000000,2810000
2021-04-13 12:27:34.642000,1.09462,1.09459,2620000,2440000
2021-04-13 12:27:38.380000,1.09462,1.09457,1250000,1200000
2021-04-13 12:27:38.482000,1.0946,1.09457,2560000,1570000
2021-04-13 12:27:38.584000,1.0946,1.09457,1000000,3350000
2021-04-13 12:27:40.294000,1.0946,1.09457,2440000,1570000
2021-04-13 12:27:43.048000,1.09459,1.09457,1000000,1000000
2021-04-13 12:27:44.400000,1.09459,1.09455,3190000,3470000
2021-04-13 12:27:45.405000,1.09458,1.09455,1000000,2540000
2021-04-13 12:27:52.363000,1.09457,1.09453,1500000,4970000
2021-04-13 12:27:52.464000,1.09456,1.09453,1500000,1820000
2021-04-13 12:27:52.566000,1.09455,1.09453,1000000,1820000
2021-04-13 12:27:53.512000,1.09459,1.09456,7200000,1760000
2021-04-13 12:27:53.614000,1.0946,1.09456,1000000,1390000
2021-04-13 12:27:54.120000,1.0946,1.09457,1500000,4470000
2021-04-13 12:27:54.222000,1.09461,1.09458,1000000,2540000
2021-04-13 12:27:54.425000,1.09461,1.09457,1000000,1120000
2021-04-13 12:27:57.212000,1.09462,1.09457,1250000,1570000
2021-04-13 12:28:00.496000,1.0946,1.09458,1000000,1120000
2021-04-13 12:28:04.538000,1.0946,1.09458,1000000,1100000
2021-04-13 12:28:12.883000,1.09462,1.0946,1000000,1760000
2021-04-13 12:28:12.985000,1.09464,1.09461,1500000,3630000
2021-04-13 12:28:13.035000,1.09465,1.09461,1760000,4900000
2021-04-13 12:28:13.239000,1.09465,1.09462,1500000,1750000
2021-04-13 12:28:13.340000,1.09465,1.09462,1500000,3280000
2021-04-13 12:28:17.123000,1.09467,1.09462,1500000,1340000
2021-04-13 12:28:17.326000,1.09466,1.09464,1000000,1340000
2021-04-13 12:28:17.579000,1.09466,1.09463,1000000,2900000
2021-04-13 12:28:20.892000,1.09466,1.09465,1000000,1000000
2021-04-13 12:28:22.320000,1.09465,1.09463,1000000,1390000
2021-04-13 12:28:22.796000,1.09465,1.09464,1000000,1000000
2021-04-13 12:28:29.946000,1.09467,1.09463,1500000,1100000
2021-04-13 12:28:35.556000,1.09465,1.09463,1500000,1000000
2021-04-13 12:28:35.859000,1.09465,1.09462,1500000,1010000
2021-04-13 12:28:36.325000,1.09465,1.09462,1500000,2150000
2021-04-13 12:28:36.529000,1.09468,1.09462,2620000,2530000
2021-04-13 12:28:37.645000,1.09467,1.09463,3260000,2320000
2021-04-13 12:28:38.423000,1.09467,1.09464,2320000,1000000
2021-04-13 12:28:38.932000,1.09468,1.09462,3640000,2320000
2021-04-13 12:28:40.326000,1.09467,1.09463,3660000,1500000
2021-04-13 12:28:41.166000,1.09466,1.09463,1970000,1500000
2021-04-13 12:28:46.427000,1.09466,1.09463,1570000,3080000
2021-04-13 12:28:46.528000,1.09468,1.09462,1950000,4280000
2021-04-13 12:28:47.274000,1.09467,1.09463,2350000,3830000
2021-04-13 12:28:47.803000,1.09467,1.09463,1950000,4280000
2021-04-13 12:28:48.548000,1.09467,1.09464,2350000,1030000
2021-04-13 12:28:50.639000,1.09466,1.09463,1010000,2250000
2021-04-13 12:28:55.667000,1.09466,1.09462,1390000,2890000
2021-04-13 12:28:58.001000,1.09467,1.09461,1400000,2890000
2021-04-13 12:28:58.227000,1.09466,1.09462,1260000,3290000
2021-04-13 12:28:59.529000,1.09466,1.09463,1000000,3180000
2021-04-13 12:28:59.630000,1.09468,1.09464,1310000,1410000
2021-04-13 12:28:59.985000,1.09469,1.09464,1310000,1220000
2021-04-13 12:29:00.086000,1.09468,1.09465,1250000,1100000
2021-04-13 12:29:00.137000,1.09469,1.09467,1000000,1760000
2021-04-13 12:29:00.239000,1.09469,1.09466,1500000,1760000
2021-04-13 12:29:01.769000,1.09468,1.09465,2810000,1100000
2021-04-13 12:29:02.822000,1.09467,1.09465,1000000,1010000
2021-04-13 12:29:03.177000,1.09469,1.09465,1000000,1250000
2021-04-13 12:29:05.124000,1.09469,1.09466,1000000,1410000
2021-04-13 12:29:06.395000,1.09469,1.09466,1000000,1010000
2021-04-13 12:29:11.914000,1.09469,1.09468,1000000,1250000
2021-04-13 12:29:12.692000,1.0947,1.09466,1000000,1780000
2021-04-13 12:29:15.461000,1.09469,1.09466,1250000,1200000
2021-04-13 12:29:18.869000,1.09469,1.09465,1690000,2910000
2021-04-13 12:29:20.244000,1.09468,1.09465,1250000,1950000
2021-04-13 12:29:20.346000,1.09467,1.09465,1250000,1000000
2021-04-13 12:29:20.448000,1.09467,1.09464,1690000,1000000
2021-04-13 12:29:20.993000,1.09467,1.09463,1250000,1000000
2021-04-13 12:29:21.145000,1.09466,1.09463,1250000,1500000
2021-04-13 12:29:22.014000,1.09467,1.09463,1690000,2080000
2021-04-13 12:29:23.294000,1.09468,1.09464,1690000,1780000
2021-04-13 12:29:24.425000,1.09469,1.09466,1690000,1000000
2021-04-13 12:29:24.527000,1.09471,1.09467,2140000,2460000
2021-04-13 12:29:24.730000,1.09472,1.09468,1690000,1330000
2021-04-13 12:29:29.748000,1.09474,1.09469,5120000,2270000
2021-04-13 12:29:30.076000,1.09474,1.09468,1370000,1000000
2021-04-13 12:29:30.380000,1.09474,1.09469,2810000,1250000
2021-04-13 12:29:31.587000,1.09474,1.09469,1250000,1280000
2021-04-13 12:29:32.276000,1.09474,1.09468,2120000,2460000
2021-04-13 12:29:32.559000,1.09475,1.09468,2120000,3590000
2021-04-13 12:29:32.661000,1.09475,1.0947,2120000,1000000
2021-04-13 12:29:32.910000,1.09473,1.0947,2440000,1000000
2021-04-13 12:29:33.011000,1.09472,1.0947,1120000,1000000
2021-04-13 12:29:33.113000,1.09473,1.0947,1690000,1000000
2021-04-13 12:29:33.567000,1.09473,1.09469,1690000,1000000
2021-04-13 12:29:33.870000,1.09472,1.09469,1250000,1000000
2021-04-13 12:29:33.972000,1.09472,1.09468,1250000,1120000
2021-04-13 12:29:35.753000,1.09473,1.09468,2440000,1120000
2021-04-13 12:29:36.209000,1.09474,1.0947,1250000,1280000
2021-04-13 12:29:36.311000,1.09475,1.0947,1250000,1330000
2021-04-13 12:29:36.462000,1.09475,1.0947,2500000,1330000
2021-04-13 12:29:36.867000,1.09475,1.0947,2250000,1690000
2021-04-13 12:29:36.969000,1.09478,1.09475,1250000,1330000
2021-04-13 12:29:37.222000,1.09478,1.09474,1250000,1000000
2021-04-13 12:29:37.807000,1.09479,1.09474,1690000,1280000
2021-04-13 12:29:39.104000,1.0948,1.09474,1250000,1000000
2021-04-13 12:29:41.054000,1.0948,1.09474,1750000,2280000
2021-04-13 12:29:43.063000,1.09479,1.09474,1310000,1500000
2021-04-13 12:29:43.165000,1.09477,1.09474,1690000,1000000
2021-04-13 12:29:43.267000,1.09479,1.09473,2060000,1000000
2021-04-13 12:29:43.469000,1.09477,1.09472,1250000,2210000
2021-04-13 12:29:43.571000,1.09474,1.0947,1250000,1000000
2021-04-13 12:29:43.672000,1.09471,1.09468,1310000,1000000
2021-04-13 12:29:43.723000,1.09471,1.09466,1310000,2620000
2021-04-13 12:29:43.825000,1.09472,1.09468,1250000,1000000
2021-04-13 12:29:43.926000,1.09473,1.09468,1250000,1000000
2021-04-13 12:29:44.229000,1.09474,1.09467,1250000,1620000
2021-04-13 12:29:45.095000,1.09472,1.09466,1310000,1620000
2021-04-13 12:29:45.147000,1.0947,1.09465,1000000,2370000
2021-04-13 12:29:45.198000,1.09469,1.09465,1000000,1120000
2021-04-13 12:29:45.400000,1.09469,1.09464,1000000,1870000
2021-04-13 12:29:45.704000,1.09468,1.09463,1000000,1500000
2021-04-13 12:29:46.123000,1.09469,1.09464,1000000,1000000
2021-04-13 12:29:46.831000,1.09469,1.09464,1000000,1620000
2021-04-13 12:29:47.957000,1.09473,1.09464,1670000,1000000
2021-04-13 12:29:48.729000,1.09473,1.09464,1170000,1000000
2021-04-13 12:29:50.749000,1.09474,1.09463,1670000,1000000
2021-04-13 12:29:51.006000,1.09474,1.09465,1000000,1810000
2021-04-13 12:29:51.108000,1.09477,1.09467,1500000,1870000
2021-04-13 12:29:54.194000,1.09479,1.09469,1620000,1000000
2021-04-13 12:29:54.317000,1.0948,1.09468,1120000,1000000
2021-04-13 12:29:55.512000,1.0948,1.09469,1000000,1000000
2021-04-13 12:29:56.044000,1.0948,1.0947,1000000,1000000
2021-04-13 12:29:56.095000,1.0948,1.0947,1000000,1400000
2021-04-13 12:29:56.247000,1.09481,1.09473,1000000,1000000
2021-04-13 12:29:56.298000,1.09483,1.09473,1000000,1000000
2021-04-13 12:29:56.399000,1.09483,1.09474,1000000,1000000
2021-04-13 12:29:56.500000,1.09483,1.09473,1000000,1870000
2021-04-13 12:29:56.602000,1.09484,1.09473,4500000,1870000
2021-04-13 12:29:56.753000,1.09482,1.09473,1000000,1870000
2021-04-13 12:29:57.501000,1.09483,1.09473,1000000,1870000
2021-04-13 12:30:00.266000,1.09476,1.09472,1250000,1490000
2021-04-13 12:30:00.317000,1.0946,1.0945,1250000,1000000
2021-04-13 12:30:00.418000,1.09462,1.09458,1000000,1000000
2021-04-13 12:30:00.469000,1.0946,1.0945,1500000,2940000
2021-04-13 12:30:00.520000,1.0946,1.09457,1120000,1000000
2021-04-13 12:30:00.571000,1.09464,1.09452,1870000,1570000
2021-04-13 12:30:00.874000,1.09466,1.09451,1600000,1100000
2021-04-13 12:30:00.924000,1.09466,1.09456,1000000,1000000
2021-04-13 12:30:01.026000,1.09467,1.09462,1000000,1000000
2021-04-13 12:30:01.076000,1.09474,1.09462,1000000,1000000
2021-04-13 12:30:01.186000,1.09478,1.09458,1000000,1000000
2021-04-13 12:30:01.288000,1.09488,1.09483,1000000,1000000
2021-04-13 12:30:01.338000,1.09495,1.09483,3750000,1500000
2021-04-13 12:30:01.389000,1.09489,1.09485,1000000,1000000
2021-04-13 12:30:01.440000,1.09512,1.09507,3000000,1000000
2021-04-13 12:30:01.491000,1.0952,1.09513,3000000,1370000
2021-04-13 12:30:01.541000,1.09536,1.09527,1000000,1000000
2021-04-13 12:30:01.592000,1.09532,1.09527,1000000,3000000
2021-04-13 12:30:01.693000,1.09543,1.09525,2470000,1500000
2021-04-13 12:30:01.746000,1.09533,1.09527,1000000,1500000
2021-04-13 12:30:01.797000,1.09537,1.09525,1000000,1500000
2021-04-13 12:30:01.855000,1.09534,1.09525,1000000,1500000
2021-04-13 12:30:01.956000,1.09535,1.09526,1000000,1000000
2021-04-13 12:30:02.058000,1.09538,1.09534,1000000,1000000
2021-04-13 12:30:02.108000,1.09541,1.09529,1500000,1000000
2021-04-13 12:30:02.159000,1.09543,1.09536,1480000,1000000
2021-04-13 12:30:02.311000,1.09543,1.09537,1980000,1500000
2021-04-13 12:30:02.412000,1.09542,1.09539,1120000,1120000
2021-04-13 12:30:02.513000,1.09541,1.09536,1000000,3900000
2021-04-13 12:30:02.666000,1.09546,1.09539,1220000,1120000
2021-04-13 12:30:03.179000,1.09544,1.09539,1000000,1620000
2021-04-13 12:30:03.280000,1.09549,1.09539,1120000,3310000
2021-04-13 12:30:03.381000,1.09555,1.09539,1120000,1000000
2021-04-13 12:30:03.432000,1.09555,1.09546,1000000,1120000
2021-04-13 12:30:03.534000,1.0958,1.09577,1120000,1250000
2021-04-13 12:30:03.585000,1.09593,1.09579,1000000,1250000
2021-04-13 12:30:03.636000,1.0959,1.09581,1000000,1000000
2021-04-13 12:30:03.738000,1.09593,1.09585,1050000,1000000
2021-04-13 12:30:03.790000,1.09601,1.09587,1000000,1120000
2021-04-13 12:30:03.891000,1.09602,1.09585,1000000,1120000
2021-04-13 12:30:03.992000,1.09603,1.09585,2000000,1120000
2021-04-13 12:30:04.144000,1.09602,1.09585,2250000,1620000
2021-04-13 12:30:04.195000,1.09599,1.09582,1000000,1120000
2021-04-13 12:30:04.246000,1.09599,1.09582,1000000,2000000
2021-04-13 12:30:04.368000,1.09596,1.09582,1120000,4620000
2021-04-13 12:30:04.419000,1.09596,1.09581,1120000,1380000
2021-04-13 12:30:04.470000,1.09598,1.09582,1500000,1500000
2021-04-13 12:30:04.572000,1.09599,1.09583,1000000,3440000
2021-04-13 12:30:04.673000,1.09601,1.09581,2940000,3000000
2021-04-13 12:30:04.724000,1.096,1.09587,2750000,1000000
2021-04-13 12:30:04.825000,1.096,1.0959,1500000,1000000
2021-04-13 12:30:04.926000,1.09601,1.09589,1500000,1690000
2021-04-13 12:30:04.977000,1.09604,1.09593,1000000,1500000
2021-04-13 12:30:05.078000,1.09602,1.0959,1600000,1250000
2021-04-13 12:30:05.180000,1.09593,1.09584,1500000,1500000
2021-04-13 12:30:05.230000,1.09593,1.09584,1500000,1000000
2021-04-13 12:30:05.281000,1.09597,1.09578,3750000,1620000
2021-04-13 12:30:05.383000,1.09597,1.09578,1000000,1120000
2021-04-13 12:30:05.759000,1.09598,1.0958,1500000,2000000
2021-04-13 12:30:05.911000,1.09597,1.09585,1000000,1500000
2021-04-13 12:30:05.962000,1.09595,1.09581,1000000,1990000
2021-04-13 12:30:06.064000,1.09595,1.09579,1200000,1700000
2021-04-13 12:30:06.115000,1.09596,1.09578,1000000,1500000
2021-04-13 12:30:06.218000,1.09595,1.09577,1000000,1500000
2021-04-13 12:30:06.269000,1.09595,1.09578,2000000,2620000
2021-04-13 12:30:06.370000,1.09596,1.09581,1250000,1500000
2021-04-13 12:30:06.421000,1.09595,1.09578,1500000,1750000
2021-04-13 12:30:06.522000,1.09597,1.09592,1250000,3940000
2021-04-13 12:30:06.624000,1.09599,1.09594,1000000,1000000
2021-04-13 12:30:06.726000,1.09603,1.09585,1120000,4500000
2021-04-13 12:30:06.827000,1.09602,1.09585,1000000,3750000
2021-04-13 12:30:06.929000,1.09603,1.09585,3000000,3750000
2021-04-13 12:30:07.030000,1.09603,1.09585,2370000,1000000
2021-04-13 12:30:07.140000,1.09603,1.09586,3310000,1000000
2021-04-13 12:30:07.241000,1.09592,1.09586,1000000,1000000
2021-04-13 12:30:07.343000,1.09588,1.0958,1000000,4130000
2021-04-13 12:30:07.394000,1.09593,1.0958,1070000,1500000
2021-04-13 12:30:07.597000,1.0959,1.09577,1320000,1000000
2021-04-13 12:30:07.799000,1.09585,1.09575,1500000,1870000
2021-04-13 12:30:07.901000,1.09584,1.09576,1000000,1250000
2021-04-13 12:30:08.002000,1.09585,1.09576,1500000,1000000
2021-04-13 12:30:08.104000,1.09591,1.09576,1630000,1000000
2021-04-13 12:30:08.537000,1.09594,1.09581,2440000,1000000
2021-04-13 12:30:08.639000,1.09594,1.09588,1870000,1000000
2021-04-13 12:30:08.691000,1.09594,1.09585,1870000,1000000
2021-04-13 12:30:08.742000,1.09597,1.09584,1120000,1750000
2021-04-13 12:30:08.844000,1.09598,1.09583,1000000,1750000
2021-04-13 12:30:09.468000,1.09591,1.09582,1000000,2940000
2021-04-13 12:30:09.519000,1.09591,1.0958,1500000,1500000
2021-04-13 12:30:09.620000,1.09591,1.09578,1000000,1750000
2021-04-13 12:30:09.671000,1.09591,1.09583,1120000,1120000
2021-04-13 12:30:09.772000,1.09591,1.09582,1750000,1250000
2021-04-13 12:30:09.874000,1.09585,1.09579,2100000,1000000
2021-04-13 12:30:09.975000,1.09588,1.09579,4170000,1000000
2021-04-13 12:30:10.026000,1.09589,1.09579,1300000,1000000
2021-04-13 12:30:10.279000,1.09589,1.09578,2070000,1000000
2021-04-13 12:30:11.512000,1.09586,1.09575,1750000,3370000
2021-04-13 12:30:11.664000,1.09585,1.09572,2000000,2440000
2021-04-13 12:30:11.765000,1.09585,1.09572,1200000,2940000
2021-04-13 12:30:12.157000,1.09587,1.09573,1570000,1500000
2021-04-13 12:30:12.259000,1.09588,1.09572,1870000,2000000
2021-04-13 12:30:12.909000,1.09587,1.09573,1650000,1500000
2021-04-13 12:30:12.960000,1.09585,1.09573,1150000,1500000
2021-04-13 12:30:13.280000,1.09585,1.09574,1150000,1000000
2021-04-13 12:30:13.432000,1.09577,1.09572,1500000,1500000
2021-04-13 12:30:13.483000,1.09577,1.09565,1500000,1810000
2021-04-13 12:30:13.534000,1.09575,1.0957,1120000,1000000
2021-04-13 12:30:13.585000,1.09585,1.09577,2060000,1500000
2021-04-13 12:30:13.636000,1.09585,1.09579,1120000,2000000
2021-04-13 12:30:13.737000,1.09595,1.09584,1500000,1750000
2021-04-13 12:30:13.788000,1.09595,1.09584,1000000,1750000
2021-04-13 12:30:13.890000,1.09601,1.09585,2940000,1370000
2021-04-13 12:30:13.941000,1.09589,1.09582,3000000,1870000
2021-04-13 12:30:13.992000,1.09597,1.09584,1500000,1370000
2021-04-13 12:30:14.146000,1.09596,1.09584,1000000,1750000
2021-04-13 12:30:14.247000,1.09596,1.09584,1000000,1000000
2021-04-13 12:30:14.348000,1.09596,1.09585,1000000,1250000
2021-04-13 12:30:14.500000,1.09598,1.09585,2000000,1250000
2021-04-13 12:30:14.854000,1.09587,1.09581,1500000,1250000
2021-04-13 12:30:14.905000,1.09579,1.09578,1000000,1250000
2021-04-13 12:30:14.956000,1.09589,1.0958,2720000,1250000
2021-04-13 12:30:15.007000,1.09589,1.09578,2620000,1310000
2021-04-13 12:30:15.058000,1.0959,1.0958,1000000,1250000
2021-04-13 12:30:15.160000,1.09592,1.09581,1500000,1500000
2021-04-13 12:30:15.261000,1.09592,1.09583,1120000,1250000
2021-04-13 12:30:15.312000,1.09592,1.09581,1120000,1250000
2021-04-13 12:30:15.414000,1.09591,1.09579,1870000,1370000
2021-04-13 12:30:15.566000,1.09591,1.0958,2250000,1250000
2021-04-13 12:30:15.871000,1.09591,1.09581,1120000,1500000
2021-04-13 12:30:15.922000,1.09591,1.09583,1000000,1500000
2021-04-13 12:30:16.024000,1.09592,1.09583,1000000,1500000
2021-04-13 12:30:16.176000,1.09596,1.09587,1000000,1250000
2021-04-13 12:30:16.277000,1.09596,1.09587,1500000,1500000
2021-04-13 12:30:16.379000,1.09597,1.09588,3870000,1500000
2021-04-13 12:30:16.480000,1.09597,1.09589,4120000,1250000
2021-04-13 12:30:16.632000,1.09597,1.0959,1120000,1000000
2021-04-13 12:30:16.936000,1.09597,1.09591,1000000,1000000
2021-04-13 12:30:17.132000,1.09597,1.0959,1000000,1000000
2021-04-13 12:30:17.386000,1.096,1.0959,1100000,1310000
2021-04-13 12:30:17.437000,1.09599,1.09591,1000000,1940000
2021-04-13 12:30:17.539000,1.09601,1.09591,3500000,1250000
2021-04-13 12:30:17.691000,1.096,1.09591,1000000,1000000
2021-04-13 12:30:17.793000,1.09599,1.0959,1120000,1000000
2021-04-13 12:30:17.894000,1.09601,1.09598,1500000,1000000
2021-04-13 12:30:17.945000,1.09601,1.09595,1000000,1750000
2021-04-13 12:30:17.996000,1.09603,1.09594,2750000,1000000
2021-04-13 12:30:18.047000,1.09601,1.09592,1120000,1120000
2021-04-13 12:30:18.098000,1.09601,1.09592,1500000,1000000
2021-04-13 12:30:18.200000,1.09597,1.09586,1620000,2370000
2021-04-13 12:30:18.302000,1.09596,1.09586,2000000,1690000
2021-04-13 12:30:18.403000,1.09595,1.09587,1120000,1000000
2021-04-13 12:30:18.555000,1.09595,1.09586,1120000,2060000
2021-04-13 12:30:18.971000,1.09596,1.09586,1120000,1000000
2021-04-13 12:30:19.073000,1.0959,1.09583,1250000,1500000
2021-04-13 12:30:19.174000,1.09591,1.09584,2440000,1000000
2021-04-13 12:30:19.895000,1.09591,1.09583,1500000,1000000
2021-04-13 12:30:20.047000,1.09589,1.09583,1000000,1000000
2021-04-13 12:30:20.150000,1.09588,1.09581,1500000,1250000
2021-04-13 12:30:20.252000,1.09586,1.0958,1500000,1310000
2021-04-13 12:30:20.468000,1.09586,1.09581,1500000,1000000
2021-04-13 12:30:20.519000,1.09589,1.09582,1870000,1250000
2021-04-13 12:30:20.977000,1.09587,1.09581,1500000,1250000
2021-04-13 12:30:21.180000,1.09581,1.09578,1560000,1500000
2021-04-13 12:30:21.231000,1.0958,1.09573,1120000,1620000
2021-04-13 12:30:21.282000,1.09579,1.09574,1500000,1500000
2021-04-13 12:30:21.333000,1.09573,1.09569,1500000,1000000
2021-04-13 12:30:21.384000,1.09571,1.09565,1560000,4500000
2021-04-13 12:30:21.485000,1.0957,1.09562,1000000,1000000
2021-04-13 12:30:21.586000,1.0957,1.09563,2750000,4120000
2021-04-13 12:30:21.689000,1.09568,1.09561,1500000,8250000
2021-04-13 12:30:21.792000,1.09566,1.09561,1250000,7500000
2021-04-13 12:30:21.843000,1.09566,1.09559,1250000,1000000
2021-04-13 12:30:22.200000,1.09562,1.09555,1250000,1400000
2021-04-13 12:30:22.252000,1.09562,1.09553,1250000,1500000
2021-04-13 12:30:22.354000,1.09558,1.09554,1250000,1000000
2021-04-13 12:30:22.457000,1.09557,1.09551,1250000,1000000
2021-04-13 12:30:22.564000,1.09556,1.09548,1250000,1500000
2021-04-13 12:30:22.615000,1.09559,1.09552,1250000,1000000
2021-04-13 12:30:22.716000,1.09559,1.09551,1250000,1050000
2021-04-13 12:30:22.818000,1.09559,1.09552,1250000,1000000
2021-04-13 12:30:22.919000,1.09557,1.09548,1500000,1400000
2021-04-13 12:30:22.970000,1.09557,1.09548,1500000,1500000
2021-04-13 12:30:23.223000,1.09556,1.09548,1500000,1000000
2021-04-13 12:30:23.325000,1.09556,1.09549,1500000,1000000
2021-04-13 12:30:23.830000,1.09555,1.09548,1500000,1000000
2021-04-13 12:30:23.881000,1.09552,1.09544,2370000,1100000
2021-04-13 12:30:23.983000,1.09548,1.09542,1020000,1000000
2021-04-13 12:30:24.034000,1.09544,1.0954,1000000,1000000
2021-04-13 12:30:24.157000,1.09543,1.09539,1500000,1000000
2021-04-13 12:30:24.259000,1.09542,1.09538,1500000,2250000
2021-04-13 12:30:24.310000,1.0954,1.09532,1500000,1000000
2021-04-13 12:30:24.360000,1.0954,1.09535,1500000,1120000
2021-04-13 12:30:24.462000,1.0954,1.09532,1500000,1000000
2021-04-13 12:30:24.944000,1.09539,1.09532,1500000,1000000
2021-04-13 12:30:25.096000,1.0954,1.09532,1750000,1000000
2021-04-13 12:30:25.349000,1.09539,1.09531,1500000,1000000
2021-04-13 12:30:25.451000,1.09537,1.0953,1250000,1000000
2021-04-13 12:30:26.171000,1.09539,1.09531,1500000,1000000
2021-04-13 12:30:26.273000,1.09538,1.09531,1500000,1000000
2021-04-13 12:30:26.993000,1.09537,1.09531,1500000,1000000
2021-04-13 12:30:27.095000,1.09538,1.09529,1940000,1000000
2021-04-13 12:30:27.351000,1.09537,1.0953,1250000,1000000
2021-04-13 12:30:27.453000,1.09538,1.09531,1250000,1000000
2021-04-13 12:30:27.808000,1.09538,1.09531,1940000,1000000
2021-04-13 12:30:27.982000,1.09537,1.0953,1250000,1000000
2021-04-13 12:30:28.455000,1.09537,1.0953,2690000,1000000
2021-04-13 12:30:28.760000,1.09537,1.09531,2500000,1000000
2021-04-13 12:30:29.268000,1.09537,1.0953,1750000,1500000
2021-04-13 12:30:30.143000,1.09536,1.0953,1750000,1000000
2021-04-13 12:30:30.863000,1.09533,1.09527,1390000,1500000
2021-04-13 12:30:30.964000,1.0953,1.09525,2700000,1250000
2021-04-13 12:30:31.066000,1.09528,1.09521,3910000,1600000
2021-04-13 12:30:31.116000,1.09526,1.09521,2140000,1000000
2021-04-13 12:30:31.167000,1.09526,1.09519,3910000,1000000
2021-04-13 12:30:31.219000,1.09525,1.09519,2920000,1000000
2021-04-13 12:30:31.320000,1.09524,1.09518,1590000,4690000
2021-04-13 12:30:33.205000,1.09523,1.09518,1880000,1000000
2021-04-13 12:30:33.307000,1.09518,1.09514,1430000,1000000
2021-04-13 12:30:33.357000,1.09517,1.09512,1250000,1100000
2021-04-13 12:30:33.408000,1.09515,1.0951,1750000,1100000
2021-04-13 12:30:33.560000,1.09513,1.09508,1250000,5320000
2021-04-13 12:30:33.611000,1.0951,1.09507,1000000,7500000
2021-04-13 12:30:33.713000,1.09509,1.09505,1000000,1000000
2021-04-13 12:30:34.187000,1.09507,1.09503,1750000,1130000
2021-04-13 12:30:34.238000,1.09506,1.09501,1690000,1100000
2021-04-13 12:30:34.339000,1.09503,1.095,1250000,1000000
2021-04-13 12:30:34.390000,1.09502,1.09498,1250000,1000000
2021-04-13 12:30:34.492000,1.09502,1.09497,1250000,1100000
2021-04-13 12:30:34.593000,1.09501,1.09496,1000000,1100000
2021-04-13 12:30:34.846000,1.09502,1.09495,1250000,1000000
2021-04-13 12:30:34.998000,1.09499,1.09494,1000000,1570000
2021-04-13 12:30:35.100000,1.09493,1.09491,1940000,1200000
2021-04-13 12:30:35.201000,1.09491,1.09488,1000000,2250000
2021-04-13 12:30:35.253000,1.09491,1.09486,1000000,1500000
2021-04-13 12:30:35.506000,1.0949,1.09486,1250000,1000000
2021-04-13 12:30:35.557000,1.09487,1.09483,1250000,3820000
2021-04-13 12:30:35.659000,1.09487,1.09482,1690000,1000000
2021-04-13 12:30:35.761000,1.09486,1.09482,1250000,1000000
2021-04-13 12:30:35.874000,1.09484,1.09479,1250000,1500000
2021-04-13 12:30:35.976000,1.09483,1.09479,1250000,1500000
2021-04-13 12:30:36.077000,1.09483,1.09478,1250000,1500000
2021-04-13 12:30:36.437000,1.09482,1.09477,1250000,1570000
2021-04-13 12:30:36.589000,1.09483,1.09477,1690000,1570000
2021-04-13 12:30:36.843000,1.09482,1.09477,1000000,1100000
2021-04-13 12:30:36.944000,1.09482,1.09476,1690000,1950000
2021-04-13 12:30:37.147000,1.09481,1.09476,1000000,1000000
2021-04-13 12:30:37.744000,1.09483,1.09475,1690000,1950000
2021-04-13 12:30:38.154000,1.09482,1.09476,1690000,1600000
2021-04-13 12:30:38.256000,1.09481,1.09476,1250000,1200000
2021-04-13 12:30:38.357000,1.0948,1.09476,1250000,1000000
2021-04-13 12:30:38.459000,1.09476,1.09471,1750000,1950000
2021-04-13 12:30:38.662000,1.09475,1.09471,1570000,1300000
2021-04-13 12:30:38.764000,1.0947,1.09466,1690000,2020000
2021-04-13 12:30:38.815000,1.09465,1.09464,1250000,1000000
2021-04-13 12:30:38.866000,1.09464,1.09459,3060000,1720000
2021-04-13 12:30:38.917000,1.09462,1.09458,1250000,1200000
2021-04-13 12:30:39.018000,1.09462,1.09457,1250000,1950000
2021-04-13 12:30:39.119000,1.09462,1.09457,1990000,1200000
2021-04-13 12:30:39.221000,1.09462,1.09457,1180000,1200000
2021-04-13 12:30:39.423000,1.09459,1.09455,1120000,1100000
2021-04-13 12:30:39.525000,1.09458,1.09455,1180000,1200000
2021-04-13 12:30:39.626000,1.09457,1.09453,1250000,1200000
2021-04-13 12:30:39.952000,1.09455,1.09452,1250000,1200000
2021-04-13 12:30:40.104000,1.0945,1.09447,1690000,2450000
2021-04-13 12:30:40.155000,1.09448,1.09446,1320000,1500000
2021-04-13 12:30:40.257000,1.09447,1.09442,1690000,6410000
2021-04-13 12:30:40.308000,1.09446,1.09442,1000000,3970000
2021-04-13 12:30:40.410000,1.09446,1.0944,1690000,4720000
2021-04-13 12:30:40.461000,1.09445,1.0944,2070000,2320000
2021-04-13 12:30:40.816000,1.09445,1.09439,2250000,1200000
2021-04-13 12:30:41.018000,1.09443,1.09437,2200000,2470000
2021-04-13 12:30:41.120000,1.09441,1.09435,1250000,1700000
2021-04-13 12:30:41.205000,1.09438,1.09433,1000000,2290000
2021-04-13 12:30:41.307000,1.09437,1.09431,1000000,1950000
2021-04-13 12:30:41.408000,1.09441,1.09435,3020000,1000000
2021-04-13 12:30:41.510000,1.0944,1.09436,1320000,1200000
2021-04-13 12:30:41.662000,1.09439,1.09434,1250000,1100000
2021-04-13 12:30:41.713000,1.09439,1.09433,1390000,1950000
2021-04-13 12:30:41.814000,1.09437,1.09434,1000000,1000000
2021-04-13 12:30:41.916000,1.09435,1.09429,1390000,2070000
2021-04-13 12:30:42.017000,1.09433,1.09429,1000000,1570000
2021-04-13 12:30:42.169000,1.0943,1.09427,1500000,1000000
2021-04-13 12:30:42.271000,1.09427,1.09423,1250000,1200000
2021-04-13 12:30:42.373000,1.09427,1.09422,1250000,1890000
2021-04-13 12:30:42.424000,1.09428,1.09421,1250000,1390000
2021-04-13 12:30:42.578000,1.09427,1.09421,2010000,2440000
2021-04-13 12:30:42.680000,1.09427,1.09421,1010000,2500000
2021-04-13 12:30:42.782000,1.09426,1.09421,1690000,1250000
2021-04-13 12:30:42.883000,1.09423,1.09421,1000000,1000000
2021-04-13 12:30:42.934000,1.09417,1.09416,1250000,1000000
2021-04-13 12:30:43.036000,1.09416,1.09414,1690000,2250000
2021-04-13 12:30:43.087000,1.09416,1.09411,1690000,3750000
2021-04-13 12:30:43.138000,1.09415,1.0941,1000000,3750000
2021-04-13 12:30:43.189000,1.09414,1.09408,1250000,1570000
2021-04-13 12:30:43.290000,1.09409,1.09404,1000000,3500000
2021-04-13 12:30:43.392000,1.0941,1.09402,2750000,1000000
2021-04-13 12:30:43.443000,1.09407,1.09403,1940000,1000000
2021-04-13 12:30:43.494000,1.09407,1.09401,1250000,1000000
2021-04-13 12:30:43.595000,1.09406,1.09399,1000000,1200000
2021-04-13 12:30:43.697000,1.09411,1.09406,1620000,2330000
2021-04-13 12:30:43.748000,1.09417,1.09411,1010000,1170000
2021-04-13 12:30:43.799000,1.09415,1.0941,1000000,1540000
2021-04-13 12:30:43.901000,1.09417,1.0941,1250000,1170000
2021-04-13 12:30:44.002000,1.09418,1.09413,1000000,1050000
2021-04-13 12:30:44.104000,1.0942,1.09416,1120000,1170000
2021-04-13 12:30:44.205000,1.09421,1.09416,1500000,1170000
2021-04-13 12:30:44.509000,1.09421,1.09415,1000000,2430000
2021-04-13 12:30:44.662000,1.09428,1.09424,3080000,1060000
2021-04-13 12:30:44.713000,1.09432,1.09426,1500000,1000000
2021-04-13 12:30:44.814000,1.09431,1.09427,1000000,1560000
2021-04-13 12:30:44.865000,1.09429,1.09426,1000000,1000000
2021-04-13 12:30:44.916000,1.09428,1.09424,1000000,1540000
2021-04-13 12:30:45.169000,1.09429,1.09424,1250000,1560000
2021-04-13 12:30:45.647000,1.0943,1.09425,1500000,1170000
2021-04-13 12:30:45.749000,1.09435,1.09431,2250000,1310000
2021-04-13 12:30:45.852000,1.09437,1.09429,1000000,1560000
2021-04-13 12:30:45.954000,1.09437,1.09433,2000000,1360000
2021-04-13 12:30:46.055000,1.09437,1.09433,1000000,2310000
2021-04-13 12:30:46.107000,1.09441,1.09437,1000000,1680000
2021-04-13 12:30:46.158000,1.09443,1.09438,1500000,1560000
2021-04-13 12:30:46.260000,1.09443,1.09438,1950000,1000000
2021-04-13 12:30:46.535000,1.09444,1.09437,3600000,1000000
2021-04-13 12:30:47.141000,1.09443,1.09438,1000000,1060000
2021-04-13 12:30:47.192000,1.09447,1.09444,1500000,1000000
2021-04-13 12:30:47.243000,1.0945,1.09446,1500000,1000000
2021-04-13 12:30:47.345000,1.09444,1.09442,1000000,2620000
2021-04-13 12:30:47.446000,1.09445,1.09439,1200000,1000000
2021-04-13 12:30:47.497000,1.09441,1.09437,1000000,1500000
2021-04-13 12:30:47.548000,1.09441,1.09436,1950000,1000000
2021-04-13 12:30:47.599000,1.09439,1.09435,1200000,1000000
2021-04-13 12:30:47.701000,1.09439,1.09434,1200000,1500000
2021-04-13 12:30:48.461000,1.0944,1.09438,1200000,1950000
2021-04-13 12:30:48.563000,1.09442,1.0944,2620000,1250000
2021-04-13 12:30:48.614000,1.09446,1.09443,1000000,1000000
2021-04-13 12:30:48.715000,1.09448,1.09443,1000000,1310000
2021-04-13 12:30:48.868000,1.09449,1.09445,1200000,1250000
2021-04-13 12:30:50.073000,1.09447,1.09443,1000000,6560000
2021-04-13 12:30:50.124000,1.09448,1.09444,1200000,1250000
2021-04-13 12:30:50.226000,1.09447,1.09443,1000000,1560000
2021-04-13 12:30:50.277000,1.09449,1.09444,1100000,1370000
2021-04-13 12:30:50.378000,1.09449,1.09444,1000000,1250000
2021-04-13 12:30:50.480000,1.09448,1.09443,1200000,3060000
2021-04-13 12:30:50.581000,1.09448,1.09443,1200000,1690000
2021-04-13 12:30:50.843000,1.09448,1.09443,1600000,1690000
2021-04-13 12:30:51.551000,1.09448,1.09443,1600000,1370000
2021-04-13 12:30:51.602000,1.0945,1.09446,1100000,2120000
2021-04-13 12:30:51.735000,1.09449,1.09444,1950000,1500000
2021-04-13 12:30:51.786000,1.09446,1.09444,1950000,1000000
2021-04-13 12:30:51.888000,1.09445,1.09441,1200000,1000000
2021-04-13 12:30:52.090000,1.09446,1.09442,1200000,1000000
2021-04-13 12:30:52.192000,1.09447,1.09443,1950000,1000000
2021-04-13 12:30:52.444000,1.09448,1.09444,1950000,1000000
2021-04-13 12:30:53.187000,1.09448,1.09443,2100000,1250000
2021-04-13 12:30:53.289000,1.09447,1.09443,1600000,1250000
2021-04-13 12:30:53.843000,1.09446,1.09443,1600000,1000000
2021-04-13 12:30:53.945000,1.09443,1.09441,1200000,1000000
2021-04-13 12:30:54.046000,1.09444,1.09441,1200000,1250000
2021-04-13 12:30:54.097000,1.09446,1.09444,1000000,1800000
2021-04-13 12:30:54.199000,1.09448,1.09445,1200000,1250000
2021-04-13 12:30:54.300000,1.09448,1.09445,1600000,1000000
2021-04-13 12:30:54.453000,1.09448,1.09444,2850000,1000000
2021-04-13 12:30:54.554000,1.09446,1.09443,1200000,1250000
2021-04-13 12:30:54.918000,1.09446,1.09443,1000000,1320000
2021-04-13 12:30:55.020000,1.09453,1.0945,1100000,1500000
2021-04-13 12:30:55.122000,1.09455,1.09452,1220000,1250000
2021-04-13 12:30:55.223000,1.09455,1.09452,1100000,1000000
2021-04-13 12:30:55.325000,1.09455,1.09452,1220000,1000000
2021-04-13 12:30:56.078000,1.09455,1.09452,1950000,1000000
2021-04-13 12:30:56.179000,1.09454,1.0945,1200000,1000000
2021-04-13 12:30:56.382000,1.09457,1.09456,1000000,1000000
2021-04-13 12:30:56.433000,1.09459,1.09456,1050000,1120000
2021-04-13 12:30:56.484000,1.0946,1.09459,1000000,1000000
2021-04-13 12:30:56.585000,1.09461,1.09459,1000000,1000000
2021-04-13 12:30:56.792000,1.0946,1.09458,1000000,1250000
2021-04-13 12:30:56.894000,1.09459,1.09455,1000000,1560000
2021-04-13 12:30:56.995000,1.09458,1.09455,1000000,1500000
2021-04-13 12:30:57.463000,1.09459,1.09455,1000000,1560000
2021-04-13 12:30:57.938000,1.09459,1.09456,1000000,1250000
2021-04-13 12:30:58.168000,1.09458,1.09455,1000000,1250000
2021-04-13 12:30:58.218000,1.09458,1.09453,2450000,4120000
2021-04-13 12:30:58.320000,1.09456,1.09452,1000000,1250000
2021-04-13 12:30:58.371000,1.09454,1.09451,1500000,1000000
2021-04-13 12:30:58.472000,1.09455,1.09451,1000000,1750000
2021-04-13 12:30:58.624000,1.09456,1.09452,1000000,2310000
2021-04-13 12:30:58.726000,1.09457,1.09453,1000000,1750000
2021-04-13 12:30:58.979000,1.09457,1.09454,1000000,1250000
2021-04-13 12:30:59.030000,1.09459,1.09455,1500000,1250000
2021-04-13 12:30:59.131000,1.0946,1.09455,2250000,1750000
2021-04-13 12:30:59.842000,1.09462,1.09459,1000000,2390000
2021-04-13 12:30:59.944000,1.09466,1.09462,2250000,1690000
2021-04-13 12:30:59.995000,1.09466,1.09464,1000000,1180000
2021-04-13 12:31:00.045000,1.09468,1.09464,1000000,2370000
2021-04-13 12:31:00.111000,1.09472,1.09469,2440000,1320000
2021-04-13 12:31:00.162000,1.09477,1.09474,1690000,1500000
2021-04-13 12:31:00.264000,1.09478,1.09475,1000000,3190000
2021-04-13 12:31:00.366000,1.09478,1.09476,1000000,1690000
2021-04-13 12:31:00.467000,1.09481,1.09477,1500000,1000000
2021-04-13 12:31:00.568000,1.09481,1.09477,1000000,1690000
2021-04-13 12:31:00.670000,1.09481,1.09476,1000000,1000000
2021-04-13 12:31:00.771000,1.09479,1.09475,1000000,1690000
2021-04-13 12:31:00.923000,1.09479,1.09476,1000000,1250000
2021-04-13 12:31:01.025000,1.09477,1.09474,1000000,1000000
2021-04-13 12:31:01.749000,1.09473,1.0947,1000000,5000000
2021-04-13 12:31:01.851000,1.09474,1.09471,1000000,1000000
2021-04-13 12:31:01.902000,1.09472,1.09468,1000000,1250000
2021-04-13 12:31:02.004000,1.09472,1.09467,1000000,2620000
2021-04-13 12:31:02.511000,1.0947,1.09464,1000000,2000000
2021-04-13 12:31:02.613000,1.09467,1.09463,1000000,1500000
2021-04-13 12:31:03.070000,1.09466,1.09462,1000000,1500000
2021-04-13 12:31:03.388000,1.09467,1.09463,1500000,1000000
2021-04-13 12:31:03.490000,1.09468,1.09464,1500000,1000000
2021-04-13 12:31:03.592000,1.09471,1.09467,1500000,1990000
2021-04-13 12:31:03.693000,1.09473,1.09468,2750000,1060000
2021-04-13 12:31:03.946000,1.09473,1.09468,2250000,3850000
2021-04-13 12:31:04.048000,1.09474,1.0947,1000000,1000000
2021-04-13 12:31:04.492000,1.09473,1.0947,1000000,1000000
2021-04-13 12:31:04.644000,1.09474,1.0947,1000000,1000000
2021-04-13 12:31:05.352000,1.09473,1.09469,1500000,1000000
2021-04-13 12:31:05.746000,1.09467,1.09466,1500000,1000000
2021-04-13 12:31:05.847000,1.09467,1.09464,1000000,1000000
2021-04-13 12:31:05.949000,1.0947,1.09465,1500000,1500000
2021-04-13 12:31:06.050000,1.0947,1.09466,1000000,1500000
2021-04-13 12:31:06.152000,1.09471,1.09466,1500000,1690000
2021-04-13 12:31:06.203000,1.09473,1.0947,1500000,1000000
2021-04-13 12:31:06.355000,1.09473,1.0947,1000000,2940000
2021-04-13 12:31:06.406000,1.09477,1.09473,1500000,1000000
2021-04-13 12:31:06.507000,1.09479,1.09473,2250000,3940000
2021-04-13 12:31:06.625000,1.0948,1.09473,1500000,1500000
2021-04-13 12:31:07.030000,1.09479,1.09476,1000000,1000000
2021-04-13 12:31:08.225000,1.09483,1.09476,1500000,3120000
2021-04-13 12:31:09.267000,1.09482,1.09479,1000000,1500000
2021-04-13 12:31:09.520000,1.09484,1.09479,1000000,1500000
2021-04-13 12:31:11.648000,1.09487,1.09484,1000000,1000000
2021-04-13 12:31:11.749000,1.09492,1.0949,1500000,1000000
2021-04-13 12:31:11.800000,1.09494,1.0949,1870000,1500000
2021-04-13 12:31:11.902000,1.09494,1.09491,1000000,1870000
2021-04-13 12:31:12.004000,1.09495,1.09491,1000000,3450000
2021-04-13 12:31:12.459000,1.09491,1.09489,1000000,1500000
2021-04-13 12:31:12.510000,1.09493,1.09489,1000000,2250000
2021-04-13 12:31:12.611000,1.09494,1.09489,1000000,1500000
2021-04-13 12:31:12.713000,1.09494,1.0949,1500000,2120000
2021-04-13 12:31:12.814000,1.09495,1.0949,2250000,4520000
2021-04-13 12:31:13.698000,1.09495,1.0949,3040000,1500000
2021-04-13 12:31:13.901000,1.09495,1.0949,2890000,1500000
2021-04-13 12:31:14.002000,1.09495,1.0949,4790000,1000000
2021-04-13 12:31:14.053000,1.09489,1.09486,1250000,1000000
2021-04-13 12:31:14.113000,1.09485,1.09484,1000000,1000000
2021-04-13 12:31:14.164000,1.09485,1.09482,1690000,1000000
2021-04-13 12:31:14.215000,1.09482,1.09481,1250000,1000000
2021-04-13 12:31:14.265000,1.09483,1.09478,1250000,1000000
2021-04-13 12:31:14.367000,1.09483,1.09479,1500000,1000000
2021-04-13 12:31:14.924000,1.0948,1.09476,1000000,2320000
2021-04-13 12:31:15.127000,1.09474,1.09473,1000000,1000000
2021-04-13 12:31:15.229000,1.09473,1.09471,1000000,1700000
2021-04-13 12:31:15.330000,1.09473,1.09471,1000000,1200000
2021-04-13 12:31:15.431000,1.09473,1.0947,1000000,1200000
2021-04-13 12:31:16.230000,1.09473,1.09469,1000000,4570000
2021-04-13 12:31:16.533000,1.09473,1.0947,1000000,1000000
2021-04-13 12:31:16.788000,1.09468,1.09466,1100000,1000000
2021-04-13 12:31:16.891000,1.09467,1.09465,2950000,1000000
2021-04-13 12:31:16.994000,1.09465,1.09462,1690000,1000000
2021-04-13 12:31:17.973000,1.09465,1.09461,1500000,1000000
2021-04-13 12:31:18.539000,1.09463,1.0946,1000000,1570000
2021-04-13 12:31:18.894000,1.0946,1.09457,1000000,3820000
2021-04-13 12:31:18.995000,1.09455,1.09454,1000000,1690000
2021-04-13 12:31:19.097000,1.09455,1.09451,2570000,1570000
2021-04-13 12:31:19.199000,1.09454,1.0945,1250000,1000000
2021-04-13 12:31:19.249000,1.09454,1.09452,1250000,1000000
2021-04-13 12:31:19.351000,1.09454,1.09452,2500000,1000000
2021-04-13 12:31:19.402000,1.09454,1.0945,2500000,1000000
2021-04-13 12:31:19.504000,1.09452,1.09449,1000000,1000000
2021-04-13 12:31:19.758000,1.09452,1.09448,1000000,2250000
2021-04-13 12:31:19.910000,1.09452,1.09449,1000000,2200000
2021-04-13 12:31:20.062000,1.09454,1.09448,1000000,2500000
2021-04-13 12:31:20.214000,1.09452,1.09449,1000000,2500000
2021-04-13 12:31:20.366000,1.09452,1.09449,1000000,2700000
2021-04-13 12:31:21.029000,1.0945,1.09448,1000000,1970000
2021-04-13 12:31:21.131000,1.09449,1.09447,1000000,1000000
2021-04-13 12:31:22.095000,1.0945,1.09448,1500000,1000000
2021-04-13 12:31:22.197000,1.09452,1.09449,1500000,1500000
2021-04-13 12:31:22.248000,1.09452,1.09451,1000000,1000000
2021-04-13 12:31:22.298000,1.09454,1.09451,1500000,1000000
2021-04-13 12:31:22.400000,1.09454,1.09452,1000000,1000000
2021-04-13 12:31:22.978000,1.09455,1.09453,1000000,1000000
2021-04-13 12:31:23.616000,1.09457,1.09456,1500000,1000000
2021-04-13 12:31:23.717000,1.09458,1.09456,1500000,1000000
2021-04-13 12:31:24.223000,1.09459,1.09457,1000000,1000000
2021-04-13 12:31:24.274000,1.09461,1.0946,1000000,1000000
2021-04-13 12:31:24.325000,1.09463,1.09461,1500000,1000000
2021-04-13 12:31:24.375000,1.09465,1.09463,1500000,1320000
2021-04-13 12:31:24.477000,1.09467,1.09464,2440000,1000000
2021-04-13 12:31:24.580000,1.09465,1.09463,1500000,1950000
2021-04-13 12:31:24.783000,1.09464,1.09463,1000000,1000000
2021-04-13 12:31:24.937000,1.09465,1.09463,1000000,1000000
2021-04-13 12:31:24.988000,1.09459,1.09455,1500000,1500000
2021-04-13 12:31:26.577000,1.09459,1.09456,1000000,1180000
2021-04-13 12:31:27.501000,1.09461,1.09459,1500000,1690000
2021-04-13 12:31:27.602000,1.09464,1.09461,1500000,1000000
2021-04-13 12:31:27.704000,1.09463,1.09461,1000000,1000000
2021-04-13 12:31:27.805000,1.09465,1.09462,2250000,1000000
2021-04-13 12:31:28.981000,1.09466,1.09464,1000000,1000000
2021-04-13 12:31:29.343000,1.0947,1.09467,1500000,1000000
2021-04-13 12:31:29.394000,1.09475,1.09472,1000000,1000000
2021-04-13 12:31:29.496000,1.09476,1.09474,1120000,1000000
2021-04-13 12:31:29.547000,1.09478,1.09475,1000000,1000000
2021-04-13 12:31:29.648000,1.0948,1.09476,1500000,1000000
2021-04-13 12:31:30.046000,1.09478,1.09477,1000000,1000000
2021-04-13 12:31:30.988000,1.09479,1.09477,1000000,1000000
2021-04-13 12:31:32.594000,1.09478,1.09475,1000000,1690000
2021-04-13 12:31:32.721000,1.09477,1.09475,1000000,1000000
2021-04-13 12:31:32.874000,1.09479,1.09476,1500000,1000000
2021-04-13 12:31:33.740000,1.09478,1.09475,1000000,4260000
2021-04-13 12:31:33.841000,1.09477,1.09474,1000000,5240000
2021-04-13 12:31:33.942000,1.09476,1.09474,1000000,2910000
2021-04-13 12:31:34.043000,1.09476,1.09474,1000000,1250000
2021-04-13 12:31:34.986000,1.09477,1.09474,1000000,2990000
2021-04-13 12:31:35.506000,1.09479,1.09475,1000000,1690000
2021-04-13 12:31:35.607000,1.09479,1.09476,1500000,3060000
2021-04-13 12:31:35.709000,1.09483,1.09481,1000000,1000000
2021-04-13 12:31:35.811000,1.09482,1.0948,1000000,1000000
2021-04-13 12:31:35.912000,1.09481,1.0948,1000000,1000000
2021-04-13 12:31:36.118000,1.09482,1.0948,1000000,1000000
2021-04-13 12:31:36.421000,1.09481,1.0948,1000000,1000000
2021-04-13 12:31:36.472000,1.0948,1.09478,1000000,1570000
2021-04-13 12:31:36.573000,1.09481,1.09478,1000000,2700000
2021-04-13 12:31:36.674000,1.0948,1.09478,1000000,1200000
2021-04-13 12:31:36.776000,1.09479,1.09476,1000000,2250000
2021-04-13 12:31:37.401000,1.09477,1.09473,2890000,3000000
2021-04-13 12:31:37.452000,1.09475,1.09472,1000000,1000000
2021-04-13 12:31:37.554000,1.09472,1.0947,1500000,3070000
2021-04-13 12:31:38.662000,1.09474,1.09471,1000000,2950000
2021-04-13 12:31:38.713000,1.09476,1.09473,2250000,1000000
2021-04-13 12:31:38.815000,1.09477,1.09474,2250000,1000000
2021-04-13 12:31:38.916000,1.09478,1.09474,1500000,3920000
2021-04-13 12:31:39.018000,1.09479,1.09476,1500000,1000000
2021-04-13 12:31:39.119000,1.09482,1.09479,2250000,1000000
2021-04-13 12:31:39.170000,1.09484,1.0948,3000000,2700000
2021-04-13 12:31:39.272000,1.09484,1.09481,1500000,3960000
2021-04-13 12:31:39.373000,1.09485,1.09482,1000000,1100000
2021-04-13 12:31:41.293000,1.09486,1.09483,1500000,1000000
2021-04-13 12:31:42.800000,1.09486,1.09484,1000000,1000000
2021-04-13 12:31:42.902000,1.09487,1.09485,1000000,1000000
2021-04-13 12:31:43.155000,1.09486,1.09483,1000000,1950000
2021-04-13 12:31:43.256000,1.09485,1.09483,1000000,1000000
2021-04-13 12:31:43.307000,1.09485,1.09481,1690000,1000000
2021-04-13 12:31:43.358000,1.09483,1.09481,1000000,1000000
2021-04-13 12:31:44.388000,1.09484,1.09482,1000000,1000000
2021-04-13 12:31:45.694000,1.09484,1.09482,1250000,1000000
2021-04-13 12:31:45.796000,1.09482,1.09479,2140000,1970000
2021-04-13 12:31:45.897000,1.0948,1.09478,1000000,1000000
2021-04-13 12:31:46.881000,1.0948,1.09477,1690000,1000000
2021-04-13 12:31:47.275000,1.09479,1.09475,1000000,1000000
2021-04-13 12:31:49.555000,1.09474,1.09473,1000000,1000000
2021-04-13 12:31:49.606000,1.09474,1.09471,3490000,2320000
2021-04-13 12:31:50.152000,1.09473,1.0947,1250000,1000000
2021-04-13 12:31:50.355000,1.09472,1.0947,1000000,1000000
2021-04-13 12:31:50.605000,1.09471,1.09468,1000000,4760000
2021-04-13 12:31:50.807000,1.09472,1.0947,1000000,1000000
2021-04-13 12:31:53.321000,1.09472,1.09469,1500000,1100000
2021-04-13 12:31:57.189000,1.0947,1.09468,1000000,2720000
2021-04-13 12:31:57.291000,1.0947,1.09468,1000000,1000000
2021-04-13 12:31:57.549000,1.09466,1.09465,1250000,1950000
2021-04-13 12:31:57.600000,1.09465,1.09462,1500000,1010000
2021-04-13 12:31:57.651000,1.09463,1.09462,1000000,1000000
2021-04-13 12:31:57.702000,1.09462,1.09459,1000000,1010000
2021-04-13 12:31:57.955000,1.09463,1.09458,1000000,2950000
2021-04-13 12:31:59.146000,1.09463,1.0946,1500000,2140000
2021-04-13 12:31:59.349000,1.09461,1.09459,1000000,1000000
2021-04-13 12:32:00,1.0946,1.09457,2440000,3450000
2021-04-13 12:32:00.102000,1.09458,1.09455,8890000,1600000
2021-04-13 12:32:00.203000,1.09455,1.09453,1000000,2060000
2021-04-13 12:32:00.355000,1.09454,1.09451,1000000,2510000
2021-04-13 12:32:00.406000,1.09452,1.09451,1000000,1000000
2021-04-13 12:32:00.511000,1.09453,1.09451,1000000,1000000
2021-04-13 12:32:00.562000,1.09457,1.09453,3870000,3260000
2021-04-13 12:32:00.664000,1.09457,1.09456,1000000,1500000
2021-04-13 12:32:00.716000,1.0946,1.09457,1000000,1000000
2021-04-13 12:32:00.817000,1.0946,1.09455,1000000,2720000
2021-04-13 12:32:00.919000,1.09459,1.09456,1000000,1950000
2021-04-13 12:32:01.585000,1.09457,1.09452,1250000,1100000
2021-04-13 12:32:01.686000,1.09453,1.09452,1000000,1000000
2021-04-13 12:32:01.737000,1.09453,1.0945,1000000,1250000
2021-04-13 12:32:02.319000,1.09453,1.0945,1000000,4040000
2021-04-13 12:32:02.421000,1.09453,1.09452,1000000,1000000
2021-04-13 12:32:03.093000,1.09454,1.09452,1000000,1000000
2021-04-13 12:32:04.515000,1.09455,1.09452,1000000,3190000
2021-04-13 12:32:05.111000,1.09456,1.09453,1540000,1000000
2021-04-13 12:32:05.418000,1.09456,1.09454,2250000,1250000
2021-04-13 12:32:05.469000,1.09459,1.09457,1000000,1250000
2021-04-13 12:32:05.570000,1.0946,1.09459,1500000,1000000
2021-04-13 12:32:05.672000,1.09461,1.09459,1000000,1000000
2021-04-13 12:32:07.135000,1.09463,1.0946,1000000,1000000
2021-04-13 12:32:07.237000,1.09458,1.09457,1000000,1000000
2021-04-13 12:32:07.338000,1.09458,1.09455,1120000,2910000
2021-04-13 12:32:07.440000,1.09459,1.09454,1120000,1690000
2021-04-13 12:32:07.541000,1.09457,1.09454,1000000,2890000
2021-04-13 12:32:09.025000,1.09458,1.09456,1000000,1250000
2021-04-13 12:32:09.127000,1.09457,1.09455,1000000,1310000
2021-04-13 12:32:10.753000,1.09456,1.09455,1000000,1250000
2021-04-13 12:32:11.187000,1.09457,1.09456,1000000,1250000
2021-04-13 12:32:11.288000,1.09459,1.09457,1000000,2440000
2021-04-13 12:32:11.644000,1.09461,1.09459,1000000,1250000
2021-04-13 12:32:11.745000,1.09464,1.0946,1500000,1250000
2021-04-13 12:32:11.847000,1.09463,1.0946,1000000,3190000
2021-04-13 12:32:12.556000,1.09462,1.0946,1000000,1250000
2021-04-13 12:32:12.945000,1.09462,1.09461,1000000,1250000
2021-04-13 12:32:13.046000,1.09464,1.09462,1000000,1690000
2021-04-13 12:32:13.198000,1.09464,1.09463,1000000,1250000
2021-04-13 12:32:13.664000,1.09466,1.09463,1000000,2440000
2021-04-13 12:32:14.232000,1.09465,1.09462,1000000,4010000
2021-04-13 12:32:14.384000,1.09465,1.0946,1500000,1690000
2021-04-13 12:32:14.485000,1.09463,1.0946,1000000,1250000
2021-04-13 12:32:14.586000,1.09462,1.0946,1000000,1690000
2021-04-13 12:32:14.995000,1.09462,1.09459,1000000,1690000
2021-04-13 12:32:15.147000,1.0946,1.09457,1000000,1100000
2021-04-13 12:32:15.248000,1.09459,1.09456,1000000,1000000
2021-04-13 12:32:15.350000,1.09454,1.09453,1000000,1000000
2021-04-13 12:32:15.452000,1.09453,1.09452,1000000,3000000
2021-04-13 12:32:15.502000,1.09449,1.09447,1000000,1000000
2021-04-13 12:32:15.553000,1.09447,1.09445,1000000,1690000
2021-04-13 12:32:16.009000,1.09447,1.09444,1000000,4840000
2021-04-13 12:32:17.619000,1.09446,1.09443,1000000,1760000
2021-04-13 12:32:17.720000,1.09445,1.09441,1000000,3660000
2021-04-13 12:32:17.822000,1.09444,1.09441,1000000,3190000
2021-04-13 12:32:18.276000,1.09442,1.09439,1500000,1500000
2021-04-13 12:32:18.378000,1.0944,1.09438,3640000,1000000
2021-04-13 12:32:18.430000,1.09437,1.09436,1000000,1000000
2021-04-13 12:32:18.481000,1.09436,1.09434,1000000,3640000
2021-04-13 12:32:18.734000,1.09437,1.09434,1000000,2570000
2021-04-13 12:32:18.785000,1.0944,1.09438,1000000,1250000
2021-04-13 12:32:18.886000,1.09443,1.09441,1500000,2440000
2021-04-13 12:32:19.038000,1.09444,1.09441,1000000,3190000
2021-04-13 12:32:19.493000,1.09447,1.09443,2250000,3190000
2021-04-13 12:32:19.595000,1.09447,1.09444,1000000,1000000
2021-04-13 12:32:19.697000,1.09447,1.09445,1000000,1000000
2021-04-13 12:32:20.257000,1.09448,1.09445,1250000,1000000
2021-04-13 12:32:20.358000,1.09448,1.09446,1000000,2500000
2021-04-13 12:32:20.510000,1.09448,1.09446,1000000,1250000
2021-04-13 12:32:20.662000,1.09449,1.09446,1000000,2500000
2021-04-13 12:32:21.005000,1.09448,1.09446,1000000,1690000
2021-04-13 12:32:21.188000,1.09447,1.09445,1000000,1000000
2021-04-13 12:32:21.289000,1.09445,1.09443,1000000,1500000
2021-04-13 12:32:21.340000,1.09446,1.09443,2890000,1000000
2021-04-13 12:32:21.391000,1.09442,1.09441,1000000,1690000
2021-04-13 12:32:21.492000,1.09442,1.09439,1000000,1970000
2021-04-13 12:32:21.543000,1.09442,1.09438,1000000,4690000
2021-04-13 12:32:22.051000,1.09442,1.09439,1500000,1250000
2021-04-13 12:32:23.720000,1.09441,1.09439,1000000,1250000
2021-04-13 12:32:24.045000,1.09439,1.09437,1000000,1000000
2021-04-13 12:32:24.147000,1.09437,1.09436,1000000,1250000
2021-04-13 12:32:24.248000,1.09437,1.09435,1000000,1250000
2021-04-13 12:32:24.936000,1.09438,1.09433,1000000,1250000
2021-04-13 12:32:25.188000,1.09433,1.09432,1000000,1000000
2021-04-13 12:32:25.239000,1.09432,1.09429,1000000,3500000
2021-04-13 12:32:25.340000,1.09431,1.09429,1000000,2440000
2021-04-13 12:32:26.350000,1.09432,1.0943,1000000,1000000
2021-04-13 12:32:26.900000,1.09431,1.09428,1000000,3190000
2021-04-13 12:32:27.052000,1.0943,1.09427,1000000,3190000
2021-04-13 12:32:27.154000,1.0943,1.09427,2910000,1000000
2021-04-13 12:32:27.306000,1.0943,1.09427,1570000,1250000
2021-04-13 12:32:27.408000,1.0943,1.09428,1000000,1500000
2021-04-13 12:32:27.509000,1.09432,1.09429,1560000,1000000
2021-04-13 12:32:28.278000,1.09433,1.09431,1500000,1310000
2021-04-13 12:32:28.330000,1.09435,1.09433,1000000,3250000
2021-04-13 12:32:28.431000,1.09436,1.09434,1000000,3250000
2021-04-13 12:32:28.482000,1.09439,1.09436,1570000,1000000
2021-04-13 12:32:29.744000,1.09439,1.09435,1060000,1250000
2021-04-13 12:32:30.151000,1.09437,1.09435,1000000,1690000
2021-04-13 12:32:31.361000,1.09441,1.0944,1000000,1500000
2021-04-13 12:32:31.411000,1.09443,1.09441,1120000,1250000
2021-04-13 12:32:32.078000,1.09439,1.09438,1000000,2060000
2021-04-13 12:32:32.130000,1.09438,1.09436,1000000,1690000
2021-04-13 12:32:32.182000,1.09437,1.09435,1000000,1310000
2021-04-13 12:32:33.076000,1.09437,1.09434,1000000,2500000
2021-04-13 12:32:33.178000,1.09441,1.09437,1000000,1310000
2021-04-13 12:32:33.280000,1.09442,1.09441,1500000,1250000
2021-04-13 12:32:33.381000,1.09443,1.09441,1000000,1250000
2021-04-13 12:32:33.584000,1.09444,1.09441,1000000,1690000
2021-04-13 12:32:33.738000,1.09445,1.09443,1500000,1000000
2021-04-13 12:32:33.839000,1.09445,1.09443,1060000,1690000
2021-04-13 12:32:34.296000,1.09446,1.09444,1060000,1000000
2021-04-13 12:32:34.824000,1.09445,1.09443,1240000,1690000
2021-04-13 12:32:34.875000,1.09442,1.09438,1060000,2620000
2021-04-13 12:32:34.978000,1.09439,1.09437,1000000,1310000
2021-04-13 12:32:38.184000,1.09436,1.09431,1500000,1690000
2021-04-13 12:32:38.292000,1.09435,1.09433,2510000,1000000
2021-04-13 12:32:38.394000,1.09435,1.09432,2510000,1000000
2021-04-13 12:32:38.646000,1.09434,1.09431,1500000,1690000
2021-04-13 12:32:38.748000,1.09434,1.09432,1250000,1000000
2021-04-13 12:32:38.850000,1.09435,1.09434,1000000,1250000
2021-04-13 12:32:38.951000,1.09436,1.09433,1000000,2440000
2021-04-13 12:32:39.946000,1.09436,1.09434,1000000,1000000
2021-04-13 12:32:40.503000,1.09434,1.09432,2200000,1120000
2021-04-13 12:32:40.554000,1.09431,1.09428,2070000,1500000
2021-04-13 12:32:40.605000,1.09428,1.09426,1500000,1690000
2021-04-13 12:32:40.706000,1.09427,1.09425,1100000,1000000
2021-04-13 12:32:40.808000,1.09426,1.09424,1000000,1000000
2021-04-13 12:32:41.314000,1.09426,1.09423,1570000,1000000
2021-04-13 12:32:41.825000,1.09427,1.09424,2250000,1000000
2021-04-13 12:32:41.927000,1.09428,1.09426,1000000,1250000
2021-04-13 12:32:43.359000,1.09429,1.09426,1000000,1000000
2021-04-13 12:32:43.700000,1.09429,1.09425,4040000,1000000
2021-04-13 12:32:43.802000,1.09427,1.09424,4670000,1000000
2021-04-13 12:32:43.853000,1.09424,1.09421,1990000,2250000
2021-04-13 12:32:43.955000,1.09423,1.0942,1000000,2440000
2021-04-13 12:32:44.056000,1.09424,1.0942,3560000,2440000
2021-04-13 12:32:44.465000,1.09424,1.09423,1000000,1690000
2021-04-13 12:32:44.516000,1.09426,1.09423,1500000,1690000
2021-04-13 12:32:44.921000,1.09426,1.09421,1000000,3190000
2021-04-13 12:32:45.130000,1.09425,1.0942,1000000,2440000
2021-04-13 12:32:46.920000,1.09421,1.09417,1000000,2810000
2021-04-13 12:32:47.021000,1.09421,1.09418,1500000,1000000
2021-04-13 12:32:47.486000,1.09421,1.09416,1000000,1250000
2021-04-13 12:32:47.587000,1.09417,1.09416,1000000,1250000
2021-04-13 12:32:48.705000,1.09418,1.09416,1570000,1250000
2021-04-13 12:32:49.953000,1.09418,1.09415,1570000,1690000
2021-04-13 12:32:50.003000,1.09415,1.09412,2380000,1870000
2021-04-13 12:32:50.055000,1.09413,1.0941,1000000,3190000
2021-04-13 12:32:51.046000,1.09413,1.09411,1000000,1250000
2021-04-13 12:32:51.148000,1.09415,1.09412,1000000,2440000
2021-04-13 12:32:51.300000,1.09415,1.09414,1000000,1250000
2021-04-13 12:32:51.351000,1.0942,1.09416,3000000,1000000
2021-04-13 12:32:51.453000,1.09421,1.09418,1500000,1000000
2021-04-13 12:32:52.329000,1.09419,1.09416,1000000,1500000
2021-04-13 12:32:52.685000,1.09417,1.09414,2930000,1000000
2021-04-13 12:32:52.787000,1.09416,1.09414,1000000,1000000
2021-04-13 12:32:53.462000,1.09416,1.09413,1500000,1000000
2021-04-13 12:32:53.564000,1.09412,1.0941,1990000,1000000
2021-04-13 12:32:53.665000,1.09411,1.09408,1000000,1690000
2021-04-13 12:32:53.918000,1.09407,1.09405,1870000,2250000
2021-04-13 12:32:54.020000,1.09408,1.09405,1690000,1000000
2021-04-13 12:32:54.526000,1.09409,1.09405,1000000,1000000
2021-04-13 12:32:54.627000,1.09409,1.09406,1500000,1000000
2021-04-13 12:32:55.637000,1.09412,1.09411,1000000,1690000
2021-04-13 12:32:55.688000,1.09414,1.09412,1000000,1250000
2021-04-13 12:32:55.790000,1.09415,1.09412,1950000,1250000
2021-04-13 12:32:56.424000,1.09415,1.09413,1000000,1000000
2021-04-13 12:32:57.032000,1.09418,1.09417,1570000,1690000
2021-04-13 12:32:57.184000,1.09421,1.09418,2370000,1000000
2021-04-13 12:32:57.286000,1.09422,1.09419,1100000,1690000
2021-04-13 12:32:57.337000,1.09423,1.09422,1000000,1000000
2021-04-13 12:32:57.793000,1.09424,1.09422,1500000,1000000
2021-04-13 12:32:57.894000,1.09422,1.09419,1500000,1120000
2021-04-13 12:32:57.995000,1.09421,1.09418,1000000,1690000
2021-04-13 12:32:58.097000,1.09418,1.09416,1200000,1000000
2021-04-13 12:32:58.233000,1.09416,1.09413,1000000,1690000
2021-04-13 12:32:58.284000,1.09414,1.09413,1000000,1250000
2021-04-13 12:32:58.335000,1.09413,1.09411,1000000,1500000
2021-04-13 12:32:58.436000,1.09413,1.09411,1550000,1000000
2021-04-13 12:32:58.537000,1.09413,1.0941,1000000,3060000
2021-04-13 12:32:58.689000,1.09414,1.09412,1000000,1690000
2021-04-13 12:32:58.943000,1.09411,1.09409,1000000,1750000
2021-04-13 12:32:59.044000,1.09411,1.09407,1000000,1250000
2021-04-13 12:32:59.146000,1.09412,1.09409,2200000,1000000
2021-04-13 12:32:59.254000,1.09412,1.0941,1000000,1000000
2021-04-13 12:32:59.356000,1.09413,1.0941,1500000,3620000
2021-04-13 12:32:59.920000,1.09412,1.0941,1000000,1000000
2021-04-13 12:33:00.021000,1.09411,1.09409,1000000,1000000
2021-04-13 12:33:00.124000,1.09414,1.09411,3070000,1690000
2021-04-13 12:33:01.068000,1.09415,1.09411,1500000,1250000
2021-04-13 12:33:01.119000,1.09418,1.09415,2320000,1000000
2021-04-13 12:33:01.271000,1.09418,1.09416,1730000,1000000
2021-04-13 12:33:01.322000,1.09417,1.09414,1000000,2250000
2021-04-13 12:33:01.424000,1.09415,1.09413,1000000,1500000
2021-04-13 12:33:01.844000,1.09414,1.09412,1000000,1000000
2021-04-13 12:33:02.097000,1.09415,1.09413,1000000,2270000
2021-04-13 12:33:02.198000,1.09418,1.09413,1000000,3650000
2021-04-13 12:33:02.300000,1.09418,1.09415,1000000,1250000
2021-04-13 12:33:02.401000,1.09417,1.09414,1000000,2250000
2021-04-13 12:33:02.553000,1.09416,1.09414,1000000,1000000
2021-04-13 12:33:02.604000,1.09415,1.09412,1500000,1000000
2021-04-13 12:33:02.756000,1.09414,1.09411,1000000,1690000
2021-04-13 12:33:03.414000,1.09411,1.09409,1650000,1500000
2021-04-13 12:33:03.465000,1.09409,1.09406,1250000,6940000
2021-04-13 12:33:03.567000,1.09409,1.09407,1180000,1000000
2021-04-13 12:33:03.617000,1.09407,1.09405,1500000,1000000
2021-04-13 12:33:03.669000,1.09406,1.09403,1000000,2440000
2021-04-13 12:33:03.770000,1.09406,1.09404,1000000,2250000
2021-04-13 12:33:03.871000,1.09406,1.09403,1000000,1690000
2021-04-13 12:33:03.973000,1.09406,1.09403,1000000,3620000
2021-04-13 12:33:04.561000,1.09409,1.09407,1000000,1000000
2021-04-13 12:33:04.663000,1.0941,1.09407,1500000,1000000
2021-04-13 12:33:04.866000,1.09413,1.0941,3100000,1000000
2021-04-13 12:33:05.019000,1.09413,1.0941,1000000,2440000
2021-04-13 12:33:05.537000,1.0941,1.09407,1000000,3370000
2021-04-13 12:33:06.134000,1.09409,1.09407,1000000,1000000
2021-04-13 12:33:06.236000,1.09407,1.09405,1000000,1500000
2021-04-13 12:33:06.388000,1.09408,1.09406,1000000,1000000
2021-04-13 12:33:06.540000,1.09407,1.09405,1000000,1870000
2021-04-13 12:33:06.641000,1.09407,1.09405,1000000,2000000
2021-04-13 12:33:06.829000,1.09407,1.09405,1000000,1500000
2021-04-13 12:33:07.849000,1.09408,1.09404,1750000,1000000
2021-04-13 12:33:07.900000,1.09403,1.09401,1000000,1000000
2021-04-13 12:33:07.951000,1.094,1.09396,1000000,5250000
2021-04-13 12:33:08.619000,1.094,1.09397,1000000,1690000
2021-04-13 12:33:09.711000,1.09398,1.09396,1000000,1500000
2021-04-13 12:33:09.812000,1.09397,1.09393,1000000,1000000
2021-04-13 12:33:09.914000,1.09391,1.0939,1000000,3370000
2021-04-13 12:33:09.965000,1.09389,1.09387,1250000,1000000
2021-04-13 12:33:10.067000,1.09388,1.09385,1250000,1500000
2021-04-13 12:33:10.119000,1.09386,1.09383,1000000,2250000
2021-04-13 12:33:10.221000,1.09387,1.09383,1000000,1000000
2021-04-13 12:33:10.323000,1.09389,1.09384,1000000,1000000
2021-04-13 12:33:10.779000,1.09389,1.09388,1000000,1000000
2021-04-13 12:33:10.830000,1.09392,1.09391,1100000,1250000
2021-04-13 12:33:10.881000,1.09394,1.09392,1000000,1000000
2021-04-13 12:33:10.982000,1.09398,1.09397,1000000,1000000
2021-04-13 12:33:11.033000,1.09401,1.09398,2450000,1000000
2021-04-13 12:33:11.135000,1.09401,1.09398,1000000,1500000
2021-04-13 12:33:11.441000,1.09397,1.09394,1000000,3000000
2021-04-13 12:33:11.492000,1.09393,1.09391,1000000,1120000
2021-04-13 12:33:11.595000,1.09391,1.09389,1000000,1000000
2021-04-13 12:33:11.799000,1.09391,1.09387,1000000,4500000
2021-04-13 12:33:11.850000,1.0939,1.09387,1000000,1500000
2021-04-13 12:33:12.356000,1.09388,1.09385,1000000,2620000
2021-04-13 12:33:12.457000,1.09387,1.09385,1000000,1000000
2021-04-13 12:33:12.508000,1.09386,1.09383,1690000,1000000
2021-04-13 12:33:12.610000,1.09385,1.09381,1500000,3000000
2021-04-13 12:33:12.813000,1.09384,1.09381,1000000,2490000
2021-04-13 12:33:12.914000,1.09385,1.09382,1500000,2900000
2021-04-13 12:33:13.117000,1.09387,1.09384,1000000,1690000
2021-04-13 12:33:13.219000,1.0939,1.09387,1000000,2620000
2021-04-13 12:33:13.320000,1.09391,1.09388,1000000,1000000
2021-04-13 12:33:13.982000,1.09389,1.09387,1000000,1000000
2021-04-13 12:33:14.336000,1.09388,1.09384,1690000,5250000
2021-04-13 12:33:14.387000,1.09385,1.09384,1250000,1000000
2021-04-13 12:33:14.438000,1.09384,1.09381,1690000,3370000
2021-04-13 12:33:14.920000,1.09384,1.09381,1000000,3230000
2021-04-13 12:33:15.021000,1.09385,1.09382,1000000,4750000
2021-04-13 12:33:15.271000,1.09388,1.09383,1000000,1690000
2021-04-13 12:33:15.372000,1.09388,1.09385,1200000,1000000
2021-04-13 12:33:16.086000,1.09387,1.09385,1690000,1000000
2021-04-13 12:33:16.137000,1.09386,1.09383,1250000,1000000
2021-04-13 12:33:16.289000,1.09387,1.09385,1000000,1000000
2021-04-13 12:33:16.391000,1.09388,1.09385,1000000,1690000
2021-04-13 12:33:16.957000,1.09387,1.09384,1690000,1000000
2021-04-13 12:33:17.059000,1.09384,1.09382,1000000,1000000
2021-04-13 12:33:18.238000,1.09385,1.09383,1000000,1000000
2021-04-13 12:33:18.390000,1.09387,1.09384,1000000,1690000
2021-04-13 12:33:18.492000,1.09389,1.09386,1000000,2680000
2021-04-13 12:33:18.795000,1.09382,1.0938,1250000,1500000
2021-04-13 12:33:18.846000,1.09379,1.09377,2440000,1000000
2021-04-13 12:33:18.897000,1.09376,1.09374,1000000,1120000
2021-04-13 12:33:18.999000,1.09376,1.09374,1000000,7500000
2021-04-13 12:33:19.050000,1.09373,1.09372,1250000,7500000
2021-04-13 12:33:19.101000,1.0937,1.09369,1000000,1000000
2021-04-13 12:33:19.202000,1.0937,1.09366,1000000,3000000
2021-04-13 12:33:19.556000,1.09371,1.09368,1000000,1500000
2021-04-13 12:33:19.607000,1.09375,1.09374,1500000,1000000
2021-04-13 12:33:19.709000,1.09379,1.09376,1100000,1500000
2021-04-13 12:33:19.760000,1.0938,1.09378,1970000,1000000
2021-04-13 12:33:19.810000,1.09381,1.09378,1000000,2490000
2021-04-13 12:33:20.332000,1.09384,1.09381,1570000,2570000
2021-04-13 12:33:20.585000,1.09382,1.0938,1000000,1000000
2021-04-13 12:33:20.686000,1.09382,1.09379,1000000,2250000
2021-04-13 12:33:20.788000,1.09379,1.09376,1000000,1740000
2021-04-13 12:33:21.496000,1.09378,1.09375,1000000,1000000
2021-04-13 12:33:23.115000,1.09377,1.09374,1000000,1500000
2021-04-13 12:33:23.217000,1.09378,1.09372,2440000,1870000
2021-04-13 12:33:23.319000,1.09374,1.09372,1000000,1000000
2021-04-13 12:33:23.370000,1.09374,1.0937,2440000,7500000
2021-04-13 12:33:23.471000,1.09374,1.09369,1690000,1000000
2021-04-13 12:33:23.522000,1.09371,1.09368,1000000,1500000
2021-04-13 12:33:23.674000,1.0937,1.09368,1000000,1000000
2021-04-13 12:33:24.260000,1.09375,1.09373,2250000,1120000
2021-04-13 12:33:24.361000,1.09377,1.09374,4500000,1500000
2021-04-13 12:33:24.463000,1.09378,1.09375,4500000,1000000
2021-04-13 12:33:26.832000,1.09375,1.09372,1000000,2250000
2021-04-13 12:33:26.934000,1.09373,1.09371,1000000,2250000
2021-04-13 12:33:27.137000,1.09371,1.09368,1000000,2440000
2021-04-13 12:33:27.289000,1.09372,1.09369,1000000,2620000
2021-04-13 12:33:29.181000,1.09374,1.09371,1000000,2250000
2021-04-13 12:33:29.283000,1.09375,1.09372,1500000,2440000
2021-04-13 12:33:29.689000,1.09373,1.09372,1000000,1000000
2021-04-13 12:33:29.790000,1.09373,1.09371,1000000,1870000
2021-04-13 12:33:31.560000,1.09373,1.09369,1950000,3370000
2021-04-13 12:33:31.928000,1.09372,1.09369,1000000,1870000
2021-04-13 12:33:32.599000,1.09369,1.09367,1000000,1870000
2021-04-13 12:33:33.141000,1.09367,1.09365,1000000,1950000
2021-04-13 12:33:33.293000,1.09366,1.09364,1000000,1500000
2021-04-13 12:33:33.394000,1.09364,1.09362,1000000,2440000
2021-04-13 12:33:33.445000,1.09362,1.09361,1000000,1500000
2021-04-13 12:33:33.648000,1.0936,1.09358,3450000,3300000
2021-04-13 12:33:33.749000,1.09357,1.09355,1000000,3000000
2021-04-13 12:33:34.003000,1.09361,1.09356,1000000,1310000
2021-04-13 12:33:34.104000,1.0936,1.09358,1000000,1180000
2021-04-13 12:33:34.408000,1.09358,1.09356,1000000,2250000
2021-04-13 12:33:34.509000,1.09358,1.09356,1000000,1500000
2021-04-13 12:33:34.611000,1.09361,1.09358,1000000,3250000
2021-04-13 12:33:34.662000,1.0936,1.09358,1000000,2440000
2021-04-13 12:33:34.763000,1.09362,1.09359,1000000,3390000
2021-04-13 12:33:34.865000,1.09362,1.0936,1000000,2310000
2021-04-13 12:33:34.966000,1.09365,1.09363,1000000,1310000
2021-04-13 12:33:35.067000,1.09363,1.09361,1000000,2500000
2021-04-13 12:33:35.169000,1.09362,1.09359,1000000,4440000
2021-04-13 12:33:35.271000,1.09359,1.09357,1000000,1870000
2021-04-13 12:33:35.322000,1.09358,1.09356,1000000,1000000
2021-04-13 12:33:35.423000,1.09358,1.09353,1000000,1870000
2021-04-13 12:33:35.525000,1.09354,1.09352,1000000,8810000
2021-04-13 12:33:35.707000,1.09353,1.09351,1000000,2250000
2021-04-13 12:33:35.808000,1.09352,1.09351,1000000,1000000
2021-04-13 12:33:36.455000,1.09351,1.09349,1000000,2020000
2021-04-13 12:33:36.977000,1.09353,1.09351,1000000,1200000
2021-04-13 12:33:37.079000,1.09353,1.09351,1000000,1120000
2021-04-13 12:33:37.181000,1.09351,1.09349,1000000,1270000
2021-04-13 12:33:37.550000,1.09353,1.09351,1000000,1650000
2021-04-13 12:33:37.651000,1.09354,1.09351,1500000,2400000
2021-04-13 12:33:37.763000,1.09354,1.09352,1000000,1500000
2021-04-13 12:33:37.918000,1.09354,1.09351,1000000,2250000
2021-04-13 12:33:38.019000,1.09354,1.09351,3670000,1870000
2021-04-13 12:33:38.121000,1.0935,1.09349,1000000,2060000
2021-04-13 12:33:38.223000,1.09347,1.09345,1000000,1320000
2021-04-13 12:33:38.425000,1.09341,1.09339,1250000,1000000
2021-04-13 12:33:38.476000,1.09341,1.09337,1500000,2700000
2021-04-13 12:33:38.527000,1.09343,1.0934,1000000,3820000
2021-04-13 12:33:38.578000,1.09348,1.09347,1000000,1000000
2021-04-13 12:33:38.629000,1.0935,1.09347,1000000,1000000
2021-04-13 12:33:38.680000,1.09352,1.09348,1500000,4090000
2021-04-13 12:33:39.455000,1.09351,1.09348,1500000,1000000
2021-04-13 12:33:39.505000,1.09349,1.09348,1000000,1000000
2021-04-13 12:33:39.556000,1.09345,1.09343,1000000,4250000
2021-04-13 12:33:39.659000,1.09345,1.09343,1500000,1000000
2021-04-13 12:33:40.909000,1.09345,1.09342,1500000,3000000
2021-04-13 12:33:41.010000,1.09345,1.09343,1500000,1000000
2021-04-13 12:33:41.162000,1.09345,1.09342,1500000,3000000
2021-04-13 12:33:41.923000,1.09343,1.09341,1000000,1580000
2021-04-13 12:33:42.126000,1.09345,1.09341,1000000,3190000
2021-04-13 12:33:42.405000,1.09344,1.09343,1000000,1000000
2021-04-13 12:33:42.507000,1.09345,1.09343,1000000,1690000
2021-04-13 12:33:42.766000,1.09345,1.09344,1000000,1250000
2021-04-13 12:33:42.868000,1.0935,1.09347,3000000,3620000
2021-04-13 12:33:42.969000,1.09351,1.0935,1500000,1000000
2021-04-13 12:33:43.020000,1.09353,1.09351,1500000,2320000
2021-04-13 12:33:43.122000,1.09355,1.09352,1500000,1000000
2021-04-13 12:33:43.224000,1.09354,1.09351,1000000,3750000
2021-04-13 12:33:43.427000,1.09354,1.09352,1000000,2810000
2021-04-13 12:33:43.478000,1.09356,1.09354,1500000,1000000
2021-04-13 12:33:43.680000,1.09357,1.09355,1000000,1000000
2021-04-13 12:33:43.731000,1.09358,1.09355,1500000,1200000
2021-04-13 12:33:43.833000,1.0936,1.09355,1500000,1500000
2021-04-13 12:33:43.934000,1.09359,1.09355,1000000,3190000
2021-04-13 12:33:43.985000,1.0936,1.09357,1500000,1000000
2021-04-13 12:33:44.087000,1.0936,1.09355,1500000,1740000
2021-04-13 12:33:44.726000,1.09362,1.09361,1000000,1320000
2021-04-13 12:33:44.828000,1.09364,1.09361,2250000,1740000
2021-04-13 12:33:44.929000,1.09363,1.09361,1000000,1740000
2021-04-13 12:33:45.031000,1.09362,1.0936,1690000,1000000
2021-04-13 12:33:45.132000,1.0936,1.09358,1000000,1000000
2021-04-13 12:33:45.234000,1.09359,1.09356,1500000,2250000
2021-04-13 12:33:45.335000,1.09359,1.09355,1500000,4390000
2021-04-13 12:33:45.540000,1.0936,1.09358,1000000,1690000
2021-04-13 12:33:45.642000,1.09361,1.09358,1500000,1690000
2021-04-13 12:33:46.375000,1.09359,1.09355,1000000,3750000
2021-04-13 12:33:46.476000,1.09358,1.09355,1000000,1500000
2021-04-13 12:33:46.679000,1.09357,1.09354,1000000,1950000
2021-04-13 12:33:47.261000,1.09355,1.09352,1000000,4420000
2021-04-13 12:33:47.362000,1.09353,1.09351,1000000,1000000
2021-04-13 12:33:47.464000,1.09353,1.0935,1000000,2250000
2021-04-13 12:33:47.718000,1.09352,1.0935,1000000,1500000
2021-04-13 12:33:48.569000,1.09354,1.09352,1500000,1250000
2021-04-13 12:33:48.672000,1.09357,1.09354,2100000,2440000
2021-04-13 12:33:48.774000,1.09357,1.09355,1000000,1000000
2021-04-13 12:33:49.072000,1.09358,1.09355,1500000,1000000
2021-04-13 12:33:49.446000,1.09357,1.09354,1500000,1500000
2021-04-13 12:33:49.497000,1.09356,1.09352,1500000,4120000
2021-04-13 12:33:49.600000,1.09353,1.09352,1000000,1000000
2021-04-13 12:33:49.702000,1.09353,1.09351,1000000,1000000
2021-04-13 12:33:49.855000,1.09353,1.09352,1000000,1000000
2021-04-13 12:33:49.957000,1.09353,1.09351,1000000,1000000
2021-04-13 12:33:50.161000,1.09355,1.09351,1500000,1000000
2021-04-13 12:33:50.263000,1.09355,1.09352,1000000,2440000
2021-04-13 12:33:50.365000,1.09356,1.09353,1500000,1000000
2021-04-13 12:33:50.466000,1.09356,1.09352,1500000,3190000
2021-04-13 12:33:50.787000,1.09356,1.09354,1000000,1000000
2021-04-13 12:33:50.889000,1.09359,1.09356,1690000,1500000
2021-04-13 12:33:50.990000,1.09362,1.09357,1000000,2490000
2021-04-13 12:33:51.091000,1.09363,1.0936,2250000,1000000
2021-04-13 12:33:52.374000,1.09361,1.09359,1000000,3190000
2021-04-13 12:33:52.678000,1.09361,1.09358,1000000,1500000
2021-04-13 12:33:52.779000,1.0936,1.09358,1000000,1000000
2021-04-13 12:33:52.881000,1.09358,1.09355,1000000,1500000
2021-04-13 12:33:52.982000,1.09357,1.09354,1000000,3140000
2021-04-13 12:33:53.084000,1.09356,1.09353,1000000,1000000
2021-04-13 12:33:53.185000,1.09354,1.0935,1000000,1000000
2021-04-13 12:33:53.287000,1.09352,1.0935,1000000,1740000
2021-04-13 12:33:53.388000,1.09353,1.09351,1000000,1500000
2021-04-13 12:33:53.647000,1.09353,1.0935,1000000,1500000
2021-04-13 12:33:53.749000,1.0935,1.09348,1000000,3190000
2021-04-13 12:33:53.901000,1.09351,1.09348,1000000,2010000
2021-04-13 12:33:54.003000,1.09352,1.09349,1500000,1320000
2021-04-13 12:33:54.104000,1.09352,1.0935,1500000,1000000
2021-04-13 12:33:54.256000,1.09353,1.09351,1000000,1000000
2021-04-13 12:33:54.307000,1.09354,1.09352,1000000,1000000
2021-04-13 12:33:54.459000,1.09353,1.09351,1250000,1000000
2021-04-13 12:33:54.561000,1.09353,1.09349,1690000,1320000
2021-04-13 12:33:54.663000,1.09352,1.0935,1000000,1000000
2021-04-13 12:33:54.714000,1.0935,1.09348,1000000,1320000
2021-04-13 12:33:54.815000,1.09349,1.09344,1000000,3440000
2021-04-13 12:33:54.866000,1.09347,1.09345,1000000,1870000
2021-04-13 12:33:54.968000,1.09346,1.09344,1000000,1000000
2021-04-13 12:33:55.069000,1.09347,1.09346,1000000,2440000
2021-04-13 12:33:55.171000,1.09349,1.09348,1000000,1140000
2021-04-13 12:33:55.272000,1.0935,1.09347,1000000,3070000
2021-04-13 12:33:55.374000,1.09349,1.09348,1000000,1250000
2021-04-13 12:33:55.475000,1.09349,1.09346,1500000,1690000
2021-04-13 12:33:55.627000,1.09349,1.09347,1000000,1390000
2021-04-13 12:33:55.729000,1.0935,1.09347,1250000,1390000
2021-04-13 12:33:55.830000,1.09352,1.09347,1000000,3640000
2021-04-13 12:33:56.033000,1.09352,1.09348,1000000,2890000
2021-04-13 12:33:56.292000,1.09349,1.09347,1000000,3000000
2021-04-13 12:33:56.494000,1.09349,1.09347,1000000,3190000
2021-04-13 12:33:56.697000,1.09349,1.09348,1000000,1250000
2021-04-13 12:33:56.799000,1.0935,1.09348,1000000,2250000
2021-04-13 12:33:57.052000,1.09349,1.09347,1000000,1500000
2021-04-13 12:33:57.255000,1.09349,1.09347,1000000,2440000
2021-04-13 12:33:57.365000,1.09349,1.09347,1000000,1500000
2021-04-13 12:33:57.467000,1.09349,1.09346,1000000,2440000
2021-04-13 12:33:57.772000,1.09351,1.09347,1500000,3020000
2021-04-13 12:33:57.873000,1.09351,1.09348,1000000,2160000
2021-04-13 12:33:58.281000,1.09354,1.09353,1000000,1130000
2021-04-13 12:33:58.383000,1.09356,1.09354,1000000,1870000
2021-04-13 12:33:58.484000,1.09355,1.09353,1000000,1000000
2021-04-13 12:33:58.535000,1.09354,1.09352,1000000,1500000
2021-04-13 12:33:58.637000,1.09354,1.09351,1000000,1500000
2021-04-13 12:33:59.041000,1.09353,1.09351,1000000,1000000
2021-04-13 12:33:59.193000,1.09354,1.09351,1000000,2570000
2021-04-13 12:33:59.345000,1.09355,1.09353,1000000,1000000
2021-04-13 12:33:59.453000,1.09355,1.09353,1000000,1000000
2021-04-13 12:33:59.554000,1.09355,1.09351,1000000,1000000
2021-04-13 12:34:00.046000,1.09356,1.09352,1500000,1690000
2021-04-13 12:34:00.149000,1.09355,1.09352,1500000,1000000
2021-04-13 12:34:00.757000,1.09355,1.09353,1000000,1250000
2021-04-13 12:34:00.858000,1.09357,1.09355,1000000,1000000
2021-04-13 12:34:00.960000,1.09358,1.09356,1000000,1000000
2021-04-13 12:34:01.062000,1.09359,1.09356,2440000,1000000
2021-04-13 12:34:01.467000,1.09359,1.09356,1500000,1750000
2021-04-13 12:34:01.569000,1.09359,1.09356,1500000,1250000
2021-04-13 12:34:01.822000,1.09356,1.09355,1000000,1000000
2021-04-13 12:34:01.873000,1.09355,1.09352,1500000,2810000
2021-04-13 12:34:02.025000,1.09355,1.09354,1000000,1000000
2021-04-13 12:34:02.076000,1.09357,1.09354,1500000,1250000
2021-04-13 12:34:02.127000,1.09358,1.09356,1000000,1600000
2021-04-13 12:34:02.229000,1.0936,1.09358,1000000,1600000
2021-04-13 12:34:02.280000,1.09362,1.0936,1100000,1000000
2021-04-13 12:34:02.381000,1.09364,1.09362,1500000,1000000
2021-04-13 12:34:03.175000,1.09365,1.09362,3190000,1000000
2021-04-13 12:34:03.580000,1.09365,1.09363,1500000,1000000
2021-04-13 12:34:04.140000,1.09368,1.09366,2440000,1000000
2021-04-13 12:34:04.241000,1.09369,1.09367,2890000,1000000
2021-04-13 12:34:04.344000,1.09368,1.09365,1000000,2620000
2021-04-13 12:34:05.533000,1.09367,1.09364,2440000,1000000
2021-04-13 12:34:05.635000,1.09366,1.09363,2250000,1000000
2021-04-13 12:34:06.112000,1.09364,1.09362,1500000,1000000
2021-04-13 12:34:06.213000,1.09361,1.0936,1000000,1250000
2021-04-13 12:34:06.264000,1.09361,1.09358,1870000,1690000
2021-04-13 12:34:06.315000,1.09359,1.09357,1000000,1250000
2021-04-13 12:34:06.467000,1.09359,1.09356,1500000,1000000
2021-04-13 12:34:06.568000,1.09358,1.09356,1000000,1000000
2021-04-13 12:34:06.670000,1.09358,1.09355,1000000,1500000
2021-04-13 12:34:07.088000,1.09355,1.09353,1000000,3000000
2021-04-13 12:34:07.190000,1.09353,1.09352,1000000,1000000
2021-04-13 12:34:07.241000,1.09353,1.0935,1000000,2810000
2021-04-13 12:34:07.292000,1.09354,1.09352,1500000,1310000
2021-04-13 12:34:07.394000,1.09356,1.09354,1000000,1000000
2021-04-13 12:34:07.495000,1.09358,1.09356,1000000,1000000
2021-04-13 12:34:07.601000,1.09361,1.09356,2890000,1000000
2021-04-13 12:34:07.703000,1.0936,1.09358,1000000,1000000
2021-04-13 12:34:08.253000,1.09359,1.09357,1000000,1000000
2021-04-13 12:34:08.852000,1.09362,1.09357,1000000,1690000
2021-04-13 12:34:09.055000,1.09362,1.0936,1500000,1000000
2021-04-13 12:34:10.455000,1.09363,1.0936,2440000,1000000
2021-04-13 12:34:10.607000,1.09364,1.09362,1000000,1750000
2021-04-13 12:34:10.658000,1.09368,1.09366,2940000,1000000
2021-04-13 12:34:10.759000,1.0937,1.09368,1000000,1000000
2021-04-13 12:34:10.861000,1.09371,1.09369,1000000,1000000
2021-04-13 12:34:11.013000,1.09372,1.09369,1500000,1130000
2021-04-13 12:34:11.439000,1.09371,1.09368,1000000,4030000
2021-04-13 12:34:12.379000,1.09371,1.09368,1000000,1500000
2021-04-13 12:34:12.784000,1.09367,1.09366,1250000,1000000
2021-04-13 12:34:12.835000,1.09365,1.09364,1000000,1500000
2021-04-13 12:34:12.937000,1.09365,1.09363,1000000,1000000
2021-04-13 12:34:13.038000,1.09364,1.09362,1000000,2440000
2021-04-13 12:34:13.418000,1.09363,1.09361,1000000,1000000
2021-04-13 12:34:13.520000,1.09361,1.09359,1000000,1000000
2021-04-13 12:34:13.621000,1.0936,1.09357,1000000,2250000
2021-04-13 12:34:13.776000,1.0936,1.09356,1500000,2440000
2021-04-13 12:34:14.079000,1.0936,1.09357,1500000,1000000
2021-04-13 12:34:14.181000,1.0936,1.09356,1500000,2440000
2021-04-13 12:34:15.025000,1.0936,1.09356,1500000,3160000
2021-04-13 12:34:15.076000,1.0936,1.09359,1000000,1000000
2021-04-13 12:34:15.127000,1.09362,1.0936,1000000,2440000
2021-04-13 12:34:15.178000,1.09364,1.09362,2250000,1000000
2021-04-13 12:34:15.279000,1.09366,1.09363,1500000,1000000
2021-04-13 12:34:15.987000,1.09367,1.09363,3190000,2250000
2021-04-13 12:34:16.357000,1.09368,1.09367,1000000,1000000
2021-04-13 12:34:16.408000,1.09371,1.09368,2250000,1500000
2021-04-13 12:34:16.510000,1.09372,1.09369,1000000,2230000
2021-04-13 12:34:16.611000,1.09372,1.0937,1000000,2250000
2021-04-13 12:34:16.713000,1.09375,1.0937,1500000,1000000
2021-04-13 12:34:18.472000,1.09376,1.09373,3450000,1250000
2021-04-13 12:34:18.776000,1.09373,1.09372,1690000,1500000
2021-04-13 12:34:18.827000,1.09372,1.09369,1000000,1870000
2021-04-13 12:34:18.929000,1.09372,1.0937,1000000,1000000
2021-04-13 12:34:18.979000,1.09374,1.09371,1950000,3850000
2021-04-13 12:34:19.081000,1.09374,1.09372,1000000,1000000
2021-04-13 12:34:19.182000,1.09374,1.09371,1000000,4780000
2021-04-13 12:34:19.284000,1.09375,1.0937,1000000,5670000
2021-04-13 12:34:19.409000,1.09373,1.09371,1000000,2330000
2021-04-13 12:34:19.561000,1.09375,1.09372,1500000,1500000
2021-04-13 12:34:20.171000,1.09373,1.09372,1000000,1000000
2021-04-13 12:34:20.682000,1.09373,1.0937,1000000,2440000
2021-04-13 12:34:20.985000,1.09374,1.09371,1500000,1140000
2021-04-13 12:34:21.087000,1.09375,1.09373,1500000,1000000
2021-04-13 12:34:22.786000,1.09375,1.09371,1000000,1000000
2021-04-13 12:34:23.339000,1.09373,1.09371,1690000,1000000
2021-04-13 12:34:24.367000,1.09373,1.09368,3430000,1000000
2021-04-13 12:34:24.519000,1.09372,1.09367,1500000,1000000
2021-04-13 12:34:26.946000,1.09369,1.09367,1310000,1000000
2021-04-13 12:34:27.098000,1.09368,1.09366,1000000,1000000
2021-04-13 12:34:27.351000,1.09366,1.09363,1000000,3370000
2021-04-13 12:34:28.371000,1.09365,1.09362,2440000,1000000
2021-04-13 12:34:29.998000,1.09365,1.09363,1000000,1500000
2021-04-13 12:34:30.252000,1.09366,1.09363,2440000,1500000
2021-04-13 12:34:30.353000,1.09367,1.09365,1570000,1000000
2021-04-13 12:34:31.152000,1.09367,1.09364,1690000,1000000
2021-04-13 12:34:31.253000,1.09365,1.09364,1000000,1000000
2021-04-13 12:34:31.507000,1.09366,1.09364,1500000,1000000
2021-04-13 12:34:31.608000,1.09367,1.09366,1100000,1000000
2021-04-13 12:34:31.710000,1.09368,1.09367,1000000,1000000
2021-04-13 12:34:31.811000,1.09369,1.09368,1000000,1000000
2021-04-13 12:34:33.033000,1.09371,1.09367,1500000,1000000
2021-04-13 12:34:34.224000,1.09372,1.0937,1500000,1420000
2021-04-13 12:34:34.326000,1.09373,1.0937,1950000,1690000
2021-04-13 12:34:34.478000,1.09374,1.09371,2250000,1000000
2021-04-13 12:34:34.984000,1.09372,1.0937,1500000,1500000
2021-04-13 12:34:35.136000,1.09371,1.09369,1500000,1000000
2021-04-13 12:34:35.237000,1.09371,1.09368,1500000,1870000
2021-04-13 12:34:35.565000,1.09372,1.09369,2440000,1500000
2021-04-13 12:34:36.580000,1.09371,1.09369,1000000,1000000
2021-04-13 12:34:38.102000,1.09371,1.09368,1500000,1500000
2021-04-13 12:34:38.556000,1.09371,1.09366,1500000,2810000
2021-04-13 12:34:38.657000,1.09371,1.09367,1000000,1000000
2021-04-13 12:34:38.813000,1.09373,1.09372,1200000,1000000
2021-04-13 12:34:38.915000,1.09376,1.09374,1200000,1000000
2021-04-13 12:34:39.016000,1.09378,1.09375,2100000,1000000
2021-04-13 12:34:39.067000,1.09378,1.09375,1500000,1000000
2021-04-13 12:34:39.279000,1.09379,1.09376,1000000,1000000
2021-04-13 12:34:39.380000,1.09382,1.0938,1870000,1000000
2021-04-13 12:34:40.038000,1.09382,1.09379,1500000,1500000
2021-04-13 12:34:40.291000,1.09383,1.09381,1570000,1000000
2021-04-13 12:34:40.393000,1.09384,1.09381,1500000,1000000
2021-04-13 12:34:40.646000,1.09386,1.09384,1200000,1000000
2021-04-13 12:34:40.748000,1.09387,1.09386,1000000,1000000
2021-04-13 12:34:40.849000,1.09388,1.09386,1000000,1000000
2021-04-13 12:34:41.607000,1.09383,1.09382,1000000,2620000
2021-04-13 12:34:41.709000,1.09383,1.09381,1180000,1000000
2021-04-13 12:34:43.782000,1.09381,1.09378,1000000,2250000
2021-04-13 12:34:44.188000,1.09383,1.0938,1000000,1000000
2021-04-13 12:34:44.290000,1.09383,1.09381,1000000,1000000
2021-04-13 12:34:48.184000,1.09387,1.09385,1870000,1420000
2021-04-13 12:34:48.285000,1.09389,1.09385,3000000,4410000
2021-04-13 12:34:48.716000,1.09385,1.09382,1000000,2750000
2021-04-13 12:34:48.817000,1.09383,1.0938,1000000,1570000
2021-04-13 12:34:49.173000,1.09383,1.09377,1500000,7570000
2021-04-13 12:34:49.275000,1.09382,1.09377,1000000,2620000
2021-04-13 12:34:50.980000,1.0938,1.09377,1000000,6940000
2021-04-13 12:34:53.287000,1.09377,1.09375,1000000,2250000
2021-04-13 12:34:53.388000,1.09378,1.09373,1690000,1000000
2021-04-13 12:34:53.490000,1.09376,1.09373,1000000,1500000
2021-04-13 12:34:53.642000,1.09372,1.09371,1000000,1000000
2021-04-13 12:34:53.693000,1.09372,1.09369,1000000,3940000
2021-04-13 12:34:54.250000,1.09373,1.09369,3370000,1500000
2021-04-13 12:34:54.352000,1.09371,1.09367,1000000,1000000
2021-04-13 12:34:55.539000,1.09368,1.09366,1000000,2060000
2021-04-13 12:34:55.643000,1.09366,1.09365,1690000,1000000
2021-04-13 12:34:55.694000,1.09366,1.09362,1000000,1500000
2021-04-13 12:34:55.998000,1.09367,1.09365,1870000,1250000
2021-04-13 12:34:56.099000,1.0937,1.09367,2510000,1000000
2021-04-13 12:34:56.201000,1.09371,1.09368,3810000,1000000
2021-04-13 12:34:57.531000,1.09368,1.09366,1000000,1690000
2021-04-13 12:34:57.632000,1.09368,1.09364,1000000,1000000
2021-04-13 12:34:57.734000,1.09367,1.09364,1000000,2440000
2021-04-13 12:34:59.818000,1.09367,1.09363,1000000,1500000
2021-04-13 12:34:59.919000,1.09361,1.09359,1000000,2440000
2021-04-13 12:35:00.958000,1.09359,1.09357,1000000,1500000
2021-04-13 12:35:01.059000,1.0936,1.09357,2440000,2250000
2021-04-13 12:35:01.161000,1.09363,1.09362,1120000,1690000
2021-04-13 12:35:01.213000,1.09365,1.09363,1000000,1250000
2021-04-13 12:35:01.734000,1.09369,1.09367,1870000,2440000
2021-04-13 12:35:01.836000,1.0937,1.09369,1000000,1000000
2021-04-13 12:35:01.887000,1.09369,1.09367,1000000,2620000
2021-04-13 12:35:03.930000,1.09372,1.09368,1000000,1000000
2021-04-13 12:35:04.032000,1.09372,1.09369,1500000,1500000
2021-04-13 12:35:04.868000,1.09374,1.09372,1500000,1390000
2021-04-13 12:35:04.918000,1.09377,1.09375,1000000,1690000
2021-04-13 12:35:04.969000,1.09378,1.09375,1870000,2440000
2021-04-13 12:35:05.071000,1.09376,1.09374,1000000,1000000
2021-04-13 12:35:05.172000,1.09375,1.09373,1000000,1250000
2021-04-13 12:35:06.419000,1.09374,1.09372,1000000,1250000
2021-04-13 12:35:06.470000,1.09373,1.0937,1250000,3070000
2021-04-13 12:35:06.572000,1.09372,1.0937,1000000,1000000
2021-04-13 12:35:06.673000,1.09372,1.09369,1000000,1690000
2021-04-13 12:35:08.085000,1.09373,1.09371,1000000,3450000
2021-04-13 12:35:08.186000,1.09375,1.09371,1000000,2440000
2021-04-13 12:35:08.287000,1.09375,1.09372,1000000,1500000
2021-04-13 12:35:08.740000,1.09376,1.09373,1500000,2890000
2021-04-13 12:35:08.943000,1.09376,1.09372,1820000,1000000
2021-04-13 12:35:08.994000,1.09373,1.09371,1500000,1000000
2021-04-13 12:35:09.095000,1.09373,1.0937,1870000,1000000
2021-04-13 12:35:09.247000,1.09371,1.09369,1000000,2440000
2021-04-13 12:35:09.349000,1.09369,1.09367,1000000,1000000
2021-04-13 12:35:09.450000,1.09369,1.09366,1000000,3260000
2021-04-13 12:35:11.972000,1.09369,1.09364,4010000,2250000
2021-04-13 12:35:12.093000,1.09365,1.09363,2940000,1000000
2021-04-13 12:35:12.245000,1.09364,1.09361,1000000,2440000
2021-04-13 12:35:13.565000,1.09366,1.09362,4010000,2440000
2021-04-13 12:35:13.615000,1.09366,1.09364,1500000,1250000
2021-04-13 12:35:13.717000,1.09367,1.09364,3000000,1250000
2021-04-13 12:35:13.870000,1.09368,1.09365,3940000,1000000
2021-04-13 12:35:15.974000,1.09369,1.09368,1120000,1690000
2021-04-13 12:35:16.025000,1.09371,1.09369,3070000,1000000
2021-04-13 12:35:16.683000,1.09372,1.0937,1000000,1000000
2021-04-13 12:35:16.835000,1.09373,1.09372,1000000,1000000
2021-04-13 12:35:16.936000,1.09374,1.09372,1000000,1690000
2021-04-13 12:35:16.987000,1.09377,1.09375,3820000,1000000
2021-04-13 12:35:17.392000,1.09375,1.09373,1500000,1690000
2021-04-13 12:35:17.495000,1.09373,1.09371,1000000,1000000
2021-04-13 12:35:17.596000,1.09372,1.0937,1000000,1000000
2021-04-13 12:35:20.407000,1.09372,1.09369,1000000,1500000
2021-04-13 12:35:20.918000,1.09371,1.09369,1000000,1000000
2021-04-13 12:35:21.577000,1.09368,1.09367,1000000,1000000
2021-04-13 12:35:21.628000,1.09367,1.09365,1740000,1000000
2021-04-13 12:35:21.679000,1.09363,1.09361,1000000,1250000
2021-04-13 12:35:21.731000,1.0936,1.09358,1000000,4690000
2021-04-13 12:35:21.832000,1.09355,1.09353,1000000,2060000
2021-04-13 12:35:21.934000,1.09352,1.09351,1000000,2060000
2021-04-13 12:35:22.190000,1.09353,1.09352,1250000,1000000
2021-04-13 12:35:22.291000,1.09354,1.09352,2060000,1500000
2021-04-13 12:35:22.444000,1.09355,1.09352,3880000,1000000
2021-04-13 12:35:22.699000,1.09354,1.09352,1250000,1000000
2021-04-13 12:35:22.801000,1.09355,1.09352,3880000,1000000
2021-04-13 12:35:23.104000,1.09354,1.09352,1250000,1000000
2021-04-13 12:35:23.680000,1.09355,1.09352,3190000,1000000
2021-04-13 12:35:23.841000,1.09359,1.09357,1500000,1000000
2021-04-13 12:35:23.942000,1.09361,1.09359,2440000,1000000
2021-04-13 12:35:24.044000,1.09362,1.09359,3190000,1000000
2021-04-13 12:35:24.145000,1.09362,1.0936,1000000,1690000
2021-04-13 12:35:24.196000,1.09365,1.09362,3190000,1500000
2021-04-13 12:35:24.298000,1.09365,1.09364,1250000,1000000
2021-04-13 12:35:24.348000,1.09367,1.09365,3940000,1000000
2021-04-13 12:35:24.450000,1.09366,1.09365,1000000,1000000
2021-04-13 12:35:24.652000,1.09368,1.09364,1690000,1000000
2021-04-13 12:35:25.638000,1.09368,1.09365,2440000,1000000
2021-04-13 12:35:26.675000,1.09369,1.09366,1010000,1500000
2021-04-13 12:35:26.726000,1.0937,1.09368,2910000,1000000
2021-04-13 12:35:26.827000,1.09371,1.09368,1000000,1500000
2021-04-13 12:35:26.929000,1.09372,1.09369,1010000,1500000
2021-04-13 12:35:27.847000,1.09372,1.09368,1250000,1500000
2021-04-13 12:35:27.898000,1.0937,1.09366,4240000,4870000
2021-04-13 12:35:28,1.09369,1.09367,1200000,1000000
2021-04-13 12:35:28.102000,1.09371,1.09367,2210000,1000000
2021-04-13 12:35:28.304000,1.09371,1.09368,2440000,1500000
2021-04-13 12:35:28.716000,1.09369,1.09367,3260000,1000000
2021-04-13 12:35:28.767000,1.09368,1.09366,1000000,1000000
2021-04-13 12:35:29.071000,1.0937,1.09367,1720000,3560000
2021-04-13 12:35:29.122000,1.09371,1.09369,1250000,1500000
2021-04-13 12:35:29.224000,1.09372,1.09369,3640000,1500000
2021-04-13 12:35:29.477000,1.09372,1.09368,1000000,1000000
2021-04-13 12:35:30.885000,1.0937,1.09367,1690000,1500000
2021-04-13 12:35:30.986000,1.09371,1.09368,3260000,1500000
2021-04-13 12:35:31.292000,1.0937,1.09368,1250000,1000000
2021-04-13 12:35:31.343000,1.09368,1.09365,1200000,2330000
2021-04-13 12:35:31.445000,1.09367,1.09365,1000000,1000000
2021-04-13 12:35:31.546000,1.09366,1.09364,1000000,1000000
2021-04-13 12:35:31.648000,1.09366,1.09363,1000000,1500000
2021-04-13 12:35:32.052000,1.09366,1.09362,2890000,2250000
2021-04-13 12:35:33.488000,1.09365,1.09362,4010000,1250000
2021-04-13 12:35:33.539000,1.09362,1.09361,1000000,1250000
2021-04-13 12:35:33.590000,1.09362,1.09359,2700000,1120000
2021-04-13 12:35:33.692000,1.09361,1.09359,1000000,1250000
2021-04-13 12:35:33.793000,1.09361,1.09358,1000000,1500000
2021-04-13 12:35:34.802000,1.09364,1.09362,2330000,1000000
2021-04-13 12:35:34.904000,1.09365,1.09364,1000000,1000000
2021-04-13 12:35:35.005000,1.09366,1.09364,1000000,1000000
2021-04-13 12:35:35.107000,1.09367,1.09364,1690000,1000000
2021-04-13 12:35:35.916000,1.09369,1.09367,1000000,1000000
2021-04-13 12:35:36.018000,1.09371,1.09366,1000000,2440000
2021-04-13 12:35:36.424000,1.09368,1.09365,1200000,2500000
2021-04-13 12:35:36.525000,1.09368,1.09365,1950000,1250000
2021-04-13 12:35:36.829000,1.09367,1.09364,1690000,1000000
2021-04-13 12:35:36.930000,1.09367,1.09362,1000000,1690000
2021-04-13 12:35:37.195000,1.09367,1.09364,2250000,1250000
2021-04-13 12:35:37.297000,1.09369,1.09364,1500000,1250000
2021-04-13 12:35:37.398000,1.09369,1.09367,2140000,1000000
2021-04-13 12:35:37.500000,1.0937,1.09367,3190000,1000000
2021-04-13 12:35:38.398000,1.09371,1.09368,1000000,1250000
2021-04-13 12:35:38.499000,1.09372,1.0937,2510000,1000000
2021-04-13 12:35:38.853000,1.09374,1.09369,3190000,1000000
2021-04-13 12:35:40.023000,1.09373,1.09371,1690000,1000000
2021-04-13 12:35:40.719000,1.09374,1.09371,2250000,1000000
2021-04-13 12:35:40.820000,1.09376,1.09374,2780000,1500000
2021-04-13 12:35:40.922000,1.09376,1.09373,3260000,1500000
2021-04-13 12:35:41.175000,1.09375,1.09373,1250000,1000000
2021-04-13 12:35:41.276000,1.09374,1.09372,1200000,1000000
2021-04-13 12:35:42.336000,1.09373,1.09371,1000000,1250000
2021-04-13 12:35:42.438000,1.09371,1.09369,1930000,2250000
2021-04-13 12:35:42.540000,1.09368,1.09367,1500000,2060000
2021-04-13 12:35:42.594000,1.09367,1.09364,1000000,1500000
2021-04-13 12:35:42.696000,1.09368,1.09365,2620000,2250000
2021-04-13 12:35:42.747000,1.09369,1.09367,1100000,1000000
2021-04-13 12:35:42.848000,1.0937,1.09367,3190000,1500000
2021-04-13 12:35:43.253000,1.09369,1.09367,1250000,1000000
2021-04-13 12:35:43.354000,1.09367,1.09365,1500000,1000000
2021-04-13 12:35:43.456000,1.09367,1.09364,2250000,1500000
2021-04-13 12:35:44.561000,1.09364,1.09361,1000000,4370000
2021-04-13 12:35:44.662000,1.09361,1.09359,1500000,1500000
2021-04-13 12:35:44.764000,1.09363,1.0936,4390000,1000000
2021-04-13 12:35:44.815000,1.09361,1.0936,1250000,1000000
2021-04-13 12:35:44.916000,1.09363,1.09361,1250000,1500000
2021-04-13 12:35:44.968000,1.09364,1.09361,1500000,1500000
2021-04-13 12:35:45.119000,1.09365,1.09362,2250000,1690000
2021-04-13 12:35:45.221000,1.09364,1.09361,1500000,1870000
2021-04-13 12:35:45.323000,1.09361,1.09359,1000000,1250000
2021-04-13 12:35:45.424000,1.09361,1.09358,1000000,3190000
2021-04-13 12:35:47.015000,1.0936,1.09357,1000000,2250000
2021-04-13 12:35:48.257000,1.09361,1.09357,2250000,3940000
2021-04-13 12:35:48.762000,1.09361,1.09359,2250000,1000000
2021-04-13 12:35:48.864000,1.09365,1.09363,1600000,1000000
2021-04-13 12:35:48.965000,1.09366,1.09363,1690000,1500000
2021-04-13 12:35:50.279000,1.09366,1.09363,1500000,3620000
2021-04-13 12:35:50.381000,1.09368,1.09367,1000000,1000000
2021-04-13 12:35:50.483000,1.0937,1.09367,1690000,1500000
2021-04-13 12:35:50.584000,1.09371,1.09366,2500000,1500000
2021-04-13 12:35:51.140000,1.09368,1.09365,3640000,1500000
2021-04-13 12:35:51.191000,1.09367,1.09363,3690000,3190000
2021-04-13 12:35:51.243000,1.09364,1.09363,1000000,1250000
2021-04-13 12:35:51.344000,1.09364,1.09362,1500000,1000000
2021-04-13 12:35:51.547000,1.09365,1.09362,1000000,1000000
2021-04-13 12:35:51.649000,1.09365,1.09363,1000000,1000000
2021-04-13 12:35:52.166000,1.09366,1.09364,1500000,1000000
2021-04-13 12:35:52.268000,1.09368,1.09366,1000000,2440000
2021-04-13 12:35:52.369000,1.09369,1.09366,1250000,1500000
2021-04-13 12:35:52.420000,1.09368,1.09364,3130000,7690000
2021-04-13 12:35:52.521000,1.09368,1.09363,1000000,2440000
2021-04-13 12:35:52.726000,1.09369,1.09367,1570000,2440000
2021-04-13 12:35:53.181000,1.09371,1.09369,1000000,1000000
2021-04-13 12:35:53.283000,1.09372,1.09369,1500000,2250000
2021-04-13 12:35:54.924000,1.09372,1.0937,1500000,1250000
2021-04-13 12:35:55.026000,1.09375,1.09372,2160000,1500000
2021-04-13 12:35:55.077000,1.09376,1.09372,3190000,1870000
2021-04-13 12:35:55.128000,1.09376,1.09374,3430000,1000000
2021-04-13 12:35:55.843000,1.09376,1.09373,2490000,1000000
2021-04-13 12:35:56.300000,1.09373,1.09372,1000000,1000000
2021-04-13 12:35:56.350000,1.09369,1.09368,1500000,5060000
2021-04-13 12:35:56.401000,1.09368,1.09365,1500000,3190000
2021-04-13 12:35:56.504000,1.09366,1.09364,1000000,1690000
2021-04-13 12:35:56.606000,1.09365,1.09364,1000000,1000000
2021-04-13 12:35:57.807000,1.09368,1.09366,1000000,3250000
2021-04-13 12:35:57.909000,1.0937,1.09367,1970000,1690000
2021-04-13 12:35:58.010000,1.0937,1.09367,1500000,1690000
2021-04-13 12:35:59.760000,1.09368,1.09366,1000000,1690000
2021-04-13 12:36:00.168000,1.09367,1.09364,1000000,4000000
2021-04-13 12:36:01.141000,1.09368,1.09366,1000000,1000000
2021-04-13 12:36:01.243000,1.09369,1.09366,1000000,3190000
2021-04-13 12:36:01.344000,1.09369,1.09367,1000000,1000000
2021-04-13 12:36:02.272000,1.09369,1.09366,1000000,3940000
2021-04-13 12:36:02.424000,1.09367,1.09364,1500000,1750000
2021-04-13 12:36:02.526000,1.09367,1.09362,1000000,2500000
2021-04-13 12:36:02.729000,1.09366,1.09363,1500000,1250000
2021-04-13 12:36:03.416000,1.09364,1.09361,2250000,1310000
2021-04-13 12:36:03.517000,1.09361,1.09359,1000000,1000000
2021-04-13 12:36:03.619000,1.09361,1.09358,1000000,1690000
2021-04-13 12:36:04.074000,1.0936,1.09358,1690000,1000000
2021-04-13 12:36:04.175000,1.09358,1.09356,1000000,1690000
2021-04-13 12:36:04.327000,1.09359,1.09356,1500000,1250000
2021-04-13 12:36:04.429000,1.09357,1.09354,1000000,1000000
2021-04-13 12:36:04.480000,1.09355,1.09353,1000000,1090000
2021-04-13 12:36:04.581000,1.09355,1.09352,1000000,1690000
2021-04-13 12:36:05.726000,1.09358,1.09357,3370000,1250000
2021-04-13 12:36:05.828000,1.09359,1.09357,1500000,3810000
2021-04-13 12:36:06.284000,1.09363,1.0936,3660000,2490000
2021-04-13 12:36:06.386000,1.09364,1.09359,1000000,4430000
2021-04-13 12:36:06.725000,1.09364,1.09361,1500000,1690000
2021-04-13 12:36:06.776000,1.09366,1.09363,1950000,1690000
2021-04-13 12:36:06.980000,1.09364,1.09362,1000000,1500000
2021-04-13 12:36:07.134000,1.09363,1.09361,1000000,1690000
2021-04-13 12:36:08.904000,1.09365,1.09362,1000000,4240000
2021-04-13 12:36:09.005000,1.09366,1.09363,1570000,3250000
2021-04-13 12:36:10.145000,1.09366,1.09364,1000000,2500000
2021-04-13 12:36:10.246000,1.09368,1.09366,1100000,3250000
2021-04-13 12:36:10.297000,1.0937,1.09368,1000000,1500000
2021-04-13 12:36:10.399000,1.09369,1.09367,1000000,1000000
2021-04-13 12:36:10.684000,1.09368,1.09364,1000000,4000000
2021-04-13 12:36:11.013000,1.09366,1.09365,1000000,1000000
2021-04-13 12:36:11.114000,1.09366,1.09364,1000000,1690000
2021-04-13 12:36:11.519000,1.09365,1.09363,1000000,1690000
2021-04-13 12:36:12.395000,1.09363,1.09361,1000000,3000000
2021-04-13 12:36:12.547000,1.09363,1.09359,1000000,2440000
2021-04-13 12:36:13.257000,1.09361,1.09359,1000000,1250000
2021-04-13 12:36:13.358000,1.0936,1.09358,1000000,1750000
2021-04-13 12:36:14.171000,1.09363,1.09361,1500000,2500000
2021-04-13 12:36:14.272000,1.09365,1.09362,1000000,3250000
2021-04-13 12:36:14.374000,1.09366,1.09362,2250000,3620000
2021-04-13 12:36:14.845000,1.09366,1.09361,1000000,1690000
2021-04-13 12:36:15.707000,1.09365,1.09363,1000000,1000000
2021-04-13 12:36:15.808000,1.09366,1.09363,1100000,3940000
2021-04-13 12:36:16.011000,1.09363,1.09361,1000000,1250000
2021-04-13 12:36:16.062000,1.09364,1.09361,1570000,1690000
2021-04-13 12:36:16.693000,1.09365,1.09363,1100000,1250000
2021-04-13 12:36:16.795000,1.09366,1.09363,2250000,1690000
2021-04-13 12:36:20.458000,1.09365,1.09363,1000000,1250000
2021-04-13 12:36:22.784000,1.09365,1.0936,1500000,1690000
2021-04-13 12:36:22.835000,1.09363,1.09359,1000000,2120000
2021-04-13 12:36:22.986000,1.09363,1.09358,1000000,3260000
2021-04-13 12:36:23.037000,1.0936,1.09358,1000000,4560000
2021-04-13 12:36:23.139000,1.09359,1.09358,1000000,1000000
2021-04-13 12:36:23.192000,1.09356,1.09355,1000000,4120000
2021-04-13 12:36:23.243000,1.09353,1.0935,1000000,1410000
2021-04-13 12:36:23.345000,1.09352,1.0935,1000000,1120000
2021-04-13 12:36:23.447000,1.09352,1.09349,1500000,2060000
2021-04-13 12:36:24.898000,1.09353,1.09351,1500000,1000000
2021-04-13 12:36:25.766000,1.09356,1.09354,1200000,2390000
2021-04-13 12:36:25.867000,1.09357,1.09356,1000000,1320000
2021-04-13 12:36:26.222000,1.09358,1.09354,1000000,2890000
2021-04-13 12:36:26.493000,1.0936,1.09355,1500000,2890000
2021-04-13 12:36:27.117000,1.09359,1.09357,1500000,1250000
2021-04-13 12:36:27.511000,1.09356,1.09354,2440000,1120000
2021-04-13 12:36:27.562000,1.09353,1.09352,1000000,2620000
2021-04-13 12:36:27.613000,1.09351,1.09346,1500000,4450000
2021-04-13 12:36:27.665000,1.09348,1.09347,1000000,1000000
2021-04-13 12:36:27.766000,1.09347,1.09343,1000000,3140000
2021-04-13 12:36:27.868000,1.09346,1.09342,1000000,5010000
2021-04-13 12:36:27.969000,1.09345,1.09342,1000000,6260000
2021-04-13 12:36:28.071000,1.09342,1.0934,1000000,3370000
2021-04-13 12:36:28.173000,1.0934,1.09338,1000000,2440000
2021-04-13 12:36:28.325000,1.0934,1.09339,1000000,1250000
2021-04-13 12:36:28.376000,1.09344,1.09343,1500000,1250000
2021-04-13 12:36:28.427000,1.09346,1.09343,1500000,3640000
2021-04-13 12:36:28.629000,1.09345,1.09343,1250000,1200000
2021-04-13 12:36:28.731000,1.09346,1.09341,2500000,1000000
2021-04-13 12:36:31.516000,1.09346,1.09343,1500000,3880000
2021-04-13 12:36:31.617000,1.09347,1.09344,2140000,1950000
2021-04-13 12:36:33.333000,1.09349,1.09345,1000000,3250000
2021-04-13 12:36:33.385000,1.09353,1.09351,2250000,1500000
2021-04-13 12:36:33.486000,1.09357,1.09355,1250000,1000000
2021-04-13 12:36:33.594000,1.09358,1.09356,2250000,1000000
2021-04-13 12:36:33.696000,1.0936,1.09356,1690000,1000000
2021-04-13 12:36:34.415000,1.0936,1.09357,2250000,1000000
2021-04-13 12:36:34.517000,1.09358,1.09356,1250000,1000000
2021-04-13 12:36:34.618000,1.09355,1.09353,1000000,1120000
2021-04-13 12:36:34.720000,1.09358,1.09355,1950000,1390000
2021-04-13 12:36:38.633000,1.09354,1.09351,1000000,5620000
2021-04-13 12:36:38.735000,1.09349,1.09346,1000000,3290000
2021-04-13 12:36:40.182000,1.09348,1.09345,1500000,3600000
2021-04-13 12:36:40.283000,1.09348,1.09344,2250000,5290000
2021-04-13 12:36:40.385000,1.09347,1.09344,1000000,3790000
2021-04-13 12:36:40.845000,1.09348,1.09345,2250000,1200000
2021-04-13 12:36:41.996000,1.0935,1.09348,2320000,1000000
2021-04-13 12:36:44.279000,1.09349,1.09346,1500000,4010000
2021-04-13 12:36:44.687000,1.09348,1.09345,1690000,3450000
2021-04-13 12:36:44.790000,1.09347,1.09344,1000000,3640000
2021-04-13 12:36:45.095000,1.09347,1.09343,1250000,1000000
2021-04-13 12:36:45.269000,1.09346,1.09343,1690000,3450000
2021-04-13 12:36:45.855000,1.09345,1.09343,1000000,1500000
2021-04-13 12:36:45.956000,1.09346,1.09343,1690000,2700000
2021-04-13 12:36:47.117000,1.09346,1.09343,1500000,3120000
2021-04-13 12:36:48.128000,1.09348,1.09344,1500000,1200000
2021-04-13 12:36:48.230000,1.09349,1.09346,2440000,1100000
2021-04-13 12:36:49.428000,1.09349,1.09346,1000000,4040000
2021-04-13 12:36:49.529000,1.0935,1.09348,1690000,1000000
2021-04-13 12:36:49.631000,1.09349,1.09347,1500000,1000000
2021-04-13 12:36:49.732000,1.09349,1.09346,2140000,3000000
2021-04-13 12:36:50.471000,1.09348,1.09346,1000000,2250000
2021-04-13 12:36:50.852000,1.09346,1.09344,1500000,2870000
2021-04-13 12:36:50.903000,1.09345,1.09343,1000000,1500000
2021-04-13 12:36:50.954000,1.09343,1.09342,1000000,1120000
2021-04-13 12:36:51.056000,1.09341,1.0934,1000000,2250000
2021-04-13 12:36:51.157000,1.09341,1.09339,1000000,1000000
2021-04-13 12:36:51.262000,1.09341,1.09338,1500000,1760000
2021-04-13 12:36:51.599000,1.0934,1.09338,1250000,1500000
2021-04-13 12:36:51.701000,1.0934,1.09337,2440000,1570000
2021-04-13 12:36:51.803000,1.09339,1.09337,1500000,1000000
2021-04-13 12:36:51.905000,1.09339,1.09336,2440000,1570000
2021-04-13 12:36:54.803000,1.09336,1.09334,2320000,1870000
