time,ask,bid,ask_volume,bid_volume
2022-11-15 13:25:00.047000,1.3945,1.39444,1420000,3600000
2022-11-15 13:25:00.149000,1.3945,1.39445,1420000,1200000
2022-11-15 13:25:00.352000,1.39451,1.39444,1420000,4500000
2022-11-15 13:25:00.555000,1.39451,1.39445,1420000,4500000
2022-11-15 13:25:00.707000,1.39451,1.39444,1420000,4500000
2022-11-15 13:25:00.759000,1.39446,1.39442,1420000,1200000
2022-11-15 13:25:00.861000,1.39444,1.39438,1420000,4500000
2022-11-15 13:25:01.064000,1.39442,1.39437,1420000,1200000
2022-11-15 13:25:01.166000,1.39441,1.39435,1420000,4500000
2022-11-15 13:25:01.267000,1.39438,1.39432,1420000,4640000
2022-11-15 13:25:01.369000,1.3944,1.39432,1420000,4040000
2022-11-15 13:25:01.471000,1.39431,1.39427,1200000,4940000
2022-11-15 13:25:01.573000,1.39426,1.39422,1800000,1200000
2022-11-15 13:25:01.676000,1.39425,1.3942,1420000,1200000
2022-11-15 13:25:01.777000,1.39425,1.39422,1420000,1200000
2022-11-15 13:25:01.879000,1.39425,1.39419,1420000,3600000
2022-11-15 13:25:02.031000,1.39423,1.39417,1420000,3600000
2022-11-15 13:25:02.133000,1.39423,1.39414,1420000,3600000
2022-11-15 13:25:02.286000,1.39422,1.39416,1420000,3600000
2022-11-15 13:25:02.388000,1.39421,1.39417,1420000,1200000
2022-11-15 13:25:02.439000,1.3942,1.39414,1420000,4500000
2022-11-15 13:25:02.801000,1.39423,1.39414,1420000,4500000
2022-11-15 13:25:02.853000,1.39422,1.39414,1420000,3600000
2022-11-15 13:25:03.059000,1.3942,1.39414,1420000,4500000
2022-11-15 13:25:03.179000,1.39421,1.39417,1420000,1200000
2022-11-15 13:25:03.281000,1.39422,1.39417,1420000,1200000
2022-11-15 13:25:03.535000,1.39421,1.39413,1420000,3600000
2022-11-15 13:25:03.636000,1.39419,1.39413,1420000,3600000
2022-11-15 13:25:03.789000,1.3942,1.39417,1420000,1200000
2022-11-15 13:25:03.890000,1.39421,1.39415,1420000,3600000
2022-11-15 13:25:04.043000,1.3942,1.39414,1420000,4500000
2022-11-15 13:25:04.145000,1.39418,1.39414,1420000,1200000
2022-11-15 13:25:04.196000,1.39416,1.39411,1420000,1200000
2022-11-15 13:25:04.298000,1.39416,1.39413,1420000,1670000
2022-11-15 13:25:04.349000,1.39425,1.39419,1420000,1920000
2022-11-15 13:25:04.400000,1.39431,1.39423,2020000,3600000
2022-11-15 13:25:04.451000,1.39431,1.39425,1420000,3600000
2022-11-15 13:25:04.553000,1.3943,1.39424,1420000,4500000
2022-11-15 13:25:04.760000,1.39432,1.39426,1420000,1200000
2022-11-15 13:25:04.862000,1.39431,1.39426,1420000,1200000
2022-11-15 13:25:04.971000,1.39431,1.39425,1420000,1200000
2022-11-15 13:25:05.022000,1.39433,1.39425,1800000,1200000
2022-11-15 13:25:05.124000,1.39433,1.39426,1960000,1200000
2022-11-15 13:25:05.329000,1.39432,1.39426,1420000,1200000
2022-11-15 13:25:05.380000,1.3943,1.39424,1420000,1200000
2022-11-15 13:25:05.482000,1.39431,1.39425,1420000,3600000
2022-11-15 13:25:05.584000,1.39432,1.39423,1420000,1200000
2022-11-15 13:25:05.635000,1.3943,1.39424,1420000,3600000
2022-11-15 13:25:05.787000,1.39431,1.39426,1420000,1200000
2022-11-15 13:25:05.839000,1.39433,1.39427,1420000,3600000
2022-11-15 13:25:05.890000,1.39439,1.39431,2020000,1920000
2022-11-15 13:25:05.941000,1.39441,1.39431,1800000,3600000
2022-11-15 13:25:05.992000,1.39438,1.39432,1420000,4500000
2022-11-15 13:25:06.398000,1.39438,1.39433,1420000,1200000
2022-11-15 13:25:06.771000,1.39436,1.39433,1200000,1200000
2022-11-15 13:25:07.099000,1.39434,1.39429,1420000,1200000
2022-11-15 13:25:07.201000,1.39434,1.39428,1420000,4500000
2022-11-15 13:25:07.557000,1.39435,1.39427,1960000,1340000
2022-11-15 13:25:07.659000,1.39434,1.39428,1420000,1200000
2022-11-15 13:25:07.761000,1.39433,1.39427,1420000,4940000
2022-11-15 13:25:07.863000,1.39432,1.39426,1200000,1800000
2022-11-15 13:25:07.914000,1.39435,1.39427,1960000,1340000
2022-11-15 13:25:08.016000,1.39434,1.39428,1420000,4500000
2022-11-15 13:25:08.168000,1.39433,1.39428,1420000,1200000
2022-11-15 13:25:08.270000,1.39432,1.39427,1420000,1200000
2022-11-15 13:25:08.321000,1.39435,1.39427,1420000,1200000
2022-11-15 13:25:08.372000,1.39432,1.39427,1420000,1200000
2022-11-15 13:25:08.474000,1.39433,1.39425,1420000,4500000
2022-11-15 13:25:08.525000,1.39434,1.39426,1960000,1200000
2022-11-15 13:25:08.728000,1.39432,1.39426,1420000,4500000
2022-11-15 13:25:08.779000,1.39434,1.39426,1960000,1200000
2022-11-15 13:25:09.643000,1.39432,1.39426,1420000,4500000
2022-11-15 13:25:09.907000,1.39434,1.39426,1960000,1200000
2022-11-15 13:25:10.396000,1.39432,1.39426,1420000,4500000
2022-11-15 13:25:10.498000,1.39431,1.39426,1200000,3600000
2022-11-15 13:25:10.600000,1.39433,1.39425,1420000,3600000
2022-11-15 13:25:10.701000,1.39433,1.39424,1960000,4580000
2022-11-15 13:25:10.803000,1.39433,1.39425,1420000,1200000
2022-11-15 13:25:10.977000,1.39432,1.39426,1420000,3600000
2022-11-15 13:25:11.332000,1.39432,1.39425,1420000,3600000
2022-11-15 13:25:12.256000,1.39432,1.39426,1420000,3600000
2022-11-15 13:25:12.358000,1.39431,1.39425,2680000,4500000
2022-11-15 13:25:12.409000,1.39423,1.3942,1420000,1940000
2022-11-15 13:25:12.511000,1.39416,1.39413,1420000,1200000
2022-11-15 13:25:12.562000,1.39416,1.39408,1420000,3600000
2022-11-15 13:25:12.664000,1.39414,1.39408,1420000,3600000
2022-11-15 13:25:12.817000,1.39414,1.39407,1420000,9440000
2022-11-15 13:25:12.868000,1.39413,1.39405,1420000,3600000
2022-11-15 13:25:12.919000,1.39411,1.39405,1420000,3600000
2022-11-15 13:25:13.021000,1.39412,1.39406,1200000,3600000
2022-11-15 13:25:13.072000,1.39413,1.39407,1420000,3600000
2022-11-15 13:25:13.174000,1.39413,1.39406,1420000,4500000
2022-11-15 13:25:13.377000,1.39416,1.39408,2410000,3600000
2022-11-15 13:25:13.479000,1.39413,1.39408,1420000,1200000
2022-11-15 13:25:13.595000,1.39413,1.39407,1420000,8540000
2022-11-15 13:25:13.799000,1.39411,1.39405,1420000,3600000
2022-11-15 13:25:13.901000,1.3941,1.39403,1420000,3600000
2022-11-15 13:25:14.002000,1.39411,1.39405,1960000,3600000
2022-11-15 13:25:14.109000,1.3941,1.39403,1420000,1200000
2022-11-15 13:25:14.160000,1.39407,1.39402,1200000,4940000
2022-11-15 13:25:14.262000,1.39408,1.39402,1420000,4940000
2022-11-15 13:25:14.364000,1.39405,1.39399,1420000,4500000
2022-11-15 13:25:14.465000,1.39408,1.394,1420000,1200000
2022-11-15 13:25:14.516000,1.39408,1.39402,1420000,3600000
2022-11-15 13:25:14.568000,1.39411,1.39402,1420000,1200000
2022-11-15 13:25:14.619000,1.3941,1.39404,1420000,3600000
2022-11-15 13:25:14.721000,1.39409,1.39403,1420000,4500000
2022-11-15 13:25:14.924000,1.39412,1.39406,1960000,3600000
2022-11-15 13:25:15.127000,1.39413,1.39407,1960000,3600000
2022-11-15 13:25:15.229000,1.3942,1.39413,2110000,3600000
2022-11-15 13:25:15.280000,1.39421,1.39413,1420000,4500000
2022-11-15 13:25:15.382000,1.39421,1.39415,1420000,3600000
2022-11-15 13:25:15.636000,1.3942,1.39414,1420000,3600000
2022-11-15 13:25:15.738000,1.39421,1.39414,1200000,3600000
2022-11-15 13:25:16.640000,1.3942,1.39416,1200000,3600000
2022-11-15 13:25:16.742000,1.39422,1.3942,1420000,1200000
2022-11-15 13:25:16.894000,1.39423,1.3942,1420000,1200000
2022-11-15 13:25:17.047000,1.39422,1.3942,1420000,1200000
2022-11-15 13:25:17.731000,1.39423,1.3942,1420000,1200000
2022-11-15 13:25:17.984000,1.39422,1.3942,1420000,1200000
2022-11-15 13:25:18.036000,1.39424,1.3942,1960000,1200000
2022-11-15 13:25:18.087000,1.39422,1.39413,1420000,4500000
2022-11-15 13:25:18.189000,1.39416,1.3941,1420000,4500000
2022-11-15 13:25:18.291000,1.39422,1.39419,1420000,1200000
2022-11-15 13:25:18.342000,1.39421,1.39415,1420000,3600000
2022-11-15 13:25:18.655000,1.39423,1.3942,1420000,1200000
2022-11-15 13:25:18.757000,1.39426,1.39419,1420000,1200000
2022-11-15 13:25:18.808000,1.39423,1.3942,1420000,1200000
2022-11-15 13:25:18.910000,1.39425,1.39421,1960000,1320000
2022-11-15 13:25:19.012000,1.39431,1.39425,1420000,1200000
2022-11-15 13:25:19.114000,1.39431,1.39426,1420000,1200000
2022-11-15 13:25:19.215000,1.39431,1.39425,1420000,4500000
2022-11-15 13:25:19.317000,1.3943,1.39424,2500000,1200000
2022-11-15 13:25:19.369000,1.39428,1.39424,1420000,1200000
2022-11-15 13:25:19.420000,1.39426,1.39421,1420000,1200000
2022-11-15 13:25:19.694000,1.39426,1.39422,1420000,1200000
2022-11-15 13:25:19.794000,1.39426,1.3942,1420000,5400000
2022-11-15 13:25:19.897000,1.39426,1.39421,1420000,1200000
2022-11-15 13:25:20.049000,1.39427,1.3942,1420000,5400000
2022-11-15 13:25:20.151000,1.39426,1.39421,1420000,1200000
2022-11-15 13:25:20.508000,1.39426,1.3942,1420000,5400000
2022-11-15 13:25:20.610000,1.39431,1.39427,1420000,1200000
2022-11-15 13:25:20.712000,1.39432,1.39427,1960000,1200000
2022-11-15 13:25:20.814000,1.39432,1.39426,1960000,4500000
2022-11-15 13:25:20.915000,1.39431,1.39426,1420000,1200000
2022-11-15 13:25:21.017000,1.39432,1.39425,1200000,1200000
2022-11-15 13:25:21.119000,1.39431,1.39425,1420000,3600000
2022-11-15 13:25:21.221000,1.39433,1.39426,1960000,1200000
2022-11-15 13:25:21.531000,1.39428,1.39422,2200000,3600000
2022-11-15 13:25:21.633000,1.39423,1.3942,1960000,1200000
2022-11-15 13:25:21.684000,1.39421,1.39416,1420000,5840000
2022-11-15 13:25:21.735000,1.39422,1.3942,1420000,1200000
2022-11-15 13:25:21.837000,1.39421,1.39416,1420000,4940000
2022-11-15 13:25:21.888000,1.39422,1.39419,1510000,1200000
2022-11-15 13:25:21.939000,1.3942,1.39414,1420000,3600000
2022-11-15 13:25:22.041000,1.39419,1.39413,1420000,4500000
2022-11-15 13:25:22.480000,1.39421,1.39418,1200000,1200000
2022-11-15 13:25:22.582000,1.39422,1.39418,1420000,1200000
2022-11-15 13:25:22.633000,1.39419,1.39413,1420000,4500000
2022-11-15 13:25:22.786000,1.39421,1.39419,1200000,1200000
2022-11-15 13:25:22.887000,1.39423,1.39419,1420000,1200000
2022-11-15 13:25:23.293000,1.39423,1.39419,1420000,1200000
2022-11-15 13:25:23.398000,1.39422,1.39419,1420000,1200000
2022-11-15 13:25:24.439000,1.39426,1.3942,3310000,5040000
2022-11-15 13:25:24.490000,1.39428,1.39423,1200000,3600000
2022-11-15 13:25:24.592000,1.3943,1.39422,1420000,4500000
2022-11-15 13:25:24.694000,1.39426,1.39421,1420000,1200000
2022-11-15 13:25:24.796000,1.39423,1.3942,1200000,1200000
2022-11-15 13:25:24.847000,1.39425,1.3942,1200000,1200000
2022-11-15 13:25:24.949000,1.39426,1.3942,1420000,1200000
2022-11-15 13:25:25.304000,1.39427,1.3942,1420000,4500000
2022-11-15 13:25:25.428000,1.39427,1.39421,1420000,1200000
2022-11-15 13:25:25.530000,1.39427,1.3942,1420000,4500000
2022-11-15 13:25:25.907000,1.39427,1.3942,2200000,4500000
2022-11-15 13:25:26.009000,1.39423,1.3942,1420000,1200000
2022-11-15 13:25:26.111000,1.39421,1.39415,1420000,3600000
2022-11-15 13:25:26.954000,1.39423,1.39419,1200000,1200000
2022-11-15 13:25:27.005000,1.39425,1.3942,1420000,1200000
2022-11-15 13:25:27.158000,1.39426,1.3942,1420000,1200000
2022-11-15 13:25:27.259000,1.39422,1.3942,1420000,1200000
2022-11-15 13:25:27.361000,1.39423,1.3942,1420000,1200000
2022-11-15 13:25:27.917000,1.39424,1.3942,1420000,1200000
2022-11-15 13:25:28.487000,1.39424,1.39419,1420000,1200000
2022-11-15 13:25:28.538000,1.39426,1.3942,2410000,1200000
2022-11-15 13:25:28.960000,1.39426,1.3942,3100000,1200000
2022-11-15 13:25:29.062000,1.39422,1.39419,1420000,1200000
2022-11-15 13:25:29.265000,1.39423,1.3942,1960000,1200000
2022-11-15 13:25:29.367000,1.39422,1.3942,1420000,1200000
2022-11-15 13:25:29.602000,1.3942,1.39416,1420000,1200000
2022-11-15 13:25:29.704000,1.39419,1.39412,1420000,4580000
2022-11-15 13:25:29.806000,1.39417,1.39412,1420000,1200000
2022-11-15 13:25:29.908000,1.39419,1.39412,1420000,4500000
2022-11-15 13:25:30.009000,1.39419,1.39413,1420000,4500000
2022-11-15 13:25:30.213000,1.39418,1.39413,1880000,3600000
2022-11-15 13:25:30.264000,1.39417,1.39412,1200000,1200000
2022-11-15 13:25:30.315000,1.39414,1.39408,1420000,4500000
2022-11-15 13:25:30.680000,1.39415,1.39408,1420000,4500000
2022-11-15 13:25:30.782000,1.39414,1.39408,1420000,4500000
2022-11-15 13:25:31.124000,1.39416,1.3941,1200000,3600000
2022-11-15 13:25:31.175000,1.3942,1.39414,1420000,8540000
2022-11-15 13:25:31.226000,1.39418,1.39414,1420000,4940000
2022-11-15 13:25:31.328000,1.39419,1.39414,1420000,4940000
2022-11-15 13:25:31.430000,1.39412,1.39409,1420000,1200000
2022-11-15 13:25:31.532000,1.39413,1.39406,1420000,1200000
2022-11-15 13:25:31.634000,1.39413,1.39407,1420000,4500000
2022-11-15 13:25:32.400000,1.39415,1.39408,1420000,4500000
2022-11-15 13:25:32.712000,1.39413,1.39407,1200000,4500000
2022-11-15 13:25:32.814000,1.39415,1.39406,1420000,1200000
2022-11-15 13:25:33.068000,1.39414,1.39408,1420000,3600000
2022-11-15 13:25:34.158000,1.39413,1.39408,1200000,3600000
2022-11-15 13:25:34.312000,1.39414,1.39408,1420000,3600000
2022-11-15 13:25:35.335000,1.39415,1.39409,1420000,3600000
2022-11-15 13:25:35.436000,1.39416,1.3941,1420000,3600000
2022-11-15 13:25:35.926000,1.39416,1.39409,1420000,4500000
2022-11-15 13:25:36.115000,1.39417,1.39409,1420000,3600000
2022-11-15 13:25:36.267000,1.39416,1.39409,1420000,4500000
2022-11-15 13:25:36.369000,1.39416,1.3941,1420000,3600000
2022-11-15 13:25:36.471000,1.39411,1.39406,1420000,1200000
2022-11-15 13:25:36.573000,1.39407,1.39403,1200000,4500000
2022-11-15 13:25:37.046000,1.39407,1.39404,1200000,1200000
2022-11-15 13:25:37.147000,1.39407,1.39403,1200000,4500000
2022-11-15 13:25:37.482000,1.39406,1.39402,1200000,1200000
2022-11-15 13:25:37.533000,1.39404,1.39395,1420000,3680000
2022-11-15 13:25:37.585000,1.39397,1.39394,1420000,1340000
2022-11-15 13:25:37.636000,1.39395,1.3939,1200000,3600000
2022-11-15 13:25:37.738000,1.39396,1.39389,1420000,5400000
2022-11-15 13:25:37.840000,1.39396,1.39392,1420000,1200000
2022-11-15 13:25:37.891000,1.394,1.39392,1420000,4500000
2022-11-15 13:25:37.942000,1.394,1.39394,1420000,4320000
2022-11-15 13:25:37.994000,1.39403,1.394,1200000,4620000
2022-11-15 13:25:38.045000,1.39409,1.39403,1420000,3600000
2022-11-15 13:25:38.147000,1.39409,1.39403,1200000,3600000
2022-11-15 13:25:38.249000,1.39412,1.39406,1420000,3600000
2022-11-15 13:25:38.319000,1.39412,1.39405,1420000,2480000
2022-11-15 13:25:38.756000,1.39411,1.39404,1200000,4640000
2022-11-15 13:25:38.807000,1.3941,1.39404,1200000,4580000
2022-11-15 13:25:38.908000,1.3941,1.39405,1200000,3600000
2022-11-15 13:25:38.960000,1.39408,1.39405,1200000,3600000
2022-11-15 13:25:39.264000,1.3941,1.39405,1200000,3600000
2022-11-15 13:25:39.365000,1.39412,1.39404,1420000,3600000
2022-11-15 13:25:39.467000,1.39412,1.39403,1420000,4040000
2022-11-15 13:25:39.569000,1.39405,1.394,1960000,1200000
2022-11-15 13:25:39.671000,1.39404,1.39397,1420000,1200000
2022-11-15 13:25:39.773000,1.39406,1.39398,1420000,1200000
2022-11-15 13:25:39.915000,1.39407,1.39398,1510000,1200000
2022-11-15 13:25:39.966000,1.39408,1.39402,1420000,3600000
2022-11-15 13:25:40.017000,1.39412,1.39403,1420000,3600000
2022-11-15 13:25:40.069000,1.3941,1.39404,1420000,1200000
2022-11-15 13:25:40.448000,1.39409,1.39403,2220000,1200000
2022-11-15 13:25:40.499000,1.39405,1.39399,1420000,4500000
2022-11-15 13:25:40.550000,1.39407,1.39399,1510000,3420000
2022-11-15 13:25:40.652000,1.39409,1.394,1420000,3600000
2022-11-15 13:25:40.805000,1.39408,1.39402,1420000,4500000
2022-11-15 13:25:40.906000,1.39408,1.39401,1420000,1200000
2022-11-15 13:25:41.008000,1.39406,1.39399,1420000,1200000
2022-11-15 13:25:41.110000,1.39404,1.39399,1200000,4500000
2022-11-15 13:25:41.364000,1.39404,1.39397,1420000,1200000
2022-11-15 13:25:41.466000,1.39409,1.39403,1420000,4500000
2022-11-15 13:25:41.517000,1.39411,1.39404,1280000,4320000
2022-11-15 13:25:41.619000,1.3941,1.39406,1420000,1200000
2022-11-15 13:25:41.721000,1.39411,1.39405,1960000,5480000
2022-11-15 13:25:41.823000,1.39411,1.39407,1960000,1200000
2022-11-15 13:25:41.925000,1.39414,1.39406,1960000,4500000
2022-11-15 13:25:41.976000,1.39413,1.39409,1960000,1920000
2022-11-15 13:25:42.027000,1.39422,1.39414,2110000,3680000
2022-11-15 13:25:42.078000,1.39421,1.39417,1420000,1200000
2022-11-15 13:25:42.180000,1.39422,1.39417,1420000,1200000
2022-11-15 13:25:42.282000,1.39424,1.39418,1420000,1200000
2022-11-15 13:25:42.384000,1.39423,1.39417,1420000,4500000
2022-11-15 13:25:42.499000,1.39424,1.39417,1420000,1200000
2022-11-15 13:25:42.601000,1.39423,1.39416,1420000,4500000
2022-11-15 13:25:42.702000,1.39424,1.39416,1420000,1200000
2022-11-15 13:25:42.805000,1.39423,1.39418,1420000,1200000
2022-11-15 13:25:42.915000,1.39423,1.39417,1420000,4500000
2022-11-15 13:25:43.246000,1.39424,1.39418,1420000,3600000
2022-11-15 13:25:43.667000,1.39425,1.3942,1200000,3600000
2022-11-15 13:25:43.719000,1.39428,1.3942,1200000,4500000
2022-11-15 13:25:43.770000,1.39425,1.3942,1420000,1200000
2022-11-15 13:25:43.872000,1.39423,1.3942,1420000,1200000
2022-11-15 13:25:43.923000,1.39423,1.39417,1420000,4500000
2022-11-15 13:25:44.126000,1.39423,1.39416,1960000,4500000
2022-11-15 13:25:44.228000,1.39423,1.39417,1960000,4500000
2022-11-15 13:25:44.385000,1.39423,1.39416,1960000,4500000
2022-11-15 13:25:44.649000,1.39423,1.39417,1960000,3600000
2022-11-15 13:25:44.750000,1.39423,1.39416,1960000,4500000
2022-11-15 13:25:44.852000,1.39423,1.39418,1200000,3600000
2022-11-15 13:25:44.903000,1.39425,1.39419,1420000,3600000
2022-11-15 13:25:45.005000,1.39424,1.39418,1200000,4500000
2022-11-15 13:25:45.157000,1.39423,1.39418,1420000,1200000
2022-11-15 13:25:45.259000,1.39424,1.39416,1420000,4500000
2022-11-15 13:25:45.489000,1.39423,1.39418,1420000,1200000
2022-11-15 13:25:46.141000,1.39422,1.39418,1420000,1200000
2022-11-15 13:25:46.415000,1.39423,1.39417,1420000,4500000
2022-11-15 13:25:47.821000,1.39423,1.39416,1420000,1200000
2022-11-15 13:25:47.923000,1.39423,1.39417,1420000,3600000
2022-11-15 13:25:48.076000,1.39423,1.39416,1420000,1200000
2022-11-15 13:25:48.224000,1.39422,1.39417,1420000,1200000
2022-11-15 13:25:48.649000,1.39423,1.39417,1200000,4500000
2022-11-15 13:25:48.751000,1.39424,1.39418,1420000,4500000
2022-11-15 13:25:49.084000,1.39423,1.39417,1420000,4500000
2022-11-15 13:25:49.395000,1.39422,1.39417,1420000,1200000
2022-11-15 13:25:49.496000,1.39423,1.39416,2020000,1200000
2022-11-15 13:25:49.548000,1.39421,1.39413,1280000,3600000
2022-11-15 13:25:49.650000,1.3942,1.3941,1420000,3600000
2022-11-15 13:25:49.751000,1.39419,1.39412,1420000,3600000
2022-11-15 13:25:49.853000,1.39419,1.39411,1420000,3600000
2022-11-15 13:25:49.905000,1.39416,1.3941,1420000,4500000
2022-11-15 13:25:50.007000,1.39413,1.39409,1200000,3600000
2022-11-15 13:25:50.058000,1.39417,1.39411,1960000,3600000
2022-11-15 13:25:50.160000,1.39419,1.39412,1420000,3600000
2022-11-15 13:25:50.262000,1.39418,1.39412,1420000,3600000
2022-11-15 13:25:50.364000,1.39419,1.39412,1420000,3600000
2022-11-15 13:25:50.415000,1.39421,1.39415,1960000,3600000
2022-11-15 13:25:50.517000,1.3942,1.39415,1200000,1200000
2022-11-15 13:25:50.618000,1.3942,1.39414,1420000,1340000
2022-11-15 13:25:50.772000,1.39419,1.39413,1420000,5100000
2022-11-15 13:25:50.874000,1.39416,1.39411,1960000,1200000
2022-11-15 13:25:50.975000,1.39416,1.3941,1960000,4500000
2022-11-15 13:25:51.264000,1.39416,1.39409,1200000,4940000
2022-11-15 13:25:51.366000,1.39416,1.39411,1200000,3600000
2022-11-15 13:25:51.468000,1.3942,1.39412,1960000,3600000
2022-11-15 13:25:51.570000,1.3942,1.39413,1960000,3600000
2022-11-15 13:25:52.047000,1.39416,1.3941,1960000,4500000
2022-11-15 13:25:52.178000,1.39414,1.3941,1420000,1200000
2022-11-15 13:25:52.229000,1.39416,1.3941,1960000,4500000
2022-11-15 13:25:52.331000,1.39417,1.3941,1510000,3600000
2022-11-15 13:25:52.433000,1.39418,1.3941,1960000,1200000
2022-11-15 13:25:52.841000,1.39419,1.39411,1960000,4580000
2022-11-15 13:25:52.892000,1.39421,1.39412,1510000,3680000
2022-11-15 13:25:52.943000,1.39421,1.39414,1510000,3600000
2022-11-15 13:25:53.096000,1.39421,1.39415,1420000,3600000
2022-11-15 13:25:53.198000,1.39417,1.39414,1420000,1200000
2022-11-15 13:25:53.299000,1.39416,1.39409,1420000,4500000
2022-11-15 13:25:53.401000,1.39416,1.39409,2020000,4500000
2022-11-15 13:25:53.452000,1.39416,1.39407,2110000,4500000
2022-11-15 13:25:54.633000,1.39414,1.39408,1420000,3600000
2022-11-15 13:25:55.167000,1.39415,1.39408,1600000,3600000
2022-11-15 13:25:55.269000,1.39416,1.39408,1510000,5040000
2022-11-15 13:25:55.320000,1.3942,1.39413,1420000,3600000
2022-11-15 13:25:55.422000,1.39422,1.39414,2500000,1200000
2022-11-15 13:25:55.523000,1.39421,1.39414,1420000,1200000
2022-11-15 13:25:55.574000,1.39422,1.39416,1420000,1340000
2022-11-15 13:25:55.676000,1.39425,1.39417,2200000,1200000
2022-11-15 13:25:55.778000,1.39424,1.39416,1420000,4500000
2022-11-15 13:25:55.829000,1.39421,1.39417,1420000,1200000
2022-11-15 13:25:55.931000,1.39419,1.39416,1200000,1200000
2022-11-15 13:25:55.982000,1.39422,1.39416,1960000,4500000
2022-11-15 13:25:56.135000,1.39422,1.39417,1200000,3600000
2022-11-15 13:25:56.186000,1.39425,1.39417,1420000,4500000
2022-11-15 13:25:56.288000,1.39426,1.39418,2050000,4500000
2022-11-15 13:25:56.389000,1.39426,1.39418,2230000,4500000
2022-11-15 13:25:56.636000,1.39425,1.39419,1600000,3600000
2022-11-15 13:25:56.738000,1.39426,1.39417,1420000,1800000
2022-11-15 13:25:56.789000,1.39426,1.3942,1420000,4500000
2022-11-15 13:25:56.891000,1.39427,1.3942,1420000,4500000
2022-11-15 13:25:56.992000,1.39426,1.3942,1420000,4500000
2022-11-15 13:25:57.094000,1.39425,1.3942,1420000,1200000
2022-11-15 13:25:57.196000,1.39426,1.3942,1420000,4500000
2022-11-15 13:25:57.298000,1.39427,1.39421,1420000,1200000
2022-11-15 13:25:57.399000,1.39428,1.39422,2050000,1200000
2022-11-15 13:25:57.552000,1.39427,1.39422,1600000,1200000
2022-11-15 13:25:57.654000,1.39425,1.3942,1420000,1800000
2022-11-15 13:25:57.756000,1.39426,1.39419,2050000,1800000
2022-11-15 13:25:57.807000,1.39426,1.39419,2050000,1200000
2022-11-15 13:25:57.966000,1.39425,1.39419,1420000,1200000
2022-11-15 13:25:58.017000,1.39423,1.39418,1420000,1200000
2022-11-15 13:25:58.119000,1.39429,1.39423,1420000,3600000
2022-11-15 13:25:58.221000,1.3943,1.39424,1420000,3600000
2022-11-15 13:25:58.322000,1.3943,1.39422,1420000,3600000
2022-11-15 13:25:58.475000,1.39426,1.39421,1420000,1200000
2022-11-15 13:25:58.577000,1.39427,1.39421,1420000,4500000
2022-11-15 13:25:58.679000,1.39426,1.39421,2680000,1200000
2022-11-15 13:25:58.781000,1.39422,1.39418,2110000,1200000
2022-11-15 13:25:58.832000,1.39421,1.39415,1420000,1200000
2022-11-15 13:25:58.883000,1.39423,1.39415,1960000,4500000
2022-11-15 13:25:59.060000,1.39423,1.39416,1420000,3600000
2022-11-15 13:25:59.162000,1.39422,1.39415,1600000,1200000
2022-11-15 13:25:59.264000,1.3942,1.39414,1420000,3600000
2022-11-15 13:25:59.448000,1.39421,1.39415,1420000,3600000
2022-11-15 13:25:59.549000,1.39422,1.39413,2050000,4500000
2022-11-15 13:25:59.753000,1.39418,1.39413,1600000,1200000
2022-11-15 13:25:59.804000,1.39421,1.39415,1510000,3600000
2022-11-15 13:25:59.855000,1.39422,1.39417,1340000,3600000
2022-11-15 13:25:59.957000,1.39423,1.39417,1600000,4500000
2022-11-15 13:26:00.059000,1.39424,1.39415,1420000,4500000
2022-11-15 13:26:00.515000,1.39423,1.39417,1420000,4500000
2022-11-15 13:26:00.617000,1.39424,1.39417,2050000,1200000
2022-11-15 13:26:01.077000,1.39423,1.39417,1420000,1200000
2022-11-15 13:26:01.330000,1.39432,1.39425,2020000,3600000
2022-11-15 13:26:01.432000,1.39433,1.39427,1600000,1200000
2022-11-15 13:26:01.483000,1.39431,1.39427,1320000,1200000
2022-11-15 13:26:01.534000,1.39429,1.39422,1420000,3600000
2022-11-15 13:26:01.585000,1.39426,1.39421,1600000,1200000
2022-11-15 13:26:01.637000,1.39426,1.39418,2140000,3600000
2022-11-15 13:26:01.738000,1.39424,1.39417,1600000,3600000
2022-11-15 13:26:01.840000,1.39424,1.39415,1420000,3600000
2022-11-15 13:26:01.942000,1.39424,1.39416,1600000,3600000
2022-11-15 13:26:02.160000,1.39429,1.39419,2020000,3600000
2022-11-15 13:26:02.262000,1.39428,1.39421,1420000,4500000
2022-11-15 13:26:02.417000,1.39429,1.39422,1200000,3600000
2022-11-15 13:26:02.621000,1.39424,1.39418,1440000,3600000
2022-11-15 13:26:02.723000,1.39424,1.39419,1200000,3600000
2022-11-15 13:26:02.774000,1.39423,1.39417,1420000,1340000
2022-11-15 13:26:02.927000,1.39421,1.39415,1420000,3600000
2022-11-15 13:26:03.029000,1.39422,1.39415,1420000,3600000
2022-11-15 13:26:03.131000,1.39423,1.39417,3360000,3600000
2022-11-15 13:26:03.182000,1.39423,1.39415,2110000,3600000
2022-11-15 13:26:03.394000,1.39422,1.39415,1600000,4500000
2022-11-15 13:26:03.496000,1.39419,1.39414,1420000,1200000
2022-11-15 13:26:03.597000,1.39417,1.39414,1200000,4500000
2022-11-15 13:26:03.649000,1.39419,1.39414,1200000,3600000
2022-11-15 13:26:03.750000,1.3942,1.39414,1420000,4500000
2022-11-15 13:26:03.903000,1.39423,1.39415,2500000,3600000
2022-11-15 13:26:04.004000,1.39424,1.39416,3130000,1200000
2022-11-15 13:26:04.162000,1.39421,1.39415,1420000,4500000
2022-11-15 13:26:04.373000,1.3942,1.39414,1200000,4500000
2022-11-15 13:26:04.576000,1.39419,1.39414,1420000,1200000
2022-11-15 13:26:04.729000,1.3942,1.39415,1200000,3600000
2022-11-15 13:26:04.831000,1.39421,1.39415,1420000,3600000
2022-11-15 13:26:05.135000,1.39423,1.39415,1420000,3600000
2022-11-15 13:26:05.186000,1.39423,1.39417,1420000,1200000
2022-11-15 13:26:05.288000,1.39422,1.39417,1420000,1200000
2022-11-15 13:26:05.460000,1.39422,1.39416,1420000,4500000
2022-11-15 13:26:05.586000,1.39423,1.39416,1420000,4500000
2022-11-15 13:26:05.915000,1.39424,1.39416,2050000,1200000
2022-11-15 13:26:06.108000,1.39426,1.39416,1420000,4140000
2022-11-15 13:26:06.210000,1.39426,1.3942,1420000,1200000
2022-11-15 13:26:06.485000,1.39426,1.39418,1420000,1200000
2022-11-15 13:26:06.586000,1.39426,1.3942,1420000,4500000
2022-11-15 13:26:06.638000,1.39429,1.39422,1600000,3600000
2022-11-15 13:26:06.739000,1.39431,1.39421,2050000,5540000
2022-11-15 13:26:06.997000,1.39429,1.39423,1600000,3600000
2022-11-15 13:26:08.481000,1.39428,1.39422,1420000,4500000
2022-11-15 13:26:08.583000,1.39424,1.3942,1200000,3600000
2022-11-15 13:26:08.635000,1.39424,1.39418,2500000,1200000
2022-11-15 13:26:08.736000,1.39423,1.39418,1200000,1200000
2022-11-15 13:26:08.788000,1.39426,1.39416,2050000,1200000
2022-11-15 13:26:09.182000,1.39428,1.39422,1420000,4500000
2022-11-15 13:26:09.284000,1.3943,1.39421,2680000,4500000
2022-11-15 13:26:09.386000,1.3943,1.39422,2680000,1200000
2022-11-15 13:26:09.668000,1.3943,1.39423,2680000,1200000
2022-11-15 13:26:10.081000,1.3943,1.39421,2680000,4500000
2022-11-15 13:26:10.132000,1.39426,1.39421,1420000,1200000
2022-11-15 13:26:10.245000,1.39426,1.39422,1420000,1200000
2022-11-15 13:26:10.347000,1.39426,1.39423,1420000,1200000
2022-11-15 13:26:10.607000,1.39427,1.39423,1200000,4500000
2022-11-15 13:26:10.741000,1.39429,1.39423,2050000,4500000
2022-11-15 13:26:11.021000,1.39428,1.39423,1420000,1200000
2022-11-15 13:26:11.147000,1.3943,1.39423,1200000,5180000
2022-11-15 13:26:11.249000,1.39431,1.39426,1420000,1200000
2022-11-15 13:26:11.351000,1.39431,1.39425,1420000,4940000
2022-11-15 13:26:11.476000,1.39431,1.39426,1420000,1200000
2022-11-15 13:26:11.578000,1.39431,1.39425,1420000,4500000
2022-11-15 13:26:11.952000,1.39431,1.39425,2140000,3600000
2022-11-15 13:26:12.054000,1.39427,1.3942,1420000,3600000
2022-11-15 13:26:12.105000,1.39429,1.39421,2500000,3600000
2022-11-15 13:26:12.207000,1.39429,1.39423,1420000,3600000
2022-11-15 13:26:12.309000,1.39428,1.39422,1420000,3600000
2022-11-15 13:26:13.220000,1.39429,1.39423,1420000,3600000
2022-11-15 13:26:13.617000,1.39432,1.39427,1440000,3600000
2022-11-15 13:26:13.719000,1.39432,1.39426,1200000,3600000
2022-11-15 13:26:13.821000,1.39431,1.39427,1320000,1200000
2022-11-15 13:26:13.872000,1.39429,1.39423,1540000,3600000
2022-11-15 13:26:13.974000,1.39428,1.39422,1420000,3600000
2022-11-15 13:26:14.355000,1.39428,1.39423,1420000,1200000
2022-11-15 13:26:14.406000,1.3943,1.39424,1960000,3600000
2022-11-15 13:26:14.457000,1.39433,1.39425,1420000,4500000
2022-11-15 13:26:14.610000,1.3943,1.39426,1600000,1200000
2022-11-15 13:26:14.661000,1.39429,1.39423,1960000,1340000
2022-11-15 13:26:14.814000,1.39429,1.39424,1200000,3600000
2022-11-15 13:26:14.865000,1.39432,1.39424,1420000,3600000
2022-11-15 13:26:14.916000,1.3943,1.39423,1420000,3600000
2022-11-15 13:26:15.018000,1.3943,1.39424,1420000,1200000
2022-11-15 13:26:15.272000,1.39428,1.39424,1320000,1200000
2022-11-15 13:26:15.374000,1.39426,1.3942,1600000,3600000
2022-11-15 13:26:15.475000,1.39424,1.39419,1320000,1200000
2022-11-15 13:26:15.577000,1.39421,1.39414,1420000,3600000
2022-11-15 13:26:15.679000,1.3942,1.39414,1420000,3600000
2022-11-15 13:26:15.781000,1.39419,1.39414,1200000,3600000
2022-11-15 13:26:15.883000,1.3942,1.39414,1420000,3600000
2022-11-15 13:26:16.086000,1.39419,1.39412,1420000,4500000
2022-11-15 13:26:16.441000,1.39421,1.39416,1200000,3600000
2022-11-15 13:26:16.543000,1.39424,1.39417,1510000,1200000
2022-11-15 13:26:16.880000,1.39422,1.39417,1420000,1200000
2022-11-15 13:26:17.104000,1.39424,1.39417,2410000,1200000
2022-11-15 13:26:17.155000,1.39422,1.39416,1420000,4040000
2022-11-15 13:26:17.206000,1.39424,1.39415,2410000,4640000
2022-11-15 13:26:17.308000,1.39424,1.39417,1510000,1200000
2022-11-15 13:26:17.564000,1.39424,1.39417,2230000,1200000
2022-11-15 13:26:17.666000,1.39423,1.39416,1600000,3600000
2022-11-15 13:26:17.774000,1.39421,1.39413,1820000,3600000
2022-11-15 13:26:17.877000,1.3942,1.39413,1420000,3600000
2022-11-15 13:26:18.004000,1.39419,1.39412,1420000,4500000
2022-11-15 13:26:18.156000,1.3942,1.39412,1420000,4500000
2022-11-15 13:26:18.258000,1.3942,1.39413,1600000,3600000
2022-11-15 13:26:18.410000,1.3942,1.39412,1600000,3600000
2022-11-15 13:26:18.616000,1.39421,1.39415,1420000,3600000
2022-11-15 13:26:18.717000,1.39423,1.39415,1420000,4500000
2022-11-15 13:26:18.769000,1.39421,1.39415,1420000,1200000
2022-11-15 13:26:18.870000,1.39421,1.39414,1420000,4500000
2022-11-15 13:26:18.922000,1.39425,1.39415,1960000,3600000
2022-11-15 13:26:18.973000,1.39424,1.39418,1420000,4500000
2022-11-15 13:26:19.075000,1.39424,1.39417,1420000,1200000
2022-11-15 13:26:19.177000,1.39422,1.39417,1420000,1200000
2022-11-15 13:26:19.278000,1.39424,1.39416,1510000,1200000
2022-11-15 13:26:19.435000,1.39421,1.39417,1420000,1200000
2022-11-15 13:26:19.537000,1.39424,1.39417,2410000,4500000
2022-11-15 13:26:19.638000,1.39425,1.39418,1600000,1200000
2022-11-15 13:26:19.935000,1.39425,1.39417,1600000,4500000
2022-11-15 13:26:20.036000,1.39425,1.39418,1420000,1200000
2022-11-15 13:26:21.100000,1.39425,1.39419,1420000,1340000
2022-11-15 13:26:21.202000,1.39432,1.39425,1510000,4500000
2022-11-15 13:26:21.304000,1.39431,1.39425,1420000,4500000
2022-11-15 13:26:21.355000,1.39433,1.39425,1600000,4500000
2022-11-15 13:26:21.457000,1.39433,1.39426,1420000,1200000
2022-11-15 13:26:21.508000,1.39437,1.39428,1420000,5540000
2022-11-15 13:26:21.559000,1.39438,1.39431,2500000,3600000
2022-11-15 13:26:21.610000,1.39435,1.39429,1420000,5540000
2022-11-15 13:26:21.813000,1.39436,1.3943,1540000,4940000
2022-11-15 13:26:21.915000,1.39439,1.39431,2050000,3600000
2022-11-15 13:26:22.017000,1.39438,1.39431,2050000,4500000
2022-11-15 13:26:22.119000,1.39438,1.39431,3130000,1200000
2022-11-15 13:26:22.220000,1.39435,1.39429,2410000,1200000
2022-11-15 13:26:22.412000,1.39438,1.3943,1420000,1200000
2022-11-15 13:26:22.514000,1.39437,1.39432,1420000,1200000
2022-11-15 13:26:22.615000,1.39438,1.39433,1320000,1200000
2022-11-15 13:26:23.538000,1.39438,1.39433,1920000,1200000
2022-11-15 13:26:23.640000,1.39435,1.39429,1540000,1200000
2022-11-15 13:26:23.917000,1.39437,1.39432,1420000,1200000
2022-11-15 13:26:24.019000,1.39438,1.39432,1200000,4500000
2022-11-15 13:26:24.121000,1.39436,1.3943,1420000,1200000
2022-11-15 13:26:24.223000,1.39436,1.39429,1420000,1200000
2022-11-15 13:26:24.436000,1.39436,1.39428,1600000,4500000
2022-11-15 13:26:24.712000,1.39435,1.39428,2050000,4500000
2022-11-15 13:26:24.813000,1.39434,1.39428,1420000,3600000
2022-11-15 13:26:25.466000,1.39436,1.39429,2500000,3600000
2022-11-15 13:26:25.568000,1.39436,1.3943,1510000,1200000
2022-11-15 13:26:26.371000,1.39435,1.3943,1420000,1200000
2022-11-15 13:26:26.756000,1.39434,1.39427,1420000,1200000
2022-11-15 13:26:26.858000,1.39434,1.39428,1420000,1200000
2022-11-15 13:26:27.147000,1.39433,1.39427,1420000,3600000
2022-11-15 13:26:27.248000,1.39433,1.39425,1420000,1200000
2022-11-15 13:26:27.992000,1.39431,1.39426,1420000,1200000
2022-11-15 13:26:28.499000,1.39429,1.39425,3130000,1200000
2022-11-15 13:26:28.550000,1.39426,1.39423,1420000,1200000
2022-11-15 13:26:28.601000,1.39425,1.39419,1420000,1200000
2022-11-15 13:26:28.703000,1.39424,1.39418,1420000,4500000
2022-11-15 13:26:29.007000,1.39423,1.39417,1420000,1200000
2022-11-15 13:26:29.109000,1.39425,1.39418,1420000,3600000
2022-11-15 13:26:29.262000,1.39424,1.39418,1420000,4500000
2022-11-15 13:26:29.667000,1.39421,1.39417,1420000,1200000
2022-11-15 13:26:29.719000,1.39422,1.39415,1420000,4500000
2022-11-15 13:26:30.029000,1.39423,1.39417,1420000,3600000
2022-11-15 13:26:30.131000,1.39423,1.39418,1420000,1200000
2022-11-15 13:26:30.338000,1.39422,1.39418,1420000,1200000
2022-11-15 13:26:30.389000,1.39421,1.39414,1420000,1200000
2022-11-15 13:26:30.440000,1.39418,1.39415,1420000,1200000
2022-11-15 13:26:30.491000,1.39419,1.39411,1420000,3600000
2022-11-15 13:26:30.542000,1.3942,1.39411,1420000,4500000
2022-11-15 13:26:30.797000,1.39421,1.39412,2050000,4500000
2022-11-15 13:26:31.137000,1.3942,1.39414,1420000,3600000
2022-11-15 13:26:31.239000,1.39421,1.39416,1420000,1200000
2022-11-15 13:26:31.442000,1.39422,1.39414,1420000,4500000
2022-11-15 13:26:31.645000,1.3942,1.39414,1420000,4500000
2022-11-15 13:26:32.627000,1.3942,1.39415,1420000,1200000
2022-11-15 13:26:32.764000,1.3942,1.39414,1420000,4500000
2022-11-15 13:26:33.566000,1.3942,1.39415,1420000,1200000
2022-11-15 13:26:33.725000,1.3942,1.39414,1420000,4500000
2022-11-15 13:26:34.446000,1.39422,1.39416,1420000,3600000
2022-11-15 13:26:34.599000,1.39423,1.39416,1420000,3600000
2022-11-15 13:26:34.701000,1.39423,1.39417,1420000,1200000
2022-11-15 13:26:34.803000,1.39423,1.39416,1420000,4500000
2022-11-15 13:26:34.905000,1.39423,1.39417,1420000,3600000
2022-11-15 13:26:35.327000,1.39425,1.39418,1420000,3600000
2022-11-15 13:26:35.429000,1.39423,1.39419,1420000,1200000
2022-11-15 13:26:35.481000,1.39425,1.39417,1420000,4140000
2022-11-15 13:26:35.596000,1.39424,1.3942,1420000,1200000
2022-11-15 13:26:35.698000,1.39424,1.39418,1420000,3600000
2022-11-15 13:26:35.799000,1.39424,1.39416,1420000,4500000
2022-11-15 13:26:35.934000,1.39423,1.39417,1420000,3600000
2022-11-15 13:26:36.036000,1.39423,1.39416,1420000,1200000
2022-11-15 13:26:36.137000,1.39423,1.39415,1420000,4500000
2022-11-15 13:26:36.716000,1.39424,1.39415,1510000,5480000
2022-11-15 13:26:36.767000,1.39423,1.39417,1420000,3600000
2022-11-15 13:26:37.952000,1.39422,1.39416,1420000,4500000
2022-11-15 13:26:38.768000,1.39419,1.39416,1420000,1200000
2022-11-15 13:26:38.819000,1.3942,1.39412,2050000,1200000
2022-11-15 13:26:39.192000,1.3942,1.39411,2050000,4500000
2022-11-15 13:26:39.294000,1.3942,1.39411,1420000,3600000
2022-11-15 13:26:39.465000,1.39417,1.39411,1420000,4500000
2022-11-15 13:26:39.586000,1.39416,1.3941,1420000,4940000
2022-11-15 13:26:39.706000,1.39417,1.3941,2050000,1200000
2022-11-15 13:26:39.808000,1.39415,1.39408,1420000,4500000
2022-11-15 13:26:39.910000,1.39414,1.39408,1420000,4500000
2022-11-15 13:26:40.011000,1.39413,1.39407,1420000,4500000
2022-11-15 13:26:40.242000,1.39415,1.39407,1420000,4940000
2022-11-15 13:26:40.393000,1.39415,1.39408,1420000,1200000
2022-11-15 13:26:40.593000,1.39414,1.39408,1420000,4500000
2022-11-15 13:26:41.617000,1.3941,1.39406,1420000,1200000
2022-11-15 13:26:41.719000,1.39406,1.394,1420000,4500000
2022-11-15 13:26:41.770000,1.39404,1.394,1420000,1200000
2022-11-15 13:26:41.822000,1.39404,1.39398,1420000,3600000
2022-11-15 13:26:42.075000,1.39404,1.39396,1420000,4500000
2022-11-15 13:26:43.468000,1.39405,1.39398,1420000,3600000
2022-11-15 13:26:43.589000,1.39405,1.39397,1420000,3600000
2022-11-15 13:26:43.745000,1.39404,1.39398,1420000,3600000
2022-11-15 13:26:44.170000,1.39403,1.39396,1420000,3600000
2022-11-15 13:26:44.272000,1.39402,1.39396,1420000,3600000
2022-11-15 13:26:44.374000,1.39402,1.39395,1420000,3600000
2022-11-15 13:26:44.584000,1.39401,1.39395,1420000,3600000
2022-11-15 13:26:44.738000,1.39402,1.39395,1420000,3600000
2022-11-15 13:26:44.880000,1.39401,1.39395,1420000,3600000
2022-11-15 13:26:45.032000,1.39402,1.39396,1420000,3600000
2022-11-15 13:26:45.134000,1.39403,1.39396,1420000,3600000
2022-11-15 13:26:45.286000,1.39402,1.39396,1420000,3600000
2022-11-15 13:26:45.449000,1.39402,1.39395,1420000,3600000
2022-11-15 13:26:45.884000,1.39403,1.39395,1420000,3600000
2022-11-15 13:26:46.058000,1.39402,1.39396,1420000,3600000
2022-11-15 13:26:46.515000,1.39402,1.39396,1420000,4320000
2022-11-15 13:26:46.566000,1.39406,1.394,1420000,3600000
2022-11-15 13:26:46.618000,1.39404,1.39398,1420000,3600000
2022-11-15 13:26:46.719000,1.39403,1.39397,1420000,4140000
2022-11-15 13:26:46.770000,1.39406,1.39398,1420000,3600000
2022-11-15 13:26:46.821000,1.39403,1.39397,1420000,4140000
2022-11-15 13:26:47.100000,1.39404,1.39397,1420000,3600000
2022-11-15 13:26:47.303000,1.39405,1.39396,1510000,4140000
2022-11-15 13:26:47.493000,1.39403,1.39397,1420000,3600000
2022-11-15 13:26:47.595000,1.39404,1.39397,1420000,3600000
2022-11-15 13:26:47.756000,1.39403,1.39397,1420000,3600000
2022-11-15 13:26:47.862000,1.39404,1.39397,1420000,4140000
2022-11-15 13:26:48.620000,1.39406,1.39396,2080000,4140000
2022-11-15 13:26:48.866000,1.39404,1.39397,1420000,3600000
2022-11-15 13:26:49.910000,1.39403,1.39396,1420000,3600000
2022-11-15 13:26:50.113000,1.39402,1.39396,1420000,4140000
2022-11-15 13:26:50.732000,1.39403,1.39396,1420000,4140000
2022-11-15 13:26:50.833000,1.39403,1.39397,1420000,3600000
2022-11-15 13:26:51.171000,1.39402,1.39396,1420000,4140000
2022-11-15 13:26:51.273000,1.39401,1.39395,1420000,3600000
2022-11-15 13:26:51.375000,1.39401,1.39393,1420000,4140000
2022-11-15 13:26:51.578000,1.39404,1.39393,2020000,5220000
2022-11-15 13:26:51.730000,1.394,1.39394,1420000,4140000
2022-11-15 13:26:52.689000,1.39399,1.39392,1960000,3600000
2022-11-15 13:26:52.741000,1.39396,1.3939,1420000,3600000
2022-11-15 13:26:52.893000,1.39397,1.39388,1420000,4320000
2022-11-15 13:26:52.995000,1.39396,1.3939,1420000,3600000
2022-11-15 13:26:53.241000,1.39398,1.39393,1420000,2960000
2022-11-15 13:26:53.293000,1.39402,1.39396,1420000,4140000
2022-11-15 13:26:53.394000,1.39403,1.39397,1420000,3600000
2022-11-15 13:26:53.850000,1.39405,1.39396,1420000,3600000
2022-11-15 13:26:54.219000,1.39403,1.39397,1420000,3600000
2022-11-15 13:26:55.454000,1.39404,1.39398,1420000,3600000
2022-11-15 13:26:55.780000,1.39406,1.39397,1420000,4040000
2022-11-15 13:26:55.855000,1.39404,1.39398,1420000,3600000
2022-11-15 13:26:57.433000,1.39403,1.39397,1420000,3600000
2022-11-15 13:26:57.535000,1.39402,1.39396,1420000,3600000
2022-11-15 13:26:57.637000,1.39402,1.39395,1420000,3600000
2022-11-15 13:26:57.739000,1.39401,1.39393,1420000,3600000
2022-11-15 13:26:57.883000,1.394,1.39393,1420000,3600000
2022-11-15 13:26:58.228000,1.394,1.39392,1420000,5040000
2022-11-15 13:26:58.389000,1.39398,1.39392,1420000,5040000
2022-11-15 13:26:58.741000,1.39399,1.39393,1420000,3600000
2022-11-15 13:26:58.918000,1.39402,1.39395,1420000,5480000
2022-11-15 13:26:59.020000,1.39403,1.39395,1420000,3600000
2022-11-15 13:26:59.071000,1.39401,1.39392,1420000,5180000
2022-11-15 13:26:59.172000,1.39398,1.39392,1420000,4140000
2022-11-15 13:26:59.390000,1.39399,1.39393,1420000,3600000
2022-11-15 13:27:00.409000,1.394,1.39393,1420000,3600000
2022-11-15 13:27:00.781000,1.39403,1.39397,1420000,4140000
2022-11-15 13:27:01.244000,1.39405,1.39396,1960000,3600000
2022-11-15 13:27:01.396000,1.39403,1.39397,1420000,3600000
2022-11-15 13:27:04.008000,1.39404,1.39397,1960000,3600000
2022-11-15 13:27:04.164000,1.39403,1.39397,1420000,3600000
2022-11-15 13:27:04.427000,1.39404,1.39397,1960000,3600000
2022-11-15 13:27:04.528000,1.39403,1.39397,1200000,3600000
2022-11-15 13:27:05.535000,1.39403,1.39399,1960000,1320000
2022-11-15 13:27:05.615000,1.39407,1.39402,1510000,1440000
2022-11-15 13:27:05.671000,1.3941,1.39405,1200000,3600000
2022-11-15 13:27:05.773000,1.39412,1.39407,1200000,3600000
2022-11-15 13:27:05.875000,1.39414,1.39407,1200000,3600000
2022-11-15 13:27:05.926000,1.39415,1.39409,1960000,3600000
2022-11-15 13:27:06.786000,1.39414,1.39408,1420000,3600000
2022-11-15 13:27:06.938000,1.39412,1.39406,1200000,4140000
2022-11-15 13:27:07.723000,1.39413,1.39406,1200000,4140000
2022-11-15 13:27:07.825000,1.3941,1.39404,1420000,3600000
2022-11-15 13:27:07.927000,1.39409,1.39403,1200000,3600000
2022-11-15 13:27:08.079000,1.39409,1.39404,1200000,3600000
2022-11-15 13:27:08.181000,1.3941,1.39404,1960000,3600000
2022-11-15 13:27:08.716000,1.39406,1.394,1420000,4500000
2022-11-15 13:27:08.818000,1.39403,1.39397,1420000,3600000
2022-11-15 13:27:08.920000,1.39405,1.39397,1420000,3600000
2022-11-15 13:27:10.146000,1.39401,1.39395,1420000,3600000
2022-11-15 13:27:10.552000,1.394,1.39394,1420000,3680000
2022-11-15 13:27:10.766000,1.39401,1.39394,1420000,3680000
2022-11-15 13:27:10.876000,1.39402,1.39394,1420000,3600000
2022-11-15 13:27:11.005000,1.394,1.39394,1420000,3680000
2022-11-15 13:27:11.443000,1.39401,1.39395,1420000,3600000
2022-11-15 13:27:11.980000,1.394,1.39394,1420000,3600000
2022-11-15 13:27:12.082000,1.39398,1.39392,1420000,4160000
2022-11-15 13:27:12.183000,1.39399,1.39392,1420000,4160000
2022-11-15 13:27:12.352000,1.39402,1.39394,1420000,3600000
2022-11-15 13:27:12.454000,1.39402,1.39395,1510000,3600000
2022-11-15 13:27:12.626000,1.39402,1.39396,1510000,3600000
2022-11-15 13:27:13.584000,1.39401,1.39395,1420000,3600000
2022-11-15 13:27:13.910000,1.39402,1.39396,1420000,3600000
2022-11-15 13:27:14.221000,1.39404,1.39398,1420000,3600000
2022-11-15 13:27:14.323000,1.39403,1.39397,1420000,3600000
2022-11-15 13:27:14.476000,1.39401,1.39394,1420000,5060000
2022-11-15 13:27:14.578000,1.394,1.39394,1420000,4160000
2022-11-15 13:27:14.795000,1.39402,1.39394,1420000,3680000
2022-11-15 13:27:18.458000,1.394,1.39394,1420000,3600000
2022-11-15 13:27:18.560000,1.39399,1.39393,1420000,3600000
2022-11-15 13:27:18.662000,1.39397,1.39389,1510000,3600000
2022-11-15 13:27:18.713000,1.39396,1.39388,1420000,3600000
2022-11-15 13:27:18.815000,1.39393,1.39387,1420000,4580000
2022-11-15 13:27:19.041000,1.39395,1.39389,1420000,3600000
2022-11-15 13:27:19.143000,1.39393,1.39387,1420000,3600000
2022-11-15 13:27:19.245000,1.39392,1.39386,1420000,3600000
2022-11-15 13:27:19.346000,1.39392,1.39384,1420000,4140000
2022-11-15 13:27:19.561000,1.39392,1.39385,1420000,3600000
2022-11-15 13:27:19.663000,1.39392,1.39386,1420000,3600000
2022-11-15 13:27:20.290000,1.39392,1.39386,1420000,4160000
2022-11-15 13:27:20.392000,1.39395,1.39388,1420000,3600000
2022-11-15 13:27:20.493000,1.39394,1.39388,1420000,3600000
2022-11-15 13:27:20.645000,1.39395,1.39388,1420000,3600000
2022-11-15 13:27:20.855000,1.39394,1.39388,1420000,3600000
2022-11-15 13:27:20.979000,1.39395,1.39388,1420000,3600000
2022-11-15 13:27:21.080000,1.39394,1.39388,1420000,3600000
2022-11-15 13:27:21.132000,1.39396,1.3939,1420000,5220000
2022-11-15 13:27:21.183000,1.39399,1.39392,1420000,4040000
2022-11-15 13:27:21.234000,1.394,1.39394,1420000,3600000
2022-11-15 13:27:21.705000,1.39399,1.39391,1420000,3600000
2022-11-15 13:27:21.756000,1.39397,1.39388,1420000,3600000
2022-11-15 13:27:21.858000,1.39394,1.39388,1420000,3600000
2022-11-15 13:27:21.960000,1.39393,1.39387,1420000,3600000
2022-11-15 13:27:22.112000,1.39396,1.39388,1420000,1320000
2022-11-15 13:27:22.163000,1.39394,1.39388,1420000,4140000
2022-11-15 13:27:22.214000,1.39397,1.3939,1420000,3600000
2022-11-15 13:27:22.367000,1.39397,1.39389,1420000,3600000
2022-11-15 13:27:22.468000,1.39396,1.39389,1420000,3600000
2022-11-15 13:27:22.608000,1.39395,1.39389,1420000,3600000
2022-11-15 13:27:22.710000,1.39394,1.39388,1420000,3600000
2022-11-15 13:27:22.812000,1.39393,1.39387,1420000,3600000
2022-11-15 13:27:23.348000,1.39394,1.39388,1960000,3600000
2022-11-15 13:27:23.565000,1.39393,1.39387,1420000,3600000
2022-11-15 13:27:24.124000,1.39392,1.39387,1200000,3600000
2022-11-15 13:27:24.688000,1.39393,1.39387,1960000,3600000
2022-11-15 13:27:25.537000,1.39386,1.39383,1420000,1200000
2022-11-15 13:27:25.638000,1.39386,1.39378,1200000,3600000
2022-11-15 13:27:25.892000,1.39384,1.39378,1420000,3600000
2022-11-15 13:27:26.095000,1.39384,1.39377,1200000,3600000
2022-11-15 13:27:26.197000,1.39384,1.39378,1420000,3600000
2022-11-15 13:27:26.508000,1.39382,1.39377,1200000,3600000
2022-11-15 13:27:26.610000,1.39382,1.39376,1960000,3600000
2022-11-15 13:27:26.712000,1.39382,1.39377,1200000,3600000
2022-11-15 13:27:26.813000,1.39383,1.39377,1960000,3600000
2022-11-15 13:27:27.477000,1.39383,1.39378,1200000,3600000
2022-11-15 13:27:27.959000,1.39384,1.39378,1960000,3600000
2022-11-15 13:27:28.423000,1.39384,1.39377,1200000,3600000
2022-11-15 13:27:28.917000,1.39384,1.39379,1200000,3600000
2022-11-15 13:27:29.019000,1.39385,1.3938,1200000,3600000
2022-11-15 13:27:29.070000,1.39386,1.39377,1200000,4140000
2022-11-15 13:27:29.171000,1.39385,1.39379,1200000,4140000
2022-11-15 13:27:29.366000,1.39386,1.39378,1200000,4320000
2022-11-15 13:27:29.417000,1.39392,1.39386,2110000,4140000
2022-11-15 13:27:29.469000,1.39394,1.39386,1960000,3600000
2022-11-15 13:27:29.570000,1.39395,1.39387,1960000,3600000
2022-11-15 13:27:29.672000,1.39394,1.39387,1200000,3600000
2022-11-15 13:27:30.009000,1.39393,1.39387,1420000,3600000
2022-11-15 13:27:30.365000,1.39388,1.39383,1510000,1340000
2022-11-15 13:27:30.467000,1.39386,1.39379,1960000,3600000
2022-11-15 13:27:30.739000,1.39385,1.39379,1200000,3600000
2022-11-15 13:27:30.992000,1.39385,1.39378,1420000,3600000
2022-11-15 13:27:31.189000,1.39384,1.39378,1420000,3600000
2022-11-15 13:27:31.404000,1.39385,1.39378,1960000,3600000
2022-11-15 13:27:31.518000,1.39384,1.39377,1200000,3600000
2022-11-15 13:27:31.794000,1.39384,1.39376,1340000,3600000
2022-11-15 13:27:31.845000,1.39382,1.39376,1420000,3600000
2022-11-15 13:27:33.667000,1.39381,1.39375,1960000,3600000
2022-11-15 13:27:33.769000,1.39382,1.39378,1200000,3600000
2022-11-15 13:27:33.870000,1.39384,1.39377,1200000,3600000
2022-11-15 13:27:34.988000,1.39384,1.39378,1200000,3600000
2022-11-15 13:27:36.886000,1.39384,1.39377,1200000,3600000
2022-11-15 13:27:37.009000,1.39382,1.39377,1200000,3600000
2022-11-15 13:27:37.822000,1.39381,1.39377,1200000,3600000
2022-11-15 13:27:37.944000,1.39381,1.39378,1200000,3600000
2022-11-15 13:27:38.048000,1.39383,1.39379,1200000,1920000
2022-11-15 13:27:38.099000,1.3939,1.39386,1200000,4140000
2022-11-15 13:27:38.150000,1.39393,1.39386,1200000,3600000
2022-11-15 13:27:38.567000,1.39393,1.39387,1200000,3600000
2022-11-15 13:27:38.669000,1.39391,1.39385,1420000,3600000
2022-11-15 13:27:38.771000,1.3939,1.39382,1420000,3600000
2022-11-15 13:27:38.873000,1.39387,1.39381,1420000,3600000
2022-11-15 13:27:38.975000,1.39385,1.3938,1200000,3600000
2022-11-15 13:27:39.077000,1.39384,1.39378,1200000,3680000
2022-11-15 13:27:39.279000,1.39383,1.39378,1200000,3680000
2022-11-15 13:27:39.381000,1.39384,1.39378,1200000,3680000
2022-11-15 13:27:39.489000,1.39384,1.39377,1200000,3680000
2022-11-15 13:27:40.085000,1.39384,1.39378,1960000,3680000
2022-11-15 13:27:40.711000,1.39386,1.39377,1960000,3680000
2022-11-15 13:27:40.826000,1.39385,1.39377,1200000,3680000
2022-11-15 13:27:41.078000,1.39384,1.39379,1200000,1320000
2022-11-15 13:27:41.130000,1.39385,1.39381,1200000,1320000
2022-11-15 13:27:41.181000,1.39389,1.39383,1420000,3600000
2022-11-15 13:27:41.283000,1.3939,1.39384,1960000,3600000
2022-11-15 13:27:41.334000,1.3939,1.39385,1200000,4160000
2022-11-15 13:27:41.385000,1.39394,1.39385,1200000,3680000
2022-11-15 13:27:41.436000,1.39393,1.39388,1200000,3600000
2022-11-15 13:27:41.614000,1.3939,1.39383,1340000,3600000
2022-11-15 13:27:41.716000,1.39386,1.3938,1420000,3600000
2022-11-15 13:27:41.817000,1.39385,1.39378,1200000,3600000
2022-11-15 13:27:42.908000,1.39384,1.39378,1960000,3600000
2022-11-15 13:27:43.010000,1.39383,1.39376,1200000,3600000
2022-11-15 13:27:43.061000,1.39381,1.39375,1420000,3600000
2022-11-15 13:27:43.112000,1.39382,1.39372,1200000,3600000
2022-11-15 13:27:43.163000,1.39379,1.39373,1420000,4140000
2022-11-15 13:27:43.265000,1.3938,1.39375,1200000,3600000
2022-11-15 13:27:43.422000,1.3938,1.39374,1960000,3600000
2022-11-15 13:27:43.524000,1.39379,1.39373,1420000,3600000
2022-11-15 13:27:43.727000,1.39378,1.39372,1420000,3600000
2022-11-15 13:27:44.609000,1.39377,1.39371,1420000,3600000
2022-11-15 13:27:44.710000,1.39376,1.3937,1420000,3600000
2022-11-15 13:27:45.015000,1.39375,1.3937,1200000,3600000
2022-11-15 13:27:45.440000,1.39376,1.3937,1420000,3600000
2022-11-15 13:27:45.643000,1.39375,1.3937,1200000,3600000
2022-11-15 13:27:46.146000,1.39376,1.3937,1960000,3600000
2022-11-15 13:27:46.412000,1.39375,1.3937,1200000,3600000
2022-11-15 13:27:46.615000,1.39377,1.39372,1200000,3600000
2022-11-15 13:27:46.818000,1.39378,1.39372,1960000,3600000
2022-11-15 13:27:47.052000,1.39376,1.3937,1420000,3600000
2022-11-15 13:27:47.204000,1.39376,1.39369,1960000,3600000
2022-11-15 13:27:47.306000,1.39376,1.39368,1960000,4500000
2022-11-15 13:27:47.427000,1.39374,1.39368,1200000,4500000
2022-11-15 13:27:47.529000,1.39376,1.39367,1200000,4500000
2022-11-15 13:27:48.534000,1.39377,1.39367,1960000,4500000
2022-11-15 13:27:48.643000,1.39375,1.39368,1420000,4500000
2022-11-15 13:27:49.297000,1.39371,1.39365,2110000,3600000
2022-11-15 13:27:49.349000,1.39369,1.39363,1200000,3600000
2022-11-15 13:27:49.501000,1.3937,1.39361,1200000,3600000
2022-11-15 13:27:49.603000,1.39368,1.39362,1420000,3600000
2022-11-15 13:27:49.974000,1.39367,1.39362,1200000,3600000
2022-11-15 13:27:50.405000,1.39369,1.39361,1420000,3600000
2022-11-15 13:27:51.175000,1.39368,1.3936,1420000,3680000
2022-11-15 13:27:51.479000,1.39367,1.3936,1200000,5040000
2022-11-15 13:27:51.821000,1.39367,1.3936,1200000,5520000
2022-11-15 13:27:52.463000,1.39369,1.3936,1200000,5040000
2022-11-15 13:27:52.582000,1.39368,1.3936,1200000,5040000
2022-11-15 13:27:52.703000,1.39367,1.39361,1420000,3680000
2022-11-15 13:27:52.805000,1.39369,1.39362,1960000,3600000
2022-11-15 13:27:52.907000,1.39371,1.39365,1960000,3600000
2022-11-15 13:27:53.297000,1.39371,1.39364,1960000,3600000
2022-11-15 13:27:53.399000,1.39366,1.3936,1200000,3600000
2022-11-15 13:27:53.501000,1.39364,1.39359,1200000,3600000
2022-11-15 13:27:53.552000,1.39364,1.39357,1200000,3680000
2022-11-15 13:27:53.837000,1.39364,1.39357,1200000,4160000
2022-11-15 13:27:53.889000,1.39364,1.3936,1200000,1320000
2022-11-15 13:27:53.940000,1.39368,1.39361,1200000,3600000
2022-11-15 13:27:54.042000,1.39369,1.39361,1200000,4320000
2022-11-15 13:27:54.144000,1.39369,1.39363,1960000,3600000
2022-11-15 13:27:54.296000,1.3937,1.39363,1960000,3600000
2022-11-15 13:27:54.398000,1.39371,1.39363,1420000,3600000
2022-11-15 13:27:55.403000,1.39369,1.39364,1200000,3600000
2022-11-15 13:27:55.647000,1.39368,1.39362,1420000,3600000
2022-11-15 13:27:55.749000,1.39369,1.39363,1200000,3600000
2022-11-15 13:27:55.851000,1.3937,1.39363,1960000,3600000
2022-11-15 13:27:55.954000,1.39369,1.39363,1420000,3600000
2022-11-15 13:27:56.055000,1.3937,1.39364,1960000,3600000
2022-11-15 13:27:56.201000,1.39369,1.39363,1960000,3600000
2022-11-15 13:27:56.303000,1.39367,1.39361,1420000,3600000
2022-11-15 13:27:56.557000,1.39367,1.39363,1200000,3600000
2022-11-15 13:27:56.608000,1.39369,1.39362,1200000,3600000
2022-11-15 13:27:56.659000,1.39369,1.39364,1200000,3600000
2022-11-15 13:27:56.805000,1.3937,1.39364,1960000,3600000
2022-11-15 13:27:56.907000,1.3937,1.39365,1200000,3600000
2022-11-15 13:27:56.958000,1.39372,1.39365,1960000,3600000
2022-11-15 13:27:57.060000,1.39371,1.39365,1960000,3600000
2022-11-15 13:27:57.210000,1.3937,1.39365,1200000,3600000
2022-11-15 13:27:57.447000,1.39369,1.39364,1200000,3600000
2022-11-15 13:27:57.567000,1.39369,1.39365,1200000,3600000
2022-11-15 13:27:57.951000,1.3937,1.39365,1200000,3600000
2022-11-15 13:27:59.390000,1.39371,1.39365,1200000,3600000
2022-11-15 13:27:59.441000,1.39372,1.39366,1200000,3600000
2022-11-15 13:27:59.543000,1.39373,1.39366,1960000,3600000
2022-11-15 13:27:59.645000,1.39371,1.39361,1200000,4140000
2022-11-15 13:27:59.696000,1.3937,1.39364,1960000,3600000
2022-11-15 13:27:59.848000,1.39369,1.39364,1200000,3600000
2022-11-15 13:28:00.178000,1.39369,1.39366,1200000,3600000
2022-11-15 13:28:00.280000,1.39372,1.39365,1200000,3600000
2022-11-15 13:28:00.441000,1.39371,1.39365,1960000,3600000
2022-11-15 13:28:00.636000,1.39371,1.39366,1200000,3600000
2022-11-15 13:28:00.765000,1.39371,1.39365,1960000,3600000
2022-11-15 13:28:00.987000,1.3937,1.39365,1200000,3600000
2022-11-15 13:28:02.098000,1.39371,1.39366,1200000,3600000
2022-11-15 13:28:02.439000,1.39371,1.39367,1200000,3600000
2022-11-15 13:28:02.617000,1.39372,1.39367,1200000,3600000
2022-11-15 13:28:02.784000,1.39373,1.39367,1960000,3600000
2022-11-15 13:28:03.485000,1.39373,1.39368,1200000,3600000
2022-11-15 13:28:03.587000,1.39374,1.39368,1200000,3600000
2022-11-15 13:28:03.638000,1.39376,1.3937,1960000,3600000
2022-11-15 13:28:03.740000,1.39375,1.39369,1420000,3600000
2022-11-15 13:28:03.938000,1.39376,1.3937,1960000,3600000
2022-11-15 13:28:04.249000,1.39383,1.39375,1510000,4160000
2022-11-15 13:28:04.350000,1.39384,1.39378,1960000,3600000
2022-11-15 13:28:04.794000,1.39384,1.39377,1960000,3600000
2022-11-15 13:28:04.896000,1.39383,1.39377,1200000,3600000
2022-11-15 13:28:04.947000,1.39382,1.39375,1510000,3600000
2022-11-15 13:28:04.998000,1.39379,1.39373,1420000,3600000
2022-11-15 13:28:05.151000,1.39379,1.39374,1200000,3600000
2022-11-15 13:28:05.483000,1.39379,1.39373,1200000,3600000
2022-11-15 13:28:05.656000,1.3938,1.39373,1960000,3600000
2022-11-15 13:28:05.758000,1.39381,1.39375,1200000,3600000
2022-11-15 13:28:05.911000,1.39381,1.39376,1200000,3600000
2022-11-15 13:28:06.012000,1.39382,1.39376,1960000,3600000
2022-11-15 13:28:06.723000,1.39384,1.39378,1960000,3600000
2022-11-15 13:28:06.825000,1.39387,1.3938,1960000,3600000
2022-11-15 13:28:06.927000,1.39385,1.39378,1420000,3600000
2022-11-15 13:28:07.029000,1.39384,1.39377,1960000,3600000
2022-11-15 13:28:07.229000,1.39385,1.39379,2410000,3600000
2022-11-15 13:28:08.178000,1.39385,1.3938,1200000,3600000
2022-11-15 13:28:08.280000,1.39385,1.39379,1200000,3600000
2022-11-15 13:28:08.540000,1.39385,1.39378,1200000,3600000
2022-11-15 13:28:08.746000,1.39387,1.3938,1200000,3600000
2022-11-15 13:28:08.848000,1.39386,1.3938,1200000,3600000
2022-11-15 13:28:08.949000,1.39386,1.39381,1200000,3600000
2022-11-15 13:28:09.180000,1.39386,1.3938,1960000,3600000
2022-11-15 13:28:09.231000,1.39386,1.39377,2860000,3600000
2022-11-15 13:28:09.282000,1.39384,1.39378,1960000,3600000
2022-11-15 13:28:09.536000,1.39384,1.39379,1200000,3600000
2022-11-15 13:28:09.638000,1.39384,1.39378,1200000,3600000
2022-11-15 13:28:10.147000,1.39383,1.39378,1200000,3600000
2022-11-15 13:28:10.451000,1.39382,1.39377,1200000,3600000
2022-11-15 13:28:10.654000,1.39383,1.39377,1200000,3600000
2022-11-15 13:28:11.875000,1.39384,1.39377,2410000,3600000
2022-11-15 13:28:12.052000,1.39384,1.39377,2560000,3600000
2022-11-15 13:28:13.694000,1.39384,1.39378,1340000,3600000
2022-11-15 13:28:14.176000,1.39384,1.39377,2410000,3600000
2022-11-15 13:28:14.278000,1.39379,1.39374,1420000,1200000
2022-11-15 13:28:14.380000,1.39379,1.39373,1200000,3600000
2022-11-15 13:28:14.482000,1.3938,1.39373,1200000,3600000
2022-11-15 13:28:14.584000,1.3938,1.39376,1200000,3600000
2022-11-15 13:28:14.635000,1.39382,1.39376,2410000,3600000
2022-11-15 13:28:15.398000,1.39382,1.39375,1510000,3600000
2022-11-15 13:28:15.500000,1.39382,1.39376,1960000,3600000
2022-11-15 13:28:16.222000,1.39383,1.39376,1340000,3600000
2022-11-15 13:28:16.324000,1.39383,1.39376,1960000,3600000
2022-11-15 13:28:16.465000,1.39382,1.39376,1420000,3600000
2022-11-15 13:28:16.844000,1.39383,1.39377,1960000,3600000
2022-11-15 13:28:17.414000,1.39382,1.39377,1200000,3600000
2022-11-15 13:28:17.465000,1.39382,1.39374,5160000,3600000
2022-11-15 13:28:17.567000,1.39379,1.39373,1420000,3600000
2022-11-15 13:28:17.770000,1.3938,1.39373,1200000,3600000
2022-11-15 13:28:18.002000,1.3938,1.39374,1200000,3600000
2022-11-15 13:28:18.179000,1.3938,1.39375,1200000,3600000
2022-11-15 13:28:18.281000,1.39382,1.39376,1960000,3600000
2022-11-15 13:28:19.992000,1.39381,1.39376,1200000,3600000
2022-11-15 13:28:21.580000,1.39381,1.39377,1200000,3600000
2022-11-15 13:28:21.631000,1.39383,1.39377,1200000,3600000
2022-11-15 13:28:21.733000,1.39382,1.39377,1200000,3600000
2022-11-15 13:28:21.784000,1.39382,1.39374,1960000,3600000
2022-11-15 13:28:21.835000,1.39379,1.39374,1200000,3600000
2022-11-15 13:28:22.346000,1.39381,1.39376,1200000,4040000
2022-11-15 13:28:22.448000,1.39384,1.39378,1200000,3600000
2022-11-15 13:28:22.550000,1.39385,1.39379,1960000,3600000
2022-11-15 13:28:22.753000,1.39386,1.39379,2410000,3600000
2022-11-15 13:28:22.981000,1.39385,1.39379,1420000,3600000
2022-11-15 13:28:23.083000,1.39384,1.3938,1200000,3600000
2022-11-15 13:28:23.134000,1.39386,1.3938,1960000,3600000
2022-11-15 13:28:23.236000,1.39385,1.39379,1340000,3600000
2022-11-15 13:28:23.287000,1.39385,1.39376,1420000,3600000
2022-11-15 13:28:23.440000,1.39383,1.39377,1200000,3600000
2022-11-15 13:28:23.542000,1.39384,1.39378,1200000,3600000
2022-11-15 13:28:23.643000,1.39384,1.3938,1200000,3600000
2022-11-15 13:28:23.745000,1.39384,1.39379,1200000,3600000
2022-11-15 13:28:23.948000,1.39386,1.39377,1420000,3600000
2022-11-15 13:28:24.050000,1.39384,1.39378,1420000,3600000
2022-11-15 13:28:24.202000,1.39385,1.39378,1420000,3600000
2022-11-15 13:28:25.095000,1.39384,1.39377,1420000,3600000
2022-11-15 13:28:25.248000,1.39384,1.39378,1420000,3600000
2022-11-15 13:28:26.458000,1.39384,1.39378,2200000,3600000
2022-11-15 13:28:26.509000,1.39381,1.39375,1420000,3600000
2022-11-15 13:28:26.560000,1.39383,1.39376,2050000,3600000
2022-11-15 13:28:26.612000,1.39381,1.39375,1420000,3600000
2022-11-15 13:28:26.714000,1.39381,1.39373,1420000,3600000
2022-11-15 13:28:26.815000,1.3938,1.39375,1200000,3600000
2022-11-15 13:28:26.917000,1.39382,1.39375,1420000,3600000
2022-11-15 13:28:27.904000,1.39382,1.39376,1420000,3600000
2022-11-15 13:28:29.122000,1.39383,1.39377,1420000,3600000
2022-11-15 13:28:29.246000,1.39385,1.39376,1420000,3600000
2022-11-15 13:28:29.348000,1.39383,1.39377,1420000,3600000
2022-11-15 13:28:31.619000,1.39381,1.39375,1420000,3600000
2022-11-15 13:28:31.720000,1.39381,1.39374,1420000,3600000
2022-11-15 13:28:31.822000,1.39382,1.39375,1420000,3600000
2022-11-15 13:28:32.724000,1.39383,1.39374,2680000,3600000
2022-11-15 13:28:32.827000,1.39374,1.39367,1420000,3600000
2022-11-15 13:28:32.878000,1.39376,1.3937,1510000,3600000
2022-11-15 13:28:33.030000,1.39377,1.3937,1420000,3600000
2022-11-15 13:28:33.133000,1.39377,1.3937,2110000,3600000
2022-11-15 13:28:33.235000,1.39378,1.3937,1420000,3600000
2022-11-15 13:28:33.337000,1.39378,1.39371,1420000,3600000
2022-11-15 13:28:33.641000,1.39377,1.3937,1960000,3600000
2022-11-15 13:28:33.793000,1.39376,1.3937,1420000,3600000
2022-11-15 13:28:34.656000,1.39376,1.39369,2500000,3600000
2022-11-15 13:28:34.708000,1.39374,1.39367,1420000,4550000
2022-11-15 13:28:34.759000,1.39375,1.39365,2200000,4500000
2022-11-15 13:28:34.861000,1.39372,1.39366,1420000,3600000
2022-11-15 13:28:34.915000,1.39373,1.39363,2950000,3600000
2022-11-15 13:28:35.017000,1.39372,1.39362,1420000,4140000
2022-11-15 13:28:35.068000,1.3937,1.39364,1420000,3600000
2022-11-15 13:28:35.307000,1.39373,1.39363,1510000,3680000
2022-11-15 13:28:35.358000,1.39371,1.39365,1420000,3600000
2022-11-15 13:28:35.511000,1.39373,1.39364,1420000,3600000
2022-11-15 13:28:35.612000,1.39371,1.39364,1420000,3600000
2022-11-15 13:28:35.996000,1.39374,1.39364,3100000,3600000
2022-11-15 13:28:36.179000,1.39371,1.39364,1420000,3600000
2022-11-15 13:28:36.380000,1.39374,1.39364,3100000,3600000
2022-11-15 13:28:36.635000,1.39375,1.39369,1420000,3600000
2022-11-15 13:28:36.737000,1.39376,1.39369,1420000,3600000
2022-11-15 13:28:37.677000,1.39374,1.39367,1510000,3600000
2022-11-15 13:28:37.778000,1.39374,1.39368,1510000,3600000
2022-11-15 13:28:37.830000,1.39376,1.39369,1420000,3600000
2022-11-15 13:28:37.932000,1.39375,1.39367,1510000,3600000
2022-11-15 13:28:38.034000,1.39375,1.39366,2680000,3600000
2022-11-15 13:28:38.085000,1.3937,1.39364,1420000,3600000
2022-11-15 13:28:38.559000,1.3937,1.39362,1420000,4500000
2022-11-15 13:28:38.661000,1.39368,1.39361,1420000,3600000
2022-11-15 13:28:38.864000,1.39367,1.39361,1420000,3600000
2022-11-15 13:28:39.016000,1.39368,1.39361,1420000,3600000
2022-11-15 13:28:39.118000,1.39369,1.39362,1510000,3600000
2022-11-15 13:28:39.220000,1.39369,1.39362,2020000,3600000
2022-11-15 13:28:39.423000,1.39369,1.39363,2020000,3600000
2022-11-15 13:28:39.806000,1.39369,1.39362,2020000,3600000
2022-11-15 13:28:39.989000,1.39369,1.39362,1510000,3600000
2022-11-15 13:28:40.185000,1.39371,1.39363,2110000,3600000
2022-11-15 13:28:40.570000,1.39373,1.3937,1260000,1920000
2022-11-15 13:28:40.621000,1.39379,1.39371,2020000,3600000
2022-11-15 13:28:40.723000,1.39381,1.39373,1200000,3600000
2022-11-15 13:28:40.775000,1.39381,1.39375,1420000,3600000
2022-11-15 13:28:40.876000,1.39383,1.39376,2110000,3600000
2022-11-15 13:28:40.927000,1.39384,1.39373,2110000,3600000
2022-11-15 13:28:40.979000,1.39383,1.39376,2110000,3600000
2022-11-15 13:28:41.285000,1.39383,1.39376,1510000,3600000
2022-11-15 13:28:42.021000,1.39383,1.39376,2110000,3600000
2022-11-15 13:28:42.149000,1.39382,1.39373,2500000,3600000
2022-11-15 13:28:42.200000,1.39379,1.39373,1420000,3600000
2022-11-15 13:28:42.455000,1.39381,1.39374,1420000,3600000
2022-11-15 13:28:42.556000,1.39381,1.39375,1420000,3600000
2022-11-15 13:28:42.658000,1.39381,1.39374,1420000,3600000
2022-11-15 13:28:42.940000,1.39383,1.39374,1510000,3600000
2022-11-15 13:28:43.172000,1.39381,1.39375,1420000,3600000
2022-11-15 13:28:43.274000,1.39379,1.39373,1420000,3600000
2022-11-15 13:28:43.538000,1.39378,1.39372,1420000,3600000
2022-11-15 13:28:44.313000,1.39377,1.39371,1420000,3600000
2022-11-15 13:28:44.364000,1.39376,1.39369,1420000,3600000
2022-11-15 13:28:44.466000,1.39375,1.39369,1420000,3600000
2022-11-15 13:28:45.728000,1.39378,1.3937,1420000,3600000
2022-11-15 13:28:46.274000,1.39378,1.39371,1420000,3600000
2022-11-15 13:28:46.595000,1.39377,1.39371,1420000,3600000
2022-11-15 13:28:46.747000,1.39377,1.3937,1420000,3600000
2022-11-15 13:28:46.798000,1.39379,1.39369,1510000,5040000
2022-11-15 13:28:46.907000,1.39377,1.3937,1420000,3600000
2022-11-15 13:28:47.354000,1.3938,1.39368,1510000,5040000
2022-11-15 13:28:47.506000,1.39377,1.3937,1420000,3600000
2022-11-15 13:28:47.709000,1.39378,1.39372,1420000,3600000
2022-11-15 13:28:47.811000,1.39379,1.39373,1420000,3600000
2022-11-15 13:28:49.168000,1.39377,1.3937,1420000,3600000
2022-11-15 13:28:49.270000,1.39376,1.3937,1420000,3600000
2022-11-15 13:28:49.321000,1.39379,1.3937,1420000,2040000
2022-11-15 13:28:49.423000,1.39379,1.39373,1420000,3600000
2022-11-15 13:28:49.525000,1.3938,1.39373,1420000,4040000
2022-11-15 13:28:49.576000,1.39382,1.39374,1420000,3600000
2022-11-15 13:28:49.816000,1.3938,1.39373,1420000,3600000
2022-11-15 13:28:49.918000,1.39381,1.39372,1320000,3600000
2022-11-15 13:28:49.969000,1.39383,1.39374,4480000,3600000
2022-11-15 13:28:50.071000,1.3938,1.39374,1420000,4500000
2022-11-15 13:28:50.375000,1.39382,1.39375,1420000,3600000
2022-11-15 13:28:50.528000,1.39381,1.39373,1420000,3600000
2022-11-15 13:28:50.629000,1.39381,1.39375,1420000,3600000
2022-11-15 13:28:50.894000,1.39384,1.39377,1420000,3600000
2022-11-15 13:28:51.256000,1.39384,1.39377,2140000,3600000
2022-11-15 13:28:51.308000,1.39379,1.39373,1420000,3600000
2022-11-15 13:28:51.359000,1.39382,1.39372,1600000,1340000
2022-11-15 13:28:51.461000,1.39382,1.39372,2080000,1340000
2022-11-15 13:28:51.512000,1.3938,1.39374,1420000,3600000
2022-11-15 13:28:52.009000,1.39377,1.3937,2460000,3600000
2022-11-15 13:28:52.060000,1.39378,1.39367,2230000,3600000
2022-11-15 13:28:52.162000,1.39376,1.39367,1600000,3600000
2022-11-15 13:28:52.875000,1.39373,1.39367,2050000,3600000
2022-11-15 13:28:52.977000,1.39373,1.39366,1420000,3600000
2022-11-15 13:28:53.917000,1.39372,1.39366,1420000,3600000
2022-11-15 13:28:54.019000,1.39374,1.39368,1420000,3600000
2022-11-15 13:28:54.547000,1.39371,1.39365,1420000,3600000
2022-11-15 13:28:56.063000,1.39373,1.39366,1600000,3600000
2022-11-15 13:28:56.114000,1.39371,1.39365,1420000,3600000
2022-11-15 13:28:56.266000,1.39372,1.39365,1420000,3600000
2022-11-15 13:28:56.368000,1.39372,1.39366,1420000,3600000
2022-11-15 13:28:56.420000,1.39372,1.39363,2280000,3600000
2022-11-15 13:28:56.521000,1.39368,1.39361,1420000,3600000
2022-11-15 13:28:56.623000,1.39366,1.3936,1420000,3600000
2022-11-15 13:28:57.157000,1.39367,1.3936,1420000,3600000
2022-11-15 13:28:58.104000,1.3937,1.39362,1420000,5480000
2022-11-15 13:28:58.206000,1.3937,1.39364,1420000,3600000
2022-11-15 13:28:58.308000,1.39367,1.39361,1420000,3600000
2022-11-15 13:28:58.410000,1.39367,1.3936,1420000,3600000
2022-11-15 13:29:01.375000,1.39367,1.39361,1420000,3600000
2022-11-15 13:29:02.052000,1.39368,1.39361,1420000,3600000
2022-11-15 13:29:02.104000,1.39372,1.39363,2080000,3600000
2022-11-15 13:29:02.206000,1.3937,1.39364,1420000,3600000
2022-11-15 13:29:02.358000,1.3937,1.39363,1420000,3600000
2022-11-15 13:29:02.511000,1.39369,1.39362,1540000,3600000
2022-11-15 13:29:02.663000,1.3937,1.3936,2230000,3600000
2022-11-15 13:29:02.714000,1.39368,1.39362,1420000,3600000
2022-11-15 13:29:02.765000,1.3937,1.39363,1420000,3600000
2022-11-15 13:29:02.817000,1.39368,1.39362,1420000,3600000
2022-11-15 13:29:02.980000,1.39372,1.39364,1540000,3600000
2022-11-15 13:29:03.104000,1.3937,1.39364,1420000,3600000
2022-11-15 13:29:03.206000,1.39369,1.39363,1420000,3600000
2022-11-15 13:29:03.308000,1.39369,1.39362,1420000,3600000
2022-11-15 13:29:03.517000,1.3937,1.39363,1420000,3600000
2022-11-15 13:29:04.155000,1.39374,1.39365,1510000,4040000
2022-11-15 13:29:04.257000,1.39374,1.39367,1600000,3600000
2022-11-15 13:29:04.308000,1.39374,1.39365,1600000,4040000
2022-11-15 13:29:04.409000,1.39372,1.39365,1420000,3600000
2022-11-15 13:29:04.665000,1.39373,1.39367,1960000,3600000
2022-11-15 13:29:04.919000,1.39372,1.39366,1420000,3600000
2022-11-15 13:29:05.111000,1.39371,1.39364,1420000,4940000
2022-11-15 13:29:05.213000,1.39373,1.39365,1200000,3600000
2022-11-15 13:29:05.340000,1.39373,1.39366,1420000,3600000
2022-11-15 13:29:05.666000,1.39373,1.39364,1420000,4940000
2022-11-15 13:29:05.768000,1.39373,1.39365,1420000,3600000
2022-11-15 13:29:05.870000,1.39373,1.39366,1420000,3600000
2022-11-15 13:29:05.972000,1.39372,1.39366,3360000,3600000
2022-11-15 13:29:06.023000,1.39369,1.39363,1510000,3600000
2022-11-15 13:29:06.074000,1.39368,1.39361,1420000,3600000
2022-11-15 13:29:07.043000,1.39367,1.3936,1420000,3600000
2022-11-15 13:29:10.193000,1.39367,1.39361,1200000,3600000
2022-11-15 13:29:10.396000,1.39367,1.3936,1960000,3600000
2022-11-15 13:29:11.055000,1.39367,1.39361,1200000,3600000
2022-11-15 13:29:11.562000,1.39367,1.3936,1960000,3600000
2022-11-15 13:29:11.728000,1.39366,1.3936,1200000,3600000
2022-11-15 13:29:13.427000,1.39366,1.3936,1200000,4320000
2022-11-15 13:29:13.478000,1.39374,1.39367,2110000,3600000
2022-11-15 13:29:13.529000,1.39375,1.39368,1960000,3600000
2022-11-15 13:29:13.581000,1.39376,1.3937,1960000,3600000
2022-11-15 13:29:13.632000,1.39375,1.39368,1420000,3600000
2022-11-15 13:29:13.734000,1.39374,1.39368,1420000,3600000
2022-11-15 13:29:13.976000,1.39375,1.39369,1420000,3600000
2022-11-15 13:29:14.078000,1.39375,1.39368,1960000,3600000
2022-11-15 13:29:14.180000,1.39375,1.39369,1420000,3600000
2022-11-15 13:29:14.281000,1.39374,1.39368,1420000,3600000
2022-11-15 13:29:14.433000,1.39373,1.39367,1420000,3600000
2022-11-15 13:29:14.535000,1.39374,1.39367,1960000,3600000
2022-11-15 13:29:14.637000,1.39373,1.39367,1200000,3600000
2022-11-15 13:29:15.127000,1.39374,1.39367,1200000,3600000
2022-11-15 13:29:15.179000,1.39377,1.3937,1200000,3600000
2022-11-15 13:29:15.281000,1.39376,1.3937,1420000,3600000
2022-11-15 13:29:15.332000,1.39376,1.39367,1420000,3600000
2022-11-15 13:29:15.585000,1.39375,1.39369,1200000,3600000
2022-11-15 13:29:15.637000,1.39375,1.39367,1960000,3600000
2022-11-15 13:29:15.739000,1.39376,1.39367,1960000,3600000
2022-11-15 13:29:16.072000,1.39375,1.39369,1200000,3600000
2022-11-15 13:29:16.278000,1.39375,1.39368,1960000,3600000
2022-11-15 13:29:16.380000,1.39376,1.39369,1200000,4320000
2022-11-15 13:29:16.431000,1.39379,1.39374,1200000,3600000
2022-11-15 13:29:16.533000,1.39382,1.39374,1960000,3600000
2022-11-15 13:29:16.634000,1.3938,1.39375,1200000,3600000
2022-11-15 13:29:16.686000,1.3938,1.39372,1420000,3600000
2022-11-15 13:29:16.787000,1.39379,1.39373,1800000,3600000
2022-11-15 13:29:16.889000,1.39377,1.39372,1420000,1200000
2022-11-15 13:29:16.941000,1.39374,1.39369,1200000,3600000
2022-11-15 13:29:17.043000,1.39375,1.39369,1200000,3600000
2022-11-15 13:29:17.144000,1.39374,1.39369,1200000,3600000
2022-11-15 13:29:17.246000,1.39376,1.39369,1200000,3600000
2022-11-15 13:29:17.297000,1.39376,1.39371,1200000,3600000
2022-11-15 13:29:17.399000,1.39375,1.39369,1960000,3600000
2022-11-15 13:29:17.501000,1.39374,1.39369,1200000,3600000
2022-11-15 13:29:17.805000,1.39374,1.39368,1200000,3600000
2022-11-15 13:29:18.243000,1.39375,1.39368,1960000,3600000
2022-11-15 13:29:18.294000,1.39375,1.39366,2220000,3600000
2022-11-15 13:29:18.396000,1.39373,1.39367,1960000,3600000
2022-11-15 13:29:18.505000,1.39372,1.39366,1200000,3600000
2022-11-15 13:29:18.613000,1.39371,1.39366,1200000,3600000
2022-11-15 13:29:18.715000,1.39371,1.39365,1200000,3600000
2022-11-15 13:29:18.817000,1.39373,1.39368,1200000,3600000
2022-11-15 13:29:18.919000,1.39374,1.39368,1200000,3600000
2022-11-15 13:29:19.021000,1.39374,1.39367,1960000,3600000
2022-11-15 13:29:19.123000,1.39373,1.39367,1200000,3600000
2022-11-15 13:29:19.326000,1.39373,1.39368,1200000,3600000
2022-11-15 13:29:19.639000,1.39372,1.39366,1200000,3600000
2022-11-15 13:29:20.041000,1.39372,1.39367,1200000,3600000
2022-11-15 13:29:20.143000,1.39372,1.39366,1200000,3600000
2022-11-15 13:29:20.244000,1.39373,1.39366,1200000,3600000
2022-11-15 13:29:20.634000,1.39374,1.39366,1200000,3600000
2022-11-15 13:29:20.933000,1.39368,1.39362,1600000,1340000
2022-11-15 13:29:21.035000,1.39366,1.39359,1420000,4550000
2022-11-15 13:29:21.136000,1.39366,1.39357,1200000,3600000
2022-11-15 13:29:21.238000,1.39365,1.39359,1200000,3600000
2022-11-15 13:29:21.545000,1.39365,1.39358,1200000,3600000
2022-11-15 13:29:21.744000,1.39364,1.39358,1420000,3600000
2022-11-15 13:29:21.846000,1.39361,1.39354,1420000,4040000
2022-11-15 13:29:21.926000,1.39355,1.39348,2020000,3600000
2022-11-15 13:29:22.028000,1.39353,1.39345,1200000,3600000
2022-11-15 13:29:22.130000,1.39353,1.39348,1200000,3600000
2022-11-15 13:29:22.232000,1.39354,1.39348,1420000,3600000
2022-11-15 13:29:22.688000,1.39353,1.39348,1200000,3600000
2022-11-15 13:29:22.790000,1.39354,1.39348,1960000,3600000
2022-11-15 13:29:22.892000,1.39354,1.39349,1200000,3600000
2022-11-15 13:29:22.994000,1.39355,1.3935,1200000,3600000
2022-11-15 13:29:23.663000,1.39353,1.39347,1200000,3600000
2022-11-15 13:29:23.714000,1.39352,1.39345,1420000,3600000
2022-11-15 13:29:23.766000,1.39351,1.39344,1200000,5660000
2022-11-15 13:29:23.868000,1.39353,1.39347,1200000,3600000
2022-11-15 13:29:23.969000,1.39352,1.39347,1200000,3600000
2022-11-15 13:29:24.173000,1.39353,1.39347,1960000,3600000
2022-11-15 13:29:24.481000,1.39354,1.39347,1960000,3680000
2022-11-15 13:29:24.532000,1.39354,1.3935,1200000,3600000
2022-11-15 13:29:24.634000,1.39355,1.39348,1200000,4320000
2022-11-15 13:29:24.736000,1.39358,1.39353,1500000,3600000
2022-11-15 13:29:24.838000,1.39358,1.3935,1200000,3680000
2022-11-15 13:29:24.889000,1.39359,1.39351,1960000,3600000
2022-11-15 13:29:25.200000,1.39358,1.39351,1200000,3600000
2022-11-15 13:29:25.555000,1.39357,1.3935,1200000,4160000
2022-11-15 13:29:25.657000,1.39357,1.39352,1200000,3600000
2022-11-15 13:29:25.904000,1.39356,1.3935,1420000,3600000
2022-11-15 13:29:26.007000,1.39356,1.39349,1200000,3680000
2022-11-15 13:29:26.528000,1.39355,1.39349,1200000,3600000
2022-11-15 13:29:26.901000,1.39355,1.39347,1200000,5060000
2022-11-15 13:29:27.436000,1.39355,1.39348,1200000,4160000
2022-11-15 13:29:27.487000,1.39355,1.39351,1200000,3600000
2022-11-15 13:29:27.591000,1.39356,1.3935,1960000,3600000
2022-11-15 13:29:27.793000,1.39355,1.3935,1200000,3600000
2022-11-15 13:29:27.951000,1.39357,1.39351,1200000,3600000
2022-11-15 13:29:28.053000,1.39356,1.39352,1200000,3600000
2022-11-15 13:29:28.154000,1.39358,1.39351,1200000,3600000
2022-11-15 13:29:28.302000,1.39358,1.39352,1200000,3600000
2022-11-15 13:29:28.455000,1.39356,1.3935,1420000,3600000
2022-11-15 13:29:28.557000,1.39355,1.39349,1960000,3600000
2022-11-15 13:29:29.613000,1.39359,1.39352,1200000,5220000
2022-11-15 13:29:29.715000,1.39363,1.39357,1960000,3600000
2022-11-15 13:29:29.817000,1.39366,1.39359,2800000,3600000
2022-11-15 13:29:29.919000,1.39366,1.39357,1960000,3600000
2022-11-15 13:29:30.072000,1.39364,1.39358,2680000,3600000
2022-11-15 13:29:30.123000,1.39361,1.39355,1420000,3680000
2022-11-15 13:29:30.225000,1.39366,1.39357,1960000,3600000
2022-11-15 13:29:30.557000,1.39364,1.39358,1200000,3600000
2022-11-15 13:29:30.608000,1.39361,1.39356,1420000,1200000
2022-11-15 13:29:30.659000,1.39359,1.39353,1200000,3600000
2022-11-15 13:29:30.710000,1.39359,1.39351,1200000,3600000
2022-11-15 13:29:30.863000,1.39356,1.39349,1200000,3600000
2022-11-15 13:29:30.964000,1.39357,1.39349,1200000,3600000
2022-11-15 13:29:31.066000,1.39358,1.39355,1200000,3600000
2022-11-15 13:29:31.168000,1.39362,1.39356,1200000,3600000
2022-11-15 13:29:31.219000,1.39364,1.39356,1200000,3600000
2022-11-15 13:29:31.271000,1.39365,1.39357,1960000,3600000
2022-11-15 13:29:31.372000,1.39364,1.39357,1200000,3600000
2022-11-15 13:29:31.525000,1.39365,1.39357,1200000,3600000
2022-11-15 13:29:31.633000,1.39364,1.39355,1200000,4140000
2022-11-15 13:29:31.684000,1.39363,1.39357,1420000,3600000
2022-11-15 13:29:31.786000,1.39363,1.39355,1200000,4140000
2022-11-15 13:29:32.018000,1.39364,1.39355,1200000,4140000
2022-11-15 13:29:32.372000,1.39364,1.39354,2680000,3600000
2022-11-15 13:29:32.473000,1.39362,1.39353,1200000,3600000
2022-11-15 13:29:32.737000,1.39362,1.39354,1200000,3600000
2022-11-15 13:29:32.839000,1.39362,1.39356,1960000,3600000
2022-11-15 13:29:33.056000,1.39361,1.39356,1200000,3600000
2022-11-15 13:29:33.157000,1.39361,1.39357,1200000,3600000
2022-11-15 13:29:33.260000,1.39362,1.39353,1200000,4140000
2022-11-15 13:29:33.518000,1.39361,1.39357,1200000,3600000
2022-11-15 13:29:33.619000,1.39361,1.39356,1200000,3600000
2022-11-15 13:29:33.721000,1.3936,1.39352,1200000,5060000
2022-11-15 13:29:33.936000,1.3936,1.39355,1200000,3600000
2022-11-15 13:29:34.077000,1.39361,1.39351,1200000,4160000
2022-11-15 13:29:34.179000,1.39362,1.39351,1920000,3600000
2022-11-15 13:29:34.281000,1.39359,1.39352,1600000,3600000
2022-11-15 13:29:34.332000,1.39361,1.3935,1600000,3600000
2022-11-15 13:29:34.383000,1.39361,1.39355,1420000,3600000
2022-11-15 13:29:34.434000,1.39362,1.39351,2500000,3600000
2022-11-15 13:29:34.536000,1.39361,1.39351,1600000,3600000
2022-11-15 13:29:34.638000,1.39361,1.39349,2140000,3600000
2022-11-15 13:29:34.689000,1.39358,1.39351,1420000,3600000
2022-11-15 13:29:34.740000,1.39361,1.39349,2140000,3600000
2022-11-15 13:29:34.791000,1.39358,1.39351,1420000,3600000
2022-11-15 13:29:34.994000,1.39359,1.39352,1420000,3600000
2022-11-15 13:29:35.045000,1.39361,1.3935,1600000,3600000
2022-11-15 13:29:35.097000,1.39358,1.39351,1420000,3600000
2022-11-15 13:29:35.148000,1.39359,1.39349,1600000,3600000
2022-11-15 13:29:35.752000,1.39357,1.3935,1420000,3600000
2022-11-15 13:29:35.803000,1.3936,1.39349,2140000,3600000
2022-11-15 13:29:35.969000,1.39357,1.3935,1420000,3600000
2022-11-15 13:29:36.529000,1.3936,1.39354,1420000,3600000
2022-11-15 13:29:36.580000,1.39363,1.39351,1600000,4140000
2022-11-15 13:29:36.632000,1.39357,1.39351,1420000,3600000
2022-11-15 13:29:36.683000,1.39356,1.39349,1420000,4140000
2022-11-15 13:29:36.734000,1.39359,1.39352,1420000,3600000
2022-11-15 13:29:36.786000,1.39362,1.3935,1420000,4320000
2022-11-15 13:29:36.837000,1.39358,1.39351,1420000,3600000
2022-11-15 13:29:37.243000,1.39359,1.39353,1420000,3600000
2022-11-15 13:29:37.294000,1.39364,1.3935,1600000,4320000
2022-11-15 13:29:37.396000,1.39361,1.39354,1420000,3600000
2022-11-15 13:29:37.498000,1.39359,1.39352,1420000,3600000
2022-11-15 13:29:37.599000,1.39359,1.3935,1420000,3600000
2022-11-15 13:29:37.802000,1.39359,1.39347,1540000,5040000
2022-11-15 13:29:37.904000,1.39357,1.3935,1420000,3600000
2022-11-15 13:29:38.057000,1.39361,1.39354,2180000,1440000
2022-11-15 13:29:38.160000,1.39368,1.39363,1980000,1200000
2022-11-15 13:29:38.211000,1.39379,1.39375,1420000,1200000
2022-11-15 13:29:38.262000,1.39388,1.3938,2260000,1200000
2022-11-15 13:29:38.364000,1.39384,1.39378,1500000,3600000
2022-11-15 13:29:38.415000,1.39383,1.3938,2700000,3600000
2022-11-15 13:29:38.466000,1.39387,1.39381,1420000,3600000
2022-11-15 13:29:38.669000,1.39387,1.39379,1320000,1200000
2022-11-15 13:29:38.720000,1.39385,1.3938,1200000,3600000
2022-11-15 13:29:39.024000,1.39385,1.39381,1200000,3600000
2022-11-15 13:29:39.126000,1.39387,1.39381,1420000,3600000
2022-11-15 13:29:39.687000,1.39385,1.39381,1200000,3600000
2022-11-15 13:29:40.087000,1.39387,1.39381,1960000,3600000
2022-11-15 13:29:40.358000,1.39385,1.39377,1420000,1200000
2022-11-15 13:29:40.409000,1.39382,1.39375,1960000,3600000
2022-11-15 13:29:40.511000,1.39376,1.39371,1200000,3600000
2022-11-15 13:29:40.562000,1.39376,1.39367,1200000,5040000
2022-11-15 13:29:40.613000,1.39377,1.39371,1200000,3600000
2022-11-15 13:29:40.715000,1.39378,1.39372,1200000,3600000
2022-11-15 13:29:40.817000,1.39378,1.39371,1960000,3600000
2022-11-15 13:29:40.919000,1.39377,1.39372,1200000,3600000
2022-11-15 13:29:41.071000,1.39378,1.39367,1920000,3600000
2022-11-15 13:29:41.123000,1.39374,1.3937,1200000,3600000
2022-11-15 13:29:41.224000,1.39375,1.3937,1200000,3600000
2022-11-15 13:29:41.326000,1.39378,1.39369,1200000,4140000
2022-11-15 13:29:41.428000,1.39377,1.39373,1200000,3600000
2022-11-15 13:29:41.530000,1.39379,1.39373,1960000,3600000
2022-11-15 13:29:41.683000,1.39379,1.39374,1200000,3600000
2022-11-15 13:29:42.501000,1.39386,1.39379,1420000,5400000
2022-11-15 13:29:42.552000,1.39387,1.39381,1960000,3600000
2022-11-15 13:29:42.654000,1.39389,1.39378,1200000,1920000
2022-11-15 13:29:42.706000,1.39388,1.3938,1420000,4320000
2022-11-15 13:29:42.808000,1.39391,1.39382,1200000,4500000
2022-11-15 13:29:42.859000,1.39391,1.39384,1200000,3600000
2022-11-15 13:29:42.961000,1.39391,1.39385,1200000,3600000
2022-11-15 13:29:43.069000,1.39392,1.39385,1960000,3600000
2022-11-15 13:29:43.341000,1.39393,1.39387,1420000,3600000
2022-11-15 13:29:43.697000,1.39392,1.39386,1420000,3600000
2022-11-15 13:29:44.222000,1.39391,1.39385,1420000,3600000
2022-11-15 13:29:44.808000,1.39392,1.39385,1200000,3600000
2022-11-15 13:29:45.062000,1.39391,1.39383,1200000,3600000
2022-11-15 13:29:45.163000,1.39389,1.39381,1200000,3600000
2022-11-15 13:29:45.265000,1.3939,1.3938,1200000,3600000
2022-11-15 13:29:45.367000,1.39389,1.39381,1200000,4160000
2022-11-15 13:29:45.469000,1.39388,1.39383,1200000,3600000
2022-11-15 13:29:45.775000,1.39388,1.39382,1960000,3600000
2022-11-15 13:29:45.877000,1.39386,1.3938,1200000,3600000
2022-11-15 13:29:45.979000,1.39388,1.39382,1200000,3600000
2022-11-15 13:29:46.081000,1.39386,1.39382,1200000,3600000
2022-11-15 13:29:46.183000,1.39387,1.39382,1200000,3600000
2022-11-15 13:29:46.380000,1.39386,1.39382,1200000,3600000
2022-11-15 13:29:46.808000,1.39387,1.39382,1200000,3600000
2022-11-15 13:29:46.911000,1.39388,1.39382,1420000,3600000
2022-11-15 13:29:47.164000,1.39389,1.3938,1200000,4140000
2022-11-15 13:29:47.369000,1.39385,1.39375,1200000,7020000
2022-11-15 13:29:47.471000,1.39385,1.39378,1960000,4160000
2022-11-15 13:29:47.573000,1.39382,1.39376,1960000,3600000
2022-11-15 13:29:47.675000,1.3938,1.39375,1960000,1200000
2022-11-15 13:29:47.777000,1.39378,1.39374,1200000,1200000
2022-11-15 13:29:47.879000,1.39376,1.39373,1200000,1200000
2022-11-15 13:29:47.980000,1.39375,1.39367,1200000,4320000
2022-11-15 13:29:48.082000,1.39375,1.39367,3420000,3600000
2022-11-15 13:29:48.133000,1.39364,1.39356,1200000,4140000
2022-11-15 13:29:48.185000,1.39362,1.39359,1420000,1200000
2022-11-15 13:29:48.236000,1.39364,1.39359,1960000,1200000
2022-11-15 13:29:48.287000,1.39364,1.39357,1960000,5040000
2022-11-15 13:29:48.389000,1.39367,1.39358,1420000,3600000
2022-11-15 13:29:48.588000,1.39367,1.39357,1420000,5040000
2022-11-15 13:29:48.832000,1.39367,1.39357,1420000,5060000
2022-11-15 13:29:48.933000,1.39367,1.39358,1420000,4160000
2022-11-15 13:29:49.035000,1.39368,1.39358,1420000,4160000
2022-11-15 13:29:49.086000,1.39367,1.39357,1200000,3680000
2022-11-15 13:29:49.138000,1.39368,1.39357,1960000,1920000
2022-11-15 13:29:49.239000,1.39369,1.39359,1960000,4140000
2022-11-15 13:29:49.341000,1.39367,1.39364,1420000,1200000
2022-11-15 13:29:49.392000,1.39369,1.39364,1420000,1200000
2022-11-15 13:29:49.443000,1.39369,1.39358,1420000,4320000
2022-11-15 13:29:49.545000,1.39367,1.39361,1420000,3600000
2022-11-15 13:29:49.647000,1.39371,1.39359,2140000,4140000
2022-11-15 13:29:49.752000,1.39372,1.39365,1200000,4320000
2022-11-15 13:29:49.854000,1.39377,1.39374,1420000,1200000
2022-11-15 13:29:49.956000,1.39379,1.39374,2340000,1200000
2022-11-15 13:29:50.058000,1.39376,1.39373,1200000,1200000
2022-11-15 13:29:50.160000,1.3938,1.39374,1420000,1200000
2022-11-15 13:29:50.262000,1.39377,1.39375,1420000,1200000
2022-11-15 13:29:50.364000,1.39379,1.39375,1420000,1200000
2022-11-15 13:29:50.465000,1.39378,1.39374,1420000,1200000
2022-11-15 13:29:50.925000,1.3938,1.39375,1600000,1200000
2022-11-15 13:29:51.129000,1.39379,1.39375,1420000,1200000
2022-11-15 13:29:51.231000,1.3938,1.39375,1420000,1200000
2022-11-15 13:29:51.333000,1.39379,1.39375,1420000,1200000
2022-11-15 13:29:51.556000,1.39383,1.39376,1420000,3600000
2022-11-15 13:29:51.608000,1.3938,1.39375,1420000,1200000
2022-11-15 13:29:51.709000,1.39379,1.39375,1420000,1200000
2022-11-15 13:29:51.811000,1.39383,1.39375,1420000,1200000
2022-11-15 13:29:51.913000,1.39382,1.39375,1420000,4500000
2022-11-15 13:29:52.015000,1.39384,1.39375,1600000,1200000
2022-11-15 13:29:52.445000,1.39384,1.39375,2140000,1200000
2022-11-15 13:29:52.496000,1.39381,1.39375,1420000,1200000
2022-11-15 13:29:52.599000,1.39382,1.39375,2140000,1200000
2022-11-15 13:29:52.701000,1.39379,1.39374,1600000,1200000
2022-11-15 13:29:53.419000,1.39378,1.39375,1420000,1200000
2022-11-15 13:29:53.471000,1.39382,1.39375,1630000,1200000
2022-11-15 13:29:53.623000,1.39381,1.39375,1630000,1200000
2022-11-15 13:29:54.086000,1.39381,1.39375,1540000,1200000
2022-11-15 13:29:54.289000,1.3938,1.39375,1420000,1200000
2022-11-15 13:29:54.391000,1.39381,1.39375,1600000,1200000
2022-11-15 13:29:54.764000,1.39383,1.39375,1440000,1200000
2022-11-15 13:29:54.866000,1.39386,1.39374,2140000,1200000
2022-11-15 13:29:55.069000,1.39381,1.39375,1420000,1200000
2022-11-15 13:29:55.121000,1.39384,1.39375,1420000,1200000
2022-11-15 13:29:55.223000,1.39386,1.39374,1540000,1200000
2022-11-15 13:29:55.417000,1.39384,1.39375,1420000,1200000
2022-11-15 13:29:55.520000,1.39385,1.39375,1540000,1200000
2022-11-15 13:29:55.756000,1.3938,1.39375,1420000,1200000
2022-11-15 13:29:56.207000,1.39383,1.39375,1420000,1200000
2022-11-15 13:29:56.422000,1.39385,1.39374,1420000,1200000
2022-11-15 13:29:56.523000,1.39382,1.39375,1420000,1200000
2022-11-15 13:29:56.632000,1.39383,1.39375,1420000,1200000
2022-11-15 13:29:56.734000,1.39377,1.39375,1420000,1200000
2022-11-15 13:29:57.444000,1.39386,1.39375,1960000,1200000
2022-11-15 13:29:57.551000,1.39385,1.39375,1420000,1200000
2022-11-15 13:29:57.602000,1.39377,1.39375,1420000,1200000
2022-11-15 13:29:57.928000,1.39383,1.39375,1420000,1200000
2022-11-15 13:29:58.080000,1.39384,1.39375,1420000,1200000
2022-11-15 13:29:58.131000,1.39379,1.39375,1420000,1200000
2022-11-15 13:29:58.385000,1.39379,1.39375,1420000,1200000
2022-11-15 13:29:59.141000,1.39379,1.39375,1420000,1200000
2022-11-15 13:29:59.344000,1.39385,1.39375,1200000,1200000
2022-11-15 13:29:59.395000,1.3938,1.39375,1420000,1200000
2022-11-15 13:29:59.497000,1.39384,1.39375,1200000,1200000
2022-11-15 13:29:59.548000,1.3938,1.39375,1420000,1200000
2022-11-15 13:29:59.649000,1.39378,1.39375,1420000,1200000
2022-11-15 13:30:00.199000,1.39379,1.39375,1420000,1200000
2022-11-15 13:30:00.502000,1.39361,1.39347,1200000,3600000
2022-11-15 13:30:00.553000,1.3936,1.39341,1200000,3600000
2022-11-15 13:30:00.604000,1.39351,1.3934,1800000,6300000
2022-11-15 13:30:00.706000,1.3932,1.39289,1200000,900000
2022-11-15 13:30:00.757000,1.39315,1.39289,1420000,1130000
2022-11-15 13:30:00.808000,1.39301,1.39265,1420000,3600000
2022-11-15 13:30:00.910000,1.39306,1.39265,1420000,3600000
2022-11-15 13:30:00.961000,1.39307,1.39263,1420000,5400000
2022-11-15 13:30:01.012000,1.39306,1.39269,1800000,1200000
2022-11-15 13:30:01.115000,1.39304,1.39256,1420000,1200000
2022-11-15 13:30:01.166000,1.39305,1.39257,1420000,1200000
2022-11-15 13:30:01.217000,1.3931,1.39261,1420000,1200000
2022-11-15 13:30:01.319000,1.39277,1.39242,1420000,900000
2022-11-15 13:30:01.370000,1.39286,1.39243,1420000,900000
2022-11-15 13:30:01.421000,1.39279,1.39221,1420000,4200000
2022-11-15 13:30:01.472000,1.39273,1.39219,1420000,1800000
2022-11-15 13:30:01.573000,1.39273,1.39219,1420000,1200000
2022-11-15 13:30:01.675000,1.39259,1.39221,1060000,3600000
2022-11-15 13:30:01.935000,1.39259,1.39229,1200000,1200000
2022-11-15 13:30:02.096000,1.39264,1.39228,1420000,1200000
2022-11-15 13:30:02.147000,1.39264,1.39245,1420000,900000
2022-11-15 13:30:02.249000,1.39268,1.39257,1200000,1200000
2022-11-15 13:30:02.300000,1.39264,1.39227,1420000,1200000
2022-11-15 13:30:02.402000,1.39262,1.3923,1420000,3600000
2022-11-15 13:30:02.503000,1.39263,1.39229,1420000,3600000
2022-11-15 13:30:02.676000,1.39263,1.3923,1420000,3600000
2022-11-15 13:30:02.782000,1.39263,1.39231,1420000,3600000
2022-11-15 13:30:03.020000,1.39264,1.39232,1420000,3600000
2022-11-15 13:30:03.223000,1.39265,1.39244,1960000,3600000
2022-11-15 13:30:03.337000,1.39266,1.39257,1420000,1200000
2022-11-15 13:30:03.439000,1.39265,1.39257,1200000,1200000
2022-11-15 13:30:03.541000,1.39253,1.39243,1420000,1200000
2022-11-15 13:30:03.592000,1.39258,1.39243,2700000,1200000
2022-11-15 13:30:03.643000,1.39264,1.39248,1200000,1200000
2022-11-15 13:30:03.745000,1.39267,1.39245,1200000,3600000
2022-11-15 13:30:03.796000,1.39258,1.39244,1800000,1200000
2022-11-15 13:30:03.847000,1.39233,1.39222,1420000,3600000
2022-11-15 13:30:03.898000,1.39239,1.39222,1420000,3600000
2022-11-15 13:30:03.949000,1.39227,1.39222,900000,900000
2022-11-15 13:30:04,1.39205,1.39192,1420000,230000
2022-11-15 13:30:04.051000,1.39177,1.39169,1060000,3600000
2022-11-15 13:30:04.103000,1.39168,1.39164,4940000,900000
2022-11-15 13:30:04.154000,1.39155,1.39146,1420000,3600000
2022-11-15 13:30:04.205000,1.39135,1.39115,1200000,3600000
2022-11-15 13:30:04.256000,1.39126,1.39115,1200000,3600000
2022-11-15 13:30:04.307000,1.39124,1.39103,1200000,1200000
2022-11-15 13:30:04.510000,1.39118,1.39101,1200000,4200000
2022-11-15 13:30:04.611000,1.39117,1.39103,1960000,3600000
2022-11-15 13:30:04.713000,1.39107,1.391,1800000,3600000
2022-11-15 13:30:04.815000,1.39111,1.39102,1420000,3600000
2022-11-15 13:30:04.866000,1.39117,1.39102,1960000,3600000
2022-11-15 13:30:04.968000,1.39107,1.39101,1200000,3600000
2022-11-15 13:30:05.069000,1.39131,1.39107,900000,2400000
2022-11-15 13:30:05.120000,1.39125,1.39116,1200000,3600000
2022-11-15 13:30:05.171000,1.39124,1.39109,1420000,3600000
2022-11-15 13:30:05.222000,1.39117,1.39102,1800000,3600000
2022-11-15 13:30:05.324000,1.39118,1.39101,1200000,3600000
2022-11-15 13:30:05.426000,1.39118,1.39106,1200000,3600000
2022-11-15 13:30:05.477000,1.39104,1.39099,1200000,4040000
2022-11-15 13:30:05.528000,1.39103,1.3909,1420000,4200000
2022-11-15 13:30:05.579000,1.39108,1.39087,1510000,4200000
2022-11-15 13:30:05.630000,1.39105,1.39086,1200000,3600000
2022-11-15 13:30:05.681000,1.39093,1.39085,1200000,3600000
2022-11-15 13:30:05.783000,1.39079,1.39062,6010000,900000
2022-11-15 13:30:05.834000,1.39056,1.3905,1420000,3600000
2022-11-15 13:30:05.885000,1.39066,1.39057,1060000,1200000
2022-11-15 13:30:05.936000,1.39074,1.39068,1420000,3600000
2022-11-15 13:30:05.987000,1.3907,1.39058,1200000,4500000
2022-11-15 13:30:06.038000,1.39065,1.3906,1200000,3600000
2022-11-15 13:30:06.089000,1.39065,1.39046,1200000,4200000
2022-11-15 13:30:06.140000,1.39055,1.39045,5400000,4500000
2022-11-15 13:30:06.191000,1.39045,1.39032,1420000,3600000
2022-11-15 13:30:06.242000,1.39029,1.39016,1420000,3600000
2022-11-15 13:30:06.293000,1.39032,1.39024,1200000,1200000
2022-11-15 13:30:06.344000,1.39041,1.39027,1200000,3600000
2022-11-15 13:30:06.395000,1.39036,1.3902,1420000,3600000
2022-11-15 13:30:06.446000,1.39051,1.39045,1420000,1200000
2022-11-15 13:30:06.497000,1.39054,1.39038,1200000,1200000
2022-11-15 13:30:06.548000,1.39058,1.39044,1200000,1200000
2022-11-15 13:30:06.650000,1.39062,1.39054,1420000,3600000
2022-11-15 13:30:06.701000,1.39063,1.39036,1340000,1040000
2022-11-15 13:30:06.752000,1.39094,1.39088,1420000,1800000
2022-11-15 13:30:06.803000,1.39104,1.39091,2020000,3600000
2022-11-15 13:30:06.854000,1.3911,1.39103,1420000,3600000
2022-11-15 13:30:06.955000,1.39118,1.391,1800000,1200000
2022-11-15 13:30:07.057000,1.39114,1.39091,1340000,4640000
2022-11-15 13:30:07.159000,1.3911,1.39094,1200000,1800000
2022-11-15 13:30:07.210000,1.3911,1.39105,900000,2520000
2022-11-15 13:30:07.261000,1.39127,1.39118,2520000,1800000
2022-11-15 13:30:07.312000,1.39129,1.39118,1920000,1800000
2022-11-15 13:30:07.413000,1.39127,1.39111,2520000,1800000
2022-11-15 13:30:07.465000,1.39124,1.39114,2520000,1200000
2022-11-15 13:30:07.515000,1.39124,1.39116,2520000,3600000
2022-11-15 13:30:07.566000,1.39124,1.39116,1420000,3600000
2022-11-15 13:30:07.617000,1.3912,1.39113,1200000,900000
2022-11-15 13:30:07.669000,1.39104,1.391,1060000,2240000
2022-11-15 13:30:07.720000,1.3909,1.39074,2520000,3600000
2022-11-15 13:30:07.771000,1.39085,1.39078,2520000,4500000
2022-11-15 13:30:07.822000,1.39093,1.39078,1200000,1200000
2022-11-15 13:30:07.873000,1.39077,1.39067,2140000,1800000
2022-11-15 13:30:07.924000,1.39077,1.39067,1420000,1800000
2022-11-15 13:30:07.975000,1.39082,1.39074,900000,2360000
2022-11-15 13:30:08.026000,1.39101,1.39089,2520000,1940000
2022-11-15 13:30:08.078000,1.39098,1.39088,2520000,1340000
2022-11-15 13:30:08.129000,1.39094,1.39078,2520000,1800000
2022-11-15 13:30:08.180000,1.39095,1.39082,2520000,3600000
2022-11-15 13:30:08.282000,1.39083,1.39072,1420000,3600000
2022-11-15 13:30:08.434000,1.3908,1.39068,2520000,3600000
2022-11-15 13:30:08.486000,1.39066,1.39058,1420000,900000
2022-11-15 13:30:08.537000,1.39046,1.39039,1960000,3600000
2022-11-15 13:30:08.588000,1.39042,1.39036,1420000,3680000
2022-11-15 13:30:08.639000,1.39042,1.39032,1420000,3600000
2022-11-15 13:30:08.690000,1.39042,1.39029,1420000,3680000
2022-11-15 13:30:08.742000,1.39045,1.3903,1200000,2340000
2022-11-15 13:30:08.844000,1.39032,1.39022,3420000,3600000
2022-11-15 13:30:08.895000,1.39008,1.38997,2520000,1200000
2022-11-15 13:30:08.997000,1.38996,1.38979,1460000,1200000
2022-11-15 13:30:09.048000,1.38964,1.3895,2520000,3600000
2022-11-15 13:30:09.100000,1.38956,1.38929,1200000,1200000
2022-11-15 13:30:09.151000,1.38955,1.38946,1320000,230000
2022-11-15 13:30:09.253000,1.38967,1.38953,1200000,3600000
2022-11-15 13:30:09.304000,1.38937,1.38908,1920000,4040000
2022-11-15 13:30:09.355000,1.38939,1.38933,1200000,3600000
2022-11-15 13:30:09.457000,1.3894,1.3893,1200000,900000
2022-11-15 13:30:09.508000,1.38939,1.38931,1920000,1200000
2022-11-15 13:30:09.560000,1.38936,1.38922,3420000,900000
2022-11-15 13:30:09.611000,1.38932,1.38922,1920000,900000
2022-11-15 13:30:09.662000,1.3892,1.38912,1200000,1200000
2022-11-15 13:30:09.713000,1.38915,1.38912,1200000,1200000
2022-11-15 13:30:09.764000,1.38919,1.38907,2140000,1200000
2022-11-15 13:30:09.815000,1.38912,1.38905,1200000,1200000
2022-11-15 13:30:09.867000,1.38912,1.38901,1920000,3600000
2022-11-15 13:30:09.918000,1.38911,1.38901,1900000,3600000
2022-11-15 13:30:10.020000,1.38913,1.38907,1060000,3600000
2022-11-15 13:30:10.071000,1.3897,1.38941,1420000,1320000
2022-11-15 13:30:10.122000,1.38963,1.38941,1500000,1200000
2022-11-15 13:30:10.224000,1.38982,1.38964,2320000,3600000
2022-11-15 13:30:10.276000,1.38982,1.38959,1800000,1440000
2022-11-15 13:30:10.378000,1.38974,1.38956,2140000,1500000
2022-11-15 13:30:10.429000,1.38975,1.38953,1440000,1800000
2022-11-15 13:30:10.480000,1.38964,1.38949,1200000,1200000
2022-11-15 13:30:10.531000,1.38971,1.38948,1320000,1200000
2022-11-15 13:30:10.633000,1.38966,1.38943,1920000,1500000
2022-11-15 13:30:10.735000,1.38966,1.38943,2520000,4500000
2022-11-15 13:30:10.802000,1.38965,1.38942,2500000,3600000
2022-11-15 13:30:10.854000,1.38945,1.38909,1420000,2360000
2022-11-15 13:30:10.959000,1.3896,1.38942,1200000,3600000
2022-11-15 13:30:11.010000,1.38976,1.38945,1500000,900000
2022-11-15 13:30:11.067000,1.38955,1.38931,1600000,1200000
2022-11-15 13:30:11.169000,1.38951,1.38933,2140000,3600000
2022-11-15 13:30:11.220000,1.38952,1.38934,1200000,1200000
2022-11-15 13:30:11.271000,1.38968,1.38962,1420000,3600000
2022-11-15 13:30:11.322000,1.38964,1.38958,2520000,900000
2022-11-15 13:30:11.373000,1.3896,1.38941,2520000,1200000
2022-11-15 13:30:11.425000,1.38956,1.38941,2140000,1200000
2022-11-15 13:30:11.527000,1.38941,1.38918,1420000,3600000
2022-11-15 13:30:11.578000,1.38938,1.38923,1920000,1200000
2022-11-15 13:30:11.680000,1.3893,1.38913,2140000,3600000
2022-11-15 13:30:11.781000,1.38932,1.38913,3310000,4500000
2022-11-15 13:30:11.883000,1.38936,1.38923,1320000,1200000
2022-11-15 13:30:11.985000,1.38936,1.38922,1320000,1200000
2022-11-15 13:30:12.036000,1.38928,1.3892,1200000,1200000
2022-11-15 13:30:12.087000,1.38916,1.38906,2140000,1800000
2022-11-15 13:30:12.138000,1.38915,1.38906,3420000,1800000
2022-11-15 13:30:12.190000,1.38903,1.38897,1920000,4850000
2022-11-15 13:30:12.241000,1.38903,1.3889,1200000,1260000
2022-11-15 13:30:12.292000,1.38892,1.38875,1920000,3140000
2022-11-15 13:30:12.394000,1.38887,1.38876,1420000,1500000
2022-11-15 13:30:12.496000,1.3888,1.38867,1200000,3600000
2022-11-15 13:30:12.597000,1.38882,1.38867,1420000,3600000
2022-11-15 13:30:12.699000,1.38878,1.38864,1420000,1200000
2022-11-15 13:30:12.750000,1.38882,1.38866,1200000,1200000
2022-11-15 13:30:12.802000,1.38885,1.38866,1540000,1800000
2022-11-15 13:30:12.853000,1.38882,1.38866,1420000,2700000
2022-11-15 13:30:12.955000,1.38867,1.38857,230000,900000
2022-11-15 13:30:13.006000,1.38861,1.38853,2020000,3600000
2022-11-15 13:30:13.057000,1.38869,1.38851,1620000,1200000
2022-11-15 13:30:13.109000,1.38869,1.3885,2100000,1440000
2022-11-15 13:30:13.160000,1.38868,1.38861,1420000,3600000
2022-11-15 13:30:13.211000,1.38873,1.38862,1200000,1200000
2022-11-15 13:30:13.262000,1.38873,1.38865,1200000,1200000
2022-11-15 13:30:13.313000,1.3888,1.38871,1200000,1200000
2022-11-15 13:30:13.365000,1.38879,1.38866,1200000,3600000
2022-11-15 13:30:13.467000,1.38884,1.38874,1320000,1200000
2022-11-15 13:30:13.568000,1.38886,1.38873,1420000,4160000
2022-11-15 13:30:13.670000,1.38888,1.38878,2240000,2520000
2022-11-15 13:30:13.772000,1.38902,1.38884,1320000,1800000
2022-11-15 13:30:13.874000,1.3888,1.38872,1420000,3600000
2022-11-15 13:30:13.925000,1.38885,1.38871,1320000,1200000
2022-11-15 13:30:13.977000,1.38871,1.38865,1420000,3600000
2022-11-15 13:30:14.028000,1.38874,1.38866,1960000,1200000
2022-11-15 13:30:14.079000,1.38879,1.38865,1420000,1200000
2022-11-15 13:30:14.181000,1.38881,1.38866,1420000,7020000
2022-11-15 13:30:14.232000,1.38883,1.38877,1800000,2520000
2022-11-15 13:30:14.283000,1.38888,1.38865,1920000,1800000
2022-11-15 13:30:14.334000,1.3889,1.38869,1920000,1320000
2022-11-15 13:30:14.385000,1.38891,1.38871,1880000,4320000
2022-11-15 13:30:14.436000,1.38898,1.38884,2100000,2520000
2022-11-15 13:30:14.488000,1.38894,1.38874,1900000,1800000
2022-11-15 13:30:14.539000,1.3889,1.38874,2140000,1800000
2022-11-15 13:30:14.590000,1.3889,1.38866,2230000,5100000
2022-11-15 13:30:14.692000,1.38869,1.38851,1200000,4200000
2022-11-15 13:30:14.743000,1.38869,1.38858,1200000,3600000
2022-11-15 13:30:14.794000,1.38876,1.38857,2230000,3600000
2022-11-15 13:30:14.845000,1.38864,1.38855,1420000,4940000
2022-11-15 13:30:14.896000,1.38869,1.38855,1420000,3600000
2022-11-15 13:30:14.947000,1.3887,1.38862,1800000,3600000
2022-11-15 13:30:14.998000,1.38875,1.38852,1420000,4200000
2022-11-15 13:30:15.050000,1.38877,1.38874,1200000,1200000
2022-11-15 13:30:15.101000,1.38882,1.38874,1420000,1200000
2022-11-15 13:30:15.152000,1.38889,1.38875,1420000,1200000
2022-11-15 13:30:15.203000,1.38895,1.38876,1600000,1800000
2022-11-15 13:30:15.254000,1.38888,1.38877,1420000,4200000
2022-11-15 13:30:15.305000,1.38899,1.38874,2520000,1800000
2022-11-15 13:30:15.357000,1.38887,1.38869,2520000,4200000
2022-11-15 13:30:15.408000,1.3888,1.38865,1420000,1200000
2022-11-15 13:30:15.509000,1.3888,1.38863,1420000,1340000
2022-11-15 13:30:15.611000,1.38876,1.38859,1630000,4200000
2022-11-15 13:30:15.713000,1.38876,1.38858,2680000,3600000
2022-11-15 13:30:15.764000,1.38876,1.38857,1200000,4500000
2022-11-15 13:30:15.815000,1.38876,1.38855,1920000,1800000
2022-11-15 13:30:15.920000,1.38873,1.38856,1600000,3600000
2022-11-15 13:30:16.022000,1.38874,1.38857,3400000,1200000
2022-11-15 13:30:16.073000,1.38871,1.38857,1420000,1200000
2022-11-15 13:30:16.124000,1.38873,1.38857,2030000,1880000
2022-11-15 13:30:16.276000,1.38874,1.38855,2680000,1200000
2022-11-15 13:30:16.327000,1.38871,1.38857,1420000,1800000
2022-11-15 13:30:16.429000,1.38873,1.3886,2140000,3600000
2022-11-15 13:30:16.480000,1.38874,1.38855,2140000,1200000
2022-11-15 13:30:16.531000,1.38867,1.38855,1420000,3600000
2022-11-15 13:30:16.582000,1.3887,1.38849,2140000,4200000
2022-11-15 13:30:16.634000,1.38861,1.38855,1420000,3600000
2022-11-15 13:30:16.685000,1.38862,1.38849,1420000,3600000
2022-11-15 13:30:16.786000,1.38864,1.38849,2860000,3600000
2022-11-15 13:30:16.837000,1.38864,1.38851,1420000,3600000
2022-11-15 13:30:16.939000,1.3886,1.3885,1420000,3600000
2022-11-15 13:30:17.041000,1.38871,1.38862,1420000,3600000
2022-11-15 13:30:17.092000,1.38878,1.3886,2230000,1200000
2022-11-15 13:30:17.143000,1.38878,1.38857,2500000,2940000
2022-11-15 13:30:17.245000,1.38876,1.38857,1320000,2400000
2022-11-15 13:30:17.347000,1.38854,1.38847,2520000,1260000
2022-11-15 13:30:17.398000,1.38857,1.38847,1420000,1260000
2022-11-15 13:30:17.449000,1.38859,1.38845,1200000,1200000
2022-11-15 13:30:17.551000,1.38865,1.38845,2140000,1800000
2022-11-15 13:30:17.602000,1.38863,1.38845,3580000,1800000
2022-11-15 13:30:17.653000,1.3886,1.38843,2140000,1200000
2022-11-15 13:30:17.755000,1.38858,1.38838,2680000,2240000
2022-11-15 13:30:17.857000,1.38859,1.38837,1920000,2400000
2022-11-15 13:30:18.060000,1.38847,1.38842,1320000,440000
2022-11-15 13:30:18.111000,1.38846,1.38829,2000000,3600000
2022-11-15 13:30:18.162000,1.38844,1.38836,1420000,1200000
2022-11-15 13:30:18.265000,1.38837,1.38832,1320000,1800000
2022-11-15 13:30:18.373000,1.38841,1.38835,1420000,3600000
2022-11-15 13:30:18.424000,1.38847,1.3884,1420000,3600000
2022-11-15 13:30:18.526000,1.38853,1.38839,1600000,3600000
2022-11-15 13:30:18.577000,1.3885,1.3884,1420000,3600000
2022-11-15 13:30:18.679000,1.38852,1.38836,2140000,4200000
2022-11-15 13:30:18.781000,1.3885,1.38838,1420000,3600000
2022-11-15 13:30:18.832000,1.38854,1.3885,1420000,1200000
2022-11-15 13:30:18.884000,1.38858,1.38849,1200000,1200000
2022-11-15 13:30:18.985000,1.38857,1.38847,1200000,4200000
2022-11-15 13:30:19.037000,1.3886,1.38845,1740000,1800000
2022-11-15 13:30:19.088000,1.3885,1.38845,1420000,1200000
2022-11-15 13:30:19.139000,1.38852,1.38839,1420000,3600000
2022-11-15 13:30:19.241000,1.38854,1.38839,1600000,3600000
2022-11-15 13:30:19.292000,1.38855,1.38847,1920000,3600000
