time,ask,bid,ask_volume,bid_volume
2020-04-29 12:25:00.269000,1.06559,1.06555,1250000,1750000
2020-04-29 12:25:18.287000,1.06559,1.06556,1750000,1120000
2020-04-29 12:25:18.741000,1.06559,1.06556,1250000,1000000
2020-04-29 12:25:21.519000,1.0656,1.06557,2700000,1000000
2020-04-29 12:25:31.525000,1.0656,1.06557,1760000,1000000
2020-04-29 12:25:31.732000,1.0656,1.06558,1010000,1000000
2020-04-29 12:25:34.545000,1.0656,1.06558,1350000,1000000
2020-04-29 12:25:35.531000,1.0656,1.06558,1010000,1000000
2020-04-29 12:25:38.625000,1.06561,1.06558,2060000,1000000
2020-04-29 12:25:40.550000,1.06561,1.06558,2640000,1000000
2020-04-29 12:25:42.926000,1.0656,1.06558,1350000,1000000
2020-04-29 12:25:47.040000,1.06561,1.06558,1950000,1000000
2020-04-29 12:25:47.946000,1.06559,1.06557,2200000,1000000
2020-04-29 12:25:48.048000,1.0656,1.06557,1590000,1000000
2020-04-29 12:25:49.021000,1.0656,1.06557,1010000,1000000
2020-04-29 12:25:50.829000,1.06562,1.06559,3090000,1000000
2020-04-29 12:25:50.930000,1.06562,1.06559,1250000,1000000
2020-04-29 12:25:52.224000,1.06563,1.0656,1100000,1000000
2020-04-29 12:25:52.325000,1.06565,1.06561,2320000,1000000
2020-04-29 12:25:52.426000,1.06566,1.06561,2400000,1120000
2020-04-29 12:25:54.970000,1.06566,1.06562,2400000,1000000
2020-04-29 12:26:12.573000,1.06568,1.06566,1000000,1390000
2020-04-29 12:26:12.623000,1.0657,1.06566,1950000,1250000
2020-04-29 12:26:12.725000,1.06571,1.06566,1350000,1750000
2020-04-29 12:26:13.614000,1.06571,1.06566,1850000,2060000
2020-04-29 12:26:13.717000,1.06571,1.06566,1010000,2140000
2020-04-29 12:26:15.141000,1.06571,1.06568,1010000,1000000
2020-04-29 12:26:16.645000,1.06572,1.06568,3170000,1000000
2020-04-29 12:26:17.661000,1.06571,1.06568,1250000,1000000
2020-04-29 12:26:22.129000,1.06571,1.06568,1350000,1000000
2020-04-29 12:26:22.230000,1.0657,1.06567,1010000,1000000
2020-04-29 12:26:22.630000,1.0657,1.06567,2270000,1000000
2020-04-29 12:26:23.736000,1.06571,1.06566,1600000,2260000
2020-04-29 12:26:27.410000,1.06568,1.06565,1850000,1120000
2020-04-29 12:26:27.511000,1.06567,1.06563,1990000,1250000
2020-04-29 12:26:27.612000,1.06566,1.06563,1600000,1250000
2020-04-29 12:26:28.562000,1.06566,1.06563,1100000,1250000
2020-04-29 12:26:29.288000,1.06567,1.06563,2800000,1000000
2020-04-29 12:26:30.010000,1.06566,1.06563,1010000,1000000
2020-04-29 12:26:31.554000,1.06566,1.06562,1090000,1120000
2020-04-29 12:26:32.760000,1.06566,1.06562,1200000,1370000
2020-04-29 12:26:33.579000,1.06566,1.06562,1200000,1370000
2020-04-29 12:26:34.128000,1.06565,1.06562,1850000,1000000
2020-04-29 12:26:36.255000,1.06564,1.06562,1960000,1000000
2020-04-29 12:26:37.036000,1.06564,1.06561,1960000,1000000
2020-04-29 12:26:37.890000,1.06564,1.06561,1460000,1500000
2020-04-29 12:26:41.686000,1.06565,1.06561,1840000,1000000
2020-04-29 12:26:43.524000,1.06566,1.06561,1720000,2850000
2020-04-29 12:26:43.630000,1.06566,1.06563,1570000,1000000
2020-04-29 12:26:44.692000,1.06566,1.06562,1100000,1950000
2020-04-29 12:26:46.169000,1.06566,1.06564,1100000,1000000
2020-04-29 12:26:46.513000,1.06566,1.06563,1100000,1000000
2020-04-29 12:26:47.945000,1.06566,1.06562,2320000,1200000
2020-04-29 12:26:48.147000,1.06565,1.06561,1820000,4510000
2020-04-29 12:26:53.949000,1.06565,1.06561,1820000,4010000
2020-04-29 12:26:54.956000,1.06565,1.06561,1820000,4140000
2020-04-29 12:26:55.538000,1.06565,1.06562,1010000,1120000
2020-04-29 12:26:55.760000,1.06565,1.06561,1110000,1500000
2020-04-29 12:26:55.861000,1.06563,1.0656,1200000,1000000
2020-04-29 12:26:56.380000,1.06564,1.06561,1010000,1000000
2020-04-29 12:26:58.894000,1.06565,1.06561,1010000,1100000
2020-04-29 12:26:58.995000,1.06566,1.06562,1010000,1720000
2020-04-29 12:27:01.430000,1.06565,1.06561,1370000,1720000
2020-04-29 12:27:01.532000,1.06565,1.06561,1100000,1600000
2020-04-29 12:27:02.494000,1.06565,1.06561,1450000,1120000
2020-04-29 12:27:02.595000,1.06565,1.06562,2250000,1000000
2020-04-29 12:27:02.696000,1.06564,1.0656,1010000,1120000
2020-04-29 12:27:04.568000,1.06564,1.0656,1350000,1120000
2020-04-29 12:27:05.565000,1.06565,1.0656,3850000,1000000
2020-04-29 12:27:06.441000,1.06562,1.06559,1200000,1120000
2020-04-29 12:27:06.542000,1.06562,1.06559,2520000,1000000
2020-04-29 12:27:06.644000,1.06562,1.06558,3270000,1200000
2020-04-29 12:27:06.846000,1.06562,1.06559,1600000,1200000
2020-04-29 12:27:06.947000,1.06563,1.06559,2710000,1200000
2020-04-29 12:27:07.185000,1.06563,1.06559,1760000,1720000
2020-04-29 12:27:08.818000,1.06563,1.06561,1000000,1000000
2020-04-29 12:27:08.920000,1.06564,1.06561,2260000,1200000
2020-04-29 12:27:12.325000,1.06564,1.06561,1100000,3040000
2020-04-29 12:27:12.426000,1.06566,1.06562,1200000,1760000
2020-04-29 12:27:12.949000,1.06566,1.06562,1200000,2640000
2020-04-29 12:27:13.694000,1.06568,1.06564,1800000,1120000
2020-04-29 12:27:14.698000,1.06569,1.06564,3450000,1720000
2020-04-29 12:27:17.179000,1.06566,1.06563,1250000,1870000
2020-04-29 12:27:18.177000,1.06566,1.06563,1810000,1000000
2020-04-29 12:27:21.692000,1.06567,1.06565,1120000,1250000
2020-04-29 12:27:21.793000,1.06569,1.06565,1250000,1910000
2020-04-29 12:27:21.945000,1.06568,1.06565,1250000,1100000
2020-04-29 12:27:22.249000,1.06568,1.06564,1690000,2660000
2020-04-29 12:27:22.798000,1.06568,1.06564,1690000,1760000
2020-04-29 12:27:23,1.06568,1.06564,1310000,1890000
2020-04-29 12:27:23.995000,1.06568,1.06564,2440000,1760000
2020-04-29 12:27:24.447000,1.06567,1.06564,1000000,1760000
2020-04-29 12:27:27.601000,1.06566,1.06563,1000000,1970000
2020-04-29 12:27:28.344000,1.06566,1.06563,1000000,1010000
2020-04-29 12:27:30.418000,1.06567,1.06563,1780000,1390000
2020-04-29 12:27:30.520000,1.06567,1.06564,1430000,1000000
2020-04-29 12:27:30.621000,1.06568,1.06564,2600000,1000000
2020-04-29 12:27:31.028000,1.06568,1.06565,2370000,1000000
2020-04-29 12:27:31.129000,1.06568,1.06566,2220000,1000000
2020-04-29 12:27:31.382000,1.06568,1.06565,1450000,1000000
2020-04-29 12:27:31.863000,1.06568,1.06565,2200000,1000000
2020-04-29 12:27:32.064000,1.06568,1.06565,2200000,1000000
2020-04-29 12:27:32.369000,1.06568,1.06565,2200000,1000000
2020-04-29 12:27:32.655000,1.06568,1.06566,2200000,1000000
2020-04-29 12:27:32.706000,1.06568,1.06566,1010000,1000000
2020-04-29 12:27:33.898000,1.0657,1.06567,1410000,1200000
2020-04-29 12:27:33.948000,1.0657,1.06568,1250000,1690000
2020-04-29 12:27:34.050000,1.06572,1.06569,2320000,1000000
2020-04-29 12:27:34.976000,1.06572,1.0657,1350000,1250000
2020-04-29 12:27:35.428000,1.06572,1.06571,1010000,1000000
2020-04-29 12:27:35.530000,1.06573,1.06571,2200000,1000000
2020-04-29 12:27:36.103000,1.06573,1.06569,1450000,1570000
2020-04-29 12:27:36.332000,1.06573,1.0657,1450000,1000000
2020-04-29 12:27:37.128000,1.06573,1.06569,1450000,1570000
2020-04-29 12:27:37.381000,1.06573,1.0657,2200000,1000000
2020-04-29 12:27:37.482000,1.06573,1.06569,2320000,2320000
2020-04-29 12:27:37.602000,1.06573,1.0657,2320000,1000000
2020-04-29 12:27:37.710000,1.06573,1.06569,2320000,2320000
2020-04-29 12:27:37.812000,1.06573,1.0657,2320000,1000000
2020-04-29 12:27:37.913000,1.06573,1.06569,2320000,2320000
2020-04-29 12:27:38.290000,1.06572,1.06569,1370000,1760000
2020-04-29 12:27:39.056000,1.06572,1.06569,1450000,1570000
2020-04-29 12:27:40.156000,1.06573,1.0657,1950000,1000000
2020-04-29 12:27:40.408000,1.06573,1.06571,1350000,1000000
2020-04-29 12:27:40.843000,1.06573,1.06569,1350000,1950000
2020-04-29 12:27:40.944000,1.06573,1.06571,1820000,1000000
2020-04-29 12:27:41.329000,1.06573,1.06569,1350000,2140000
2020-04-29 12:27:41.612000,1.06573,1.06571,1350000,1000000
2020-04-29 12:27:41.866000,1.06573,1.06569,1350000,2140000
2020-04-29 12:27:42.133000,1.06573,1.06571,1350000,1000000
2020-04-29 12:27:44.379000,1.06575,1.06572,1850000,1950000
2020-04-29 12:27:44.430000,1.06576,1.06573,1390000,1000000
2020-04-29 12:27:44.532000,1.06576,1.06572,1010000,1720000
2020-04-29 12:27:44.734000,1.06577,1.06573,1390000,1720000
2020-04-29 12:27:44.987000,1.06579,1.06574,1960000,1570000
2020-04-29 12:27:45.088000,1.06579,1.06574,1350000,2470000
2020-04-29 12:27:45.190000,1.0658,1.06576,1950000,1390000
2020-04-29 12:27:45.241000,1.0658,1.06577,1010000,1100000
2020-04-29 12:27:45.342000,1.06581,1.06578,1010000,1200000
2020-04-29 12:27:45.443000,1.0658,1.06578,1250000,1000000
2020-04-29 12:27:45.645000,1.0658,1.06576,1250000,2320000
2020-04-29 12:27:46.501000,1.06579,1.06576,1450000,1000000
2020-04-29 12:27:48.025000,1.06579,1.06575,2200000,1120000
2020-04-29 12:27:49.551000,1.0658,1.06574,2800000,3200000
2020-04-29 12:27:49.653000,1.0658,1.06577,1010000,2850000
2020-04-29 12:27:49.754000,1.06581,1.06577,1950000,1750000
2020-04-29 12:27:50.058000,1.06581,1.06577,1950000,2660000
2020-04-29 12:27:50.160000,1.06582,1.06578,3640000,1200000
2020-04-29 12:27:50.261000,1.06582,1.06578,2910000,1200000
2020-04-29 12:27:50.362000,1.06582,1.06578,2510000,1200000
2020-04-29 12:27:51.111000,1.06582,1.06578,1370000,1200000
2020-04-29 12:27:53.344000,1.06582,1.06578,1950000,1100000
2020-04-29 12:27:53.475000,1.06582,1.06578,2200000,1100000
2020-04-29 12:27:54.150000,1.06582,1.06578,1570000,5070000
2020-04-29 12:27:55.155000,1.06583,1.06579,1390000,1570000
2020-04-29 12:27:57.257000,1.06584,1.06579,2700000,1720000
2020-04-29 12:28:00.075000,1.06584,1.06579,3450000,1570000
2020-04-29 12:28:01.644000,1.06584,1.06579,2120000,1870000
2020-04-29 12:28:01.929000,1.06585,1.0658,5770000,1000000
2020-04-29 12:28:03.247000,1.06585,1.0658,3460000,1000000
2020-04-29 12:28:03.399000,1.06585,1.06582,1000000,3850000
2020-04-29 12:28:03.450000,1.06587,1.06584,1720000,1120000
2020-04-29 12:28:03.553000,1.06588,1.06584,1590000,1120000
2020-04-29 12:28:04.062000,1.06588,1.06584,1510000,3970000
2020-04-29 12:28:04.113000,1.0659,1.06586,1890000,1570000
2020-04-29 12:28:04.214000,1.06591,1.06586,5240000,2070000
2020-04-29 12:28:04.604000,1.06591,1.06586,5090000,1570000
2020-04-29 12:28:04.655000,1.06591,1.06588,1100000,1200000
2020-04-29 12:28:04.757000,1.06591,1.06587,1250000,1600000
2020-04-29 12:28:04.909000,1.06591,1.06587,1010000,1950000
2020-04-29 12:28:05.011000,1.06592,1.06587,2260000,1720000
2020-04-29 12:28:05.877000,1.06592,1.06589,1510000,1000000
2020-04-29 12:28:08.014000,1.06593,1.06589,2770000,1000000
2020-04-29 12:28:09.004000,1.06592,1.06588,1760000,1570000
2020-04-29 12:28:11.404000,1.0659,1.06587,1350000,1000000
2020-04-29 12:28:11.455000,1.0659,1.06586,2620000,3260000
2020-04-29 12:28:12.374000,1.06589,1.06586,1370000,1120000
2020-04-29 12:28:12.476000,1.06588,1.06584,1120000,2370000
2020-04-29 12:28:18.487000,1.06588,1.06584,1120000,1120000
2020-04-29 12:28:18.767000,1.06588,1.06584,1310000,3170000
2020-04-29 12:28:18.868000,1.06588,1.06586,1000000,1010000
2020-04-29 12:28:19.961000,1.0659,1.06586,4200000,1760000
2020-04-29 12:28:20.062000,1.0659,1.06587,3450000,1000000
2020-04-29 12:28:20.315000,1.06591,1.06587,2700000,2510000
2020-04-29 12:28:21.338000,1.06591,1.06587,2320000,2140000
2020-04-29 12:28:22.308000,1.0659,1.06587,2400000,1000000
2020-04-29 12:28:22.410000,1.0659,1.06587,1950000,1000000
2020-04-29 12:28:24.344000,1.06583,1.06582,1000000,1000000
2020-04-29 12:28:24.394000,1.06585,1.0658,2340000,1250000
2020-04-29 12:28:24.445000,1.06585,1.06583,1500000,1000000
2020-04-29 12:28:24.597000,1.06587,1.06583,2700000,1000000
2020-04-29 12:28:24.698000,1.06587,1.06583,1510000,1000000
2020-04-29 12:28:28.186000,1.06587,1.06583,2200000,1120000
2020-04-29 12:28:28.801000,1.06586,1.06581,4270000,1120000
2020-04-29 12:28:28.902000,1.06585,1.0658,2320000,1570000
2020-04-29 12:28:29.356000,1.06584,1.0658,2770000,1000000
2020-04-29 12:28:30.344000,1.06584,1.0658,3520000,1000000
2020-04-29 12:28:32.626000,1.06583,1.06579,1850000,1120000
2020-04-29 12:28:34.451000,1.06583,1.06578,1100000,4460000
2020-04-29 12:28:34.552000,1.06584,1.0658,1100000,2810000
2020-04-29 12:28:35.916000,1.06584,1.06579,4300000,1120000
2020-04-29 12:28:36.534000,1.06584,1.06579,5420000,1000000
2020-04-29 12:28:42.567000,1.06582,1.06578,1100000,1500000
2020-04-29 12:28:42.669000,1.06581,1.06577,1970000,1500000
2020-04-29 12:28:43.352000,1.0658,1.06577,1100000,1000000
2020-04-29 12:28:43.727000,1.06581,1.06577,2550000,1870000
2020-04-29 12:28:47.002000,1.06581,1.06577,1200000,1870000
2020-04-29 12:28:47.493000,1.06581,1.06577,2170000,1870000
2020-04-29 12:28:47.594000,1.0658,1.06576,1350000,2810000
2020-04-29 12:28:47.695000,1.0658,1.06577,1120000,1000000
2020-04-29 12:28:48.557000,1.06581,1.06577,2770000,1120000
2020-04-29 12:28:50.382000,1.06581,1.06578,1570000,1000000
2020-04-29 12:28:50.531000,1.06581,1.06577,1570000,1120000
2020-04-29 12:28:51.144000,1.06581,1.06578,1120000,1000000
2020-04-29 12:28:53.065000,1.06583,1.06578,2320000,2260000
2020-04-29 12:28:53.424000,1.06583,1.06579,3520000,1120000
2020-04-29 12:28:53.953000,1.06583,1.06579,2770000,1120000
2020-04-29 12:28:54.116000,1.06584,1.06579,3260000,1760000
2020-04-29 12:28:55.072000,1.06585,1.0658,5770000,1000000
2020-04-29 12:28:55.173000,1.06585,1.06581,4650000,1000000
2020-04-29 12:28:55.275000,1.06584,1.06581,1350000,1500000
2020-04-29 12:28:55.376000,1.06584,1.06582,1350000,1000000
2020-04-29 12:28:55.478000,1.06585,1.06582,1370000,1000000
2020-04-29 12:28:55.681000,1.06586,1.06582,1370000,1120000
2020-04-29 12:28:55.832000,1.06587,1.06583,1760000,1870000
2020-04-29 12:28:56.136000,1.06588,1.06583,2320000,4320000
2020-04-29 12:28:56.662000,1.06588,1.06585,2320000,1000000
2020-04-29 12:28:57.254000,1.06588,1.06586,1820000,1000000
2020-04-29 12:28:57.406000,1.0659,1.06586,3150000,1870000
2020-04-29 12:28:58.473000,1.0659,1.06588,2320000,1000000
2020-04-29 12:29:00.141000,1.06591,1.06589,2250000,1000000
2020-04-29 12:29:00.243000,1.06594,1.0659,1100000,1250000
2020-04-29 12:29:00.294000,1.06593,1.06591,1000000,1000000
2020-04-29 12:29:00.395000,1.06593,1.06591,1000000,1000000
2020-04-29 12:29:00.496000,1.06594,1.06592,1100000,1000000
2020-04-29 12:29:00.648000,1.06595,1.06592,1840000,1000000
2020-04-29 12:29:00.870000,1.06596,1.06593,2020000,1000000
2020-04-29 12:29:01.847000,1.06596,1.06593,1450000,1000000
2020-04-29 12:29:01.948000,1.06596,1.06593,1100000,1000000
2020-04-29 12:29:03.973000,1.06593,1.06589,1000000,2290000
2020-04-29 12:29:04.074000,1.06589,1.06586,1830000,3370000
2020-04-29 12:29:04.377000,1.06589,1.06586,1370000,1500000
2020-04-29 12:29:04.630000,1.0659,1.06587,1120000,1500000
2020-04-29 12:29:07.803000,1.06589,1.06586,1280000,1000000
2020-04-29 12:29:08.058000,1.0659,1.06586,3480000,1000000
2020-04-29 12:29:08.159000,1.06588,1.06585,1380000,1000000
2020-04-29 12:29:08.211000,1.06588,1.06584,4600000,1000000
2020-04-29 12:29:08.312000,1.06586,1.06584,1040000,1000000
2020-04-29 12:29:08.415000,1.06587,1.06583,1980000,1000000
2020-04-29 12:29:08.517000,1.06587,1.06584,2000000,1000000
2020-04-29 12:29:08.619000,1.06587,1.06584,1780000,1000000
2020-04-29 12:29:08.721000,1.06587,1.06583,1930000,1000000
2020-04-29 12:29:09.280000,1.06587,1.06583,1280000,1000000
2020-04-29 12:29:09.414000,1.06587,1.06583,1280000,1000000
2020-04-29 12:29:10.080000,1.06586,1.06581,1710000,1250000
2020-04-29 12:29:10.282000,1.06585,1.06581,2670000,1000000
2020-04-29 12:29:10.384000,1.06583,1.0658,1030000,1000000
2020-04-29 12:29:11.135000,1.06584,1.06581,1030000,1000000
2020-04-29 12:29:11.338000,1.06585,1.06581,1100000,1000000
2020-04-29 12:29:11.714000,1.06586,1.06581,1220000,1100000
2020-04-29 12:29:12.020000,1.06586,1.06582,1220000,1000000
2020-04-29 12:29:12.121000,1.06586,1.06583,1220000,1000000
2020-04-29 12:29:12.222000,1.06586,1.06584,1100000,1000000
2020-04-29 12:29:12.693000,1.06587,1.06584,1780000,1000000
2020-04-29 12:29:13.579000,1.06587,1.06584,2540000,1000000
2020-04-29 12:29:13.681000,1.06587,1.06581,2280000,1990000
2020-04-29 12:29:14.329000,1.06586,1.06581,1280000,1200000
2020-04-29 12:29:14.531000,1.06587,1.06581,3470000,1650000
2020-04-29 12:29:14.783000,1.06587,1.06583,2730000,1000000
2020-04-29 12:29:15.060000,1.06586,1.06582,2600000,1000000
2020-04-29 12:29:15.161000,1.06586,1.06581,3470000,1000000
2020-04-29 12:29:15.263000,1.06586,1.06582,2600000,1000000
2020-04-29 12:29:15.465000,1.06586,1.06582,1900000,1000000
2020-04-29 12:29:15.567000,1.06586,1.06582,2120000,1000000
2020-04-29 12:29:15.669000,1.06586,1.06582,1520000,1000000
2020-04-29 12:29:16.080000,1.06587,1.06582,1410000,1000000
2020-04-29 12:29:16.536000,1.06587,1.06583,1410000,1000000
2020-04-29 12:29:18.076000,1.06587,1.06583,1530000,1000000
2020-04-29 12:29:19.071000,1.06587,1.06583,1780000,1000000
2020-04-29 12:29:19.621000,1.06588,1.06584,3470000,1000000
2020-04-29 12:29:19.723000,1.06587,1.06583,1730000,1000000
2020-04-29 12:29:20.235000,1.06589,1.06583,1890000,1570000
2020-04-29 12:29:20.336000,1.06589,1.06583,1510000,3740000
2020-04-29 12:29:20.455000,1.06589,1.06585,1510000,1000000
2020-04-29 12:29:20.556000,1.06589,1.06584,1750000,1100000
2020-04-29 12:29:21.869000,1.0659,1.06585,1890000,1000000
2020-04-29 12:29:23.260000,1.0659,1.06585,1810000,1000000
2020-04-29 12:29:25.262000,1.0659,1.06585,1810000,1000000
2020-04-29 12:29:25.465000,1.0659,1.06586,1810000,1000000
2020-04-29 12:29:27.514000,1.06587,1.06583,2870000,2470000
2020-04-29 12:29:27.564000,1.06584,1.06582,1120000,1000000
2020-04-29 12:29:27.666000,1.06584,1.06582,1000000,1000000
2020-04-29 12:29:27.918000,1.06584,1.06581,1000000,1000000
2020-04-29 12:29:28.684000,1.06585,1.06581,1250000,1000000
2020-04-29 12:29:31.116000,1.06586,1.06581,1550000,1120000
2020-04-29 12:29:31.167000,1.06587,1.06583,2210000,1000000
2020-04-29 12:29:31.217000,1.06587,1.06583,2440000,1000000
2020-04-29 12:29:31.420000,1.06588,1.06583,2620000,1000000
2020-04-29 12:29:31.571000,1.06588,1.06586,1000000,1000000
2020-04-29 12:29:31.673000,1.06589,1.06585,1620000,1000000
2020-04-29 12:29:31.824000,1.0659,1.06586,1620000,1000000
2020-04-29 12:29:32.125000,1.06591,1.06589,2370000,1000000
2020-04-29 12:29:32.226000,1.06594,1.0659,1250000,1000000
2020-04-29 12:29:32.327000,1.06592,1.0659,1000000,1000000
2020-04-29 12:29:32.530000,1.06595,1.0659,1500000,1000000
2020-04-29 12:29:34.362000,1.06595,1.06592,1000000,1000000
2020-04-29 12:29:34.965000,1.06595,1.06591,1000000,3560000
2020-04-29 12:29:35.506000,1.06596,1.06593,1120000,1870000
2020-04-29 12:29:35.557000,1.06598,1.06593,1760000,4140000
2020-04-29 12:29:35.659000,1.06598,1.06593,1760000,1120000
2020-04-29 12:29:35.760000,1.06598,1.06594,1120000,2620000
2020-04-29 12:29:36.064000,1.066,1.06594,2370000,2560000
2020-04-29 12:29:36.115000,1.066,1.06595,1870000,1120000
2020-04-29 12:29:36.267000,1.066,1.06595,2120000,1000000
2020-04-29 12:29:36.469000,1.066,1.06594,2120000,1690000
2020-04-29 12:29:36.571000,1.066,1.06594,2120000,4140000
2020-04-29 12:29:36.941000,1.066,1.06594,2120000,2060000
2020-04-29 12:29:37.132000,1.06599,1.06594,1810000,2810000
2020-04-29 12:29:37.234000,1.06598,1.06594,1620000,1870000
2020-04-29 12:29:37.336000,1.06598,1.06595,1620000,1000000
2020-04-29 12:29:37.588000,1.06599,1.06594,1120000,3260000
2020-04-29 12:29:37.639000,1.06598,1.06594,1000000,3820000
2020-04-29 12:29:37.740000,1.06599,1.06594,1250000,4700000
2020-04-29 12:29:38.611000,1.066,1.06595,1000000,2320000
2020-04-29 12:29:38.863000,1.066,1.06596,1000000,1870000
2020-04-29 12:29:39.826000,1.06602,1.06596,1870000,2250000
2020-04-29 12:29:40.093000,1.06602,1.066,1000000,1870000
2020-04-29 12:29:40.144000,1.06604,1.06602,1120000,1870000
2020-04-29 12:29:40.195000,1.06606,1.06603,1350000,1500000
2020-04-29 12:29:40.296000,1.06608,1.06603,1000000,1500000
2020-04-29 12:29:40.347000,1.06614,1.06609,1000000,1500000
2020-04-29 12:29:40.449000,1.06615,1.06607,3430000,1720000
2020-04-29 12:29:40.500000,1.06615,1.06607,1690000,3970000
2020-04-29 12:29:40.551000,1.06617,1.06609,1300000,2000000
2020-04-29 12:29:40.602000,1.06615,1.06607,1250000,1570000
2020-04-29 12:29:40.704000,1.06615,1.06606,3620000,1000000
2020-04-29 12:29:40.907000,1.06614,1.06607,1000000,1970000
2020-04-29 12:29:40.958000,1.06615,1.06611,1870000,1870000
2020-04-29 12:29:41.110000,1.06614,1.0661,1000000,1760000
2020-04-29 12:29:41.211000,1.06615,1.06611,3750000,2250000
2020-04-29 12:29:41.312000,1.06617,1.06613,1000000,1870000
2020-04-29 12:29:41.464000,1.06617,1.06612,1000000,2060000
2020-04-29 12:29:41.515000,1.06617,1.06614,1000000,1870000
2020-04-29 12:29:41.616000,1.06617,1.06615,1000000,1870000
2020-04-29 12:29:41.718000,1.06619,1.06615,1120000,1500000
2020-04-29 12:29:41.920000,1.06624,1.06622,1000000,1000000
2020-04-29 12:29:41.971000,1.06629,1.06626,1000000,2250000
2020-04-29 12:29:42.021000,1.06649,1.06644,1000000,1870000
2020-04-29 12:29:42.072000,1.06655,1.06648,1000000,1000000
2020-04-29 12:29:42.123000,1.06659,1.0665,1120000,1000000
2020-04-29 12:29:42.174000,1.06658,1.06648,7500000,1500000
2020-04-29 12:29:42.276000,1.06659,1.0665,1630000,1750000
2020-04-29 12:29:42.377000,1.06668,1.06655,2750000,2250000
2020-04-29 12:29:42.478000,1.06666,1.06654,1510000,1690000
2020-04-29 12:29:42.630000,1.06666,1.06656,1510000,1250000
2020-04-29 12:29:42.731000,1.06654,1.06647,1000000,1000000
2020-04-29 12:29:42.832000,1.06648,1.06637,2250000,1500000
2020-04-29 12:29:42.883000,1.06649,1.06633,1250000,1650000
2020-04-29 12:29:43.085000,1.06649,1.06637,1260000,1000000
2020-04-29 12:29:43.187000,1.06649,1.06637,1260000,1500000
2020-04-29 12:29:43.289000,1.06649,1.06639,2550000,1500000
2020-04-29 12:29:43.390000,1.06654,1.06638,1010000,4690000
2020-04-29 12:29:43.491000,1.06654,1.06638,1080000,1000000
2020-04-29 12:29:43.592000,1.06655,1.0664,1580000,1120000
2020-04-29 12:29:43.693000,1.06654,1.0664,1080000,3000000
2020-04-29 12:29:43.795000,1.06654,1.06641,1080000,1500000
2020-04-29 12:29:43.896000,1.06655,1.06641,1930000,1500000
2020-04-29 12:29:44.149000,1.06655,1.06643,2310000,3000000
2020-04-29 12:29:44.484000,1.06655,1.06642,2310000,1870000
2020-04-29 12:29:44.586000,1.06655,1.06641,2310000,1120000
2020-04-29 12:29:45.093000,1.06653,1.06641,1000000,1000000
2020-04-29 12:29:45.195000,1.0665,1.06641,1000000,1000000
2020-04-29 12:29:45.296000,1.06644,1.0664,1080000,1570000
2020-04-29 12:29:45.397000,1.06644,1.06639,1080000,1500000
2020-04-29 12:29:45.701000,1.06647,1.06635,3790000,2620000
2020-04-29 12:29:45.802000,1.06645,1.06637,1380000,1500000
2020-04-29 12:29:46.093000,1.06641,1.06635,1140000,1000000
2020-04-29 12:29:46.195000,1.06644,1.06635,1500000,1780000
2020-04-29 12:29:46.297000,1.06644,1.06631,1500000,2000000
2020-04-29 12:29:46.398000,1.06645,1.0663,2000000,1000000
2020-04-29 12:29:46.449000,1.06645,1.06633,2000000,1000000
2020-04-29 12:29:46.651000,1.06653,1.0665,1000000,1000000
2020-04-29 12:29:46.702000,1.06655,1.0665,1000000,1500000
2020-04-29 12:29:46.753000,1.06658,1.06653,1000000,1000000
2020-04-29 12:29:46.803000,1.06658,1.0665,1000000,1000000
2020-04-29 12:29:46.905000,1.06654,1.06651,1000000,1000000
2020-04-29 12:29:46.955000,1.06663,1.06649,1400000,2000000
2020-04-29 12:29:47.006000,1.06662,1.06654,1000000,1000000
2020-04-29 12:29:47.108000,1.06653,1.06652,1000000,1000000
2020-04-29 12:29:47.158000,1.06656,1.06646,1000000,1000000
2020-04-29 12:29:47.260000,1.06651,1.06644,1000000,1000000
2020-04-29 12:29:47.361000,1.06648,1.06639,1000000,1500000
2020-04-29 12:29:47.462000,1.06648,1.06643,1000000,1000000
2020-04-29 12:29:47.513000,1.06648,1.06641,1000000,1000000
2020-04-29 12:29:47.614000,1.06648,1.06636,1000000,3000000
2020-04-29 12:29:47.715000,1.0664,1.06633,1000000,2250000
2020-04-29 12:29:47.816000,1.06642,1.06627,1100000,3120000
2020-04-29 12:29:47.867000,1.06644,1.0663,1500000,1500000
2020-04-29 12:29:47.918000,1.06644,1.06636,1500000,1000000
2020-04-29 12:29:48.019000,1.06646,1.06636,1000000,1000000
2020-04-29 12:29:48.120000,1.06646,1.06632,1000000,1500000
2020-04-29 12:29:48.171000,1.06644,1.06632,1000000,1500000
2020-04-29 12:29:48.272000,1.06644,1.06631,2000000,1120000
2020-04-29 12:29:48.323000,1.06639,1.06627,1420000,1340000
2020-04-29 12:29:48.373000,1.06639,1.06628,1420000,1680000
2020-04-29 12:29:48.626000,1.06642,1.06629,1400000,1500000
2020-04-29 12:29:48.727000,1.06651,1.06642,14250000,1000000
2020-04-29 12:29:48.828000,1.06653,1.06644,1000000,1000000
2020-04-29 12:29:49.131000,1.06653,1.06643,1000000,1000000
2020-04-29 12:29:49.391000,1.06653,1.06642,1000000,2250000
2020-04-29 12:29:49.492000,1.06647,1.06642,1000000,1000000
2020-04-29 12:29:49.543000,1.06647,1.06632,1600000,1120000
2020-04-29 12:29:49.644000,1.06647,1.06631,1000000,3000000
2020-04-29 12:29:50.137000,1.06645,1.06633,1000000,1500000
2020-04-29 12:29:50.188000,1.06645,1.0663,1000000,4500000
2020-04-29 12:29:50.289000,1.06644,1.0663,1890000,1550000
2020-04-29 12:29:50.340000,1.06644,1.0663,1890000,1050000
2020-04-29 12:29:50.542000,1.06644,1.06624,2080000,1500000
2020-04-29 12:29:50.643000,1.06644,1.06628,1400000,1000000
2020-04-29 12:29:50.694000,1.06652,1.06647,1250000,1500000
2020-04-29 12:29:50.745000,1.06654,1.06648,1870000,1500000
2020-04-29 12:29:50.796000,1.06658,1.06652,1870000,1500000
2020-04-29 12:29:50.846000,1.06667,1.06653,4250000,1160000
2020-04-29 12:29:50.947000,1.06664,1.06648,1000000,3090000
2020-04-29 12:29:51.049000,1.06665,1.06649,1000000,1000000
2020-04-29 12:29:51.150000,1.06667,1.06648,2250000,1000000
2020-04-29 12:29:51.251000,1.06667,1.06646,2250000,2850000
2020-04-29 12:29:51.453000,1.06663,1.06647,1000000,4120000
2020-04-29 12:29:51.554000,1.06668,1.06654,1400000,1090000
2020-04-29 12:29:51.656000,1.06667,1.06653,1050000,2250000
2020-04-29 12:29:51.858000,1.06667,1.06652,2250000,1000000
2020-04-29 12:29:51.960000,1.06667,1.06649,2250000,1000000
2020-04-29 12:29:52.112000,1.06667,1.06648,1500000,3750000
2020-04-29 12:29:52.214000,1.06667,1.06649,1500000,3750000
2020-04-29 12:29:52.776000,1.06675,1.06671,1000000,1000000
2020-04-29 12:29:52.827000,1.06679,1.06669,1000000,1500000
2020-04-29 12:29:52.928000,1.06679,1.06669,2500000,3000000
2020-04-29 12:29:53.029000,1.06678,1.0667,2440000,1000000
2020-04-29 12:29:53.080000,1.06678,1.06665,2440000,1500000
2020-04-29 12:29:53.764000,1.06678,1.06664,1500000,1200000
2020-04-29 12:29:53.915000,1.06678,1.06664,1500000,3450000
2020-04-29 12:29:54.475000,1.06678,1.06664,1010000,5620000
2020-04-29 12:29:54.778000,1.06678,1.06667,1500000,1000000
2020-04-29 12:29:54.879000,1.06686,1.06679,1000000,1500000
2020-04-29 12:29:54.981000,1.06686,1.06683,1000000,1000000
2020-04-29 12:29:55.082000,1.06686,1.06672,1000000,2100000
2020-04-29 12:29:55.183000,1.06686,1.06676,1000000,1500000
2020-04-29 12:29:55.490000,1.06686,1.06677,1000000,1000000
2020-04-29 12:29:56.105000,1.06686,1.06676,1000000,2250000
2020-04-29 12:29:56.401000,1.06686,1.06677,1620000,1620000
2020-04-29 12:29:56.452000,1.06689,1.06679,1190000,1500000
2020-04-29 12:29:56.502000,1.06685,1.06678,1000000,1000000
2020-04-29 12:29:56.553000,1.06685,1.06675,1000000,1000000
2020-04-29 12:29:56.604000,1.06685,1.06681,1000000,1000000
2020-04-29 12:29:56.807000,1.0669,1.06684,2370000,1000000
2020-04-29 12:29:56.908000,1.06692,1.06687,1000000,1000000
2020-04-29 12:29:57.009000,1.06692,1.06686,1000000,1500000
2020-04-29 12:29:57.140000,1.06692,1.06685,1000000,1000000
2020-04-29 12:29:57.474000,1.06692,1.06686,1000000,1000000
2020-04-29 12:29:57.575000,1.06695,1.06686,1000000,1000000
2020-04-29 12:29:57.742000,1.06696,1.06686,2250000,1000000
2020-04-29 12:29:57.945000,1.06696,1.06681,2250000,4250000
2020-04-29 12:29:58.046000,1.06691,1.06685,1250000,1120000
2020-04-29 12:29:58.147000,1.06695,1.06684,1500000,1870000
2020-04-29 12:29:58.248000,1.06696,1.06684,1000000,1870000
2020-04-29 12:29:58.399000,1.06696,1.06691,1000000,1000000
2020-04-29 12:29:58.500000,1.06696,1.06692,1000000,1500000
2020-04-29 12:29:58.652000,1.06696,1.0669,1000000,1000000
2020-04-29 12:29:58.992000,1.06697,1.06693,1000000,1000000
2020-04-29 12:29:59.094000,1.06703,1.06695,1500000,2620000
2020-04-29 12:29:59.145000,1.06705,1.06698,1000000,1000000
2020-04-29 12:29:59.195000,1.06726,1.0672,1000000,1000000
2020-04-29 12:29:59.246000,1.06724,1.06713,1000000,750000
2020-04-29 12:29:59.297000,1.06715,1.0671,1000000,1500000
2020-04-29 12:29:59.398000,1.06719,1.06699,1000000,2250000
2020-04-29 12:29:59.514000,1.06718,1.067,1000000,1000000
2020-04-29 12:29:59.615000,1.06713,1.06694,1000000,2630000
2020-04-29 12:29:59.717000,1.06704,1.06688,1250000,1000000
2020-04-29 12:29:59.818000,1.0671,1.06698,2370000,1000000
2020-04-29 12:29:59.919000,1.06713,1.06693,1920000,1000000
2020-04-29 12:30:00.020000,1.06706,1.06687,1560000,1000000
2020-04-29 12:30:00.071000,1.067,1.06687,1000000,1000000
2020-04-29 12:30:00.172000,1.06692,1.06682,1460000,750000
2020-04-29 12:30:00.223000,1.06692,1.06667,1560000,1000000
2020-04-29 12:30:00.274000,1.06687,1.06667,1000000,3000000
2020-04-29 12:30:00.375000,1.06686,1.06671,1110000,1870000
2020-04-29 12:30:00.425000,1.06689,1.06664,1580000,3750000
2020-04-29 12:30:00.484000,1.06689,1.06664,1580000,3750000
2020-04-29 12:30:00.811000,1.06682,1.06664,1000000,1500000
2020-04-29 12:30:00.912000,1.06673,1.06659,2330000,1000000
2020-04-29 12:30:01.013000,1.06668,1.06653,1000000,1800000
2020-04-29 12:30:01.064000,1.0666,1.0665,1000000,1000000
2020-04-29 12:30:01.115000,1.06659,1.06641,2820000,6750000
2020-04-29 12:30:01.166000,1.06659,1.06639,3570000,1000000
2020-04-29 12:30:01.267000,1.0665,1.06637,1000000,1000000
2020-04-29 12:30:01.318000,1.06651,1.06637,1640000,1000000
2020-04-29 12:30:01.419000,1.06651,1.06639,1020000,1000000
2020-04-29 12:30:01.520000,1.06659,1.06644,1000000,1000000
2020-04-29 12:30:01.621000,1.06664,1.06652,1500000,1000000
2020-04-29 12:30:01.672000,1.06664,1.06648,1500000,1500000
2020-04-29 12:30:01.723000,1.06669,1.06648,1500000,1500000
2020-04-29 12:30:01.874000,1.06679,1.06669,1000000,1000000
2020-04-29 12:30:01.925000,1.06685,1.06663,1000000,1000000
2020-04-29 12:30:02.026000,1.0669,1.06665,1000000,1000000
2020-04-29 12:30:02.127000,1.0669,1.0667,1500000,1000000
2020-04-29 12:30:02.228000,1.06679,1.06663,2920000,1000000
2020-04-29 12:30:02.329000,1.06673,1.06661,1500000,1500000
2020-04-29 12:30:02.430000,1.06678,1.06661,1000000,1500000
2020-04-29 12:30:02.637000,1.06678,1.06657,1000000,1500000
2020-04-29 12:30:02.738000,1.06691,1.06688,5250000,1500000
2020-04-29 12:30:02.789000,1.06695,1.06686,1000000,2250000
2020-04-29 12:30:02.840000,1.06695,1.06683,1000000,1870000
2020-04-29 12:30:02.941000,1.06709,1.06698,1900000,1000000
2020-04-29 12:30:03.042000,1.06716,1.06704,1120000,1060000
2020-04-29 12:30:03.092000,1.06716,1.0671,1120000,1000000
2020-04-29 12:30:03.143000,1.06724,1.0671,1000000,1000000
2020-04-29 12:30:03.244000,1.06724,1.06711,1000000,1000000
2020-04-29 12:30:03.345000,1.06724,1.0671,1000000,1000000
2020-04-29 12:30:03.396000,1.06724,1.06715,1000000,1000000
2020-04-29 12:30:03.446000,1.06729,1.06715,1500000,1050000
2020-04-29 12:30:03.547000,1.06728,1.06715,1000000,1000000
2020-04-29 12:30:03.649000,1.06728,1.06722,1000000,1870000
2020-04-29 12:30:03.750000,1.06739,1.0672,1450000,1500000
2020-04-29 12:30:03.851000,1.06739,1.06721,1050000,1500000
2020-04-29 12:30:03.952000,1.06739,1.06722,1050000,1500000
2020-04-29 12:30:04.053000,1.06732,1.0672,1000000,1870000
2020-04-29 12:30:04.154000,1.06741,1.06727,3000000,1000000
2020-04-29 12:30:04.205000,1.06735,1.0672,1000000,1000000
2020-04-29 12:30:04.256000,1.06725,1.06722,1000000,1000000
2020-04-29 12:30:04.357000,1.06719,1.06709,1000000,1000000
2020-04-29 12:30:04.408000,1.06708,1.06704,1000000,1000000
2020-04-29 12:30:04.458000,1.06707,1.06698,1120000,1000000
2020-04-29 12:30:04.509000,1.06704,1.0669,1000000,1500000
2020-04-29 12:30:04.610000,1.06701,1.06683,1500000,1000000
2020-04-29 12:30:04.661000,1.06699,1.06685,1500000,3000000
2020-04-29 12:30:04.711000,1.06689,1.06681,1600000,1870000
2020-04-29 12:30:04.762000,1.06684,1.06674,1120000,750000
2020-04-29 12:30:04.813000,1.06674,1.06669,1000000,750000
2020-04-29 12:30:04.863000,1.06645,1.06638,1500000,1000000
2020-04-29 12:30:04.914000,1.06637,1.06619,1090000,1000000
2020-04-29 12:30:04.964000,1.06638,1.06623,1090000,1870000
2020-04-29 12:30:05.065000,1.06631,1.06619,1870000,1000000
2020-04-29 12:30:05.116000,1.06616,1.06609,1500000,6940000
2020-04-29 12:30:05.217000,1.06607,1.06598,1000000,1500000
2020-04-29 12:30:05.269000,1.06607,1.06597,2500000,1250000
2020-04-29 12:30:05.320000,1.06612,1.06594,1000000,2250000
2020-04-29 12:30:05.422000,1.06611,1.0659,1000000,1000000
2020-04-29 12:30:05.473000,1.06612,1.06587,1500000,1750000
2020-04-29 12:30:05.524000,1.06606,1.06591,1000000,4500000
2020-04-29 12:30:05.626000,1.06606,1.06591,1400000,1000000
2020-04-29 12:30:05.727000,1.066,1.06591,1000000,1000000
2020-04-29 12:30:05.778000,1.06599,1.06588,1500000,1870000
2020-04-29 12:30:05.879000,1.06604,1.06587,1000000,1000000
2020-04-29 12:30:05.980000,1.06602,1.06587,1000000,1000000
2020-04-29 12:30:06.081000,1.06599,1.06586,1500000,1000000
2020-04-29 12:30:06.182000,1.06599,1.06587,1500000,1000000
2020-04-29 12:30:06.283000,1.06601,1.06584,2250000,1370000
2020-04-29 12:30:06.384000,1.06605,1.06591,1500000,1000000
2020-04-29 12:30:06.485000,1.06607,1.06592,1870000,1000000
2020-04-29 12:30:06.535000,1.06607,1.06597,1870000,1000000
2020-04-29 12:30:06.586000,1.06611,1.06598,1000000,1000000
2020-04-29 12:30:06.637000,1.06607,1.06598,1000000,1000000
2020-04-29 12:30:06.687000,1.06606,1.06592,1500000,1000000
2020-04-29 12:30:07.389000,1.06608,1.06597,1500000,1000000
2020-04-29 12:30:07.490000,1.06612,1.06597,1500000,1500000
2020-04-29 12:30:07.541000,1.06612,1.06602,1000000,1850000
2020-04-29 12:30:07.591000,1.06615,1.06608,1000000,1000000
2020-04-29 12:30:07.693000,1.06615,1.06603,1000000,1500000
2020-04-29 12:30:07.794000,1.06616,1.06605,1000000,1500000
2020-04-29 12:30:07.895000,1.06616,1.06603,1000000,2000000
2020-04-29 12:30:08.097000,1.06616,1.06603,1500000,1500000
2020-04-29 12:30:08.299000,1.06617,1.06603,1000000,1500000
2020-04-29 12:30:08.400000,1.06617,1.06603,1000000,2000000
2020-04-29 12:30:08.602000,1.06617,1.06603,1000000,2000000
2020-04-29 12:30:08.833000,1.06617,1.06603,1000000,2000000
2020-04-29 12:30:08.934000,1.06616,1.06603,1000000,2370000
2020-04-29 12:30:09.036000,1.06611,1.06603,1000000,1620000
2020-04-29 12:30:09.137000,1.06611,1.06597,1500000,1750000
2020-04-29 12:30:09.188000,1.06611,1.06599,1500000,2250000
2020-04-29 12:30:09.341000,1.06611,1.06604,1000000,1250000
2020-04-29 12:30:09.442000,1.06624,1.06604,1000000,1750000
2020-04-29 12:30:09.753000,1.06624,1.06608,1000000,1250000
2020-04-29 12:30:09.804000,1.06628,1.06613,2620000,1000000
2020-04-29 12:30:09.905000,1.06627,1.06613,1120000,1870000
2020-04-29 12:30:10.006000,1.06627,1.06613,1120000,1620000
2020-04-29 12:30:10.409000,1.06629,1.06619,1000000,2250000
2020-04-29 12:30:10.511000,1.06638,1.06621,1000000,1000000
2020-04-29 12:30:10.820000,1.06638,1.06628,1000000,1000000
2020-04-29 12:30:10.871000,1.06638,1.06624,1500000,1000000
2020-04-29 12:30:10.921000,1.0664,1.06632,1500000,1750000
2020-04-29 12:30:10.972000,1.06649,1.06632,1500000,2120000
2020-04-29 12:30:11.023000,1.06649,1.06634,1500000,1250000
2020-04-29 12:30:11.073000,1.06639,1.06632,1000000,1250000
2020-04-29 12:30:11.175000,1.06637,1.06628,2020000,1870000
2020-04-29 12:30:11.276000,1.06635,1.0663,1000000,1360000
2020-04-29 12:30:11.377000,1.06635,1.06626,1000000,4480000
2020-04-29 12:30:11.478000,1.06636,1.06626,3370000,3730000
2020-04-29 12:30:11.579000,1.06635,1.0663,1000000,1230000
2020-04-29 12:30:11.680000,1.06636,1.0663,1000000,1490000
2020-04-29 12:30:11.781000,1.06644,1.06633,1120000,1250000
2020-04-29 12:30:11.883000,1.06651,1.06643,1500000,1250000
2020-04-29 12:30:11.933000,1.0665,1.06637,1000000,1750000
2020-04-29 12:30:12.035000,1.06649,1.06637,1000000,1310000
2020-04-29 12:30:12.237000,1.06649,1.06642,1000000,1750000
2020-04-29 12:30:12.287000,1.06655,1.06642,1500000,1750000
2020-04-29 12:30:12.389000,1.06655,1.0664,1500000,2310000
2020-04-29 12:30:12.439000,1.0665,1.06637,1000000,1750000
2020-04-29 12:30:12.540000,1.06655,1.06638,2250000,2870000
2020-04-29 12:30:12.742000,1.06655,1.06638,1500000,3750000
2020-04-29 12:30:12.995000,1.06655,1.06638,1500000,4870000
2020-04-29 12:30:13.228000,1.06652,1.06644,1000000,1250000
2020-04-29 12:30:13.279000,1.06638,1.06631,1500000,6000000
2020-04-29 12:30:13.330000,1.06631,1.06622,1120000,1250000
2020-04-29 12:30:13.380000,1.06638,1.06628,2250000,1500000
2020-04-29 12:30:13.431000,1.06641,1.06625,1000000,1250000
2020-04-29 12:30:13.482000,1.06639,1.06624,1000000,1750000
2020-04-29 12:30:13.775000,1.06639,1.06635,1000000,1250000
2020-04-29 12:30:13.877000,1.06649,1.06639,1000000,1250000
2020-04-29 12:30:13.978000,1.06654,1.06639,1000000,1250000
2020-04-29 12:30:14.079000,1.06655,1.06639,1500000,1750000
2020-04-29 12:30:14.231000,1.06655,1.06641,1500000,1500000
2020-04-29 12:30:14.332000,1.06655,1.06645,1000000,1250000
2020-04-29 12:30:14.383000,1.06661,1.06645,3750000,1120000
2020-04-29 12:30:14.493000,1.06661,1.0665,2500000,1250000
2020-04-29 12:30:14.594000,1.06662,1.06653,2000000,1870000
2020-04-29 12:30:14.696000,1.06663,1.06657,1000000,1500000
2020-04-29 12:30:14.798000,1.06665,1.06659,1000000,1870000
2020-04-29 12:30:14.900000,1.06665,1.06655,1000000,2250000
2020-04-29 12:30:15.001000,1.06666,1.06656,1880000,2060000
2020-04-29 12:30:15.102000,1.06672,1.06669,1000000,1500000
2020-04-29 12:30:15.153000,1.06678,1.06671,4620000,1500000
2020-04-29 12:30:15.254000,1.06679,1.06676,1000000,2250000
2020-04-29 12:30:15.305000,1.06683,1.06677,1250000,1750000
2020-04-29 12:30:15.356000,1.06679,1.06674,1000000,1000000
2020-04-29 12:30:15.406000,1.0669,1.06686,1870000,1250000
2020-04-29 12:30:15.508000,1.06695,1.06691,3000000,1870000
2020-04-29 12:30:15.609000,1.06701,1.06689,17059999,2000000
2020-04-29 12:30:15.710000,1.067,1.06689,1690000,1870000
2020-04-29 12:30:15.761000,1.06697,1.06689,1000000,1870000
2020-04-29 12:30:15.913000,1.06701,1.06695,3000000,1500000
2020-04-29 12:30:16.014000,1.06703,1.06693,1000000,1000000
2020-04-29 12:30:16.065000,1.06701,1.06693,1000000,1000000
2020-04-29 12:30:16.116000,1.06702,1.06691,1000000,1870000
2020-04-29 12:30:16.167000,1.06703,1.06695,1000000,1000000
2020-04-29 12:30:16.268000,1.067,1.06696,1000000,1000000
2020-04-29 12:30:16.385000,1.06701,1.06696,1000000,1000000
2020-04-29 12:30:16.436000,1.067,1.06691,1000000,1870000
2020-04-29 12:30:16.761000,1.06701,1.06693,1000000,1870000
2020-04-29 12:30:16.967000,1.06704,1.06697,1000000,2000000
2020-04-29 12:30:17.018000,1.06706,1.06699,1000000,2060000
2020-04-29 12:30:17.119000,1.06707,1.06699,1000000,2060000
2020-04-29 12:30:17.337000,1.06707,1.06698,1000000,2060000
2020-04-29 12:30:17.541000,1.06705,1.06698,1000000,1250000
2020-04-29 12:30:17.643000,1.06705,1.06697,1690000,6000000
2020-04-29 12:30:17.745000,1.06702,1.06697,1000000,1000000
2020-04-29 12:30:17.847000,1.06703,1.06693,1000000,1500000
2020-04-29 12:30:17.948000,1.06705,1.06698,1000000,1000000
2020-04-29 12:30:18.049000,1.06706,1.06697,1000000,2250000
2020-04-29 12:30:18.151000,1.06702,1.06698,1000000,1000000
2020-04-29 12:30:18.201000,1.06702,1.06695,1000000,1500000
2020-04-29 12:30:18.252000,1.06698,1.06689,1000000,1500000
2020-04-29 12:30:18.303000,1.067,1.06691,1000000,1500000
2020-04-29 12:30:18.353000,1.06694,1.06689,1250000,1000000
2020-04-29 12:30:18.404000,1.06701,1.06694,1000000,1250000
2020-04-29 12:30:18.506000,1.06702,1.06694,1000000,1000000
2020-04-29 12:30:18.557000,1.06701,1.06694,1000000,1250000
2020-04-29 12:30:18.658000,1.06702,1.06694,1000000,1250000
2020-04-29 12:30:18.759000,1.06702,1.06694,1000000,1250000
2020-04-29 12:30:18.860000,1.06707,1.06697,1650000,1000000
2020-04-29 12:30:18.962000,1.06702,1.06697,1000000,1500000
2020-04-29 12:30:19.012000,1.06701,1.06693,1000000,2620000
2020-04-29 12:30:19.114000,1.06702,1.06695,1000000,1000000
2020-04-29 12:30:19.215000,1.067,1.06692,1000000,1500000
2020-04-29 12:30:19.266000,1.067,1.06686,1000000,2060000
2020-04-29 12:30:19.317000,1.06692,1.06686,1000000,1000000
2020-04-29 12:30:19.368000,1.06681,1.06679,1500000,11250000
2020-04-29 12:30:19.419000,1.06674,1.06669,1000000,3750000
2020-04-29 12:30:19.470000,1.06676,1.06669,1000000,3750000
2020-04-29 12:30:19.521000,1.06681,1.06669,1000000,4120000
2020-04-29 12:30:19.572000,1.06684,1.06674,1000000,1000000
2020-04-29 12:30:19.673000,1.06683,1.06673,1000000,2000000
2020-04-29 12:30:19.775000,1.06677,1.06672,1000000,3750000
2020-04-29 12:30:19.825000,1.0668,1.06671,1000000,1000000
2020-04-29 12:30:19.927000,1.06678,1.06671,1000000,6000000
2020-04-29 12:30:19.978000,1.06681,1.06671,1000000,2060000
2020-04-29 12:30:20.028000,1.06678,1.06671,1000000,6000000
2020-04-29 12:30:20.129000,1.06674,1.06671,7650000,6000000
2020-04-29 12:30:20.231000,1.06665,1.06661,1000000,1000000
2020-04-29 12:30:20.281000,1.06668,1.06666,7460000,1000000
2020-04-29 12:30:20.433000,1.06665,1.06655,1000000,2250000
2020-04-29 12:30:20.512000,1.06667,1.06656,1000000,1500000
2020-04-29 12:30:20.815000,1.06671,1.06656,1500000,2620000
2020-04-29 12:30:20.966000,1.06671,1.06657,1000000,1000000
2020-04-29 12:30:21.067000,1.06667,1.06656,1000000,1000000
2020-04-29 12:30:21.219000,1.06668,1.06658,1500000,2620000
2020-04-29 12:30:21.321000,1.06672,1.06662,2440000,1250000
2020-04-29 12:30:21.472000,1.06669,1.06658,1000000,5120000
2020-04-29 12:30:21.574000,1.06664,1.06653,1250000,5620000
2020-04-29 12:30:21.725000,1.06664,1.06654,1250000,1000000
2020-04-29 12:30:22.335000,1.06647,1.06641,1250000,1250000
2020-04-29 12:30:22.386000,1.06652,1.06647,1690000,1000000
2020-04-29 12:30:22.488000,1.06654,1.06647,2620000,1000000
2020-04-29 12:30:22.539000,1.06652,1.06647,1000000,1000000
2020-04-29 12:30:22.742000,1.06656,1.06642,1000000,3000000
2020-04-29 12:30:22.848000,1.06656,1.06642,1250000,2940000
2020-04-29 12:30:23.050000,1.06654,1.06641,1000000,2940000
2020-04-29 12:30:23.151000,1.06654,1.06641,1250000,2620000
2020-04-29 12:30:23.404000,1.06653,1.06642,1000000,1500000
2020-04-29 12:30:23.506000,1.06654,1.06642,1250000,1870000
2020-04-29 12:30:23.607000,1.06654,1.06641,1750000,1000000
2020-04-29 12:30:24.063000,1.06654,1.06644,1000000,1000000
2020-04-29 12:30:24.164000,1.06655,1.06647,1500000,1000000
2020-04-29 12:30:24.266000,1.06655,1.0665,1000000,1500000
2020-04-29 12:30:24.317000,1.06661,1.06655,1870000,1870000
2020-04-29 12:30:24.418000,1.06662,1.06656,2250000,1870000
2020-04-29 12:30:24.585000,1.06662,1.06656,1500000,2120000
2020-04-29 12:30:24.636000,1.06667,1.06664,1000000,1500000
2020-04-29 12:30:24.687000,1.06663,1.0666,1000000,1690000
2020-04-29 12:30:24.738000,1.06666,1.06661,1500000,1870000
2020-04-29 12:30:24.839000,1.06667,1.06661,1870000,1870000
2020-04-29 12:30:25.207000,1.06667,1.06665,1870000,1500000
2020-04-29 12:30:25.258000,1.06679,1.06675,1500000,1870000
2020-04-29 12:30:25.360000,1.06678,1.06672,2250000,1870000
2020-04-29 12:30:25.512000,1.06681,1.06678,3000000,1500000
2020-04-29 12:30:25.562000,1.06683,1.06675,1000000,1870000
2020-04-29 12:30:25.663000,1.06683,1.06673,2250000,2620000
2020-04-29 12:30:26.084000,1.06684,1.06673,2250000,2060000
2020-04-29 12:30:26.186000,1.06679,1.0667,1000000,2120000
2020-04-29 12:30:26.287000,1.06685,1.06674,1500000,2620000
2020-04-29 12:30:26.338000,1.06685,1.06674,1000000,2250000
2020-04-29 12:30:26.439000,1.06686,1.06674,1000000,2250000
2020-04-29 12:30:26.541000,1.06685,1.06674,1000000,2620000
2020-04-29 12:30:26.642000,1.06686,1.06674,1000000,2620000
2020-04-29 12:30:26.744000,1.06685,1.06674,1000000,2620000
2020-04-29 12:30:27.010000,1.06687,1.06674,3000000,2620000
2020-04-29 12:30:27.112000,1.06687,1.06675,3000000,1000000
2020-04-29 12:30:27.264000,1.06687,1.06673,3000000,2620000
2020-04-29 12:30:27.315000,1.06687,1.06678,3000000,1500000
2020-04-29 12:30:27.416000,1.0669,1.06684,1000000,2620000
2020-04-29 12:30:27.467000,1.06697,1.06684,1000000,2620000
2020-04-29 12:30:28.187000,1.06697,1.06689,1100000,1000000
2020-04-29 12:30:28.288000,1.06699,1.06688,2910000,1250000
2020-04-29 12:30:28.390000,1.06699,1.06688,1970000,2060000
2020-04-29 12:30:28.491000,1.06696,1.06685,1970000,3500000
2020-04-29 12:30:28.592000,1.06696,1.06685,2170000,2500000
2020-04-29 12:30:28.693000,1.06696,1.06685,2150000,1000000
2020-04-29 12:30:29.046000,1.06696,1.06686,1400000,1250000
2020-04-29 12:30:29.148000,1.06699,1.06693,1200000,1000000
2020-04-29 12:30:29.198000,1.06699,1.06693,1200000,1000000
2020-04-29 12:30:29.502000,1.067,1.06692,2700000,1250000
2020-04-29 12:30:29.603000,1.067,1.06696,1500000,1000000
2020-04-29 12:30:29.706000,1.06703,1.06697,3220000,1000000
2020-04-29 12:30:29.807000,1.06706,1.06699,1500000,1000000
2020-04-29 12:30:29.909000,1.06707,1.067,1000000,1000000
2020-04-29 12:30:30.112000,1.06708,1.067,2850000,1000000
2020-04-29 12:30:30.214000,1.06708,1.06699,3100000,1000000
2020-04-29 12:30:30.264000,1.06708,1.06699,1000000,1250000
2020-04-29 12:30:30.315000,1.0671,1.06702,1970000,1000000
2020-04-29 12:30:30.416000,1.06713,1.06702,1920000,1000000
2020-04-29 12:30:31.234000,1.06713,1.06705,2300000,1000000
2020-04-29 12:30:31.386000,1.06715,1.06705,6800000,2250000
2020-04-29 12:30:32.422000,1.06708,1.06702,1000000,1120000
2020-04-29 12:30:32.525000,1.06702,1.06698,2160000,1870000
2020-04-29 12:30:32.626000,1.06695,1.06692,1000000,1000000
2020-04-29 12:30:32.677000,1.06698,1.06692,1890000,1000000
2020-04-29 12:30:32.728000,1.06699,1.0669,3850000,1000000
2020-04-29 12:30:32.779000,1.06699,1.06687,2290000,1000000
2020-04-29 12:30:33.083000,1.0669,1.06684,1690000,3750000
2020-04-29 12:30:33.134000,1.06689,1.06682,2200000,2250000
2020-04-29 12:30:33.286000,1.06689,1.06682,3040000,2250000
2020-04-29 12:30:33.337000,1.06688,1.0668,1850000,1000000
2020-04-29 12:30:33.438000,1.06677,1.06673,1200000,2870000
2020-04-29 12:30:33.540000,1.06676,1.06664,1850000,1870000
2020-04-29 12:30:33.590000,1.06675,1.06667,1200000,2620000
2020-04-29 12:30:33.743000,1.06677,1.06668,2290000,1200000
2020-04-29 12:30:33.844000,1.06677,1.06669,1100000,1000000
2020-04-29 12:30:33.996000,1.06678,1.06669,1600000,1500000
2020-04-29 12:30:34.181000,1.06678,1.06669,1600000,1500000
2020-04-29 12:30:34.338000,1.06678,1.0667,1600000,1120000
2020-04-29 12:30:34.389000,1.06679,1.06671,2720000,1120000
2020-04-29 12:30:34.440000,1.06682,1.06672,1950000,1500000
2020-04-29 12:30:34.541000,1.06683,1.06676,1950000,1000000
2020-04-29 12:30:34.642000,1.06681,1.06676,1100000,1000000
2020-04-29 12:30:34.693000,1.06682,1.06671,4350000,1000000
2020-04-29 12:30:34.846000,1.06677,1.06669,1600000,1250000
2020-04-29 12:30:34.897000,1.06676,1.06666,2100000,1000000
2020-04-29 12:30:34.948000,1.06676,1.06668,3600000,1000000
2020-04-29 12:30:35,1.06676,1.06664,1600000,2870000
2020-04-29 12:30:35.202000,1.06676,1.06664,2100000,2060000
2020-04-29 12:30:35.253000,1.06675,1.06663,2850000,2870000
2020-04-29 12:30:36.391000,1.06677,1.06669,3040000,1000000
2020-04-29 12:30:36.442000,1.06677,1.06666,4540000,1000000
2020-04-29 12:30:36.543000,1.06677,1.06667,1850000,1000000
2020-04-29 12:30:37.166000,1.06677,1.06671,1600000,1000000
2020-04-29 12:30:37.217000,1.0668,1.06673,3150000,1000000
2020-04-29 12:30:37.268000,1.0668,1.06678,2700000,2250000
2020-04-29 12:30:37.319000,1.06688,1.06684,2440000,1000000
2020-04-29 12:30:37.420000,1.06693,1.06686,1600000,1000000
2020-04-29 12:30:37.522000,1.06695,1.06687,3410000,1000000
2020-04-29 12:30:37.625000,1.06694,1.06686,1970000,1000000
2020-04-29 12:30:37.676000,1.0669,1.06683,1410000,1870000
2020-04-29 12:30:37.778000,1.0669,1.06682,1410000,1000000
2020-04-29 12:30:37.829000,1.06685,1.06681,1250000,1120000
2020-04-29 12:30:37.880000,1.06678,1.06674,1390000,1000000
2020-04-29 12:30:37.931000,1.06672,1.06668,1100000,1250000
2020-04-29 12:30:37.981000,1.06678,1.06674,2250000,1870000
2020-04-29 12:30:38.032000,1.0668,1.06674,2320000,1870000
2020-04-29 12:30:38.285000,1.06683,1.06676,3040000,1870000
2020-04-29 12:30:38.386000,1.06683,1.0668,1850000,1500000
2020-04-29 12:30:38.437000,1.06684,1.0668,1100000,1870000
2020-04-29 12:30:38.538000,1.06686,1.06681,1950000,1870000
2020-04-29 12:30:38.589000,1.06686,1.06681,1200000,1870000
2020-04-29 12:30:38.640000,1.06686,1.06683,1200000,1870000
2020-04-29 12:30:38.741000,1.06683,1.06676,1850000,2620000
2020-04-29 12:30:38.842000,1.06683,1.06676,2050000,2620000
2020-04-29 12:30:38.893000,1.06674,1.06671,1010000,1000000
2020-04-29 12:30:38.944000,1.06675,1.0667,1950000,2620000
2020-04-29 12:30:39.045000,1.06674,1.06668,1040000,1000000
2020-04-29 12:30:39.354000,1.06677,1.06665,4600000,2660000
2020-04-29 12:30:39.708000,1.06678,1.06671,2800000,1000000
2020-04-29 12:30:39.809000,1.06679,1.06676,1600000,1000000
2020-04-29 12:30:39.860000,1.06683,1.06679,1200000,1000000
2020-04-29 12:30:39.962000,1.06684,1.06678,1700000,1000000
2020-04-29 12:30:40.013000,1.06684,1.06678,1600000,1000000
2020-04-29 12:30:40.266000,1.06684,1.06678,2850000,1000000
2020-04-29 12:30:40.317000,1.06684,1.06678,1570000,1000000
2020-04-29 12:30:40.418000,1.06685,1.06677,1570000,1200000
2020-04-29 12:30:40.569000,1.06687,1.06679,2350000,1000000
2020-04-29 12:30:40.620000,1.06687,1.06676,1350000,1000000
2020-04-29 12:30:40.671000,1.06686,1.06678,1510000,1000000
2020-04-29 12:30:40.773000,1.06687,1.06677,1350000,1000000
2020-04-29 12:30:41.390000,1.06685,1.06677,3100000,1000000
2020-04-29 12:30:41.491000,1.06683,1.06675,1250000,1000000
2020-04-29 12:30:41.592000,1.06682,1.06674,1250000,1000000
2020-04-29 12:30:41.846000,1.06683,1.06672,2950000,3500000
2020-04-29 12:30:42.162000,1.06677,1.06671,1600000,1250000
2020-04-29 12:30:42.212000,1.06677,1.0667,1600000,1000000
2020-04-29 12:30:42.638000,1.06677,1.06669,1600000,1000000
2020-04-29 12:30:44.084000,1.06678,1.06668,4160000,1000000
2020-04-29 12:30:46.804000,1.06677,1.06666,1600000,1250000
2020-04-29 12:30:46.905000,1.06677,1.06665,1600000,3070000
2020-04-29 12:30:51.100000,1.06675,1.06667,1200000,1000000
2020-04-29 12:30:51.455000,1.06676,1.06665,2440000,1600000
2020-04-29 12:30:51.556000,1.06676,1.06665,2190000,1600000
2020-04-29 12:30:53.024000,1.06676,1.06665,1690000,3220000
2020-04-29 12:30:53.129000,1.06676,1.06665,1690000,1600000
2020-04-29 12:30:53.916000,1.06675,1.06665,1000000,1600000
2020-04-29 12:30:54.017000,1.06676,1.0667,1100000,1000000
2020-04-29 12:30:54.119000,1.06677,1.06671,3370000,1000000
2020-04-29 12:30:54.220000,1.06678,1.06673,2250000,1500000
2020-04-29 12:30:54.321000,1.06678,1.06671,1000000,1000000
2020-04-29 12:30:55.720000,1.06678,1.06671,1000000,1600000
2020-04-29 12:30:55.984000,1.06678,1.06671,1000000,1600000
2020-04-29 12:30:56.733000,1.06677,1.0667,1000000,1850000
2020-04-29 12:30:56.988000,1.06676,1.0667,1000000,1600000
2020-04-29 12:30:57.140000,1.06676,1.0667,1000000,1850000
2020-04-29 12:30:57.562000,1.06678,1.06674,1000000,1000000
2020-04-29 12:30:58.321000,1.06679,1.06673,1750000,1200000
2020-04-29 12:30:58.845000,1.06679,1.06673,1250000,2700000
2020-04-29 12:30:59.897000,1.06679,1.06673,1250000,1950000
2020-04-29 12:31:00.100000,1.0668,1.06675,1750000,1500000
2020-04-29 12:31:00.201000,1.0668,1.06676,1250000,2620000
2020-04-29 12:31:00.252000,1.06682,1.06676,1940000,2700000
2020-04-29 12:31:00.303000,1.06683,1.06681,1500000,1000000
2020-04-29 12:31:00.353000,1.06685,1.06684,1000000,1000000
2020-04-29 12:31:00.455000,1.06691,1.06684,1850000,2700000
2020-04-29 12:31:00.506000,1.0669,1.06685,1970000,1000000
2020-04-29 12:31:00.557000,1.06683,1.0668,1120000,1250000
2020-04-29 12:31:00.658000,1.06685,1.06682,1000000,1950000
2020-04-29 12:31:00.810000,1.0669,1.06684,2120000,2700000
2020-04-29 12:31:00.861000,1.0669,1.06687,1250000,1950000
2020-04-29 12:31:00.912000,1.06694,1.06689,1820000,1950000
2020-04-29 12:31:00.963000,1.06693,1.06688,2250000,1950000
2020-04-29 12:31:01.065000,1.06691,1.06685,2120000,1950000
2020-04-29 12:31:01.115000,1.06689,1.06684,1250000,1950000
2020-04-29 12:31:01.217000,1.06695,1.06691,1000000,2700000
2020-04-29 12:31:01.318000,1.06702,1.06696,1250000,1950000
2020-04-29 12:31:01.369000,1.06703,1.06698,2060000,2700000
2020-04-29 12:31:01.421000,1.06705,1.06701,1000000,1950000
2020-04-29 12:31:01.522000,1.06709,1.06703,3250000,1950000
2020-04-29 12:31:01.573000,1.06709,1.06704,1690000,1950000
2020-04-29 12:31:01.675000,1.06711,1.06705,1250000,1950000
2020-04-29 12:31:02.046000,1.06709,1.06703,1750000,1950000
2020-04-29 12:31:02.096000,1.06703,1.06701,1250000,1950000
2020-04-29 12:31:02.147000,1.06699,1.06694,1250000,2400000
2020-04-29 12:31:02.248000,1.06698,1.06691,1250000,3070000
2020-04-29 12:31:02.350000,1.06698,1.06691,1250000,1950000
2020-04-29 12:31:02.400000,1.06697,1.0669,1750000,1950000
2020-04-29 12:31:02.502000,1.06696,1.0669,1250000,1950000
2020-04-29 12:31:02.603000,1.06692,1.06686,1250000,3070000
2020-04-29 12:31:02.712000,1.06692,1.06686,4750000,1950000
2020-04-29 12:31:03.370000,1.06688,1.06683,1250000,2700000
2020-04-29 12:31:03.471000,1.06685,1.06681,2700000,1950000
2020-04-29 12:31:03.573000,1.06687,1.06681,1250000,1000000
2020-04-29 12:31:03.674000,1.06686,1.0668,1750000,1950000
2020-04-29 12:31:03.876000,1.06685,1.06679,1750000,2700000
2020-04-29 12:31:03.927000,1.0668,1.06674,1120000,1950000
2020-04-29 12:31:03.979000,1.06678,1.06673,1250000,1950000
2020-04-29 12:31:04.080000,1.06679,1.06673,1250000,7950000
2020-04-29 12:31:04.487000,1.0668,1.06674,1750000,1950000
2020-04-29 12:31:04.870000,1.06679,1.06673,1500000,1950000
2020-04-29 12:31:05.225000,1.06678,1.06674,1250000,3370000
2020-04-29 12:31:05.326000,1.06679,1.06675,1250000,2450000
2020-04-29 12:31:05.579000,1.06679,1.06675,1250000,1000000
2020-04-29 12:31:05.680000,1.06678,1.06674,1250000,1000000
2020-04-29 12:31:06.201000,1.06679,1.06674,1250000,2700000
2020-04-29 12:31:06.611000,1.06677,1.06674,1250000,1950000
2020-04-29 12:31:06.914000,1.06679,1.06674,1750000,1950000
2020-04-29 12:31:06.965000,1.06678,1.06674,1250000,1950000
2020-04-29 12:31:07.067000,1.06678,1.06673,1250000,1950000
2020-04-29 12:31:07.169000,1.06677,1.06672,1250000,1120000
2020-04-29 12:31:07.270000,1.06677,1.06673,1250000,1950000
2020-04-29 12:31:07.371000,1.06676,1.06671,1250000,2700000
2020-04-29 12:31:07.422000,1.06677,1.06672,1250000,2700000
2020-04-29 12:31:07.523000,1.06677,1.06673,1250000,1950000
2020-04-29 12:31:07.828000,1.06677,1.06672,1250000,2700000
2020-04-29 12:31:07.930000,1.06677,1.06673,1250000,1950000
2020-04-29 12:31:08.082000,1.06679,1.06674,1750000,1950000
2020-04-29 12:31:08.184000,1.06679,1.06673,1250000,2700000
2020-04-29 12:31:08.235000,1.06677,1.06673,1250000,2700000
2020-04-29 12:31:10.530000,1.06679,1.06673,1500000,2700000
2020-04-29 12:31:10.631000,1.06679,1.06676,1000000,1950000
2020-04-29 12:31:10.733000,1.06682,1.0668,1000000,1000000
2020-04-29 12:31:10.783000,1.06689,1.06684,1760000,3450000
2020-04-29 12:31:10.885000,1.06688,1.06684,1500000,1950000
2020-04-29 12:31:10.935000,1.06688,1.06683,1000000,1950000
2020-04-29 12:31:11.037000,1.06688,1.06683,1940000,1950000
2020-04-29 12:31:12.201000,1.06688,1.06683,1000000,1950000
2020-04-29 12:31:12.302000,1.06689,1.06684,1250000,1950000
2020-04-29 12:31:12.403000,1.06688,1.06684,1250000,1950000
2020-04-29 12:31:12.504000,1.06688,1.06684,1750000,1950000
2020-04-29 12:31:13.398000,1.06688,1.06683,1250000,1950000
2020-04-29 12:31:13.499000,1.06688,1.06684,1250000,1950000
2020-04-29 12:31:13.916000,1.06688,1.06684,1940000,1950000
2020-04-29 12:31:14.118000,1.06688,1.06684,1250000,1950000
2020-04-29 12:31:14.282000,1.06687,1.06684,1000000,1950000
2020-04-29 12:31:15.310000,1.06687,1.06685,1000000,2700000
2020-04-29 12:31:15.411000,1.06688,1.06685,1000000,1950000
2020-04-29 12:31:15.513000,1.06688,1.06686,1000000,1950000
2020-04-29 12:31:15.623000,1.0669,1.06688,1000000,1950000
2020-04-29 12:31:15.724000,1.06691,1.06689,1000000,1950000
2020-04-29 12:31:15.825000,1.06692,1.0669,1250000,1000000
2020-04-29 12:31:17.881000,1.06694,1.06691,1250000,1950000
2020-04-29 12:31:17.931000,1.06692,1.06688,1250000,1870000
2020-04-29 12:31:18.033000,1.06691,1.06686,1750000,1950000
2020-04-29 12:31:18.345000,1.06691,1.06686,2690000,1950000
2020-04-29 12:31:19.420000,1.0669,1.06686,1000000,1950000
2020-04-29 12:31:19.727000,1.0669,1.06686,1250000,1950000
2020-04-29 12:31:19.849000,1.0669,1.06686,1250000,1950000
2020-04-29 12:31:21.021000,1.06691,1.06686,3440000,2700000
2020-04-29 12:31:22.666000,1.06691,1.06686,1750000,1950000
2020-04-29 12:31:22.767000,1.06691,1.06686,2690000,1950000
2020-04-29 12:31:22.976000,1.06691,1.06689,1690000,1950000
2020-04-29 12:31:23.128000,1.06691,1.06686,1250000,2700000
2020-04-29 12:31:23.330000,1.06691,1.06686,1250000,2700000
2020-04-29 12:31:23.381000,1.06687,1.06684,1250000,3450000
2020-04-29 12:31:23.482000,1.06688,1.06685,1250000,1950000
2020-04-29 12:31:23.583000,1.06689,1.06687,1000000,1950000
2020-04-29 12:31:23.685000,1.06691,1.06688,1000000,1950000
2020-04-29 12:31:23.786000,1.06692,1.06688,1250000,1950000
2020-04-29 12:31:24.189000,1.06693,1.06688,1250000,1950000
2020-04-29 12:31:24.291000,1.06693,1.06688,1750000,1950000
2020-04-29 12:31:25.032000,1.06691,1.06687,1250000,1950000
2020-04-29 12:31:25.134000,1.0669,1.06686,1250000,2700000
2020-04-29 12:31:25.285000,1.0669,1.06687,1000000,1950000
2020-04-29 12:31:25.762000,1.0669,1.06687,1000000,2450000
2020-04-29 12:31:25.863000,1.06691,1.06687,1000000,2450000
2020-04-29 12:31:26.370000,1.06691,1.06687,1000000,1950000
2020-04-29 12:31:27.760000,1.06691,1.06688,1000000,1950000
2020-04-29 12:31:27.911000,1.06692,1.06688,1250000,1950000
2020-04-29 12:31:29.375000,1.06692,1.06687,1370000,1950000
2020-04-29 12:31:29.477000,1.06692,1.06687,1120000,1950000
2020-04-29 12:31:29.578000,1.06694,1.06688,2250000,2700000
2020-04-29 12:31:29.982000,1.06694,1.06689,1620000,1950000
2020-04-29 12:31:30.083000,1.06696,1.06692,2810000,1950000
2020-04-29 12:31:30.135000,1.067,1.06696,1250000,2700000
2020-04-29 12:31:30.186000,1.06706,1.06702,1250000,1000000
2020-04-29 12:31:30.289000,1.06706,1.06701,2310000,2700000
2020-04-29 12:31:30.441000,1.06706,1.06701,3060000,1950000
2020-04-29 12:31:30.850000,1.06708,1.06704,1000000,1950000
2020-04-29 12:31:30.951000,1.06713,1.06711,1000000,1000000
2020-04-29 12:31:31.002000,1.0672,1.06717,1620000,1950000
2020-04-29 12:31:31.103000,1.06723,1.06718,1690000,1950000
2020-04-29 12:31:31.154000,1.0672,1.06716,1250000,1000000
2020-04-29 12:31:31.204000,1.0672,1.06715,1250000,3070000
2020-04-29 12:31:31.306000,1.06719,1.06715,1250000,2700000
2020-04-29 12:31:31.357000,1.06722,1.06718,2120000,1950000
2020-04-29 12:31:31.458000,1.06725,1.06719,3060000,1950000
2020-04-29 12:31:31.685000,1.06723,1.06719,1250000,1950000
2020-04-29 12:31:31.937000,1.06725,1.0672,1310000,2700000
2020-04-29 12:31:31.988000,1.06725,1.06722,1000000,1950000
2020-04-29 12:31:32.089000,1.06727,1.06722,3250000,1950000
2020-04-29 12:31:32.191000,1.06727,1.06724,1540000,1950000
2020-04-29 12:31:32.292000,1.06729,1.06727,1500000,2320000
2020-04-29 12:31:32.393000,1.06732,1.06727,1250000,2320000
2020-04-29 12:31:32.646000,1.06732,1.06727,1750000,1950000
2020-04-29 12:31:32.797000,1.06732,1.06727,1250000,1950000
2020-04-29 12:31:32.898000,1.06731,1.06727,1250000,1950000
2020-04-29 12:31:33.353000,1.06731,1.06728,1000000,1950000
2020-04-29 12:31:34.426000,1.06729,1.06725,1250000,1870000
2020-04-29 12:31:34.528000,1.06725,1.06723,1870000,1000000
2020-04-29 12:31:34.629000,1.06723,1.06719,1000000,2100000
2020-04-29 12:31:34.932000,1.06723,1.06719,1000000,1650000
2020-04-29 12:31:35.235000,1.06723,1.06718,2060000,1200000
2020-04-29 12:31:35.387000,1.06722,1.06717,1000000,2170000
2020-04-29 12:31:35.590000,1.06723,1.06716,2060000,4450000
2020-04-29 12:31:35.692000,1.06723,1.06716,3310000,4420000
2020-04-29 12:31:35.743000,1.06722,1.06716,2250000,1650000
2020-04-29 12:31:35.845000,1.0672,1.06716,1000000,1200000
2020-04-29 12:31:36.200000,1.06721,1.06715,2440000,2170000
2020-04-29 12:31:36.604000,1.06719,1.06715,1000000,1800000
2020-04-29 12:31:36.957000,1.06721,1.06714,1690000,2550000
2020-04-29 12:31:37.058000,1.06721,1.06715,1750000,1800000
2020-04-29 12:31:37.260000,1.06719,1.06713,1370000,3700000
2020-04-29 12:31:37.617000,1.06717,1.06713,1000000,2550000
2020-04-29 12:31:37.718000,1.06713,1.06709,1750000,1600000
2020-04-29 12:31:37.769000,1.06712,1.06707,1000000,1950000
2020-04-29 12:31:37.870000,1.06712,1.06707,1500000,1600000
2020-04-29 12:31:37.971000,1.06712,1.06704,1500000,3040000
2020-04-29 12:31:38.123000,1.0671,1.06704,1000000,2850000
2020-04-29 12:31:38.225000,1.0671,1.06704,1500000,1600000
2020-04-29 12:31:38.376000,1.0671,1.06703,1750000,1600000
2020-04-29 12:31:38.478000,1.0671,1.06703,1750000,2850000
2020-04-29 12:31:38.680000,1.06712,1.06704,2250000,2470000
2020-04-29 12:31:39.743000,1.06712,1.06704,1500000,2660000
2020-04-29 12:31:40.149000,1.06711,1.06705,1000000,2100000
2020-04-29 12:31:40.352000,1.06711,1.06704,1000000,4720000
2020-04-29 12:31:40.706000,1.06712,1.06707,1000000,2290000
2020-04-29 12:31:40.808000,1.06714,1.06708,1000000,1600000
2020-04-29 12:31:40.859000,1.06714,1.06708,1000000,2850000
2020-04-29 12:31:41.112000,1.06714,1.06708,1000000,1600000
2020-04-29 12:31:41.264000,1.06714,1.06708,1000000,3040000
2020-04-29 12:31:41.365000,1.06716,1.06712,1120000,1200000
2020-04-29 12:31:41.567000,1.06716,1.06712,1120000,1700000
2020-04-29 12:31:41.669000,1.06719,1.06714,1250000,2260000
2020-04-29 12:31:41.770000,1.06718,1.06713,1000000,3470000
2020-04-29 12:31:41.973000,1.0672,1.06715,1000000,1600000
2020-04-29 12:31:42.074000,1.06721,1.06715,2000000,1720000
2020-04-29 12:31:42.175000,1.06721,1.06715,1800000,1720000
2020-04-29 12:31:42.277000,1.06718,1.06715,1000000,1100000
2020-04-29 12:31:42.479000,1.06716,1.06713,1000000,1600000
2020-04-29 12:31:42.530000,1.06716,1.0671,1120000,2100000
2020-04-29 12:31:42.631000,1.06715,1.06709,1000000,2290000
2020-04-29 12:31:43.302000,1.06715,1.0671,1000000,3410000
2020-04-29 12:31:43.353000,1.06717,1.06712,1000000,1850000
2020-04-29 12:31:43.614000,1.06717,1.06711,1000000,4220000
2020-04-29 12:31:43.715000,1.06714,1.06711,1000000,1100000
2020-04-29 12:31:43.766000,1.06714,1.06709,1000000,1720000
2020-04-29 12:31:44.354000,1.06711,1.06708,1000000,1600000
2020-04-29 12:31:44.565000,1.06712,1.06707,1000000,1350000
2020-04-29 12:31:44.767000,1.06712,1.06706,1000000,3040000
2020-04-29 12:31:45.904000,1.06712,1.06706,1000000,3410000
2020-04-29 12:31:47.034000,1.06713,1.06705,1310000,2470000
2020-04-29 12:31:47.136000,1.06712,1.06706,1250000,1600000
2020-04-29 12:31:47.842000,1.0671,1.06705,1000000,1100000
2020-04-29 12:31:48.423000,1.06711,1.06706,1000000,1600000
2020-04-29 12:31:48.525000,1.0671,1.06705,1000000,2350000
2020-04-29 12:31:48.626000,1.0671,1.06704,1000000,2740000
2020-04-29 12:31:48.828000,1.06709,1.06704,1000000,2290000
2020-04-29 12:31:49.234000,1.06709,1.06704,1000000,1910000
2020-04-29 12:31:49.536000,1.06709,1.06704,1000000,1850000
2020-04-29 12:31:50.336000,1.06708,1.06703,1000000,2350000
2020-04-29 12:31:50.437000,1.06708,1.06703,1250000,1850000
2020-04-29 12:31:50.538000,1.06705,1.067,1000000,1600000
2020-04-29 12:31:50.639000,1.06706,1.06699,1120000,1720000
2020-04-29 12:31:50.841000,1.06705,1.06698,1000000,2100000
2020-04-29 12:31:51.346000,1.06704,1.06698,1000000,2290000
2020-04-29 12:31:51.901000,1.06702,1.06697,1000000,1910000
2020-04-29 12:31:51.952000,1.06702,1.06697,1000000,1910000
2020-04-29 12:31:53.484000,1.06702,1.06697,1000000,1600000
2020-04-29 12:31:53.534000,1.06702,1.06697,1000000,3470000
2020-04-29 12:31:53.585000,1.06704,1.06699,1000000,2850000
2020-04-29 12:31:53.993000,1.06705,1.067,1000000,1720000
2020-04-29 12:31:54.268000,1.06705,1.067,1000000,1910000
2020-04-29 12:31:54.370000,1.06706,1.067,1000000,1910000
2020-04-29 12:31:54.471000,1.06708,1.06701,1000000,1910000
2020-04-29 12:31:54.522000,1.06711,1.06705,1250000,3040000
2020-04-29 12:31:54.572000,1.0671,1.06707,1250000,1100000
2020-04-29 12:31:54.626000,1.06715,1.06712,2190000,1390000
2020-04-29 12:31:54.676000,1.06718,1.06714,5250000,1200000
2020-04-29 12:31:54.727000,1.06719,1.06716,1250000,1500000
2020-04-29 12:31:54.778000,1.0672,1.06717,1000000,1100000
2020-04-29 12:31:54.829000,1.06722,1.06718,1250000,1100000
2020-04-29 12:31:54.880000,1.06724,1.06719,1000000,1000000
2020-04-29 12:31:54.931000,1.06723,1.0672,1000000,1100000
2020-04-29 12:31:55.032000,1.06723,1.06719,1160000,1720000
2020-04-29 12:31:55.133000,1.06724,1.06719,1550000,1570000
2020-04-29 12:31:55.235000,1.06722,1.06719,1050000,1000000
2020-04-29 12:31:55.437000,1.06721,1.06717,1250000,1200000
2020-04-29 12:31:55.488000,1.06722,1.06715,1250000,2850000
2020-04-29 12:31:55.539000,1.06726,1.06723,2250000,2100000
2020-04-29 12:31:55.640000,1.06731,1.06728,1120000,1200000
2020-04-29 12:31:55.691000,1.06729,1.06727,1500000,1950000
2020-04-29 12:31:55.742000,1.06732,1.06729,1000000,1200000
2020-04-29 12:31:55.793000,1.06734,1.0673,1000000,1100000
2020-04-29 12:31:55.844000,1.06734,1.0673,1000000,1100000
2020-04-29 12:31:55.894000,1.06739,1.06734,1000000,2570000
2020-04-29 12:31:55.945000,1.06739,1.06736,1000000,1820000
2020-04-29 12:31:55.996000,1.06742,1.06739,1000000,1200000
2020-04-29 12:31:56.097000,1.06749,1.06745,1870000,1600000
2020-04-29 12:31:56.148000,1.06749,1.06744,1870000,1100000
2020-04-29 12:31:56.249000,1.0675,1.06744,1000000,1100000
2020-04-29 12:31:56.351000,1.06751,1.06745,1000000,1100000
2020-04-29 12:31:56.603000,1.06751,1.06744,1000000,1100000
2020-04-29 12:31:56.705000,1.06751,1.06744,1500000,1910000
2020-04-29 12:31:56.755000,1.06752,1.06744,1690000,1570000
2020-04-29 12:31:56.907000,1.06751,1.06743,2440000,1890000
2020-04-29 12:31:57.009000,1.06747,1.06742,1500000,1100000
2020-04-29 12:31:57.110000,1.06745,1.0674,3120000,1000000
2020-04-29 12:31:57.161000,1.06744,1.06736,2940000,2400000
2020-04-29 12:31:57.263000,1.06743,1.06734,2000000,1350000
2020-04-29 12:31:57.364000,1.06742,1.06734,1750000,1100000
2020-04-29 12:31:57.567000,1.06743,1.06734,2250000,1100000
2020-04-29 12:31:57.618000,1.06742,1.06737,1000000,1850000
2020-04-29 12:31:57.669000,1.06745,1.06739,2070000,1000000
2020-04-29 12:31:57.720000,1.06745,1.06741,1850000,1000000
2020-04-29 12:31:57.770000,1.06748,1.06743,1570000,1000000
2020-04-29 12:31:57.822000,1.0675,1.06744,1310000,1000000
2020-04-29 12:31:57.873000,1.0675,1.06744,3250000,1570000
2020-04-29 12:31:57.975000,1.06746,1.0674,1000000,1700000
2020-04-29 12:31:58.127000,1.06746,1.0674,1250000,1000000
2020-04-29 12:31:58.228000,1.06747,1.06741,2870000,1000000
2020-04-29 12:31:58.531000,1.06746,1.0674,1750000,1000000
2020-04-29 12:31:58.734000,1.06746,1.06741,1250000,1000000
2020-04-29 12:31:58.835000,1.06745,1.06741,1250000,1000000
2020-04-29 12:31:58.987000,1.06745,1.0674,1370000,1000000
2020-04-29 12:31:59.088000,1.06744,1.0674,1250000,1000000
2020-04-29 12:31:59.190000,1.06746,1.06743,1000000,1000000
2020-04-29 12:31:59.241000,1.06751,1.06748,2000000,1000000
2020-04-29 12:31:59.342000,1.06751,1.0675,4500000,1000000
2020-04-29 12:31:59.393000,1.06753,1.06747,4070000,1100000
2020-04-29 12:31:59.494000,1.06752,1.06748,2500000,1000000
2020-04-29 12:31:59.597000,1.0675,1.06748,1250000,1000000
2020-04-29 12:31:59.851000,1.06749,1.06744,1500000,1000000
2020-04-29 12:31:59.902000,1.06747,1.06744,1250000,1000000
2020-04-29 12:32:00.004000,1.06748,1.06744,1370000,1000000
2020-04-29 12:32:00.106000,1.06747,1.06743,2120000,1000000
2020-04-29 12:32:00.208000,1.06745,1.06741,1250000,1000000
2020-04-29 12:32:00.360000,1.06745,1.06739,1250000,1000000
2020-04-29 12:32:00.412000,1.06745,1.06741,1250000,1000000
2020-04-29 12:32:00.513000,1.06746,1.06741,1370000,1000000
2020-04-29 12:32:00.615000,1.06749,1.06745,2700000,1000000
2020-04-29 12:32:00.665000,1.06749,1.06745,1750000,1000000
2020-04-29 12:32:00.817000,1.06749,1.06745,1050000,1000000
2020-04-29 12:32:01.019000,1.0675,1.06744,2700000,1000000
2020-04-29 12:32:01.070000,1.06747,1.06742,1370000,1000000
2020-04-29 12:32:01.424000,1.06747,1.06741,1370000,1000000
2020-04-29 12:32:01.676000,1.06748,1.06741,1750000,2770000
2020-04-29 12:32:01.829000,1.06749,1.06742,1350000,1000000
2020-04-29 12:32:01.931000,1.06749,1.06741,1350000,1650000
2020-04-29 12:32:02.337000,1.0675,1.06743,2640000,1000000
2020-04-29 12:32:02.796000,1.06749,1.06744,1100000,1000000
2020-04-29 12:32:02.847000,1.06751,1.06745,1200000,1250000
2020-04-29 12:32:02.948000,1.06752,1.06747,1100000,1000000
2020-04-29 12:32:03.050000,1.06753,1.06748,2320000,1120000
2020-04-29 12:32:03.151000,1.06753,1.06748,1600000,1120000
2020-04-29 12:32:03.252000,1.06753,1.06749,1950000,1000000
2020-04-29 12:32:03.457000,1.06754,1.06749,1010000,1000000
2020-04-29 12:32:03.670000,1.06754,1.06751,1100000,1000000
2020-04-29 12:32:03.772000,1.06756,1.0675,1890000,1000000
2020-04-29 12:32:03.873000,1.06756,1.06753,1750000,1000000
2020-04-29 12:32:03.975000,1.06756,1.06752,1700000,1000000
2020-04-29 12:32:04.026000,1.06757,1.06752,1010000,1000000
2020-04-29 12:32:04.592000,1.06757,1.06751,1390000,1000000
2020-04-29 12:32:04.694000,1.06757,1.06751,2260000,1000000
2020-04-29 12:32:04.896000,1.06757,1.06751,1760000,1000000
2020-04-29 12:32:05.148000,1.06757,1.06751,2260000,1000000
2020-04-29 12:32:05.250000,1.06757,1.06751,2510000,1000000
2020-04-29 12:32:05.739000,1.06758,1.06752,3400000,1000000
2020-04-29 12:32:06.043000,1.06757,1.06751,1290000,1000000
2020-04-29 12:32:06.455000,1.06756,1.06752,1530000,1000000
2020-04-29 12:32:06.560000,1.06756,1.06752,1540000,1000000
2020-04-29 12:32:06.661000,1.06756,1.06752,1530000,1000000
2020-04-29 12:32:06.914000,1.06757,1.06752,2060000,1000000
2020-04-29 12:32:07.016000,1.06757,1.06752,1620000,1000000
2020-04-29 12:32:07.117000,1.06756,1.0675,1910000,1120000
2020-04-29 12:32:07.169000,1.06754,1.0675,1290000,1120000
2020-04-29 12:32:07.271000,1.06751,1.06746,1720000,1000000
2020-04-29 12:32:07.322000,1.06748,1.06743,2560000,1200000
2020-04-29 12:32:07.424000,1.06747,1.06742,2780000,1000000
2020-04-29 12:32:07.576000,1.06747,1.06741,3030000,1000000
2020-04-29 12:32:08.084000,1.06746,1.0674,1720000,1000000
2020-04-29 12:32:08.237000,1.06745,1.06739,1150000,1120000
2020-04-29 12:32:08.441000,1.06745,1.06739,1310000,1220000
2020-04-29 12:32:08.593000,1.06747,1.0674,1250000,1200000
2020-04-29 12:32:09.052000,1.06747,1.06739,1600000,2700000
2020-04-29 12:32:09.254000,1.06744,1.06738,1000000,2450000
2020-04-29 12:32:09.355000,1.06744,1.06741,1000000,2100000
2020-04-29 12:32:09.457000,1.06745,1.0674,1120000,2100000
2020-04-29 12:32:09.507000,1.06748,1.06741,1750000,2100000
2020-04-29 12:32:09.771000,1.06749,1.06741,4190000,2100000
2020-04-29 12:32:09.973000,1.06745,1.0674,1000000,1570000
2020-04-29 12:32:10.227000,1.06747,1.06741,1250000,1000000
2020-04-29 12:32:10.735000,1.06745,1.0674,1000000,1570000
2020-04-29 12:32:10.992000,1.06744,1.06739,1000000,2470000
2020-04-29 12:32:11.145000,1.06743,1.06739,1000000,2470000
2020-04-29 12:32:11.347000,1.06741,1.06738,1000000,2470000
2020-04-29 12:32:11.449000,1.06741,1.06737,1000000,2100000
2020-04-29 12:32:11.550000,1.06742,1.06737,1120000,2850000
2020-04-29 12:32:11.702000,1.06742,1.06739,1120000,2100000
2020-04-29 12:32:11.803000,1.06742,1.06738,1120000,2100000
2020-04-29 12:32:12.207000,1.06743,1.06738,1870000,2100000
2020-04-29 12:32:12.308000,1.06744,1.06738,1870000,3220000
2020-04-29 12:32:12.762000,1.06742,1.06738,1000000,2470000
2020-04-29 12:32:12.863000,1.06743,1.06738,1000000,1100000
2020-04-29 12:32:13.015000,1.06742,1.06736,1250000,3860000
2020-04-29 12:32:13.368000,1.06741,1.06736,1000000,2720000
2020-04-29 12:32:13.835000,1.06741,1.06737,1000000,2660000
2020-04-29 12:32:13.937000,1.06743,1.06737,1120000,3410000
2020-04-29 12:32:14.038000,1.06744,1.06739,1310000,2850000
2020-04-29 12:32:14.593000,1.06744,1.06739,1310000,2850000
2020-04-29 12:32:15.211000,1.06743,1.06739,1250000,2850000
2020-04-29 12:32:15.312000,1.06743,1.06739,2310000,2850000
2020-04-29 12:32:15.413000,1.06743,1.06739,1370000,2850000
2020-04-29 12:32:15.514000,1.06743,1.06739,1370000,1200000
2020-04-29 12:32:16.607000,1.06743,1.06739,1250000,2700000
2020-04-29 12:32:16.709000,1.06744,1.0674,1370000,1950000
2020-04-29 12:32:16.810000,1.06744,1.0674,1250000,2100000
2020-04-29 12:32:17.012000,1.06744,1.06742,1120000,1950000
2020-04-29 12:32:17.113000,1.06745,1.06742,1870000,1950000
2020-04-29 12:32:17.517000,1.06746,1.06743,2870000,2100000
2020-04-29 12:32:17.618000,1.06746,1.06743,1690000,2100000
2020-04-29 12:32:17.770000,1.06746,1.06742,1250000,2850000
2020-04-29 12:32:17.972000,1.06746,1.06742,1310000,1200000
2020-04-29 12:32:18.225000,1.06746,1.06741,2120000,3220000
2020-04-29 12:32:18.327000,1.06745,1.06741,1750000,1570000
2020-04-29 12:32:18.429000,1.06745,1.06742,1000000,1200000
2020-04-29 12:32:18.581000,1.06744,1.0674,1250000,2750000
2020-04-29 12:32:18.833000,1.06744,1.0674,1250000,1120000
2020-04-29 12:32:19.172000,1.06742,1.06739,1750000,1120000
2020-04-29 12:32:19.273000,1.06742,1.06737,1310000,3970000
2020-04-29 12:32:19.425000,1.06742,1.06739,1310000,2100000
2020-04-29 12:32:19.577000,1.06742,1.06738,1310000,2100000
2020-04-29 12:32:19.678000,1.0674,1.06737,1750000,1200000
2020-04-29 12:32:19.779000,1.0674,1.06735,1750000,3100000
2020-04-29 12:32:20.082000,1.06738,1.06735,1000000,2350000
2020-04-29 12:32:20.133000,1.06737,1.06733,1250000,1720000
2020-04-29 12:32:20.285000,1.06735,1.0673,1250000,2850000
2020-04-29 12:32:20.386000,1.06736,1.06732,1000000,1600000
2020-04-29 12:32:20.488000,1.06736,1.06733,1000000,2720000
2020-04-29 12:32:20.589000,1.06738,1.06734,1000000,3040000
2020-04-29 12:32:20.691000,1.0674,1.06739,1500000,1000000
2020-04-29 12:32:20.742000,1.06745,1.06741,1000000,2850000
2020-04-29 12:32:20.843000,1.06743,1.0674,1250000,1100000
2020-04-29 12:32:20.945000,1.06742,1.06738,1500000,2470000
2020-04-29 12:32:21.097000,1.0674,1.06736,1000000,3220000
2020-04-29 12:32:21.199000,1.0674,1.06736,1000000,1600000
2020-04-29 12:32:21.301000,1.06741,1.06737,1000000,2100000
2020-04-29 12:32:21.453000,1.0674,1.06737,1000000,1850000
2020-04-29 12:32:21.504000,1.06748,1.06746,1000000,2100000
2020-04-29 12:32:21.606000,1.06749,1.06745,1500000,1500000
2020-04-29 12:32:21.657000,1.06742,1.06741,1000000,1120000
2020-04-29 12:32:21.758000,1.06742,1.06739,1000000,1100000
2020-04-29 12:32:21.860000,1.06743,1.06737,2550000,1100000
2020-04-29 12:32:21.911000,1.06743,1.06739,2740000,2850000
2020-04-29 12:32:22.013000,1.06741,1.06737,1000000,5100000
2020-04-29 12:32:22.115000,1.06742,1.06737,1000000,3220000
2020-04-29 12:32:22.368000,1.06742,1.06739,1250000,2100000
2020-04-29 12:32:22.470000,1.06743,1.06739,1000000,3220000
2020-04-29 12:32:22.571000,1.06744,1.06739,1750000,2100000
2020-04-29 12:32:22.775000,1.06743,1.06738,1250000,2470000
2020-04-29 12:32:23.544000,1.06743,1.06738,1000000,2100000
2020-04-29 12:32:23.696000,1.06744,1.06738,1120000,2850000
2020-04-29 12:32:23.898000,1.06744,1.0674,1000000,2100000
2020-04-29 12:32:24.253000,1.06742,1.06739,1000000,1000000
2020-04-29 12:32:24.405000,1.06743,1.06737,1000000,2470000
2020-04-29 12:32:24.506000,1.06741,1.06737,1000000,2470000
2020-04-29 12:32:24.658000,1.06743,1.06738,1000000,1100000
2020-04-29 12:32:24.876000,1.06743,1.06738,1000000,1100000
2020-04-29 12:32:24.926000,1.06741,1.06738,1000000,1100000
2020-04-29 12:32:25.028000,1.06741,1.06735,1000000,4540000
2020-04-29 12:32:25.130000,1.0674,1.06735,1000000,3860000
2020-04-29 12:32:25.448000,1.0674,1.06735,1000000,2360000
2020-04-29 12:32:25.600000,1.06741,1.06736,1000000,3040000
2020-04-29 12:32:25.904000,1.06743,1.06738,1000000,1200000
2020-04-29 12:32:26.005000,1.06743,1.06739,1000000,1100000
2020-04-29 12:32:26.479000,1.06744,1.0674,1000000,2320000
2020-04-29 12:32:26.580000,1.06742,1.0674,1000000,1000000
2020-04-29 12:32:26.681000,1.06742,1.06737,1310000,1100000
2020-04-29 12:32:26.783000,1.06742,1.06737,1310000,1100000
2020-04-29 12:32:26.884000,1.06741,1.06737,1000000,1100000
2020-04-29 12:32:27.338000,1.06741,1.06738,1000000,1720000
2020-04-29 12:32:27.390000,1.06743,1.06739,1120000,2100000
2020-04-29 12:32:27.851000,1.06744,1.0674,1500000,2470000
2020-04-29 12:32:27.953000,1.06746,1.06744,1000000,1100000
2020-04-29 12:32:28.005000,1.06748,1.06744,1690000,1100000
2020-04-29 12:32:28.106000,1.06746,1.06744,1000000,1100000
2020-04-29 12:32:28.209000,1.06745,1.06743,1000000,1100000
2020-04-29 12:32:28.462000,1.06747,1.06743,1000000,2470000
2020-04-29 12:32:28.563000,1.06747,1.06744,1000000,1100000
2020-04-29 12:32:28.614000,1.06745,1.06743,1000000,1100000
2020-04-29 12:32:28.716000,1.06745,1.06742,1000000,1000000
2020-04-29 12:32:28.817000,1.06745,1.06742,1000000,1600000
2020-04-29 12:32:28.969000,1.06746,1.06741,1000000,2850000
2020-04-29 12:32:29.019000,1.06748,1.06746,1000000,1390000
2020-04-29 12:32:29.070000,1.06757,1.06755,1000000,1000000
2020-04-29 12:32:29.121000,1.06754,1.06752,1000000,1500000
2020-04-29 12:32:29.223000,1.06754,1.0675,1500000,2850000
2020-04-29 12:32:29.274000,1.06751,1.06748,1000000,1100000
2020-04-29 12:32:29.476000,1.06752,1.06747,9150000,1600000
2020-04-29 12:32:29.628000,1.06749,1.06745,1000000,3220000
2020-04-29 12:32:29.729000,1.06746,1.06742,1000000,1600000
2020-04-29 12:32:29.780000,1.0675,1.06742,7610000,2850000
2020-04-29 12:32:29.831000,1.06747,1.06741,6520000,1720000
2020-04-29 12:32:30.083000,1.06744,1.0674,1000000,1850000
2020-04-29 12:32:30.134000,1.06744,1.0674,1000000,1250000
2020-04-29 12:32:30.185000,1.06747,1.06741,1500000,2100000
2020-04-29 12:32:30.236000,1.06746,1.06741,1000000,2100000
2020-04-29 12:32:30.287000,1.06747,1.06742,1000000,2550000
2020-04-29 12:32:30.388000,1.06747,1.06743,1000000,1100000
2020-04-29 12:32:30.489000,1.06745,1.06741,1000000,2470000
2020-04-29 12:32:30.843000,1.06748,1.06743,1000000,2470000
2020-04-29 12:32:30.894000,1.06748,1.06743,1000000,1100000
2020-04-29 12:32:30.995000,1.06748,1.06743,1000000,2470000
2020-04-29 12:32:31.096000,1.06748,1.06743,1000000,1700000
2020-04-29 12:32:31.349000,1.06747,1.06743,1000000,1700000
2020-04-29 12:32:31.607000,1.06744,1.06741,5360000,1600000
2020-04-29 12:32:31.708000,1.06743,1.06739,1000000,2660000
2020-04-29 12:32:31.810000,1.06744,1.06738,6520000,2470000
2020-04-29 12:32:31.911000,1.0674,1.06737,1000000,1720000
2020-04-29 12:32:31.962000,1.06742,1.06738,1000000,1100000
2020-04-29 12:32:32.063000,1.06742,1.06738,1000000,2470000
2020-04-29 12:32:32.164000,1.06742,1.06738,1000000,1100000
2020-04-29 12:32:32.367000,1.06745,1.06738,10160000,1100000
2020-04-29 12:32:32.417000,1.06741,1.06738,1000000,1100000
2020-04-29 12:32:32.518000,1.06743,1.06738,1250000,1100000
2020-04-29 12:32:32.620000,1.06742,1.06738,1000000,1100000
2020-04-29 12:32:32.721000,1.0674,1.06738,1000000,1100000
2020-04-29 12:32:33.175000,1.06742,1.06737,1000000,2920000
2020-04-29 12:32:33.377000,1.06742,1.06737,1000000,1700000
2020-04-29 12:32:33.499000,1.06741,1.06737,1250000,1100000
2020-04-29 12:32:33.550000,1.06736,1.06733,1000000,1600000
2020-04-29 12:32:33.651000,1.06736,1.06732,1000000,1100000
2020-04-29 12:32:33.753000,1.06739,1.06732,15290000,2470000
2020-04-29 12:32:33.855000,1.06739,1.06735,1000000,2470000
2020-04-29 12:32:33.956000,1.0674,1.06735,1000000,2470000
2020-04-29 12:32:34.058000,1.0674,1.06735,1250000,2470000
2020-04-29 12:32:34.110000,1.06737,1.06734,1000000,1720000
2020-04-29 12:32:34.212000,1.06736,1.06732,1000000,1000000
2020-04-29 12:32:34.314000,1.0674,1.06737,1000000,1100000
2020-04-29 12:32:34.517000,1.0674,1.06737,1000000,1100000
2020-04-29 12:32:34.618000,1.06738,1.06735,1000000,1100000
2020-04-29 12:32:34.720000,1.06738,1.06734,1000000,1100000
2020-04-29 12:32:35.376000,1.06737,1.06733,1000000,2470000
2020-04-29 12:32:35.477000,1.06737,1.06733,1000000,1100000
2020-04-29 12:32:35.578000,1.06736,1.06731,1000000,1350000
2020-04-29 12:32:35.629000,1.06736,1.0673,1000000,1350000
2020-04-29 12:32:35.680000,1.06734,1.0673,1000000,1350000
2020-04-29 12:32:35.781000,1.06735,1.0673,1000000,2660000
2020-04-29 12:32:35.882000,1.06734,1.0673,1000000,2660000
2020-04-29 12:32:35.983000,1.06734,1.0673,1000000,1100000
2020-04-29 12:32:36.084000,1.06734,1.06729,1000000,2660000
2020-04-29 12:32:36.185000,1.06735,1.06729,1000000,4160000
2020-04-29 12:32:36.731000,1.06737,1.06731,1370000,1600000
2020-04-29 12:32:37.438000,1.06735,1.06731,1000000,1100000
2020-04-29 12:32:38.195000,1.06733,1.0673,1750000,1100000
2020-04-29 12:32:38.246000,1.06734,1.06729,1500000,1100000
2020-04-29 12:32:39.251000,1.06734,1.06728,1250000,1100000
2020-04-29 12:32:39.352000,1.06734,1.06728,1750000,1100000
2020-04-29 12:32:39.454000,1.06734,1.0673,1000000,1100000
2020-04-29 12:32:39.555000,1.06735,1.06731,1000000,1100000
2020-04-29 12:32:39.606000,1.06737,1.06734,1000000,1600000
2020-04-29 12:32:39.707000,1.06738,1.06735,1000000,1100000
2020-04-29 12:32:39.859000,1.06736,1.06734,1000000,1870000
2020-04-29 12:32:39.909000,1.06735,1.06732,1000000,1100000
2020-04-29 12:32:40.011000,1.06735,1.06731,1000000,1100000
2020-04-29 12:32:40.213000,1.06735,1.06729,2250000,1720000
2020-04-29 12:32:40.329000,1.06735,1.06729,2250000,1720000
2020-04-29 12:32:40.431000,1.06734,1.06729,2120000,1100000
2020-04-29 12:32:40.686000,1.06734,1.06729,2120000,1100000
2020-04-29 12:32:40.888000,1.06732,1.06729,1250000,1100000
2020-04-29 12:32:40.990000,1.06732,1.06728,1120000,1100000
2020-04-29 12:32:41.394000,1.06732,1.06727,2560000,1100000
2020-04-29 12:32:41.900000,1.06733,1.06729,4870000,1000000
2020-04-29 12:32:42.001000,1.06758,1.06756,1500000,2440000
2020-04-29 12:32:42.052000,1.0676,1.06756,2250000,2890000
2020-04-29 12:32:42.153000,1.06761,1.06757,1500000,1750000
2020-04-29 12:32:42.204000,1.06765,1.06762,1000000,1000000
2020-04-29 12:32:42.255000,1.06766,1.06762,1000000,1000000
2020-04-29 12:32:42.357000,1.06767,1.06764,1500000,1000000
2020-04-29 12:32:42.458000,1.06769,1.06764,1000000,1000000
2020-04-29 12:32:42.660000,1.06769,1.06764,1500000,1000000
2020-04-29 12:32:42.711000,1.06767,1.06762,1000000,1000000
2020-04-29 12:32:42.812000,1.06766,1.06762,1000000,1620000
2020-04-29 12:32:43.340000,1.06764,1.0676,1000000,1500000
2020-04-29 12:32:43.441000,1.06762,1.06759,1000000,1000000
2020-04-29 12:32:43.543000,1.06761,1.06757,1000000,1620000
2020-04-29 12:32:43.644000,1.06761,1.06756,1120000,1350000
2020-04-29 12:32:43.947000,1.0676,1.06755,1000000,2350000
2020-04-29 12:32:44.049000,1.06759,1.06755,1000000,3550000
2020-04-29 12:32:44.257000,1.06759,1.06756,1000000,1010000
2020-04-29 12:32:44.359000,1.0676,1.06756,1000000,1010000
2020-04-29 12:32:44.511000,1.06759,1.06756,1000000,1010000
2020-04-29 12:32:45.220000,1.0676,1.06754,1500000,1350000
2020-04-29 12:32:45.271000,1.06758,1.06754,1000000,1350000
2020-04-29 12:32:46.407000,1.06757,1.06754,1000000,1100000
2020-04-29 12:32:46.711000,1.06756,1.06752,1000000,1350000
2020-04-29 12:32:46.812000,1.06756,1.06751,1750000,1120000
2020-04-29 12:32:46.863000,1.06753,1.0675,1000000,1000000
2020-04-29 12:32:46.965000,1.06754,1.0675,1000000,2570000
2020-04-29 12:32:47.066000,1.06754,1.0675,1000000,2570000
2020-04-29 12:32:47.167000,1.06753,1.06749,1000000,1850000
2020-04-29 12:32:47.320000,1.06751,1.06748,1000000,1700000
2020-04-29 12:32:47.421000,1.06752,1.06747,1000000,3010000
2020-04-29 12:32:47.522000,1.06751,1.06749,1000000,3000000
2020-04-29 12:32:47.623000,1.0675,1.06747,1000000,1810000
2020-04-29 12:32:47.775000,1.06752,1.06747,1000000,3370000
2020-04-29 12:32:47.877000,1.0675,1.06748,1000000,1120000
2020-04-29 12:32:48.030000,1.0675,1.06747,1000000,1120000
2020-04-29 12:32:48.131000,1.06749,1.06746,1000000,1810000
2020-04-29 12:32:48.233000,1.06746,1.06743,1000000,1500000
2020-04-29 12:32:48.334000,1.06746,1.06743,1000000,1720000
2020-04-29 12:32:48.435000,1.06745,1.06742,1000000,1620000
2020-04-29 12:32:48.537000,1.06745,1.06741,1000000,1120000
2020-04-29 12:32:48.789000,1.06747,1.06742,2140000,1000000
2020-04-29 12:32:48.840000,1.06745,1.06742,1000000,1000000
2020-04-29 12:32:49.042000,1.06745,1.06741,1000000,2890000
2020-04-29 12:32:49.144000,1.06745,1.06742,1000000,1000000
2020-04-29 12:32:49.245000,1.06745,1.0674,1000000,3010000
2020-04-29 12:32:49.448000,1.06743,1.0674,1000000,2560000
2020-04-29 12:32:49.823000,1.06742,1.06739,1000000,4060000
2020-04-29 12:32:49.924000,1.06744,1.06739,1000000,3310000
2020-04-29 12:32:50.040000,1.06743,1.06739,1000000,1120000
2020-04-29 12:32:50.142000,1.06742,1.06739,1000000,1870000
2020-04-29 12:32:50.496000,1.06741,1.06738,1000000,2150000
2020-04-29 12:32:50.647000,1.06741,1.06737,1000000,2740000
2020-04-29 12:32:50.799000,1.06742,1.06736,1250000,1500000
2020-04-29 12:32:50.856000,1.06739,1.06736,1000000,1500000
2020-04-29 12:32:50.907000,1.06732,1.06729,2200000,1000000
2020-04-29 12:32:51.009000,1.06732,1.06729,1000000,1310000
2020-04-29 12:32:51.060000,1.06735,1.0673,1000000,1120000
2020-04-29 12:32:51.111000,1.06736,1.06733,1000000,1500000
2020-04-29 12:32:51.212000,1.06732,1.06731,1000000,1000000
2020-04-29 12:32:51.263000,1.0673,1.06729,1000000,2250000
2020-04-29 12:32:51.314000,1.06727,1.06725,7950000,1500000
2020-04-29 12:32:51.364000,1.06728,1.06724,1000000,1500000
2020-04-29 12:32:51.415000,1.06725,1.06722,1000000,1000000
2020-04-29 12:32:51.516000,1.06724,1.06719,1000000,1310000
2020-04-29 12:32:52.123000,1.06723,1.06718,1000000,2340000
2020-04-29 12:32:52.225000,1.06724,1.06719,1000000,3400000
2020-04-29 12:32:52.276000,1.06724,1.06719,1000000,1650000
2020-04-29 12:32:52.478000,1.06724,1.06719,1000000,1720000
2020-04-29 12:32:52.630000,1.06724,1.06719,1000000,1720000
2020-04-29 12:32:52.731000,1.06721,1.06719,2750000,1000000
2020-04-29 12:32:52.782000,1.06718,1.06714,1000000,1600000
2020-04-29 12:32:52.883000,1.0672,1.06714,2060000,1200000
2020-04-29 12:32:53.035000,1.06722,1.06717,1570000,1690000
2020-04-29 12:32:53.136000,1.06721,1.06718,1000000,1000000
2020-04-29 12:32:53.237000,1.06721,1.06716,1250000,1120000
2020-04-29 12:32:53.440000,1.06719,1.06715,1000000,1000000
2020-04-29 12:32:53.541000,1.06719,1.06714,1000000,2070000
2020-04-29 12:32:53.642000,1.06721,1.06715,1310000,1100000
2020-04-29 12:32:53.744000,1.06721,1.06716,3250000,1500000
2020-04-29 12:32:53.845000,1.06718,1.06716,1000000,1500000
2020-04-29 12:32:53.896000,1.06718,1.06713,1000000,1000000
2020-04-29 12:32:53.997000,1.06717,1.06713,1000000,1100000
2020-04-29 12:32:54.048000,1.06721,1.06715,2320000,1370000
2020-04-29 12:32:54.099000,1.06719,1.06716,1000000,1120000
2020-04-29 12:32:54.201000,1.0672,1.06715,2440000,1000000
2020-04-29 12:32:54.302000,1.06718,1.06713,1250000,1100000
2020-04-29 12:32:54.403000,1.06717,1.06713,1000000,1100000
2020-04-29 12:32:54.656000,1.06717,1.06712,1000000,2660000
2020-04-29 12:32:54.707000,1.06715,1.0671,1000000,1000000
2020-04-29 12:32:54.759000,1.06713,1.06708,1000000,1750000
2020-04-29 12:32:54.861000,1.06712,1.06706,1000000,3820000
2020-04-29 12:32:55.468000,1.06714,1.06709,1000000,3370000
2020-04-29 12:32:55.519000,1.06718,1.06713,1390000,1900000
2020-04-29 12:32:55.621000,1.06718,1.06715,1200000,1250000
2020-04-29 12:32:55.671000,1.06716,1.06714,8810000,1500000
2020-04-29 12:32:55.773000,1.0671,1.06705,1000000,3000000
2020-04-29 12:32:55.874000,1.06711,1.06706,1000000,3380000
2020-04-29 12:32:56.228000,1.06711,1.06706,1000000,3560000
2020-04-29 12:32:56.329000,1.06711,1.06706,1000000,3560000
2020-04-29 12:32:56.431000,1.06711,1.06707,1000000,1370000
2020-04-29 12:32:56.532000,1.06717,1.06712,1000000,1620000
2020-04-29 12:32:56.634000,1.06717,1.06713,1000000,2000000
2020-04-29 12:32:57.041000,1.0671,1.06705,2100000,6820000
2020-04-29 12:32:57.142000,1.06705,1.06704,1000000,1500000
2020-04-29 12:32:57.243000,1.06706,1.06701,1000000,1500000
2020-04-29 12:32:57.345000,1.06706,1.067,1000000,1500000
2020-04-29 12:32:57.497000,1.06706,1.06701,1000000,1000000
2020-04-29 12:32:57.548000,1.0671,1.06706,1000000,1250000
2020-04-29 12:32:57.650000,1.06711,1.06706,1000000,2120000
2020-04-29 12:32:57.752000,1.06708,1.06706,1250000,1120000
2020-04-29 12:32:57.854000,1.06704,1.06701,1200000,1000000
2020-04-29 12:32:57.955000,1.06703,1.067,1000000,1870000
2020-04-29 12:32:58.057000,1.06705,1.067,1000000,2380000
2020-04-29 12:32:58.158000,1.06706,1.06701,1000000,1870000
2020-04-29 12:32:58.411000,1.06712,1.06709,2620000,1870000
2020-04-29 12:32:58.512000,1.06711,1.06709,1000000,3370000
2020-04-29 12:32:59.017000,1.06711,1.06707,1000000,1000000
2020-04-29 12:32:59.169000,1.0671,1.06706,1000000,1310000
2020-04-29 12:32:59.523000,1.06709,1.06706,1000000,1120000
2020-04-29 12:32:59.826000,1.06709,1.06704,1000000,1500000
2020-04-29 12:32:59.877000,1.06709,1.06702,1750000,1900000
2020-04-29 12:32:59.979000,1.06707,1.06702,1000000,1500000
2020-04-29 12:33:00.081000,1.0671,1.06706,1000000,1500000
2020-04-29 12:33:00.182000,1.06711,1.06706,1000000,4370000
2020-04-29 12:33:00.284000,1.06711,1.06706,1000000,1120000
2020-04-29 12:33:00.386000,1.06702,1.06699,1250000,1000000
2020-04-29 12:33:00.488000,1.06701,1.06698,1370000,1000000
2020-04-29 12:33:00.539000,1.06705,1.067,2000000,2250000
2020-04-29 12:33:00.590000,1.06705,1.067,1000000,1500000
2020-04-29 12:33:00.691000,1.06702,1.06699,1250000,1620000
2020-04-29 12:33:00.743000,1.06701,1.06697,1000000,1000000
2020-04-29 12:33:00.844000,1.067,1.06697,1000000,1000000
2020-04-29 12:33:00.946000,1.067,1.06695,1000000,2560000
2020-04-29 12:33:01.099000,1.06699,1.06695,1000000,1000000
2020-04-29 12:33:01.405000,1.06701,1.06696,1000000,1250000
2020-04-29 12:33:01.456000,1.06703,1.06701,1000000,1000000
2020-04-29 12:33:01.610000,1.06703,1.06702,1000000,1000000
2020-04-29 12:33:01.713000,1.06701,1.06699,1250000,1000000
2020-04-29 12:33:01.815000,1.06699,1.06698,1690000,1800000
2020-04-29 12:33:01.865000,1.06699,1.06696,1690000,1250000
2020-04-29 12:33:02.067000,1.06698,1.06696,1000000,1000000
2020-04-29 12:33:02.623000,1.06698,1.06697,1000000,1000000
2020-04-29 12:33:02.774000,1.067,1.06699,1000000,1000000
2020-04-29 12:33:02.825000,1.06703,1.06698,1010000,2870000
2020-04-29 12:33:02.876000,1.067,1.06697,1000000,2740000
2020-04-29 12:33:02.977000,1.06704,1.067,2100000,1500000
2020-04-29 12:33:03.282000,1.067,1.06698,1250000,2170000
2020-04-29 12:33:03.383000,1.06699,1.06697,1250000,1000000
2020-04-29 12:33:03.635000,1.06699,1.06697,1250000,1000000
2020-04-29 12:33:03.857000,1.06698,1.06697,1000000,1000000
2020-04-29 12:33:03.958000,1.06698,1.06696,1000000,1000000
2020-04-29 12:33:04.246000,1.06698,1.06697,1000000,1000000
2020-04-29 12:33:04.397000,1.06697,1.06696,1000000,1000000
2020-04-29 12:33:04.650000,1.06699,1.06697,1370000,1000000
2020-04-29 12:33:04.751000,1.06699,1.06696,1000000,1000000
2020-04-29 12:33:04.853000,1.06698,1.06695,1000000,1120000
2020-04-29 12:33:04.955000,1.06699,1.06696,1000000,1000000
2020-04-29 12:33:05.108000,1.06699,1.06697,1000000,1000000
2020-04-29 12:33:05.209000,1.06699,1.06695,1000000,1500000
2020-04-29 12:33:05.361000,1.06697,1.06693,1200000,3870000
2020-04-29 12:33:05.463000,1.0669,1.06687,1120000,2250000
2020-04-29 12:33:05.564000,1.06688,1.06685,1000000,1000000
2020-04-29 12:33:05.716000,1.0669,1.06686,1120000,1000000
2020-04-29 12:33:05.817000,1.0669,1.06685,1120000,1000000
2020-04-29 12:33:05.918000,1.0669,1.06685,1120000,1250000
2020-04-29 12:33:06.019000,1.0669,1.06685,1000000,1310000
2020-04-29 12:33:06.120000,1.0669,1.06685,1000000,1370000
2020-04-29 12:33:06.222000,1.06688,1.06685,1250000,1000000
2020-04-29 12:33:06.323000,1.06687,1.06683,2500000,1000000
2020-04-29 12:33:06.374000,1.06684,1.0668,1000000,1870000
2020-04-29 12:33:06.475000,1.06684,1.06679,1000000,1250000
2020-04-29 12:33:06.526000,1.06685,1.06683,1000000,1000000
2020-04-29 12:33:06.627000,1.06685,1.06683,1000000,1000000
2020-04-29 12:33:06.678000,1.06682,1.06679,1000000,1250000
2020-04-29 12:33:06.780000,1.06681,1.0668,1000000,1000000
2020-04-29 12:33:07.134000,1.06682,1.0668,1000000,1000000
2020-04-29 12:33:07.286000,1.06683,1.0668,1250000,1000000
2020-04-29 12:33:07.387000,1.06683,1.06677,1690000,2560000
2020-04-29 12:33:07.488000,1.06682,1.06678,1000000,1870000
2020-04-29 12:33:08.081000,1.06686,1.06683,1200000,1690000
2020-04-29 12:33:08.183000,1.06686,1.06683,1000000,1870000
2020-04-29 12:33:08.385000,1.06683,1.06681,1000000,1000000
2020-04-29 12:33:08.840000,1.06684,1.06682,1000000,1250000
2020-04-29 12:33:09.425000,1.06685,1.06681,1000000,2920000
2020-04-29 12:33:09.627000,1.06687,1.06682,1000000,3370000
2020-04-29 12:33:10.459000,1.06688,1.06683,1000000,2940000
2020-04-29 12:33:10.560000,1.06687,1.06683,1250000,1500000
2020-04-29 12:33:10.763000,1.06687,1.06681,1000000,3870000
2020-04-29 12:33:10.864000,1.06685,1.0668,1000000,3120000
2020-04-29 12:33:10.965000,1.06685,1.0668,1000000,1870000
2020-04-29 12:33:11.067000,1.06683,1.0668,1250000,1000000
2020-04-29 12:33:11.168000,1.06681,1.06677,1250000,2000000
2020-04-29 12:33:11.269000,1.06681,1.06675,1120000,5100000
2020-04-29 12:33:11.370000,1.0668,1.06676,1250000,1370000
2020-04-29 12:33:12.164000,1.06677,1.06674,1000000,3420000
2020-04-29 12:33:12.216000,1.06674,1.06669,2190000,1000000
2020-04-29 12:33:12.266000,1.06668,1.06666,1000000,1620000
2020-04-29 12:33:12.318000,1.06665,1.06662,1000000,1000000
2020-04-29 12:33:12.369000,1.06668,1.06663,1620000,1250000
2020-04-29 12:33:12.471000,1.06669,1.06666,1000000,1500000
2020-04-29 12:33:12.522000,1.06672,1.06669,3460000,1000000
2020-04-29 12:33:12.624000,1.06673,1.0667,1950000,1000000
2020-04-29 12:33:12.878000,1.06674,1.0667,1950000,1000000
2020-04-29 12:33:12.980000,1.06677,1.06674,1350000,1000000
2020-04-29 12:33:13.081000,1.06676,1.06672,2120000,1620000
2020-04-29 12:33:13.132000,1.06674,1.0667,1390000,1620000
2020-04-29 12:33:13.183000,1.06673,1.0667,1250000,1000000
2020-04-29 12:33:13.285000,1.06674,1.0667,3770000,1000000
2020-04-29 12:33:13.387000,1.06674,1.0667,1250000,1120000
2020-04-29 12:33:13.501000,1.06676,1.06674,1770000,1000000
2020-04-29 12:33:13.552000,1.06679,1.06675,1390000,1000000
2020-04-29 12:33:13.956000,1.06679,1.06675,1750000,1000000
2020-04-29 12:33:14.260000,1.06679,1.06674,2650000,1120000
2020-04-29 12:33:14.613000,1.06676,1.06672,1250000,1500000
2020-04-29 12:33:14.715000,1.06673,1.0667,1250000,2250000
2020-04-29 12:33:14.817000,1.06674,1.06669,2120000,1000000
2020-04-29 12:33:15.069000,1.0667,1.06669,1250000,1000000
2020-04-29 12:33:15.171000,1.06669,1.06667,1250000,1000000
2020-04-29 12:33:15.322000,1.06669,1.06665,1250000,1870000
2020-04-29 12:33:15.575000,1.06669,1.06664,1940000,1120000
2020-04-29 12:33:15.727000,1.06668,1.06663,1250000,1870000
2020-04-29 12:33:16.029000,1.06667,1.06663,1000000,1000000
2020-04-29 12:33:17.007000,1.06667,1.06664,1500000,1250000
2020-04-29 12:33:17.461000,1.06662,1.0666,1750000,1500000
2020-04-29 12:33:17.512000,1.06662,1.06659,1750000,1540000
2020-04-29 12:33:17.563000,1.06659,1.06658,1250000,1000000
2020-04-29 12:33:17.613000,1.06658,1.06654,1000000,1250000
2020-04-29 12:33:17.767000,1.0666,1.06655,1750000,1000000
2020-04-29 12:33:17.869000,1.06659,1.06654,1000000,2250000
2020-04-29 12:33:17.970000,1.0666,1.06655,1120000,1310000
2020-04-29 12:33:18.765000,1.06659,1.06655,1250000,1620000
2020-04-29 12:33:18.867000,1.06662,1.06659,1000000,2120000
2020-04-29 12:33:18.968000,1.06663,1.06659,1000000,1750000
2020-04-29 12:33:19.069000,1.06664,1.0666,2440000,1750000
2020-04-29 12:33:19.172000,1.06665,1.06662,1000000,2060000
2020-04-29 12:33:19.223000,1.06667,1.06662,1000000,2560000
2020-04-29 12:33:23.713000,1.06673,1.0667,1000000,1100000
2020-04-29 12:33:23.764000,1.06676,1.06672,1000000,1000000
2020-04-29 12:33:23.917000,1.06677,1.06672,1000000,1810000
2020-04-29 12:33:24.425000,1.06675,1.06671,1250000,2000000
2020-04-29 12:33:24.476000,1.06677,1.06673,1200000,1100000
2020-04-29 12:33:24.528000,1.06675,1.0667,1000000,2560000
2020-04-29 12:33:24.680000,1.06676,1.06671,1500000,1120000
2020-04-29 12:33:24.781000,1.06675,1.06669,1250000,1700000
2020-04-29 12:33:24.933000,1.06676,1.06671,1870000,1250000
2020-04-29 12:33:25.388000,1.06674,1.0667,1250000,1620000
2020-04-29 12:33:25.490000,1.06674,1.06669,1370000,1870000
2020-04-29 12:33:25.996000,1.06674,1.06669,1310000,1000000
2020-04-29 12:33:26.148000,1.06672,1.06669,1250000,1000000
2020-04-29 12:33:26.574000,1.06671,1.06668,1250000,2060000
2020-04-29 12:33:26.827000,1.06669,1.06666,1000000,1250000
2020-04-29 12:33:26.878000,1.06669,1.06664,1000000,2140000
2020-04-29 12:33:27.001000,1.06668,1.06664,2620000,1250000
2020-04-29 12:33:27.052000,1.06668,1.06664,3890000,1000000
2020-04-29 12:33:27.103000,1.06668,1.06662,3890000,1120000
2020-04-29 12:33:27.506000,1.06668,1.06662,3190000,1100000
2020-04-29 12:33:27.709000,1.06663,1.06661,1000000,1000000
2020-04-29 12:33:27.810000,1.06662,1.06659,1250000,1000000
2020-04-29 12:33:27.911000,1.06662,1.06657,1870000,2140000
2020-04-29 12:33:28.012000,1.06663,1.06658,1870000,1450000
2020-04-29 12:33:28.673000,1.0666,1.06657,1250000,2370000
2020-04-29 12:33:28.774000,1.06658,1.06654,1250000,1200000
2020-04-29 12:33:28.825000,1.06656,1.06654,1250000,1000000
2020-04-29 12:33:28.876000,1.06653,1.06649,1250000,1120000
2020-04-29 12:33:28.977000,1.06651,1.06647,1000000,1000000
2020-04-29 12:33:29.078000,1.06649,1.06644,1500000,1250000
2020-04-29 12:33:29.179000,1.06649,1.06644,1750000,1100000
2020-04-29 12:33:29.281000,1.06652,1.06646,1370000,2100000
2020-04-29 12:33:29.382000,1.06653,1.06647,1500000,1470000
2020-04-29 12:33:29.534000,1.06654,1.06649,2940000,1750000
2020-04-29 12:33:29.635000,1.06655,1.06651,1000000,2320000
2020-04-29 12:33:29.686000,1.06656,1.06651,1000000,1700000
2020-04-29 12:33:30.242000,1.06653,1.0665,1000000,1350000
2020-04-29 12:33:30.344000,1.06651,1.06647,1000000,1500000
2020-04-29 12:33:30.445000,1.06651,1.06646,1000000,1890000
2020-04-29 12:33:30.648000,1.06651,1.06645,1310000,1410000
2020-04-29 12:33:30.699000,1.06649,1.06645,1000000,1000000
2020-04-29 12:33:30.750000,1.06649,1.06643,1250000,2850000
2020-04-29 12:33:31.002000,1.06648,1.06642,1000000,3660000
2020-04-29 12:33:31.224000,1.06647,1.06642,1000000,2910000
2020-04-29 12:33:31.276000,1.06649,1.06645,1000000,3100000
2020-04-29 12:33:31.377000,1.06649,1.06647,1000000,1100000
2020-04-29 12:33:31.479000,1.0665,1.06647,1000000,1100000
2020-04-29 12:33:32.036000,1.06651,1.06647,1000000,1600000
2020-04-29 12:33:32.290000,1.06652,1.06647,1000000,1350000
2020-04-29 12:33:32.391000,1.06652,1.06648,1000000,1100000
2020-04-29 12:33:32.795000,1.06653,1.06651,1000000,1000000
2020-04-29 12:33:32.846000,1.06655,1.0665,1500000,1510000
2020-04-29 12:33:32.947000,1.06655,1.06651,1000000,1620000
2020-04-29 12:33:33.251000,1.06656,1.0665,1000000,1910000
2020-04-29 12:33:33.301000,1.06654,1.0665,1000000,3220000
2020-04-29 12:33:33.453000,1.06655,1.06652,1000000,1620000
2020-04-29 12:33:33.655000,1.06655,1.06652,1000000,1000000
2020-04-29 12:33:33.757000,1.06654,1.06652,1000000,1000000
2020-04-29 12:33:33.858000,1.06652,1.0665,1250000,1000000
2020-04-29 12:33:33.909000,1.06652,1.06648,1250000,1100000
2020-04-29 12:33:34.010000,1.06652,1.06648,1250000,1000000
2020-04-29 12:33:34.162000,1.0665,1.06647,1250000,1000000
2020-04-29 12:33:34.264000,1.06647,1.06644,1000000,2850000
2020-04-29 12:33:34.366000,1.06648,1.06642,1250000,1010000
2020-04-29 12:33:34.468000,1.06648,1.06644,1120000,1010000
2020-04-29 12:33:34.571000,1.06649,1.06646,1000000,1350000
2020-04-29 12:33:34.622000,1.06651,1.06646,1000000,1870000
2020-04-29 12:33:34.876000,1.06652,1.06647,1000000,1470000
2020-04-29 12:33:34.978000,1.06655,1.0665,1000000,1410000
2020-04-29 12:33:35.081000,1.06655,1.06652,1000000,1000000
2020-04-29 12:33:35.284000,1.06655,1.06651,1250000,1100000
2020-04-29 12:33:35.386000,1.06654,1.0665,1250000,2350000
2020-04-29 12:33:35.487000,1.06653,1.06649,1250000,1350000
2020-04-29 12:33:35.538000,1.06653,1.06648,1250000,1100000
2020-04-29 12:33:35.589000,1.06651,1.06647,1000000,3950000
2020-04-29 12:33:35.690000,1.06651,1.06647,1000000,1570000
2020-04-29 12:33:35.791000,1.06648,1.06644,1000000,1600000
2020-04-29 12:33:35.893000,1.06646,1.06643,1000000,1850000
2020-04-29 12:33:35.995000,1.06648,1.06642,1250000,1000000
2020-04-29 12:33:36.097000,1.06646,1.06641,1120000,2320000
2020-04-29 12:33:36.250000,1.06645,1.0664,1310000,1100000
2020-04-29 12:33:36.606000,1.06646,1.06642,1120000,1000000
2020-04-29 12:33:37.263000,1.06646,1.06643,1000000,1000000
2020-04-29 12:33:37.364000,1.06647,1.06643,1250000,1000000
2020-04-29 12:33:37.668000,1.06647,1.06643,2200000,1000000
2020-04-29 12:33:37.769000,1.06648,1.06644,1690000,1100000
2020-04-29 12:33:37.870000,1.06648,1.06644,1250000,1600000
2020-04-29 12:33:38.224000,1.06648,1.06644,1250000,1200000
2020-04-29 12:33:38.580000,1.06649,1.06645,2250000,1100000
2020-04-29 12:33:38.682000,1.06647,1.06644,1000000,1600000
