time,ask,bid,ask_volume,bid_volume
2019-04-11 14:25:00.230000,1.11404,1.11402,2060000,1690000
2019-04-11 14:25:00.332000,1.11405,1.11403,6820000,1500000
2019-04-11 14:25:02.524000,1.11405,1.11403,3260000,1000000
2019-04-11 14:25:02.626000,1.11406,1.11404,1000000,2060000
2019-04-11 14:25:02.728000,1.11407,1.11406,1200000,1250000
2019-04-11 14:25:02.884000,1.11408,1.11407,1500000,1000000
2019-04-11 14:25:02.986000,1.11407,1.11405,1120000,3250000
2019-04-11 14:25:03.139000,1.11404,1.11403,1250000,1100000
2019-04-11 14:25:03.241000,1.11404,1.11402,1250000,2060000
2019-04-11 14:25:03.550000,1.11403,1.11401,1000000,1750000
2019-04-11 14:25:03.704000,1.11401,1.11399,1250000,7950000
2019-04-11 14:25:03.755000,1.11402,1.11399,3070000,3250000
2019-04-11 14:25:15.446000,1.11403,1.114,3260000,1250000
2019-04-11 14:25:15.584000,1.11402,1.114,1000000,1250000
2019-04-11 14:25:15.738000,1.11403,1.114,3640000,1250000
2019-04-11 14:25:16.848000,1.11402,1.114,1000000,1690000
2019-04-11 14:25:20.046000,1.11401,1.11399,1870000,2870000
2019-04-11 14:25:20.098000,1.11398,1.11397,5440000,3070000
2019-04-11 14:25:20.200000,1.11399,1.11396,4390000,2870000
2019-04-11 14:25:20.344000,1.11398,1.11396,1250000,1690000
2019-04-11 14:25:20.446000,1.11398,1.11396,3370000,1500000
2019-04-11 14:25:23.753000,1.11397,1.11395,1000000,3940000
2019-04-11 14:25:23.805000,1.11395,1.11392,1690000,5720000
2019-04-11 14:25:23.908000,1.11394,1.11393,1000000,1390000
2019-04-11 14:25:24.080000,1.11394,1.11391,2200000,4500000
2019-04-11 14:25:24.182000,1.11391,1.1139,1250000,1500000
2019-04-11 14:25:25.615000,1.11392,1.1139,3190000,1000000
2019-04-11 14:25:27.322000,1.11391,1.1139,1000000,1500000
2019-04-11 14:25:27.424000,1.11392,1.1139,2440000,1000000
2019-04-11 14:25:32.622000,1.11391,1.1139,1120000,1000000
2019-04-11 14:25:32.674000,1.1139,1.11388,2870000,1570000
2019-04-11 14:25:32.777000,1.11388,1.11386,1000000,2500000
2019-04-11 14:25:32.932000,1.11389,1.11387,3640000,1250000
2019-04-11 14:25:33.289000,1.11388,1.11386,1000000,2500000
2019-04-11 14:25:33.510000,1.11387,1.11385,1120000,3250000
2019-04-11 14:25:33.614000,1.11388,1.11387,5250000,1250000
2019-04-11 14:25:33.716000,1.11388,1.11386,3560000,1000000
2019-04-11 14:25:34.826000,1.11388,1.11385,2510000,1690000
2019-04-11 14:25:36.559000,1.11386,1.11384,1250000,1120000
2019-04-11 14:25:36.661000,1.11385,1.11384,1250000,1000000
2019-04-11 14:25:36.764000,1.11385,1.11383,1250000,2250000
2019-04-11 14:25:38.061000,1.11385,1.11382,3700000,1690000
2019-04-11 14:25:43.080000,1.11381,1.1138,1690000,2250000
2019-04-11 14:25:43.182000,1.11381,1.1138,1250000,1000000
2019-04-11 14:25:43.332000,1.11381,1.11379,1250000,1310000
2019-04-11 14:25:43.486000,1.11381,1.11378,1750000,2060000
2019-04-11 14:25:43.690000,1.11381,1.11379,1690000,1690000
2019-04-11 14:25:44.187000,1.11381,1.11379,1750000,2250000
2019-04-11 14:25:44.570000,1.11381,1.1138,2810000,1000000
2019-04-11 14:25:44.672000,1.11381,1.1138,2810000,1000000
2019-04-11 14:25:45.153000,1.11381,1.11379,1690000,2060000
2019-04-11 14:25:45.350000,1.11381,1.11379,2500000,1000000
2019-04-11 14:25:46.517000,1.11381,1.11378,4000000,3190000
2019-04-11 14:25:47.385000,1.11381,1.11379,3190000,1250000
2019-04-11 14:25:48.333000,1.11381,1.11379,2870000,3000000
2019-04-11 14:25:49.225000,1.11381,1.1138,1250000,1500000
2019-04-11 14:25:49.429000,1.11382,1.11381,1690000,1120000
2019-04-11 14:25:49.481000,1.11384,1.11382,1200000,1000000
2019-04-11 14:25:49.737000,1.11383,1.11381,1250000,4500000
2019-04-11 14:25:49.839000,1.11383,1.11382,1250000,3000000
2019-04-11 14:25:52.200000,1.11386,1.11384,2610000,1750000
2019-04-11 14:25:52.302000,1.11386,1.11384,1450000,3000000
2019-04-11 14:25:52.619000,1.11387,1.11384,1500000,3250000
2019-04-11 14:25:53.246000,1.11386,1.11384,2870000,2250000
2019-04-11 14:25:54.756000,1.11386,1.11383,3620000,4500000
2019-04-11 14:25:54.910000,1.11386,1.11384,2870000,1000000
2019-04-11 14:25:55.905000,1.11387,1.11385,4370000,1500000
2019-04-11 14:25:56.008000,1.11388,1.11386,3450000,1500000
2019-04-11 14:25:56.111000,1.11389,1.11386,3370000,1690000
2019-04-11 14:25:56.225000,1.11389,1.11387,3370000,1000000
2019-04-11 14:25:56.721000,1.11384,1.11383,1250000,1870000
2019-04-11 14:25:56.836000,1.11385,1.11383,2620000,2850000
2019-04-11 14:25:56.939000,1.11385,1.11383,5250000,1000000
2019-04-11 14:25:57.352000,1.11384,1.11382,1250000,4200000
2019-04-11 14:25:57.659000,1.11384,1.11383,1250000,1000000
2019-04-11 14:25:58.073000,1.11384,1.11382,1250000,4870000
2019-04-11 14:26:00.215000,1.11384,1.11383,1250000,1000000
2019-04-11 14:26:03.083000,1.11383,1.11382,1250000,1000000
2019-04-11 14:26:23.665000,1.11383,1.1138,4120000,5890000
2019-04-11 14:26:24.310000,1.11381,1.1138,1310000,1120000
2019-04-11 14:26:24.667000,1.1138,1.11378,1250000,3190000
2019-04-11 14:26:24.718000,1.11381,1.11378,1870000,4000000
2019-04-11 14:26:25.282000,1.11381,1.11378,2810000,3000000
2019-04-11 14:26:25.385000,1.11381,1.11378,1870000,3250000
2019-04-11 14:26:25.486000,1.1138,1.11378,1000000,3250000
2019-04-11 14:26:25.627000,1.11379,1.11377,1250000,1500000
2019-04-11 14:26:25.731000,1.11378,1.11377,1310000,1000000
2019-04-11 14:26:25.834000,1.11378,1.11376,2060000,1250000
2019-04-11 14:26:30.339000,1.11378,1.11376,1870000,1250000
2019-04-11 14:26:30.441000,1.11378,1.11376,1120000,1250000
2019-04-11 14:26:30.905000,1.11378,1.11376,1120000,2870000
2019-04-11 14:26:31.216000,1.11381,1.11379,2890000,1000000
2019-04-11 14:26:31.318000,1.11382,1.1138,6260000,1250000
2019-04-11 14:26:31.420000,1.11382,1.11381,1000000,1870000
2019-04-11 14:26:31.572000,1.11383,1.11381,1000000,1500000
2019-04-11 14:26:31.776000,1.11384,1.11381,2060000,2250000
2019-04-11 14:26:36.196000,1.11383,1.11381,1000000,2250000
2019-04-11 14:26:36.450000,1.1138,1.11378,4120000,1000000
2019-04-11 14:26:36.553000,1.1138,1.11378,1000000,3620000
2019-04-11 14:26:36.656000,1.11382,1.11379,5250000,2440000
2019-04-11 14:26:36.760000,1.11382,1.1138,2250000,1500000
2019-04-11 14:26:36.935000,1.11383,1.1138,2620000,3620000
2019-04-11 14:26:37.140000,1.11382,1.1138,1000000,2810000
2019-04-11 14:26:37.192000,1.11383,1.11381,1000000,2500000
2019-04-11 14:26:37.295000,1.11384,1.11382,2810000,1250000
2019-04-11 14:26:44.705000,1.11384,1.11382,1000000,1370000
2019-04-11 14:26:44.807000,1.11384,1.11382,1000000,1120000
2019-04-11 14:26:53.225000,1.11384,1.11381,1870000,3940000
2019-04-11 14:26:53.328000,1.11383,1.11381,2250000,1690000
2019-04-11 14:27:02.584000,1.11383,1.11382,1250000,1000000
2019-04-11 14:27:02.839000,1.11383,1.11381,1250000,3190000
2019-04-11 14:27:15.188000,1.11383,1.11382,1250000,1000000
2019-04-11 14:27:24.395000,1.11384,1.11383,1250000,1870000
2019-04-11 14:27:24.446000,1.11387,1.11385,3000000,1250000
2019-04-11 14:27:24.618000,1.11387,1.11385,2500000,1880000
2019-04-11 14:27:24.770000,1.11385,1.11383,1250000,4120000
2019-04-11 14:27:24.872000,1.11386,1.11383,4000000,4250000
2019-04-11 14:27:25.115000,1.11386,1.11384,1000000,1310000
2019-04-11 14:27:25.329000,1.11384,1.11383,2440000,1200000
2019-04-11 14:27:25.431000,1.11383,1.11382,1250000,2250000
2019-04-11 14:27:25.573000,1.11384,1.11383,1250000,1120000
2019-04-11 14:27:26.023000,1.11385,1.11382,2870000,3500000
2019-04-11 14:27:29.050000,1.11384,1.11382,1250000,2250000
2019-04-11 14:27:29.166000,1.11384,1.11383,1250000,1120000
2019-04-11 14:27:32.395000,1.11385,1.11383,1870000,1870000
2019-04-11 14:27:32.548000,1.11384,1.11383,1250000,1870000
2019-04-11 14:27:32.599000,1.11385,1.11383,1870000,1870000
2019-04-11 14:27:33.034000,1.11384,1.11382,1250000,3750000
2019-04-11 14:27:33.137000,1.11385,1.11382,4370000,3370000
2019-04-11 14:27:33.239000,1.11384,1.11382,1250000,3070000
2019-04-11 14:27:33.355000,1.11383,1.11382,1250000,1000000
2019-04-11 14:27:33.457000,1.11383,1.11381,1250000,5890000
2019-04-11 14:27:34.047000,1.11383,1.11382,1250000,1000000
2019-04-11 14:27:34.149000,1.11383,1.11382,1250000,2250000
2019-04-11 14:27:35.898000,1.11384,1.11382,1690000,1500000
2019-04-11 14:27:36.001000,1.11383,1.11381,1250000,3940000
2019-04-11 14:27:36.156000,1.11383,1.11382,1250000,1000000
2019-04-11 14:27:36.260000,1.11384,1.11382,2810000,1000000
2019-04-11 14:27:36.386000,1.11384,1.11381,3560000,3820000
2019-04-11 14:27:36.490000,1.11384,1.11383,1690000,1000000
2019-04-11 14:27:37.175000,1.11383,1.11381,1250000,5640000
2019-04-11 14:27:38.198000,1.11383,1.11381,1250000,3190000
2019-04-11 14:27:38.354000,1.11383,1.11381,2500000,1000000
2019-04-11 14:27:38.507000,1.11383,1.11381,1120000,1000000
2019-04-11 14:27:38.751000,1.11383,1.11381,3620000,1000000
2019-04-11 14:27:39.056000,1.11383,1.11381,2060000,1250000
2019-04-11 14:27:42.797000,1.11383,1.1138,3620000,4060000
2019-04-11 14:27:42.932000,1.11383,1.1138,4310000,4120000
2019-04-11 14:27:44.080000,1.11383,1.11382,1250000,1000000
2019-04-11 14:27:44.183000,1.11384,1.11383,1250000,1120000
2019-04-11 14:27:44.285000,1.11385,1.11383,1120000,2370000
2019-04-11 14:27:46.267000,1.11386,1.11383,30120001,4120000
2019-04-11 14:27:46.318000,1.11386,1.11384,1500000,1250000
2019-04-11 14:27:46.370000,1.11387,1.11386,1500000,1310000
2019-04-11 14:27:46.520000,1.11388,1.11386,1250000,1310000
2019-04-11 14:27:47.607000,1.11389,1.11387,4750000,1000000
2019-04-11 14:27:47.811000,1.11388,1.11386,1250000,2440000
2019-04-11 14:27:48.974000,1.1139,1.11388,1750000,1120000
2019-04-11 14:27:49.076000,1.1139,1.11388,1690000,4620000
2019-04-11 14:27:49.179000,1.1139,1.11388,1250000,7140000
2019-04-11 14:27:51.530000,1.11389,1.11388,1250000,2250000
2019-04-11 14:27:51.581000,1.11391,1.11389,2060000,1500000
2019-04-11 14:27:51.720000,1.11391,1.11389,1310000,3870000
2019-04-11 14:27:52.557000,1.11391,1.11389,1250000,2250000
2019-04-11 14:27:56.498000,1.11389,1.11387,2500000,2700000
2019-04-11 14:27:58.757000,1.11388,1.11386,1250000,2440000
2019-04-11 14:28:00.930000,1.11384,1.11383,1250000,1120000
2019-04-11 14:28:01.035000,1.11384,1.11382,1690000,1690000
2019-04-11 14:28:01.139000,1.11384,1.11381,4750000,4310000
2019-04-11 14:28:01.426000,1.11384,1.11382,2870000,1500000
2019-04-11 14:28:01.580000,1.11384,1.11382,1690000,3120000
2019-04-11 14:28:02.863000,1.11385,1.11383,1000000,2810000
2019-04-11 14:28:03.195000,1.11388,1.11386,5470000,1250000
2019-04-11 14:28:03.299000,1.11388,1.11386,1120000,2640000
2019-04-11 14:28:05.861000,1.1139,1.11388,1870000,1870000
2019-04-11 14:28:08.522000,1.11389,1.11387,2500000,3000000
2019-04-11 14:28:08.697000,1.11388,1.11385,2440000,2950000
2019-04-11 14:28:08.996000,1.11388,1.11386,3250000,1500000
2019-04-11 14:28:09.145000,1.11388,1.11386,2440000,1690000
2019-04-11 14:28:09.451000,1.11388,1.11386,1750000,1870000
2019-04-11 14:28:09.553000,1.11388,1.11386,1500000,1120000
2019-04-11 14:28:09.929000,1.11389,1.11387,2500000,1870000
2019-04-11 14:28:10.032000,1.11388,1.11385,3620000,3010000
2019-04-11 14:28:10.164000,1.11388,1.11385,3560000,3450000
2019-04-11 14:28:10.267000,1.11387,1.11385,1690000,1100000
2019-04-11 14:28:10.369000,1.11387,1.11384,1690000,3560000
2019-04-11 14:28:10.935000,1.11388,1.11385,2060000,5620000
2019-04-11 14:28:14.310000,1.11387,1.11385,1000000,3070000
2019-04-11 14:28:14.413000,1.11385,1.11383,1250000,4420000
2019-04-11 14:28:14.964000,1.11386,1.11383,1310000,5810000
2019-04-11 14:28:15.488000,1.11385,1.11383,2440000,2620000
2019-04-11 14:28:15.597000,1.11384,1.11382,1250000,1120000
2019-04-11 14:28:15.700000,1.11385,1.11383,2870000,1870000
2019-04-11 14:28:20.034000,1.11386,1.11383,6370000,1500000
2019-04-11 14:28:20.138000,1.11386,1.11385,1100000,1250000
2019-04-11 14:28:20.189000,1.11388,1.11385,1200000,4060000
2019-04-11 14:28:20.317000,1.11388,1.11386,2120000,1120000
2019-04-11 14:28:20.420000,1.11386,1.11384,3250000,5320000
2019-04-11 14:28:20.523000,1.11385,1.11384,1250000,2250000
2019-04-11 14:28:22.432000,1.11386,1.11383,1750000,9190000
2019-04-11 14:28:22.685000,1.11387,1.11385,1120000,1750000
2019-04-11 14:28:22.783000,1.11388,1.11385,3260000,4000000
2019-04-11 14:28:27.601000,1.11389,1.11387,3250000,1000000
2019-04-11 14:28:29.724000,1.11388,1.11386,1250000,2810000
2019-04-11 14:28:36.976000,1.11389,1.11388,1250000,1000000
2019-04-11 14:28:37.516000,1.11391,1.11389,2120000,1000000
2019-04-11 14:28:37.619000,1.11391,1.1139,1310000,1000000
2019-04-11 14:28:37.983000,1.11392,1.1139,2510000,1500000
2019-04-11 14:28:38.149000,1.11392,1.1139,1120000,3620000
2019-04-11 14:28:38.252000,1.11392,1.1139,2120000,1500000
2019-04-11 14:28:38.714000,1.11393,1.11392,1500000,1250000
2019-04-11 14:28:38.816000,1.11394,1.11392,1500000,1250000
2019-04-11 14:28:38.919000,1.11393,1.11392,1000000,1250000
2019-04-11 14:28:39.021000,1.11393,1.11391,1690000,3820000
2019-04-11 14:28:39.185000,1.11393,1.11391,2120000,1000000
2019-04-11 14:28:39.439000,1.11391,1.11389,1250000,4950000
2019-04-11 14:28:40.044000,1.11393,1.11391,2320000,1000000
2019-04-11 14:28:40.213000,1.11395,1.11392,3260000,1250000
2019-04-11 14:28:40.314000,1.11394,1.11392,1000000,1750000
2019-04-11 14:28:40.467000,1.11395,1.11392,3260000,1750000
2019-04-11 14:28:40.702000,1.11394,1.11392,1000000,1750000
2019-04-11 14:28:40.957000,1.11396,1.11393,5970000,1690000
2019-04-11 14:28:41.059000,1.11396,1.11394,2540000,1310000
2019-04-11 14:28:41.163000,1.11396,1.11394,1310000,1310000
2019-04-11 14:28:41.671000,1.11395,1.11393,1000000,2620000
2019-04-11 14:28:42.138000,1.11396,1.11393,2060000,2120000
2019-04-11 14:28:49.390000,1.11395,1.11393,1000000,4000000
2019-04-11 14:28:49.577000,1.11395,1.11393,1000000,3190000
2019-04-11 14:28:49.883000,1.11395,1.11393,1500000,1370000
2019-04-11 14:28:50.029000,1.11396,1.11393,2510000,2440000
2019-04-11 14:28:53.420000,1.11395,1.11393,1000000,2440000
2019-04-11 14:28:56.345000,1.11396,1.11393,2440000,2440000
2019-04-11 14:28:57.607000,1.11395,1.11393,1000000,2440000
2019-04-11 14:28:57.709000,1.11396,1.11393,2440000,3940000
2019-04-11 14:28:58.182000,1.11396,1.11394,1690000,1000000
2019-04-11 14:28:59.981000,1.11396,1.11393,1690000,3940000
2019-04-11 14:29:00.134000,1.11396,1.11393,1000000,4750000
2019-04-11 14:29:00.236000,1.11397,1.11394,3640000,1250000
2019-04-11 14:29:01.075000,1.11396,1.11394,1000000,1250000
2019-04-11 14:29:01.392000,1.11397,1.11394,3640000,1250000
2019-04-11 14:29:03.186000,1.11396,1.11394,1000000,1250000
2019-04-11 14:29:03.365000,1.11397,1.11394,3640000,1250000
2019-04-11 14:29:07.401000,1.11395,1.11393,1000000,5870000
2019-04-11 14:29:07.503000,1.11396,1.11393,2620000,3620000
2019-04-11 14:29:09.949000,1.11397,1.11394,2510000,1250000
2019-04-11 14:29:12.612000,1.11397,1.11395,1870000,1750000
2019-04-11 14:29:12.714000,1.11398,1.11395,2810000,3250000
2019-04-11 14:29:12.919000,1.11398,1.11397,1310000,1000000
2019-04-11 14:29:13.136000,1.114,1.11398,1250000,1250000
2019-04-11 14:29:14.302000,1.11399,1.11397,1250000,5510000
2019-04-11 14:29:14.869000,1.11399,1.11396,5120000,1000000
2019-04-11 14:29:15.066000,1.11398,1.11397,1250000,1000000
2019-04-11 14:29:15.168000,1.11398,1.11396,1250000,1690000
2019-04-11 14:29:16.228000,1.11397,1.11396,1000000,1000000
2019-04-11 14:29:16.331000,1.11397,1.11394,1000000,2670000
2019-04-11 14:29:16.682000,1.11396,1.11394,1500000,1350000
2019-04-11 14:29:16.733000,1.11395,1.11393,1750000,3070000
2019-04-11 14:29:16.836000,1.11395,1.11392,3250000,1310000
2019-04-11 14:29:17.041000,1.11393,1.11391,1000000,4820000
2019-04-11 14:29:17.198000,1.11394,1.11391,3190000,4000000
2019-04-11 14:29:17.514000,1.11392,1.11391,1250000,2250000
2019-04-11 14:29:17.617000,1.11393,1.1139,4500000,4070000
2019-04-11 14:29:17.719000,1.11393,1.11392,3000000,1250000
2019-04-11 14:29:18.441000,1.11394,1.11392,3260000,1250000
2019-04-11 14:29:18.543000,1.11393,1.11391,1000000,1750000
2019-04-11 14:29:18.645000,1.11394,1.11391,1310000,4000000
2019-04-11 14:29:19.345000,1.11396,1.11393,3690000,1690000
2019-04-11 14:29:19.447000,1.11397,1.11395,1000000,1250000
2019-04-11 14:29:19.555000,1.11398,1.11395,2250000,3250000
2019-04-11 14:29:21.492000,1.11398,1.11395,2250000,2140000
2019-04-11 14:29:22.002000,1.11398,1.11395,3000000,1900000
2019-04-11 14:29:22.614000,1.11398,1.11397,1500000,1000000
2019-04-11 14:29:22.920000,1.11398,1.11396,2440000,1250000
2019-04-11 14:29:23.022000,1.11398,1.11396,2250000,1250000
2019-04-11 14:29:25.577000,1.11398,1.11396,3000000,1000000
2019-04-11 14:29:25.678000,1.11398,1.11396,3000000,1250000
2019-04-11 14:29:25.781000,1.11399,1.11397,3190000,1250000
2019-04-11 14:29:28.498000,1.114,1.11397,1690000,1370000
2019-04-11 14:29:30.803000,1.114,1.11397,1250000,5140000
2019-04-11 14:29:31.921000,1.11401,1.114,1690000,1000000
2019-04-11 14:29:31.973000,1.11403,1.114,3470000,1250000
2019-04-11 14:29:32.087000,1.11403,1.114,1690000,1370000
2019-04-11 14:29:32.559000,1.11403,1.114,1500000,1900000
2019-04-11 14:29:35.804000,1.11404,1.11401,2060000,4820000
2019-04-11 14:29:36.825000,1.11403,1.11401,1000000,1690000
2019-04-11 14:29:36.928000,1.11404,1.11401,3560000,2500000
2019-04-11 14:29:37.031000,1.11404,1.11403,1000000,1690000
2019-04-11 14:29:37.133000,1.11406,1.11403,3690000,2500000
2019-04-11 14:29:37.556000,1.11405,1.11403,1310000,1250000
2019-04-11 14:29:37.898000,1.11405,1.11403,1120000,2870000
2019-04-11 14:29:38.583000,1.11406,1.11405,1000000,1250000
2019-04-11 14:29:38.685000,1.11407,1.11405,1500000,1010000
2019-04-11 14:29:38.895000,1.11406,1.11404,1000000,1850000
2019-04-11 14:29:38.997000,1.11406,1.11404,1500000,1000000
2019-04-11 14:29:39.598000,1.11406,1.11403,2060000,2440000
2019-04-11 14:29:39.862000,1.11405,1.11403,1500000,1690000
2019-04-11 14:29:40.056000,1.11404,1.11401,1250000,4450000
2019-04-11 14:29:40.210000,1.11405,1.11402,2440000,1250000
2019-04-11 14:29:40.364000,1.11405,1.11401,4750000,4450000
2019-04-11 14:29:41.335000,1.11403,1.11401,1000000,2570000
2019-04-11 14:29:41.387000,1.11402,1.114,1500000,2320000
2019-04-11 14:29:41.489000,1.11402,1.114,3250000,1200000
2019-04-11 14:29:42.164000,1.11402,1.114,1690000,1000000
2019-04-11 14:29:42.678000,1.11402,1.11399,1690000,2440000
2019-04-11 14:29:46.333000,1.11402,1.114,1690000,2320000
2019-04-11 14:29:46.798000,1.11403,1.11401,1500000,1250000
2019-04-11 14:29:46.901000,1.11405,1.11404,3560000,1000000
2019-04-11 14:29:47.011000,1.11406,1.11404,1200000,1310000
2019-04-11 14:29:47.113000,1.11407,1.11404,2440000,2060000
2019-04-11 14:29:47.984000,1.11408,1.11405,3450000,2500000
2019-04-11 14:29:48.036000,1.11408,1.11404,2140000,3250000
2019-04-11 14:29:48.964000,1.11407,1.11405,1000000,1250000
2019-04-11 14:29:49.067000,1.11406,1.11404,2620000,1450000
2019-04-11 14:29:49.169000,1.11406,1.11404,1120000,2250000
2019-04-11 14:29:50.676000,1.11406,1.11403,1750000,4200000
2019-04-11 14:29:50.783000,1.11406,1.11404,1750000,1000000
2019-04-11 14:29:51.758000,1.11406,1.11403,5120000,2620000
2019-04-11 14:29:51.863000,1.11404,1.11403,1250000,1500000
2019-04-11 14:29:51.915000,1.11408,1.11405,3070000,4370000
2019-04-11 14:29:52.069000,1.11408,1.11405,1310000,4310000
2019-04-11 14:29:53.405000,1.11408,1.11406,1120000,1250000
2019-04-11 14:29:53.609000,1.11409,1.11406,2810000,3250000
2019-04-11 14:29:53.924000,1.11408,1.11406,1000000,1250000
2019-04-11 14:29:54.026000,1.11408,1.11406,1250000,1000000
2019-04-11 14:29:54.451000,1.11408,1.11406,1750000,1000000
2019-04-11 14:29:54.553000,1.11408,1.11405,1750000,1120000
2019-04-11 14:29:55.164000,1.11408,1.11404,2500000,6640000
2019-04-11 14:29:56.063000,1.11405,1.11403,3250000,2320000
2019-04-11 14:29:56.214000,1.11405,1.11401,4370000,4450000
2019-04-11 14:29:56.909000,1.11403,1.11401,1000000,1750000
2019-04-11 14:30:00.363000,1.11404,1.11401,3560000,1750000
2019-04-11 14:30:01.431000,1.11403,1.11401,1000000,1750000
2019-04-11 14:30:03.206000,1.11403,1.11401,1250000,1500000
2019-04-11 14:30:03.309000,1.11402,1.11401,1000000,1000000
2019-04-11 14:30:03.412000,1.11402,1.11398,2700000,6470000
2019-04-11 14:30:03.605000,1.11401,1.11398,2200000,4540000
2019-04-11 14:30:09.153000,1.11401,1.11398,1390000,1810000
2019-04-11 14:30:10.871000,1.11402,1.11398,3640000,4120000
2019-04-11 14:30:10.973000,1.114,1.11398,1000000,3620000
2019-04-11 14:30:11.113000,1.114,1.11398,1690000,1250000
2019-04-11 14:30:11.317000,1.11399,1.11398,1000000,1250000
2019-04-11 14:30:11.584000,1.114,1.11397,3640000,5120000
2019-04-11 14:30:11.966000,1.11397,1.11396,1250000,3370000
2019-04-11 14:30:12.069000,1.11395,1.11394,2440000,1500000
2019-04-11 14:30:12.171000,1.11395,1.11393,1000000,1250000
2019-04-11 14:30:12.332000,1.11395,1.11393,1750000,1000000
2019-04-11 14:30:12.435000,1.11395,1.11393,1760000,1250000
2019-04-11 14:30:12.538000,1.11394,1.11393,1000000,1250000
2019-04-11 14:30:19.074000,1.11393,1.11391,1000000,6250000
2019-04-11 14:30:19.465000,1.11394,1.11391,1500000,7000000
2019-04-11 14:30:20.172000,1.11393,1.11391,1000000,6250000
2019-04-11 14:30:20.324000,1.11394,1.11391,3450000,5500000
2019-04-11 14:30:26.506000,1.11389,1.11388,1250000,2700000
2019-04-11 14:30:26.683000,1.11389,1.11387,10060000,1250000
2019-04-11 14:30:26.939000,1.11389,1.11387,1760000,1250000
2019-04-11 14:30:35.492000,1.1139,1.11388,2950000,1870000
2019-04-11 14:30:35.661000,1.11389,1.11387,1500000,1250000
2019-04-11 14:30:37.783000,1.1139,1.11388,6700000,1000000
2019-04-11 14:30:37.886000,1.1139,1.11387,5570000,1250000
2019-04-11 14:30:40.625000,1.1139,1.11388,3250000,1000000
2019-04-11 14:30:40.727000,1.11389,1.11387,1250000,1690000
2019-04-11 14:30:42.811000,1.1139,1.11388,3620000,1000000
2019-04-11 14:30:42.965000,1.11389,1.11387,1250000,2440000
2019-04-11 14:30:44.819000,1.11389,1.11388,1250000,1000000
2019-04-11 14:30:44.971000,1.11389,1.11387,1250000,2440000
2019-04-11 14:30:45.252000,1.11389,1.11388,1250000,1000000
2019-04-11 14:30:46.160000,1.1139,1.11388,1310000,4620000
2019-04-11 14:30:46.262000,1.11392,1.11391,1000000,2440000
2019-04-11 14:30:46.365000,1.11393,1.11392,1690000,1000000
2019-04-11 14:30:46.593000,1.11394,1.11393,1570000,1250000
2019-04-11 14:30:47.006000,1.11394,1.11392,1250000,1250000
2019-04-11 14:30:47.414000,1.11394,1.11392,1500000,1250000
2019-04-11 14:30:47.922000,1.11394,1.11392,1690000,1250000
2019-04-11 14:30:48.582000,1.11392,1.11391,1000000,1690000
2019-04-11 14:30:48.685000,1.11392,1.1139,1750000,1650000
2019-04-11 14:30:50.625000,1.11393,1.11391,1200000,1750000
2019-04-11 14:30:50.727000,1.11394,1.11391,3700000,3190000
2019-04-11 14:30:50.829000,1.11394,1.11392,4450000,1000000
2019-04-11 14:30:51.653000,1.11394,1.11391,1950000,3250000
2019-04-11 14:30:56.038000,1.11391,1.1139,1690000,3000000
2019-04-11 14:30:56.140000,1.11391,1.11389,3620000,2320000
2019-04-11 14:30:56.658000,1.11391,1.11389,1250000,1500000
2019-04-11 14:30:57.083000,1.11392,1.1139,1010000,1120000
2019-04-11 14:30:58.055000,1.11391,1.1139,1250000,1120000
2019-04-11 14:30:58.241000,1.11393,1.1139,6260000,1120000
2019-04-11 14:30:58.293000,1.11393,1.11392,2510000,1000000
2019-04-11 14:30:59,1.11394,1.11392,1200000,1250000
2019-04-11 14:30:59.562000,1.11393,1.11392,1310000,1000000
2019-04-11 14:30:59.664000,1.11394,1.11393,1870000,1000000
2019-04-11 14:31:00.275000,1.11394,1.11391,2060000,3000000
2019-04-11 14:31:00.580000,1.11394,1.11391,2890000,3250000
2019-04-11 14:31:00.728000,1.11394,1.11391,1870000,4750000
2019-04-11 14:31:03.544000,1.11392,1.11391,1500000,1250000
2019-04-11 14:31:03.647000,1.11392,1.1139,11120000,1200000
2019-04-11 14:31:04.174000,1.11391,1.11389,1250000,2620000
2019-04-11 14:31:04.277000,1.11392,1.1139,2870000,1120000
2019-04-11 14:31:05.322000,1.11392,1.1139,2060000,1120000
2019-04-11 14:31:05.883000,1.11392,1.1139,2870000,1120000
2019-04-11 14:31:06.638000,1.11392,1.1139,2890000,1200000
2019-04-11 14:31:06.819000,1.11391,1.11389,1250000,1700000
2019-04-11 14:31:08.977000,1.11393,1.11391,2510000,1000000
2019-04-11 14:31:09.081000,1.11394,1.11392,4070000,1000000
2019-04-11 14:31:09.183000,1.11394,1.11392,3260000,1000000
2019-04-11 14:31:09.390000,1.11394,1.11392,1500000,1690000
2019-04-11 14:31:09.509000,1.11395,1.11393,2620000,1250000
2019-04-11 14:31:09.815000,1.11396,1.11394,4060000,1000000
2019-04-11 14:31:09.919000,1.11396,1.11394,1120000,2440000
2019-04-11 14:31:11.104000,1.11397,1.11395,4440000,1200000
2019-04-11 14:31:11.891000,1.11397,1.11396,3190000,1000000
2019-04-11 14:31:11.943000,1.11398,1.11396,1010000,2440000
2019-04-11 14:31:12.199000,1.11397,1.11396,1250000,1500000
2019-04-11 14:31:12.662000,1.11397,1.11395,1750000,2250000
2019-04-11 14:31:13.847000,1.11397,1.11395,2500000,1500000
2019-04-11 14:31:13.950000,1.11397,1.11396,1690000,1000000
2019-04-11 14:31:14.138000,1.11397,1.11395,1750000,3000000
2019-04-11 14:31:14.393000,1.11398,1.11397,1250000,1000000
2019-04-11 14:31:17.606000,1.11398,1.11396,3620000,1500000
2019-04-11 14:31:18.309000,1.11398,1.11395,3620000,2700000
2019-04-11 14:31:18.423000,1.11398,1.11396,3620000,1500000
2019-04-11 14:31:19.061000,1.11399,1.11398,1100000,1000000
2019-04-11 14:31:19.163000,1.114,1.11398,2620000,1250000
2019-04-11 14:31:19.682000,1.114,1.11398,2060000,1690000
2019-04-11 14:31:19.784000,1.114,1.11398,1870000,1750000
2019-04-11 14:31:23.785000,1.114,1.11398,1310000,3560000
2019-04-11 14:31:23.977000,1.114,1.11399,1310000,1500000
2019-04-11 14:31:24.432000,1.11399,1.11398,1500000,2440000
2019-04-11 14:31:24.538000,1.11399,1.11398,2810000,1500000
2019-04-11 14:31:24.642000,1.11398,1.11397,1250000,1000000
2019-04-11 14:31:24.797000,1.11399,1.11398,1310000,1000000
2019-04-11 14:31:24.848000,1.11401,1.11398,5660000,1250000
2019-04-11 14:31:27.656000,1.11397,1.11396,8440000,1000000
2019-04-11 14:31:27.759000,1.11395,1.11393,15750000,3270000
2019-04-11 14:31:27.861000,1.11394,1.11393,1120000,1250000
2019-04-11 14:31:29.116000,1.11395,1.11393,2060000,2250000
2019-04-11 14:31:30.048000,1.11394,1.11393,1250000,1500000
2019-04-11 14:31:30.773000,1.11395,1.11393,1120000,2440000
2019-04-11 14:31:36.756000,1.11395,1.11392,2500000,3640000
2019-04-11 14:31:37.794000,1.11395,1.11393,1500000,1690000
2019-04-11 14:31:37.896000,1.11396,1.11393,2140000,1250000
2019-04-11 14:31:39.865000,1.11396,1.11394,1310000,2250000
2019-04-11 14:31:40.907000,1.11397,1.11395,1000000,2250000
2019-04-11 14:31:41.010000,1.11398,1.11395,3260000,5500000
2019-04-11 14:31:41.061000,1.11399,1.11398,1570000,1000000
2019-04-11 14:31:41.185000,1.11398,1.11397,1250000,1000000
2019-04-11 14:31:41.288000,1.114,1.11398,2700000,1250000
2019-04-11 14:31:49.743000,1.11402,1.114,1100000,1250000
2019-04-11 14:31:49.862000,1.11401,1.114,1000000,1310000
2019-04-11 14:31:49.964000,1.11402,1.11399,2440000,4190000
2019-04-11 14:31:50.068000,1.11402,1.11399,1690000,3370000
2019-04-11 14:31:50.289000,1.11401,1.11399,1500000,2060000
2019-04-11 14:31:50.391000,1.114,1.11398,1000000,3920000
2019-04-11 14:31:51.267000,1.11401,1.11398,1500000,5120000
2019-04-11 14:31:51.674000,1.114,1.11398,1690000,2060000
2019-04-11 14:31:53.315000,1.11401,1.11398,1250000,5060000
2019-04-11 14:31:53.990000,1.114,1.11398,1500000,3560000
2019-04-11 14:31:54.218000,1.114,1.11398,1500000,1370000
2019-04-11 14:31:54.374000,1.114,1.11397,1250000,6820000
2019-04-11 14:31:54.479000,1.11399,1.11397,1000000,6620000
2019-04-11 14:31:54.859000,1.114,1.11398,1250000,3940000
2019-04-11 14:31:56.770000,1.11401,1.11399,2500000,1500000
2019-04-11 14:31:58.944000,1.114,1.11398,1250000,2060000
2019-04-11 14:31:59.046000,1.114,1.11398,1500000,1370000
2019-04-11 14:31:59.148000,1.11401,1.11399,3190000,1310000
2019-04-11 14:31:59.309000,1.11402,1.114,2870000,1000000
2019-04-11 14:31:59.819000,1.11402,1.114,2250000,1000000
2019-04-11 14:32:00.337000,1.11403,1.11402,1250000,7500000
2019-04-11 14:32:00.389000,1.11406,1.11403,4570000,5060000
2019-04-11 14:32:00.440000,1.11407,1.11405,2620000,1620000
2019-04-11 14:32:00.572000,1.11407,1.11405,3660000,1250000
2019-04-11 14:32:00.674000,1.1141,1.11408,2850000,2250000
2019-04-11 14:32:00.726000,1.11413,1.1141,8160000,1500000
2019-04-11 14:32:00.840000,1.11412,1.1141,1000000,3500000
2019-04-11 14:32:00.943000,1.11412,1.1141,3940000,1000000
2019-04-11 14:32:00.996000,1.11411,1.11409,1250000,4870000
2019-04-11 14:32:01.048000,1.11412,1.11409,2250000,6250000
2019-04-11 14:32:01.218000,1.11413,1.11411,3560000,1250000
2019-04-11 14:32:01.320000,1.11413,1.11411,2500000,2250000
2019-04-11 14:32:01.440000,1.11413,1.11411,2440000,2440000
2019-04-11 14:32:02.153000,1.11413,1.11412,1250000,1000000
2019-04-11 14:32:03.294000,1.11414,1.11413,1690000,1000000
2019-04-11 14:32:03.973000,1.11414,1.11412,1250000,4120000
2019-04-11 14:32:04.099000,1.11414,1.11413,1250000,1500000
2019-04-11 14:32:04.571000,1.11413,1.11412,1250000,2250000
2019-04-11 14:32:07.027000,1.11413,1.11411,2440000,3190000
2019-04-11 14:32:12.029000,1.11412,1.1141,5100000,2120000
2019-04-11 14:32:12.096000,1.11411,1.11409,3190000,2060000
2019-04-11 14:32:12.198000,1.11412,1.11409,2060000,3250000
2019-04-11 14:32:12.300000,1.11412,1.11409,1120000,4750000
2019-04-11 14:32:12.512000,1.11413,1.1141,3640000,3620000
2019-04-11 14:32:13.452000,1.11411,1.1141,1000000,1250000
2019-04-11 14:32:13.933000,1.11409,1.11408,1250000,2250000
2019-04-11 14:32:14.072000,1.11409,1.11407,1250000,2190000
2019-04-11 14:32:14.175000,1.11409,1.11406,1690000,3000000
2019-04-11 14:32:14.378000,1.11408,1.11406,1500000,3000000
2019-04-11 14:32:15.669000,1.11408,1.11406,2440000,1250000
2019-04-11 14:32:19.857000,1.11409,1.11407,2570000,1000000
2019-04-11 14:32:19.961000,1.11411,1.1141,1000000,1250000
2019-04-11 14:32:20.065000,1.11411,1.11409,1000000,1000000
2019-04-11 14:32:20.172000,1.1141,1.11409,1250000,1000000
2019-04-11 14:32:20.275000,1.11412,1.11409,3000000,3620000
2019-04-11 14:32:20.431000,1.11412,1.11409,1500000,5870000
2019-04-11 14:32:20.637000,1.11413,1.1141,2440000,1250000
2019-04-11 14:32:22.298000,1.11414,1.11412,3250000,1500000
2019-04-11 14:32:22.484000,1.11414,1.11413,1250000,1000000
2019-04-11 14:32:22.587000,1.11416,1.11415,1570000,1690000
2019-04-11 14:32:22.791000,1.11417,1.11415,3250000,1000000
2019-04-11 14:32:22.894000,1.11416,1.11413,2440000,3820000
2019-04-11 14:32:23.030000,1.11417,1.11414,1690000,1870000
2019-04-11 14:32:23.133000,1.11417,1.11415,2440000,1000000
2019-04-11 14:32:23.235000,1.11417,1.11414,1690000,2060000
2019-04-11 14:32:23.337000,1.11416,1.11414,1000000,1310000
2019-04-11 14:32:24.549000,1.11416,1.11415,1000000,1000000
2019-04-11 14:32:25.361000,1.11414,1.11413,1000000,2810000
2019-04-11 14:32:25.464000,1.11414,1.11412,2440000,1120000
2019-04-11 14:32:25.632000,1.11414,1.11411,2440000,3750000
2019-04-11 14:32:26.491000,1.11413,1.11411,1000000,2250000
2019-04-11 14:32:29.541000,1.11412,1.11411,7390000,1000000
2019-04-11 14:32:29.593000,1.1141,1.11408,1500000,1750000
2019-04-11 14:32:29.742000,1.11409,1.11408,1000000,1500000
2019-04-11 14:32:29.844000,1.1141,1.11408,1310000,2250000
2019-04-11 14:32:30.048000,1.1141,1.11407,2060000,1870000
2019-04-11 14:32:31.565000,1.1141,1.11408,2440000,1500000
2019-04-11 14:32:33.029000,1.1141,1.11407,1690000,4120000
2019-04-11 14:32:34.583000,1.1141,1.11407,2500000,2060000
2019-04-11 14:32:39.949000,1.11411,1.11409,1790000,4120000
2019-04-11 14:32:40,1.11413,1.1141,3190000,3250000
2019-04-11 14:32:42.581000,1.11414,1.11412,4000000,1000000
2019-04-11 14:32:43.192000,1.11413,1.11411,1250000,1250000
2019-04-11 14:32:44.779000,1.11412,1.1141,1500000,2120000
2019-04-11 14:32:44.831000,1.1141,1.11409,2810000,1200000
2019-04-11 14:32:44.996000,1.11412,1.1141,1970000,1000000
2019-04-11 14:32:45.048000,1.11413,1.1141,2440000,2500000
2019-04-11 14:32:46.357000,1.11413,1.1141,1810000,6440000
2019-04-11 14:32:46.510000,1.11413,1.1141,1310000,6440000
2019-04-11 14:32:47.474000,1.11414,1.11412,2500000,1000000
2019-04-11 14:32:50.662000,1.11415,1.11413,2060000,1250000
2019-04-11 14:32:50.714000,1.11417,1.11416,1250000,2250000
2019-04-11 14:32:50.867000,1.11419,1.11417,2870000,1500000
2019-04-11 14:32:50.918000,1.11419,1.11418,1500000,1000000
2019-04-11 14:32:51.535000,1.11418,1.11417,1000000,1000000
2019-04-11 14:32:51.650000,1.11419,1.11417,1870000,1750000
2019-04-11 14:32:52.251000,1.11419,1.11416,2060000,2120000
2019-04-11 14:32:52.303000,1.11418,1.11415,2440000,2620000
2019-04-11 14:32:52.609000,1.11418,1.11417,1120000,1250000
2019-04-11 14:32:52.764000,1.11419,1.11417,1120000,1690000
2019-04-11 14:32:52.968000,1.1142,1.11418,3500000,1000000
2019-04-11 14:32:54.730000,1.11419,1.11417,1120000,2810000
2019-04-11 14:32:55.638000,1.11418,1.11416,1690000,3190000
2019-04-11 14:32:55.774000,1.11418,1.11415,1500000,6550000
2019-04-11 14:32:56.492000,1.11416,1.11415,1000000,1160000
2019-04-11 14:32:56.594000,1.11417,1.11414,1690000,2800000
2019-04-11 14:32:57.851000,1.11416,1.11414,1250000,1720000
2019-04-11 14:32:57.903000,1.11415,1.11413,2810000,2060000
2019-04-11 14:32:58.007000,1.11414,1.11412,1000000,1250000
2019-04-11 14:32:58.110000,1.11414,1.11412,1690000,1250000
2019-04-11 14:33:01.114000,1.11414,1.11412,1750000,1000000
2019-04-11 14:33:02.857000,1.11414,1.11411,2500000,4010000
2019-04-11 14:33:05.074000,1.11412,1.1141,2060000,1750000
2019-04-11 14:33:05.177000,1.11412,1.1141,1120000,1690000
2019-04-11 14:33:05.338000,1.11412,1.1141,1000000,1750000
2019-04-11 14:33:05.440000,1.11413,1.1141,3560000,2500000
2019-04-11 14:33:06.102000,1.11413,1.1141,2140000,1690000
2019-04-11 14:33:06.238000,1.11412,1.11411,1870000,1000000
2019-04-11 14:33:06.340000,1.11411,1.1141,1000000,1000000
2019-04-11 14:33:06.443000,1.11412,1.11409,6260000,1250000
2019-04-11 14:33:06.494000,1.1141,1.11408,2120000,1500000
2019-04-11 14:33:06.597000,1.1141,1.11408,2120000,1000000
2019-04-11 14:33:08.325000,1.1141,1.11407,3370000,1250000
2019-04-11 14:33:08.611000,1.11409,1.11407,2120000,1000000
2019-04-11 14:33:08.713000,1.11409,1.11406,2870000,2440000
2019-04-11 14:33:09.122000,1.11407,1.11405,1000000,1690000
2019-04-11 14:33:10.488000,1.11408,1.11406,2060000,1250000
2019-04-11 14:33:14.059000,1.11409,1.11406,2140000,2250000
2019-04-11 14:33:14.161000,1.11409,1.11406,1250000,6250000
2019-04-11 14:33:14.590000,1.11409,1.11406,1750000,5810000
2019-04-11 14:33:15.021000,1.11409,1.11407,1750000,1000000
2019-04-11 14:33:15.123000,1.11409,1.11407,1250000,3190000
2019-04-11 14:33:15.555000,1.11409,1.11407,1250000,1500000
2019-04-11 14:33:16.188000,1.1141,1.11407,3250000,2440000
2019-04-11 14:33:16.291000,1.1141,1.11408,1750000,1000000
2019-04-11 14:33:16.394000,1.11411,1.11409,2200000,1000000
2019-04-11 14:33:16.551000,1.1141,1.11408,1310000,3940000
2019-04-11 14:33:16.904000,1.1141,1.11407,2870000,6260000
2019-04-11 14:33:26.631000,1.11408,1.11407,1000000,3190000
2019-04-11 14:33:26.733000,1.11409,1.11407,2810000,1690000
2019-04-11 14:33:32.962000,1.11409,1.11406,5190000,2870000
2019-04-11 14:33:33.906000,1.11409,1.11406,3940000,1750000
2019-04-11 14:33:37.169000,1.11407,1.11405,2120000,3640000
2019-04-11 14:33:37.288000,1.11404,1.11403,2060000,2250000
2019-04-11 14:33:37.391000,1.11404,1.11402,2060000,1250000
2019-04-11 14:33:38.309000,1.11405,1.11404,1000000,8440000
2019-04-11 14:33:38.463000,1.11407,1.11405,1000000,1750000
2019-04-11 14:33:39.438000,1.11406,1.11403,1120000,6250000
2019-04-11 14:33:39.641000,1.11406,1.11404,1000000,2500000
2019-04-11 14:33:40.980000,1.11406,1.11404,1000000,2810000
2019-04-11 14:33:41.930000,1.11404,1.11403,1250000,2250000
2019-04-11 14:33:42.037000,1.11405,1.11402,2140000,1690000
2019-04-11 14:33:42.190000,1.11405,1.11404,1200000,1000000
2019-04-11 14:33:42.293000,1.11406,1.11404,2320000,1250000
2019-04-11 14:33:43.094000,1.11406,1.11404,1000000,1750000
2019-04-11 14:33:43.207000,1.11407,1.11405,3450000,1250000
2019-04-11 14:33:43.310000,1.11407,1.11405,1500000,1690000
2019-04-11 14:33:44.311000,1.11408,1.11405,3450000,2120000
2019-04-11 14:33:45.144000,1.11407,1.11405,1000000,4000000
2019-04-11 14:33:45.286000,1.11408,1.11406,1000000,1250000
2019-04-11 14:33:45.702000,1.11409,1.11406,3450000,1690000
2019-04-11 14:33:45.856000,1.11409,1.11406,2810000,2500000
2019-04-11 14:33:46.258000,1.11408,1.11406,1000000,4000000
2019-04-11 14:33:46.463000,1.11408,1.11406,1000000,1250000
2019-04-11 14:33:47.106000,1.11408,1.11406,1000000,2500000
2019-04-11 14:33:47.680000,1.11409,1.11406,3640000,2500000
2019-04-11 14:33:48.759000,1.11409,1.11406,4010000,3190000
2019-04-11 14:33:48.970000,1.11409,1.11406,3640000,3250000
2019-04-11 14:33:52.051000,1.11409,1.11408,1000000,1250000
2019-04-11 14:33:52.154000,1.1141,1.11408,1690000,1810000
2019-04-11 14:33:52.256000,1.11411,1.11408,6250000,1690000
2019-04-11 14:33:52.442000,1.1141,1.11408,1250000,1000000
2019-04-11 14:33:52.544000,1.1141,1.11407,2050000,3940000
2019-04-11 14:33:53.429000,1.11411,1.11408,4450000,1000000
2019-04-11 14:33:54.225000,1.11411,1.1141,1870000,1000000
2019-04-11 14:33:54.328000,1.11413,1.1141,4600000,1250000
2019-04-11 14:33:54.432000,1.11413,1.1141,3820000,3440000
2019-04-11 14:33:54.964000,1.11414,1.11411,2620000,3190000
2019-04-11 14:33:55.066000,1.11414,1.11412,1000000,2250000
2019-04-11 14:33:56.674000,1.11415,1.11412,2060000,2250000
2019-04-11 14:33:59.451000,1.11415,1.11413,1250000,3000000
2019-04-11 14:33:59.554000,1.11417,1.11414,2920000,2250000
2019-04-11 14:34:00.233000,1.11417,1.11414,1250000,3940000
2019-04-11 14:34:01.189000,1.11419,1.11417,1870000,1250000
2019-04-11 14:34:01.240000,1.1142,1.11417,2510000,1750000
2019-04-11 14:34:01.811000,1.1142,1.11419,1250000,1000000
2019-04-11 14:34:01.913000,1.11421,1.1142,1250000,1000000
2019-04-11 14:34:02.024000,1.11422,1.1142,1500000,2500000
2019-04-11 14:34:02.126000,1.11422,1.1142,1500000,1250000
2019-04-11 14:34:03.831000,1.11423,1.1142,2440000,1690000
2019-04-11 14:34:04.122000,1.11422,1.1142,1000000,1690000
2019-04-11 14:34:04.921000,1.11423,1.11421,2740000,1000000
2019-04-11 14:34:05.126000,1.11424,1.11422,2250000,1750000
2019-04-11 14:34:05.249000,1.11424,1.11422,1690000,1250000
2019-04-11 14:34:06.045000,1.11423,1.11421,1250000,3450000
2019-04-11 14:34:06.148000,1.11422,1.1142,2060000,1950000
2019-04-11 14:34:06.250000,1.11421,1.1142,1000000,1000000
2019-04-11 14:34:06.382000,1.11421,1.11418,4500000,2170000
2019-04-11 14:34:06.486000,1.11421,1.11417,4440000,2870000
2019-04-11 14:34:06.689000,1.1142,1.11417,1250000,3560000
2019-04-11 14:34:09.181000,1.1142,1.11418,1500000,1250000
2019-04-11 14:34:11.369000,1.11421,1.11418,1690000,2810000
2019-04-11 14:34:11.876000,1.11421,1.11419,1310000,1000000
2019-04-11 14:34:12.601000,1.11423,1.11421,4200000,1000000
2019-04-11 14:34:12.703000,1.11423,1.11421,1120000,1750000
2019-04-11 14:34:14.529000,1.11424,1.11422,1690000,1250000
2019-04-11 14:34:14.663000,1.11425,1.11423,1120000,1750000
2019-04-11 14:34:14.919000,1.11426,1.11424,1870000,1250000
2019-04-11 14:34:18.872000,1.11425,1.11423,1500000,2060000
2019-04-11 14:34:19.031000,1.11425,1.11423,2120000,1000000
2019-04-11 14:34:19.135000,1.11426,1.11423,5250000,3620000
2019-04-11 14:34:19.388000,1.11426,1.11423,2440000,3640000
2019-04-11 14:34:19.696000,1.11425,1.11423,1000000,3560000
2019-04-11 14:34:19.975000,1.11423,1.11422,1250000,1120000
2019-04-11 14:34:20.078000,1.11423,1.1142,1250000,3790000
2019-04-11 14:34:20.914000,1.11422,1.1142,1000000,3040000
2019-04-11 14:34:27.153000,1.11421,1.11419,1000000,1690000
2019-04-11 14:34:27.260000,1.11421,1.11419,1000000,2140000
2019-04-11 14:34:28.289000,1.1142,1.11418,1000000,3040000
2019-04-11 14:34:28.795000,1.11421,1.11418,3560000,2810000
2019-04-11 14:34:32.057000,1.1142,1.11418,1000000,2440000
2019-04-11 14:34:32.159000,1.11416,1.11415,1120000,1000000
2019-04-11 14:34:32.482000,1.11416,1.11412,2060000,3250000
2019-04-11 14:34:32.635000,1.11416,1.11413,2120000,1000000
2019-04-11 14:34:34.980000,1.11417,1.11413,3370000,3260000
2019-04-11 14:34:35.111000,1.11417,1.11413,3190000,5570000
2019-04-11 14:34:35.726000,1.11417,1.11415,2810000,1000000
2019-04-11 14:34:35.880000,1.11418,1.11415,2940000,2120000
2019-04-11 14:34:36.020000,1.11418,1.11416,1250000,1250000
2019-04-11 14:34:36.224000,1.11416,1.11415,1000000,3560000
2019-04-11 14:34:36.429000,1.11416,1.11414,1750000,1000000
2019-04-11 14:34:36.561000,1.11416,1.11413,1750000,1870000
2019-04-11 14:34:38.637000,1.11416,1.11414,1000000,1690000
2019-04-11 14:34:39.107000,1.11417,1.11415,2810000,1000000
2019-04-11 14:34:39.209000,1.11417,1.11414,2810000,1690000
2019-04-11 14:34:39.312000,1.11416,1.11414,1250000,1000000
2019-04-11 14:34:39.852000,1.11417,1.11414,2810000,2060000
2019-04-11 14:34:40.483000,1.11417,1.11415,2810000,1000000
2019-04-11 14:34:40.585000,1.11418,1.11416,1690000,2440000
2019-04-11 14:34:41.050000,1.11417,1.11415,1750000,1950000
2019-04-11 14:34:41.153000,1.11417,1.11415,2120000,1000000
2019-04-11 14:34:41.675000,1.11416,1.11414,1250000,1120000
2019-04-11 14:34:41.878000,1.11417,1.11414,3370000,1120000
2019-04-11 14:34:42.395000,1.11416,1.11414,1250000,1000000
2019-04-11 14:34:42.598000,1.11417,1.11414,3250000,1000000
2019-04-11 14:34:42.923000,1.11417,1.11414,3560000,1690000
2019-04-11 14:34:43.564000,1.11417,1.11415,2440000,1000000
2019-04-11 14:34:43.666000,1.11416,1.11414,1000000,1250000
2019-04-11 14:34:44.332000,1.11416,1.11414,1750000,1000000
2019-04-11 14:34:46.328000,1.11416,1.11414,1250000,1500000
2019-04-11 14:34:47.369000,1.11416,1.11414,1750000,1000000
2019-04-11 14:34:47.522000,1.11416,1.11413,9250000,4200000
2019-04-11 14:34:47.651000,1.11415,1.11413,3370000,1000000
2019-04-11 14:34:47.907000,1.11414,1.11411,2810000,1690000
2019-04-11 14:34:48.059000,1.11414,1.11413,1310000,1000000
2019-04-11 14:34:48.115000,1.11415,1.11413,1310000,3000000
2019-04-11 14:34:51.654000,1.11416,1.11414,2560000,1000000
2019-04-11 14:34:51.758000,1.11416,1.11414,1500000,1250000
2019-04-11 14:34:51.811000,1.11416,1.11413,2440000,1760000
2019-04-11 14:34:51.915000,1.11416,1.11413,2940000,2890000
2019-04-11 14:34:52.017000,1.11416,1.11413,2440000,2140000
2019-04-11 14:34:52.617000,1.11416,1.11414,1690000,1000000
2019-04-11 14:34:55.705000,1.11417,1.11415,1870000,1000000
2019-04-11 14:34:57.830000,1.11416,1.11414,1690000,1500000
2019-04-11 14:34:58.671000,1.11416,1.11414,3620000,1000000
2019-04-11 14:35:00.955000,1.11415,1.11413,1250000,3370000
2019-04-11 14:35:01.336000,1.11417,1.11415,4370000,1500000
2019-04-11 14:35:01.442000,1.11418,1.11417,1870000,1000000
2019-04-11 14:35:01.596000,1.1142,1.11417,5620000,1000000
2019-04-11 14:35:01.698000,1.1142,1.11417,4120000,1250000
2019-04-11 14:35:01.818000,1.1142,1.11418,2810000,1000000
2019-04-11 14:35:01.920000,1.11421,1.11418,2060000,5510000
2019-04-11 14:35:03.733000,1.1142,1.11418,1000000,2810000
2019-04-11 14:35:03.938000,1.11421,1.11418,2810000,2440000
2019-04-11 14:35:08.460000,1.1142,1.11418,1000000,2440000
2019-04-11 14:35:09.320000,1.11421,1.11419,2810000,1000000
2019-04-11 14:35:09.423000,1.1142,1.11419,1000000,1000000
2019-04-11 14:35:09.526000,1.11421,1.11419,2810000,1000000
2019-04-11 14:35:09.703000,1.11421,1.11418,2060000,2060000
2019-04-11 14:35:10.201000,1.1142,1.11418,1000000,1250000
2019-04-11 14:35:10.565000,1.11419,1.11418,1690000,1000000
2019-04-11 14:35:10.668000,1.11419,1.11417,3190000,1250000
2019-04-11 14:35:10.780000,1.1142,1.11418,4870000,1690000
2019-04-11 14:35:10.986000,1.11421,1.11419,1870000,1000000
2019-04-11 14:35:11.434000,1.11421,1.11418,2620000,3560000
2019-04-11 14:35:12.439000,1.1142,1.11418,1500000,2060000
2019-04-11 14:35:14.154000,1.11421,1.11418,3560000,4390000
2019-04-11 14:35:14.547000,1.1142,1.11418,1000000,2440000
2019-04-11 14:35:14.751000,1.1142,1.11419,1000000,1000000
2019-04-11 14:35:14.884000,1.11421,1.11419,1310000,1500000
2019-04-11 14:35:15.983000,1.11422,1.1142,1870000,2120000
2019-04-11 14:35:16.086000,1.11423,1.11421,1310000,1250000
2019-04-11 14:35:16.188000,1.11423,1.1142,2870000,3820000
2019-04-11 14:35:16.359000,1.11423,1.1142,2810000,3070000
2019-04-11 14:35:16.461000,1.11423,1.11422,1120000,1250000
2019-04-11 14:35:16.567000,1.11425,1.11422,4370000,2440000
2019-04-11 14:35:16.669000,1.11425,1.11423,2620000,1250000
2019-04-11 14:35:16.921000,1.11426,1.11424,1500000,1250000
2019-04-11 14:35:18.049000,1.11427,1.11424,1310000,1250000
2019-04-11 14:35:20.523000,1.11427,1.11426,1000000,1250000
2019-04-11 14:35:20.626000,1.11428,1.11425,2060000,5200000
2019-04-11 14:35:20.728000,1.11428,1.11425,2060000,2440000
2019-04-11 14:35:20.842000,1.11427,1.11425,1500000,1250000
2019-04-11 14:35:21.987000,1.11428,1.11426,2060000,1690000
2019-04-11 14:35:22.964000,1.11427,1.11425,1000000,2890000
2019-04-11 14:35:31.216000,1.11428,1.11426,1500000,1000000
2019-04-11 14:35:43.266000,1.11429,1.11427,3560000,1250000
2019-04-11 14:35:43.368000,1.11428,1.11427,1250000,1500000
2019-04-11 14:35:43.480000,1.11428,1.11426,1250000,2620000
2019-04-11 14:35:44.765000,1.11428,1.11426,1250000,3690000
2019-04-11 14:35:44.868000,1.11428,1.11426,1250000,3190000
2019-04-11 14:35:45.058000,1.11429,1.11428,2250000,1250000
2019-04-11 14:35:45.320000,1.11428,1.11427,1250000,1500000
2019-04-11 14:35:45.422000,1.11428,1.11426,1250000,2940000
2019-04-11 14:35:49.819000,1.11428,1.11426,1250000,1310000
2019-04-11 14:35:52.794000,1.11429,1.11426,4690000,2870000
2019-04-11 14:35:53.304000,1.11428,1.11426,1250000,2940000
2019-04-11 14:35:53.513000,1.11428,1.11426,1250000,3370000
2019-04-11 14:35:53.615000,1.11428,1.11426,1250000,3690000
2019-04-11 14:35:54.033000,1.11429,1.11428,3000000,1000000
2019-04-11 14:35:54.665000,1.11429,1.11427,2250000,1000000
2019-04-11 14:35:55.504000,1.11428,1.11427,1250000,2700000
2019-04-11 14:36:07.363000,1.1143,1.11427,5120000,4010000
2019-04-11 14:36:08.452000,1.11428,1.11427,1250000,4200000
2019-04-11 14:36:08.996000,1.11431,1.11429,3940000,2310000
2019-04-11 14:36:09.180000,1.11433,1.1143,4690000,2250000
2019-04-11 14:36:09.807000,1.11433,1.11431,1310000,1760000
2019-04-11 14:36:10.215000,1.11434,1.11432,2440000,1000000
2019-04-11 14:36:10.346000,1.11434,1.11432,1250000,1700000
2019-04-11 14:36:14.240000,1.11434,1.11432,1250000,2250000
2019-04-11 14:36:14.788000,1.11433,1.11431,1310000,1760000
2019-04-11 14:36:14.890000,1.11432,1.1143,2440000,1000000
2019-04-11 14:36:14.992000,1.11431,1.11429,1000000,2060000
2019-04-11 14:36:15.152000,1.11432,1.11429,1870000,2500000
2019-04-11 14:36:16.304000,1.11432,1.1143,3250000,1120000
2019-04-11 14:36:17.160000,1.11432,1.1143,1690000,1120000
2019-04-11 14:36:17.517000,1.1143,1.11429,1250000,1120000
2019-04-11 14:36:17.619000,1.11431,1.11429,1690000,1870000
2019-04-11 14:36:18.170000,1.11432,1.11431,1000000,1250000
2019-04-11 14:36:18.273000,1.11433,1.11431,3190000,1250000
2019-04-11 14:36:22.031000,1.11433,1.1143,2810000,2060000
2019-04-11 14:36:22.171000,1.11433,1.11429,1870000,4570000
2019-04-11 14:36:22.289000,1.11433,1.11429,2060000,4820000
2019-04-11 14:36:24.393000,1.11433,1.1143,2870000,1000000
2019-04-11 14:36:32.629000,1.11433,1.11431,1250000,1250000
2019-04-11 14:36:34.804000,1.11433,1.1143,2440000,2510000
2019-04-11 14:36:34.907000,1.11432,1.11429,1000000,3070000
2019-04-11 14:36:37.743000,1.11433,1.1143,4690000,1390000
2019-04-11 14:36:37.846000,1.11432,1.1143,1000000,1390000
2019-04-11 14:36:40.386000,1.11433,1.1143,2250000,2500000
2019-04-11 14:36:40.805000,1.11432,1.1143,1000000,3640000
2019-04-11 14:36:41.074000,1.11433,1.1143,1500000,3700000
2019-04-11 14:36:41.125000,1.11432,1.1143,1000000,2890000
2019-04-11 14:36:46.089000,1.11433,1.1143,3940000,1010000
2019-04-11 14:36:50.413000,1.11432,1.1143,1000000,1390000
2019-04-11 14:36:52.153000,1.11433,1.1143,1500000,4450000
2019-04-11 14:36:52.255000,1.11432,1.1143,1000000,3640000
2019-04-11 14:36:53.699000,1.11432,1.1143,1000000,3790000
2019-04-11 14:36:54.290000,1.11433,1.1143,1690000,3790000
2019-04-11 14:36:55.493000,1.11433,1.11431,1000000,2950000
2019-04-11 14:36:56.095000,1.11434,1.11431,3190000,3850000
2019-04-11 14:36:57.114000,1.11434,1.11432,2440000,1910000
2019-04-11 14:36:59.288000,1.11434,1.11432,2440000,1760000
2019-04-11 14:37:00.051000,1.11436,1.11434,3750000,2750000
2019-04-11 14:37:00.103000,1.11438,1.11436,1120000,3940000
2019-04-11 14:37:00.239000,1.11438,1.11437,1000000,1250000
2019-04-11 14:37:00.341000,1.11439,1.11437,1250000,6220000
2019-04-11 14:37:00.565000,1.11441,1.11438,3250000,4140000
2019-04-11 14:37:00.668000,1.1144,1.11438,2870000,1000000
2019-04-11 14:37:06.393000,1.1144,1.11437,2870000,1390000
2019-04-11 14:37:09.043000,1.1144,1.11437,2620000,1200000
2019-04-11 14:37:10.260000,1.1144,1.11437,2620000,1970000
2019-04-11 14:37:11.118000,1.1144,1.11437,2620000,1200000
2019-04-11 14:37:11.281000,1.1144,1.11438,1120000,3600000
2019-04-11 14:37:11.335000,1.11441,1.11439,2060000,1000000
2019-04-11 14:37:11.438000,1.11442,1.11439,4370000,1250000
2019-04-11 14:37:11.704000,1.11441,1.11439,1250000,1950000
2019-04-11 14:37:12.327000,1.1144,1.11438,1250000,3820000
2019-04-11 14:37:12.567000,1.1144,1.11437,2870000,1760000
2019-04-11 14:37:16.197000,1.11438,1.11437,1250000,1100000
2019-04-11 14:37:16.300000,1.11436,1.11434,1000000,3720000
2019-04-11 14:37:16.403000,1.11435,1.11433,9000000,1390000
2019-04-11 14:37:16.543000,1.11435,1.11432,3250000,3260000
2019-04-11 14:37:19.677000,1.11433,1.11431,1000000,3070000
2019-04-11 14:37:19.780000,1.11435,1.11432,1690000,1870000
2019-04-11 14:37:19.903000,1.11434,1.11433,1250000,1000000
2019-04-11 14:37:20.006000,1.11434,1.11433,1250000,1000000
2019-04-11 14:37:21.629000,1.11435,1.11433,2440000,1500000
2019-04-11 14:37:22.133000,1.11435,1.11433,1000000,1950000
2019-04-11 14:37:22.236000,1.11435,1.11433,1750000,2320000
2019-04-11 14:37:23.150000,1.11434,1.11432,1250000,1760000
2019-04-11 14:37:23.973000,1.11433,1.11431,1000000,2870000
2019-04-11 14:37:25.964000,1.11432,1.1143,2250000,1310000
2019-04-11 14:37:26.124000,1.11432,1.1143,2370000,1250000
2019-04-11 14:37:26.229000,1.11432,1.1143,1500000,1250000
2019-04-11 14:37:28.594000,1.11433,1.1143,1250000,2810000
2019-04-11 14:37:28.645000,1.11433,1.1143,1000000,4370000
2019-04-11 14:37:28.826000,1.11433,1.1143,1000000,4070000
2019-04-11 14:37:28.928000,1.11433,1.1143,1000000,5220000
2019-04-11 14:37:29.031000,1.11434,1.11431,2810000,2950000
2019-04-11 14:37:29.683000,1.11435,1.11434,1120000,1000000
2019-04-11 14:37:29.785000,1.11436,1.11434,2440000,1120000
2019-04-11 14:37:29.895000,1.11435,1.11434,1000000,1120000
2019-04-11 14:37:30.098000,1.11436,1.11433,2440000,2640000
2019-04-11 14:37:30.251000,1.11435,1.11433,1000000,4890000
2019-04-11 14:37:30.718000,1.11435,1.11433,1250000,2250000
2019-04-11 14:37:31.084000,1.11436,1.11434,2440000,1000000
2019-04-11 14:37:31.242000,1.11437,1.11435,1870000,3250000
2019-04-11 14:37:31.293000,1.11438,1.11435,2140000,2500000
2019-04-11 14:37:32.202000,1.11438,1.11436,1500000,1950000
2019-04-11 14:37:36.372000,1.11439,1.11436,3560000,3700000
2019-04-11 14:37:41.633000,1.11438,1.11435,3940000,4970000
2019-04-11 14:37:41.684000,1.11435,1.11434,1000000,1000000
2019-04-11 14:37:41.735000,1.11435,1.11433,1250000,2020000
2019-04-11 14:37:42.105000,1.11436,1.11434,2440000,1000000
2019-04-11 14:37:42.720000,1.11436,1.11433,2500000,1570000
2019-04-11 14:37:48.513000,1.11434,1.11432,1250000,4160000
2019-04-11 14:37:48.665000,1.11435,1.11433,1250000,2370000
2019-04-11 14:37:48.767000,1.11436,1.11433,4750000,2250000
2019-04-11 14:37:51.783000,1.11436,1.11433,4310000,1390000
2019-04-11 14:37:52.142000,1.11436,1.11434,3370000,1500000
2019-04-11 14:37:52.195000,1.11437,1.11436,1000000,1250000
2019-04-11 14:37:52.246000,1.11438,1.11436,1760000,1250000
2019-04-11 14:37:58.176000,1.11439,1.11436,1250000,4510000
2019-04-11 14:38:02.383000,1.11439,1.11437,1250000,2060000
2019-04-11 14:38:02.485000,1.11439,1.11437,1750000,1870000
2019-04-11 14:38:05.413000,1.11439,1.11436,4370000,2890000
2019-04-11 14:38:06.868000,1.11437,1.11435,1690000,3640000
2019-04-11 14:38:06.971000,1.11438,1.11435,1690000,4450000
2019-04-11 14:38:08.630000,1.11439,1.11436,1750000,4810000
2019-04-11 14:38:08.682000,1.11441,1.11439,2320000,2120000
2019-04-11 14:38:08.785000,1.11441,1.11439,1690000,4700000
2019-04-11 14:38:09.659000,1.11441,1.11439,1690000,3370000
2019-04-11 14:38:11.130000,1.11441,1.11438,3940000,2250000
2019-04-11 14:38:11.233000,1.11439,1.11436,1250000,2890000
2019-04-11 14:38:11.336000,1.11438,1.11436,2500000,1000000
2019-04-11 14:38:11.438000,1.11438,1.11436,2440000,1250000
2019-04-11 14:38:14.778000,1.11438,1.11436,2620000,1250000
2019-04-11 14:38:16.861000,1.11439,1.11436,3190000,2950000
2019-04-11 14:38:19.034000,1.11436,1.11435,1000000,3640000
2019-04-11 14:38:19.165000,1.11438,1.11436,2870000,1000000
2019-04-11 14:38:19.268000,1.11435,1.11433,3100000,1570000
2019-04-11 14:38:19.319000,1.11434,1.11431,1250000,5650000
2019-04-11 14:38:19.642000,1.11433,1.1143,1250000,3640000
2019-04-11 14:38:19.745000,1.11433,1.11431,1000000,1750000
2019-04-11 14:38:19.847000,1.11433,1.11431,1500000,1250000
2019-04-11 14:38:20,1.11433,1.11431,1000000,1370000
2019-04-11 14:38:25.544000,1.11433,1.11431,1250000,1310000
2019-04-11 14:38:25.939000,1.11432,1.1143,1000000,2140000
2019-04-11 14:38:26.250000,1.11432,1.1143,1500000,1250000
2019-04-11 14:38:26.352000,1.11433,1.1143,1870000,3250000
2019-04-11 14:38:26.966000,1.11434,1.11431,2810000,1820000
2019-04-11 14:38:27.170000,1.11434,1.11432,1000000,1350000
2019-04-11 14:38:27.272000,1.11434,1.11431,1690000,7100000
2019-04-11 14:38:27.373000,1.11434,1.11432,1000000,1450000
2019-04-11 14:38:27.478000,1.11434,1.11432,1690000,2140000
2019-04-11 14:38:27.733000,1.11435,1.11433,2870000,1120000
2019-04-11 14:38:27.835000,1.11438,1.11435,4010000,1500000
2019-04-11 14:38:27.886000,1.11438,1.11435,2620000,4000000
2019-04-11 14:38:28.306000,1.11439,1.11436,1250000,2200000
2019-04-11 14:38:36.274000,1.11438,1.11436,1000000,2620000
2019-04-11 14:38:36.384000,1.11435,1.11434,1000000,1100000
2019-04-11 14:38:36.435000,1.11435,1.11433,2120000,1000000
2019-04-11 14:38:36.538000,1.11435,1.11432,2870000,3260000
2019-04-11 14:38:36.742000,1.11435,1.11432,3560000,2310000
2019-04-11 14:38:36.873000,1.11435,1.11433,2060000,1000000
2019-04-11 14:38:37.077000,1.11434,1.11432,1250000,2890000
2019-04-11 14:38:37.179000,1.11435,1.11432,2810000,2140000
2019-04-11 14:38:37.816000,1.11434,1.11432,1250000,1310000
2019-04-11 14:38:38.021000,1.11434,1.1143,1500000,4590000
2019-04-11 14:38:38.139000,1.11434,1.11431,3000000,2120000
2019-04-11 14:38:38.293000,1.11433,1.11431,1000000,1310000
2019-04-11 14:38:38.396000,1.11431,1.1143,1000000,1100000
2019-04-11 14:38:38.499000,1.11432,1.11429,1690000,2640000
2019-04-11 14:38:39.798000,1.11432,1.11429,1690000,3640000
2019-04-11 14:38:40.205000,1.11432,1.11429,1690000,3140000
2019-04-11 14:38:41.283000,1.11432,1.11429,2440000,2890000
2019-04-11 14:38:42.628000,1.11432,1.1143,2440000,1000000
2019-04-11 14:38:45.522000,1.11432,1.11431,1000000,1500000
2019-04-11 14:38:45.574000,1.11434,1.11431,3260000,2500000
2019-04-11 14:38:48.960000,1.11433,1.11431,1000000,1250000
2019-04-11 14:38:49.062000,1.11432,1.1143,1000000,2510000
2019-04-11 14:38:50.387000,1.11431,1.11429,1690000,1500000
2019-04-11 14:38:52.298000,1.11431,1.11428,1690000,4310000
2019-04-11 14:38:52.936000,1.11431,1.11429,1000000,1690000
2019-04-11 14:38:53.059000,1.11432,1.1143,2510000,1000000
2019-04-11 14:38:53.646000,1.11432,1.11429,2440000,1690000
2019-04-11 14:38:53.786000,1.11431,1.11429,1500000,1000000
2019-04-11 14:38:53.839000,1.11429,1.11427,1750000,1100000
2019-04-11 14:38:53.892000,1.11429,1.11426,2500000,2060000
2019-04-11 14:39:01.453000,1.1143,1.11428,2700000,1500000
2019-04-11 14:39:01.556000,1.11431,1.11428,1000000,7760000
2019-04-11 14:39:01.761000,1.11432,1.11428,1690000,8140000
2019-04-11 14:39:02.234000,1.11432,1.1143,1690000,1000000
2019-04-11 14:39:04.264000,1.11432,1.11429,1760000,2440000
2019-04-11 14:39:05.964000,1.11429,1.11428,1000000,3940000
2019-04-11 14:39:06.112000,1.11429,1.11427,1690000,1250000
2019-04-11 14:39:06.419000,1.1143,1.11428,2880000,1000000
2019-04-11 14:39:06.576000,1.11431,1.11428,2950000,2440000
2019-04-11 14:39:06.783000,1.11431,1.11429,1000000,1250000
2019-04-11 14:39:06.885000,1.11432,1.11429,1310000,1250000
2019-04-11 14:39:07.816000,1.11431,1.11428,1250000,3940000
2019-04-11 14:39:07.918000,1.11431,1.11429,1000000,1690000
2019-04-11 14:39:08.122000,1.11432,1.11429,1310000,1690000
2019-04-11 14:39:08.658000,1.11431,1.11428,1690000,6190000
2019-04-11 14:39:08.891000,1.11429,1.11427,2500000,1000000
2019-04-11 14:39:08.994000,1.11429,1.11426,4000000,2060000
2019-04-11 14:39:10.203000,1.11429,1.11427,2500000,1000000
2019-04-11 14:39:10.327000,1.11429,1.11428,1000000,1000000
2019-04-11 14:39:10.429000,1.1143,1.11428,1000000,4500000
2019-04-11 14:39:12.331000,1.11429,1.11428,1250000,1000000
2019-04-11 14:39:12.434000,1.11429,1.11427,1750000,1120000
2019-04-11 14:39:13.397000,1.11429,1.11426,4000000,2060000
2019-04-11 14:39:13.707000,1.11427,1.11424,1500000,1250000
2019-04-11 14:39:14.618000,1.11426,1.11424,1000000,1750000
2019-04-11 14:39:16.929000,1.11427,1.11424,2250000,1250000
2019-04-11 14:39:18.136000,1.11426,1.11424,1000000,1750000
2019-04-11 14:39:18.540000,1.11427,1.11424,2250000,1750000
2019-04-11 14:39:18.690000,1.11426,1.11424,1000000,1750000
2019-04-11 14:39:20.289000,1.11427,1.11424,1000000,2500000
2019-04-11 14:39:26.705000,1.11428,1.11424,4010000,1750000
2019-04-11 14:39:26.858000,1.11427,1.11424,1000000,1750000
2019-04-11 14:39:27.965000,1.11427,1.11426,1000000,1250000
2019-04-11 14:39:28.068000,1.11428,1.11426,1250000,1690000
2019-04-11 14:39:29.863000,1.11429,1.11427,1690000,1690000
2019-04-11 14:39:29.966000,1.11429,1.11428,1250000,1000000
2019-04-11 14:39:30.068000,1.1143,1.11428,1750000,2250000
2019-04-11 14:39:30.187000,1.11429,1.11427,1250000,3370000
2019-04-11 14:39:30.293000,1.11429,1.11427,1000000,2120000
2019-04-11 14:39:30.885000,1.11429,1.11427,1690000,2060000
2019-04-11 14:39:32.437000,1.1143,1.11428,1690000,1250000
2019-04-11 14:39:32.821000,1.11432,1.11428,3580000,5120000
2019-04-11 14:39:32.924000,1.11432,1.1143,1870000,1000000
2019-04-11 14:39:33.063000,1.11432,1.11429,1870000,2810000
2019-04-11 14:39:33.320000,1.11433,1.11431,3190000,1250000
2019-04-11 14:39:33.423000,1.11433,1.11431,1000000,1250000
2019-04-11 14:39:34.160000,1.11433,1.11431,1000000,1250000
2019-04-11 14:39:34.416000,1.11433,1.11431,1000000,1250000
2019-04-11 14:39:34.569000,1.11433,1.11431,1000000,1250000
2019-04-11 14:39:35.062000,1.11433,1.11431,1000000,1250000
2019-04-11 14:39:35.165000,1.11433,1.11431,1000000,1250000
2019-04-11 14:39:35.268000,1.11435,1.11431,2320000,4000000
2019-04-11 14:39:35.371000,1.11434,1.11432,1000000,1750000
2019-04-11 14:39:35.509000,1.11435,1.11432,3250000,1690000
2019-04-11 14:39:35.611000,1.11435,1.11433,2440000,1250000
2019-04-11 14:39:35.867000,1.11435,1.11432,2500000,1690000
2019-04-11 14:39:36.102000,1.11435,1.11432,1500000,1690000
2019-04-11 14:39:36.219000,1.11435,1.11432,2500000,1690000
2019-04-11 14:39:36.869000,1.11435,1.11432,1690000,2500000
2019-04-11 14:39:37.099000,1.11435,1.11432,2500000,1690000
2019-04-11 14:39:37.733000,1.11435,1.11432,1500000,1690000
2019-04-11 14:39:37.836000,1.11435,1.11432,1690000,4000000
2019-04-11 14:39:37.938000,1.11435,1.11432,2500000,2440000
2019-04-11 14:39:38.143000,1.11435,1.11432,1690000,3250000
2019-04-11 14:39:38.297000,1.11435,1.11432,2500000,3190000
2019-04-11 14:39:38.399000,1.11435,1.11432,1690000,4000000
2019-04-11 14:39:38.561000,1.11435,1.11432,2500000,3190000
2019-04-11 14:39:39.177000,1.11435,1.11432,1500000,3190000
2019-04-11 14:39:39.327000,1.11435,1.11432,1690000,4000000
2019-04-11 14:39:39.591000,1.11435,1.11432,1690000,3000000
2019-04-11 14:39:39.909000,1.11435,1.11432,1690000,4000000
2019-04-11 14:39:40.191000,1.11435,1.11432,2500000,3190000
2019-04-11 14:39:40.395000,1.11435,1.11433,1690000,1250000
2019-04-11 14:39:40.547000,1.11435,1.11433,1000000,2500000
2019-04-11 14:39:40.637000,1.11438,1.11435,2470000,2870000
2019-04-11 14:39:40.688000,1.11439,1.11436,2440000,2870000
2019-04-11 14:39:40.739000,1.11438,1.11435,1250000,13050000
2019-04-11 14:39:40.841000,1.11438,1.11436,3370000,1250000
2019-04-11 14:39:41.163000,1.11439,1.11436,1950000,2120000
2019-04-11 14:39:41.265000,1.11439,1.11436,2560000,3250000
2019-04-11 14:39:41.368000,1.11439,1.11436,1100000,4370000
2019-04-11 14:39:43.479000,1.11439,1.11437,1000000,1750000
2019-04-11 14:39:43.585000,1.1144,1.11437,3250000,1250000
2019-04-11 14:39:43.939000,1.1144,1.11437,3000000,1750000
2019-04-11 14:39:44.041000,1.1144,1.11437,2120000,1690000
2019-04-11 14:39:45.291000,1.1144,1.11437,2060000,1250000
2019-04-11 14:39:45.597000,1.1144,1.11437,2500000,1250000
2019-04-11 14:39:50.377000,1.11438,1.11436,1000000,2870000
2019-04-11 14:39:50.479000,1.11437,1.11436,1000000,1120000
2019-04-11 14:39:50.581000,1.11436,1.11433,1870000,4600000
2019-04-11 14:39:51.223000,1.11436,1.11434,1000000,1750000
2019-04-11 14:39:51.478000,1.11436,1.11433,1690000,3190000
2019-04-11 14:39:51.581000,1.11435,1.11433,1250000,2620000
2019-04-11 14:39:55.046000,1.11436,1.11433,2250000,3620000
2019-04-11 14:39:55.565000,1.11436,1.11433,1690000,3560000
2019-04-11 14:39:56.512000,1.11435,1.11433,1000000,2810000
2019-04-11 14:39:57.395000,1.11435,1.11433,1000000,2870000
2019-04-11 14:39:57.620000,1.11437,1.11435,1000000,5060000
2019-04-11 14:39:57.672000,1.11438,1.11436,1000000,3450000
2019-04-11 14:39:58.330000,1.11439,1.11436,1250000,4570000
2019-04-11 14:39:58.605000,1.11439,1.11437,1000000,5200000
2019-04-11 14:39:58.707000,1.11439,1.11437,1000000,4390000
2019-04-11 14:39:58.860000,1.11439,1.11437,1000000,5200000
2019-04-11 14:39:58.961000,1.11439,1.11437,1250000,4390000
2019-04-11 14:39:59.460000,1.11439,1.11437,1000000,5200000
2019-04-11 14:39:59.562000,1.11439,1.11437,1250000,4390000
2019-04-11 14:40:00.067000,1.1144,1.11438,1500000,1250000
2019-04-11 14:40:01.237000,1.1144,1.11438,1000000,2870000
2019-04-11 14:40:06.001000,1.1144,1.11438,1000000,2060000
2019-04-11 14:40:10.295000,1.1144,1.11439,1000000,1000000
2019-04-11 14:40:11.581000,1.1144,1.11438,1000000,2810000
2019-04-11 14:40:11.683000,1.1144,1.11438,1250000,1120000
2019-04-11 14:40:11.784000,1.1144,1.11438,1310000,1310000
2019-04-11 14:40:11.886000,1.1144,1.11438,1250000,1120000
2019-04-11 14:40:15.068000,1.1144,1.11438,1690000,1120000
2019-04-11 14:40:15.386000,1.1144,1.11438,1750000,1120000
2019-04-11 14:40:15.539000,1.1144,1.11438,1000000,1120000
2019-04-11 14:40:18.046000,1.11441,1.11439,1250000,1000000
2019-04-11 14:40:18.148000,1.11441,1.11438,1250000,2890000
2019-04-11 14:40:23.299000,1.11441,1.11439,1250000,1500000
2019-04-11 14:40:23.509000,1.11443,1.11441,2250000,2120000
2019-04-11 14:40:23.783000,1.11444,1.11442,1000000,1750000
2019-04-11 14:40:24.190000,1.11445,1.11443,1250000,1250000
2019-04-11 14:40:24.452000,1.11445,1.11443,1000000,2620000
2019-04-11 14:40:24.587000,1.11445,1.11443,1250000,2250000
2019-04-11 14:40:24.842000,1.11445,1.11443,1000000,2620000
2019-04-11 14:40:24.944000,1.11445,1.11443,1250000,1500000
2019-04-11 14:40:25.134000,1.11445,1.11443,1000000,3000000
2019-04-11 14:40:25.287000,1.11445,1.11443,1250000,1500000
2019-04-11 14:40:25.389000,1.11445,1.11443,1000000,3000000
2019-04-11 14:40:25.491000,1.11445,1.11443,1250000,1870000
2019-04-11 14:40:25.888000,1.11445,1.11443,1250000,1500000
2019-04-11 14:40:31.543000,1.11444,1.11442,1250000,2440000
2019-04-11 14:40:31.645000,1.11442,1.11441,1000000,1390000
2019-04-11 14:40:31.747000,1.11443,1.1144,4870000,3320000
2019-04-11 14:40:31.877000,1.11443,1.11441,1500000,1750000
2019-04-11 14:40:31.980000,1.11443,1.11441,1000000,1250000
2019-04-11 14:40:32.082000,1.11444,1.11442,2250000,1250000
2019-04-11 14:40:32.286000,1.11443,1.11441,1000000,4000000
2019-04-11 14:40:32.400000,1.11443,1.11441,1000000,2060000
2019-04-11 14:40:32.707000,1.11441,1.11439,1000000,4140000
2019-04-11 14:40:32.816000,1.11441,1.11439,1000000,1250000
2019-04-11 14:40:34.344000,1.11442,1.1144,1000000,3250000
2019-04-11 14:40:34.448000,1.11441,1.11439,1000000,1010000
2019-04-11 14:40:35.824000,1.11443,1.11441,3070000,1250000
2019-04-11 14:40:35.968000,1.11443,1.1144,2250000,3250000
2019-04-11 14:40:36.121000,1.11442,1.1144,1000000,2500000
2019-04-11 14:40:37.178000,1.11443,1.11441,1000000,2500000
2019-04-11 14:40:37.290000,1.11443,1.11441,1000000,3560000
2019-04-11 14:40:40.593000,1.11443,1.11442,1000000,1000000
2019-04-11 14:40:40.893000,1.11443,1.11441,1000000,4760000
2019-04-11 14:40:41.807000,1.11444,1.11442,1000000,1000000
2019-04-11 14:40:45.719000,1.11445,1.11443,1500000,1250000
2019-04-11 14:40:45.805000,1.11444,1.11442,1250000,3640000
2019-04-11 14:40:48.139000,1.11445,1.11443,3000000,1250000
2019-04-11 14:40:48.190000,1.11444,1.11442,1250000,2810000
2019-04-11 14:40:51.345000,1.11446,1.11444,1120000,2620000
2019-04-11 14:40:51.447000,1.11447,1.11444,3750000,3250000
2019-04-11 14:40:52.543000,1.11446,1.11444,1000000,3620000
2019-04-11 14:40:53.120000,1.11447,1.11444,2250000,3620000
2019-04-11 14:40:53.558000,1.11448,1.11445,3190000,2870000
2019-04-11 14:40:53.660000,1.11448,1.11445,1750000,2060000
2019-04-11 14:40:54.170000,1.11449,1.11447,3070000,1750000
2019-04-11 14:40:54.222000,1.11451,1.11449,5140000,1810000
2019-04-11 14:40:54.375000,1.11453,1.11451,1250000,1000000
2019-04-11 14:40:54.486000,1.11454,1.11451,5570000,3690000
2019-04-11 14:40:54.589000,1.11451,1.11449,1000000,2940000
2019-04-11 14:40:54.691000,1.11451,1.11449,2250000,2060000
2019-04-11 14:40:55.156000,1.11452,1.11449,1500000,2060000
2019-04-11 14:40:56.108000,1.11451,1.11449,1000000,1310000
2019-04-11 14:40:58.980000,1.11451,1.11449,1250000,2560000
2019-04-11 14:40:59.158000,1.11451,1.11449,1250000,1690000
2019-04-11 14:41:00.177000,1.1145,1.11448,1250000,2810000
2019-04-11 14:41:00.381000,1.1145,1.11448,1000000,2120000
2019-04-11 14:41:00.528000,1.11451,1.11449,1000000,1000000
2019-04-11 14:41:00.630000,1.11451,1.11448,1000000,2060000
2019-04-11 14:41:00.733000,1.11449,1.11447,1250000,3560000
2019-04-11 14:41:00.868000,1.11448,1.11445,2250000,2870000
2019-04-11 14:41:00.970000,1.11447,1.11445,2620000,1750000
2019-04-11 14:41:01.123000,1.11447,1.11443,3640000,3250000
2019-04-11 14:41:01.242000,1.11447,1.11443,2700000,2440000
2019-04-11 14:41:01.361000,1.11447,1.11443,3700000,2810000
2019-04-11 14:41:03.992000,1.11446,1.11444,1250000,1000000
2019-04-11 14:41:08.699000,1.11445,1.11443,1000000,2510000
2019-04-11 14:41:08.851000,1.11444,1.11443,1250000,1500000
2019-04-11 14:41:09.105000,1.11445,1.11443,1250000,1500000
2019-04-11 14:41:10.466000,1.11446,1.11445,1250000,1000000
2019-04-11 14:41:10.621000,1.11447,1.11445,1000000,1870000
2019-04-11 14:41:10.723000,1.11447,1.11445,1750000,1500000
2019-04-11 14:41:11.241000,1.11447,1.11445,1250000,1690000
2019-04-11 14:41:11.386000,1.11447,1.11445,1750000,1500000
2019-04-11 14:41:11.937000,1.11448,1.11445,2440000,1870000
2019-04-11 14:41:11.989000,1.11446,1.11445,1250000,2620000
2019-04-11 14:41:12.232000,1.11448,1.11445,3250000,2620000
2019-04-11 14:41:12.335000,1.11447,1.11446,1250000,1000000
2019-04-11 14:41:12.437000,1.11446,1.11445,1250000,2620000
2019-04-11 14:41:12.862000,1.11447,1.11445,1250000,1870000
2019-04-11 14:41:12.965000,1.11446,1.11445,1250000,2620000
2019-04-11 14:41:13.067000,1.11447,1.11445,1690000,2620000
2019-04-11 14:41:15.187000,1.11447,1.11444,2440000,1390000
2019-04-11 14:41:15.769000,1.11446,1.11444,1250000,1200000
2019-04-11 14:41:17.935000,1.11447,1.11445,1000000,1250000
2019-04-11 14:41:18.038000,1.11449,1.11447,1100000,2500000
2019-04-11 14:41:18.173000,1.11447,1.11445,1690000,1120000
2019-04-11 14:41:20.293000,1.11447,1.11445,1000000,1370000
2019-04-11 14:41:20.430000,1.11449,1.11446,2700000,4000000
2019-04-11 14:41:20.532000,1.11449,1.11446,1000000,5620000
2019-04-11 14:41:21.610000,1.1145,1.11447,1690000,3370000
2019-04-11 14:41:22.903000,1.11449,1.11447,1250000,3000000
2019-04-11 14:41:23.055000,1.11449,1.11447,1000000,1370000
2019-04-11 14:41:23.832000,1.1145,1.11447,3190000,2200000
2019-04-11 14:41:24.655000,1.11449,1.11447,1000000,1370000
2019-04-11 14:41:24.860000,1.11448,1.11447,2440000,1000000
2019-04-11 14:41:24.942000,1.11447,1.11446,1690000,1100000
2019-04-11 14:41:25.044000,1.11449,1.11447,3190000,1250000
2019-04-11 14:41:25.349000,1.11449,1.11447,3190000,1250000
2019-04-11 14:41:25.557000,1.11449,1.11447,1000000,1250000
2019-04-11 14:41:25.812000,1.11448,1.11446,1000000,1950000
2019-04-11 14:41:26.086000,1.11448,1.11447,1000000,1000000
2019-04-11 14:41:26.188000,1.11449,1.11447,2440000,1000000
2019-04-11 14:41:27.147000,1.1145,1.11447,2440000,1370000
2019-04-11 14:41:27.249000,1.11449,1.11447,1250000,1310000
2019-04-11 14:41:27.452000,1.1145,1.11447,2440000,1370000
2019-04-11 14:41:27.555000,1.11451,1.11449,1000000,1000000
2019-04-11 14:41:28.181000,1.11451,1.11449,1000000,2370000
2019-04-11 14:41:28.470000,1.11452,1.1145,1500000,1120000
2019-04-11 14:41:28.878000,1.11454,1.11451,3070000,3370000
2019-04-11 14:41:28.998000,1.11453,1.1145,1690000,2140000
2019-04-11 14:41:29.101000,1.11453,1.11451,1250000,1250000
2019-04-11 14:41:29.315000,1.11454,1.11452,1750000,1000000
2019-04-11 14:41:30.319000,1.11455,1.11453,2250000,1250000
2019-04-11 14:41:30.422000,1.11454,1.11452,1250000,3820000
2019-04-11 14:41:30.944000,1.11455,1.11453,1000000,1250000
2019-04-11 14:41:31.299000,1.11455,1.11453,1250000,1000000
2019-04-11 14:41:31.459000,1.11456,1.11454,1570000,1310000
2019-04-11 14:41:31.765000,1.11457,1.11454,1250000,2060000
2019-04-11 14:41:31.909000,1.11457,1.11454,1000000,3750000
2019-04-11 14:41:37.553000,1.11457,1.11455,1000000,1250000
2019-04-11 14:41:41.388000,1.11458,1.11455,1870000,2500000
2019-04-11 14:41:41.974000,1.11458,1.11456,1000000,1370000
2019-04-11 14:41:42.076000,1.11458,1.11455,1000000,5120000
2019-04-11 14:41:42.797000,1.11459,1.11456,1310000,3250000
2019-04-11 14:41:44.524000,1.1146,1.11456,2640000,2440000
2019-04-11 14:41:45.197000,1.11459,1.11457,1690000,1000000
2019-04-11 14:41:47.962000,1.11459,1.11457,2870000,1000000
2019-04-11 14:41:48.267000,1.11459,1.11457,2060000,1000000
2019-04-11 14:41:48.466000,1.11459,1.11457,2870000,1000000
2019-04-11 14:41:48.568000,1.11459,1.11457,3190000,1250000
2019-04-11 14:41:50.711000,1.11458,1.11457,1250000,1000000
2019-04-11 14:41:51.563000,1.11459,1.11455,3250000,7910000
2019-04-11 14:41:52.332000,1.11457,1.11455,1370000,2250000
2019-04-11 14:41:52.434000,1.11457,1.11455,1000000,1570000
2019-04-11 14:41:53.922000,1.11457,1.11455,1250000,1570000
2019-04-11 14:41:54.024000,1.11457,1.11455,1000000,1760000
2019-04-11 14:41:59.491000,1.11456,1.11454,1000000,1370000
2019-04-11 14:41:59.977000,1.11457,1.11454,1000000,1370000
2019-04-11 14:42:02.153000,1.11456,1.11453,2500000,2560000
2019-04-11 14:42:02.256000,1.11456,1.11454,2440000,1000000
2019-04-11 14:42:03.158000,1.11456,1.11453,1690000,2440000
2019-04-11 14:42:03.260000,1.11456,1.11453,1740000,1690000
2019-04-11 14:42:03.362000,1.11456,1.11453,1550000,1750000
2019-04-11 14:42:03.697000,1.11456,1.11453,1740000,1690000
2019-04-11 14:42:03.799000,1.11456,1.11453,1550000,1750000
2019-04-11 14:42:04.002000,1.11456,1.11453,1740000,1690000
2019-04-11 14:42:04.277000,1.11453,1.11451,1000000,4910000
2019-04-11 14:42:04.380000,1.11453,1.1145,1000000,1370000
2019-04-11 14:42:04.585000,1.11452,1.1145,1000000,1370000
2019-04-11 14:42:04.795000,1.11452,1.1145,1000000,1250000
2019-04-11 14:42:11.149000,1.11453,1.1145,1000000,3250000
2019-04-11 14:42:11.292000,1.11454,1.11451,2810000,1750000
2019-04-11 14:42:12.737000,1.11453,1.11451,1000000,3940000
2019-04-11 14:42:14.831000,1.11453,1.11451,1120000,1250000
2019-04-11 14:42:14.974000,1.11453,1.11451,1500000,1000000
2019-04-11 14:42:16.561000,1.11452,1.1145,1250000,1500000
2019-04-11 14:42:17.043000,1.11452,1.11449,2060000,1250000
2019-04-11 14:42:20.407000,1.11452,1.1145,1310000,1000000
2019-04-11 14:42:23.772000,1.11453,1.1145,1000000,4000000
2019-04-11 14:42:23.990000,1.11454,1.11452,1690000,1250000
2019-04-11 14:42:24.096000,1.11455,1.11452,3220000,1820000
2019-04-11 14:42:24.199000,1.11454,1.11452,1250000,1690000
2019-04-11 14:42:24.448000,1.11455,1.11453,3410000,1250000
2019-04-11 14:42:24.499000,1.11456,1.11452,4990000,1690000
2019-04-11 14:42:24.550000,1.11456,1.11453,2360000,1750000
2019-04-11 14:42:24.678000,1.11456,1.11453,1620000,1750000
2019-04-11 14:42:24.729000,1.11456,1.11453,1870000,1000000
2019-04-11 14:42:24.832000,1.11456,1.11453,1540000,1750000
2019-04-11 14:42:24.993000,1.11454,1.11452,1250000,4390000
2019-04-11 14:42:25.300000,1.11453,1.11451,1000000,2500000
2019-04-11 14:42:26.504000,1.11453,1.11451,1000000,1250000
2019-04-11 14:42:27.360000,1.11453,1.11451,1000000,1250000
2019-04-11 14:42:30.617000,1.11453,1.11451,1250000,1000000
2019-04-11 14:42:30.751000,1.11453,1.1145,2060000,1250000
2019-04-11 14:42:31.293000,1.11452,1.1145,1250000,1000000
2019-04-11 14:42:31.718000,1.11451,1.11448,1500000,2700000
2019-04-11 14:42:31.958000,1.1145,1.11448,1500000,1000000
2019-04-11 14:42:32.339000,1.11449,1.11447,1000000,1250000
2019-04-11 14:42:32.394000,1.11447,1.11445,1000000,1390000
2019-04-11 14:42:32.650000,1.11447,1.11445,1000000,1250000
2019-04-11 14:42:32.763000,1.11447,1.11445,1500000,1000000
2019-04-11 14:42:32.967000,1.11447,1.11444,2250000,1010000
2019-04-11 14:42:33.359000,1.11447,1.11445,2810000,1000000
2019-04-11 14:42:33.613000,1.11447,1.11444,2810000,2440000
2019-04-11 14:42:33.716000,1.11446,1.11444,1250000,1500000
2019-04-11 14:42:34.620000,1.11447,1.11444,3940000,1690000
2019-04-11 14:42:38.137000,1.11446,1.11444,1000000,1690000
2019-04-11 14:42:39.597000,1.11446,1.11443,2620000,1870000
2019-04-11 14:42:39.753000,1.11445,1.11443,1370000,1500000
2019-04-11 14:42:39.855000,1.11445,1.11443,1120000,1690000
2019-04-11 14:42:40.026000,1.11445,1.11443,2120000,1500000
2019-04-11 14:42:40.295000,1.11445,1.11442,2120000,1690000
2019-04-11 14:42:44.166000,1.11443,1.11442,11470000,1500000
2019-04-11 14:42:44.268000,1.11444,1.11441,3750000,1750000
2019-04-11 14:42:44.376000,1.11444,1.11442,3570000,1250000
2019-04-11 14:42:44.478000,1.11444,1.11441,1870000,4000000
2019-04-11 14:42:44.580000,1.11443,1.11441,1000000,3250000
2019-04-11 14:42:44.841000,1.11444,1.11441,1870000,4000000
2019-04-11 14:42:52.205000,1.11445,1.11443,2440000,1690000
2019-04-11 14:42:57.047000,1.11446,1.11445,1570000,3190000
2019-04-11 14:42:57.099000,1.1145,1.11449,1100000,1000000
2019-04-11 14:42:57.202000,1.11449,1.11448,1000000,1250000
2019-04-11 14:42:57.304000,1.11448,1.11447,2810000,1000000
2019-04-11 14:42:57.406000,1.11447,1.11446,1000000,1310000
2019-04-11 14:42:57.616000,1.11448,1.11446,2620000,1250000
2019-04-11 14:42:57.718000,1.11449,1.11448,1100000,1250000
2019-04-11 14:42:57.871000,1.1145,1.11448,3750000,1250000
2019-04-11 14:42:57.973000,1.1145,1.11448,1870000,1250000
2019-04-11 14:42:59.535000,1.11449,1.11447,1250000,2440000
2019-04-11 14:43:00.441000,1.1145,1.11448,4200000,1250000
2019-04-11 14:43:00.544000,1.11449,1.11447,1250000,1690000
2019-04-11 14:43:00.884000,1.1145,1.11447,1870000,3250000
2019-04-11 14:43:00.986000,1.11452,1.1145,1620000,2440000
2019-04-11 14:43:01.089000,1.11452,1.11451,1120000,1250000
2019-04-11 14:43:01.249000,1.11453,1.11451,3000000,1250000
2019-04-11 14:43:02.270000,1.11454,1.11451,3190000,1250000
2019-04-11 14:43:04.467000,1.11456,1.11454,3750000,1750000
2019-04-11 14:43:04.593000,1.11458,1.11457,1000000,1250000
2019-04-11 14:43:04.906000,1.11459,1.11457,2810000,2440000
2019-04-11 14:43:05.839000,1.11459,1.11457,1120000,1250000
2019-04-11 14:43:05.942000,1.11459,1.11457,2060000,1010000
2019-04-11 14:43:06.051000,1.11459,1.11457,1120000,1350000
2019-04-11 14:43:06.153000,1.11459,1.11457,1120000,1100000
2019-04-11 14:43:06.255000,1.11459,1.11457,1120000,1350000
2019-04-11 14:43:06.358000,1.11459,1.11457,2060000,1010000
2019-04-11 14:43:06.464000,1.11459,1.11457,1120000,1820000
2019-04-11 14:43:06.617000,1.11461,1.11459,4120000,1250000
2019-04-11 14:43:06.720000,1.11461,1.1146,1000000,1310000
2019-04-11 14:43:06.830000,1.11462,1.11461,1250000,1000000
2019-04-11 14:43:06.882000,1.11464,1.11462,1750000,1120000
2019-04-11 14:43:07.287000,1.11465,1.11463,2810000,1250000
2019-04-11 14:43:07.390000,1.11466,1.11464,1690000,2250000
2019-04-11 14:43:07.616000,1.11467,1.11464,3190000,3640000
2019-04-11 14:43:07.719000,1.11467,1.11464,3620000,3820000
2019-04-11 14:43:08.130000,1.11465,1.11463,1250000,1200000
2019-04-11 14:43:08.232000,1.11464,1.11463,1250000,1120000
2019-04-11 14:43:09.271000,1.11464,1.11462,1690000,1010000
2019-04-11 14:43:09.762000,1.11462,1.11461,4500000,1100000
2019-04-11 14:43:09.865000,1.11462,1.1146,5560000,1000000
2019-04-11 14:43:09.986000,1.11463,1.1146,4870000,1000000
2019-04-11 14:43:10.827000,1.1146,1.11458,1250000,1100000
2019-04-11 14:43:10.929000,1.1146,1.11458,1250000,1100000
2019-04-11 14:43:11.651000,1.11459,1.11457,1810000,2510000
2019-04-11 14:43:11.867000,1.11459,1.11456,2810000,3320000
2019-04-11 14:43:18.058000,1.1146,1.11456,3310000,4850000
2019-04-11 14:43:18.161000,1.11459,1.11457,1250000,1010000
2019-04-11 14:43:18.314000,1.1146,1.11457,3560000,1350000
2019-04-11 14:43:18.692000,1.11459,1.11457,1250000,1010000
2019-04-11 14:43:19.510000,1.11459,1.11457,1250000,1100000
2019-04-11 14:43:20.256000,1.1146,1.11457,5500000,1250000
2019-04-11 14:43:20.420000,1.11458,1.11457,1250000,1000000
2019-04-11 14:43:20.623000,1.1146,1.11458,4000000,1000000
2019-04-11 14:43:20.770000,1.1146,1.11457,4000000,5890000
2019-04-11 14:43:24.358000,1.11458,1.11456,1000000,1250000
2019-04-11 14:43:25.481000,1.11454,1.11452,1310000,4060000
2019-04-11 14:43:25.584000,1.11455,1.11453,2250000,3320000
2019-04-11 14:43:25.686000,1.11457,1.11454,3620000,1250000
2019-04-11 14:43:25.789000,1.11457,1.11454,2810000,1000000
2019-04-11 14:43:25.937000,1.11456,1.11453,1000000,3820000
2019-04-11 14:43:26.039000,1.11457,1.11454,1310000,1690000
2019-04-11 14:43:26.361000,1.11457,1.11455,1250000,1000000
2019-04-11 14:43:26.463000,1.11458,1.11456,1690000,2440000
2019-04-11 14:43:26.620000,1.11458,1.11457,1250000,1000000
2019-04-11 14:43:27.205000,1.11459,1.11457,1690000,1690000
2019-04-11 14:43:27.897000,1.11459,1.11457,1000000,1820000
2019-04-11 14:43:28.032000,1.11459,1.11457,1690000,1760000
2019-04-11 14:43:30.079000,1.11458,1.11456,1000000,1010000
2019-04-11 14:43:33.200000,1.11458,1.11457,1000000,2060000
2019-04-11 14:43:33.317000,1.11459,1.11458,1000000,1250000
2019-04-11 14:43:33.368000,1.11461,1.11458,3250000,1200000
2019-04-11 14:43:34.445000,1.11461,1.11458,4750000,1000000
2019-04-11 14:43:34.547000,1.11461,1.11458,5870000,1570000
2019-04-11 14:43:34.650000,1.11461,1.11458,6250000,1000000
2019-04-11 14:43:35.412000,1.11461,1.11457,6620000,4010000
2019-04-11 14:43:36.054000,1.1146,1.11458,1250000,1000000
2019-04-11 14:43:37.333000,1.1146,1.11458,1000000,1690000
2019-04-11 14:43:37.478000,1.11463,1.11461,1500000,1250000
2019-04-11 14:43:37.581000,1.11463,1.11461,1000000,1250000
2019-04-11 14:43:37.785000,1.11462,1.11459,1000000,8600000
2019-04-11 14:43:38.057000,1.11463,1.1146,2250000,1350000
2019-04-11 14:43:39.372000,1.11464,1.11461,3190000,1250000
2019-04-11 14:43:41.054000,1.11463,1.1146,1000000,2570000
2019-04-11 14:43:41.868000,1.11462,1.1146,2120000,1950000
2019-04-11 14:43:41.971000,1.11461,1.11459,1250000,1570000
2019-04-11 14:43:42.124000,1.1146,1.11457,3250000,3640000
2019-04-11 14:43:43.755000,1.11458,1.11457,1000000,1760000
2019-04-11 14:43:44.785000,1.11457,1.11456,1000000,1250000
2019-04-11 14:43:49.158000,1.11458,1.11456,1000000,1250000
2019-04-11 14:43:52.997000,1.11457,1.11455,1000000,2140000
2019-04-11 14:43:53.180000,1.11456,1.11454,1690000,1250000
2019-04-11 14:43:54.180000,1.11457,1.11455,2120000,1000000
2019-04-11 14:43:56.320000,1.11454,1.11452,1050000,2250000
2019-04-11 14:43:56.424000,1.11455,1.11453,3250000,1000000
2019-04-11 14:43:56.527000,1.11454,1.11451,1000000,8510000
2019-04-11 14:43:57.057000,1.11455,1.11453,1870000,1250000
2019-04-11 14:43:57.716000,1.11456,1.11453,2060000,1690000
2019-04-11 14:43:57.827000,1.11456,1.11454,1120000,1250000
2019-04-11 14:43:58.156000,1.11456,1.11453,2060000,2440000
2019-04-11 14:43:58.259000,1.11456,1.11454,2620000,1250000
2019-04-11 14:43:58.726000,1.11455,1.11452,4000000,2720000
2019-04-11 14:43:58.834000,1.11454,1.11452,1500000,1690000
2019-04-11 14:43:58.936000,1.11454,1.11452,2250000,1250000
2019-04-11 14:43:59.140000,1.11455,1.11452,1120000,2570000
2019-04-11 14:43:59.242000,1.11457,1.11454,2810000,1250000
2019-04-11 14:43:59.354000,1.11457,1.11455,2810000,1000000
2019-04-11 14:44:00.897000,1.11455,1.11453,1120000,2140000
2019-04-11 14:44:01,1.11455,1.11453,1310000,1000000
2019-04-11 14:44:01.168000,1.11456,1.11454,2870000,1000000
2019-04-11 14:44:01.270000,1.11456,1.11454,2810000,1000000
2019-04-11 14:44:01.673000,1.11457,1.11454,1310000,1250000
2019-04-11 14:44:02.875000,1.11457,1.11455,1870000,1000000
2019-04-11 14:44:05.256000,1.11455,1.11453,1250000,4570000
2019-04-11 14:44:05.373000,1.11454,1.11452,1250000,3820000
2019-04-11 14:44:05.424000,1.11456,1.11453,1690000,1690000
2019-04-11 14:44:05.925000,1.11455,1.11452,1500000,4450000
2019-04-11 14:44:06.027000,1.11456,1.11454,2250000,1250000
2019-04-11 14:44:06.997000,1.11454,1.11452,1250000,6070000
2019-04-11 14:44:07.114000,1.11454,1.11453,1000000,1250000
2019-04-11 14:44:07.216000,1.11455,1.11453,1000000,2810000
2019-04-11 14:44:07.420000,1.11454,1.11452,2500000,2320000
2019-04-11 14:44:07.527000,1.11453,1.1145,3560000,1310000
2019-04-11 14:44:07.629000,1.11452,1.1145,1500000,1000000
2019-04-11 14:44:07.731000,1.11452,1.11449,2250000,1570000
2019-04-11 14:44:07.901000,1.11451,1.11449,1000000,1000000
2019-04-11 14:44:08.107000,1.11453,1.11451,1950000,1750000
2019-04-11 14:44:08.274000,1.11454,1.11451,2290000,2870000
2019-04-11 14:44:08.391000,1.11454,1.11451,1690000,2950000
2019-04-11 14:44:09.138000,1.11455,1.11453,1000000,1250000
2019-04-11 14:44:09.337000,1.11454,1.11452,1250000,3450000
2019-04-11 14:44:09.440000,1.11454,1.11452,1750000,4120000
2019-04-11 14:44:11.786000,1.11456,1.11453,3940000,1250000
2019-04-11 14:44:13.137000,1.11456,1.11453,2620000,1250000
2019-04-11 14:44:13.240000,1.11457,1.11454,2620000,1500000
2019-04-11 14:44:13.342000,1.11456,1.11453,2440000,3640000
2019-04-11 14:44:13.445000,1.11456,1.11453,1000000,6250000
2019-04-11 14:44:13.743000,1.11457,1.11455,2810000,1000000
2019-04-11 14:44:16.396000,1.11458,1.11455,1690000,2440000
2019-04-11 14:44:16.499000,1.11458,1.11455,1750000,2250000
2019-04-11 14:44:16.601000,1.11458,1.11455,1250000,5950000
2019-04-11 14:44:19.580000,1.11459,1.11455,4000000,4390000
2019-04-11 14:44:20.379000,1.11458,1.11456,1250000,1000000
2019-04-11 14:44:22.845000,1.11458,1.11456,1750000,1000000
2019-04-11 14:44:23.900000,1.11457,1.11455,1250000,1000000
2019-04-11 14:44:29.399000,1.11458,1.11454,3320000,3940000
2019-04-11 14:44:31.178000,1.11455,1.11453,2120000,3260000
2019-04-11 14:44:31.281000,1.11454,1.11452,1500000,1750000
2019-04-11 14:44:31.432000,1.11453,1.11452,1000000,1250000
2019-04-11 14:44:31.535000,1.11455,1.11452,9700000,1250000
2019-04-11 14:44:31.638000,1.11455,1.11453,2870000,1000000
2019-04-11 14:44:31.741000,1.11455,1.11453,2060000,1250000
2019-04-11 14:44:31.852000,1.11455,1.11453,2870000,1000000
2019-04-11 14:44:32.112000,1.11455,1.11453,1870000,1250000
2019-04-11 14:44:32.816000,1.11454,1.11452,1750000,1000000
2019-04-11 14:44:34.096000,1.11455,1.11453,2250000,1250000
2019-04-11 14:44:34.312000,1.11456,1.11453,2890000,1250000
2019-04-11 14:44:41.269000,1.11457,1.11454,2510000,1690000
2019-04-11 14:44:41.371000,1.11458,1.11455,3260000,1370000
2019-04-11 14:44:41.473000,1.11458,1.11455,2320000,1000000
2019-04-11 14:44:42.296000,1.11457,1.11455,1250000,1000000
2019-04-11 14:44:44.364000,1.11457,1.11454,1690000,2440000
2019-04-11 14:44:44.467000,1.11454,1.11453,1000000,3000000
2019-04-11 14:44:44.570000,1.11454,1.11452,1690000,1690000
2019-04-11 14:44:44.674000,1.11454,1.11452,1250000,2250000
2019-04-11 14:44:44.726000,1.11454,1.11451,3620000,1760000
2019-04-11 14:44:44.829000,1.11454,1.11453,1000000,1250000
2019-04-11 14:44:44.931000,1.11455,1.11453,1310000,1690000
2019-04-11 14:44:45.034000,1.11456,1.11453,4890000,1750000
2019-04-11 14:44:46.692000,1.11453,1.11451,10000000,5320000
2019-04-11 14:44:46.765000,1.11451,1.11449,3370000,7950000
2019-04-11 14:44:46.869000,1.11452,1.1145,1200000,1690000
2019-04-11 14:44:47.023000,1.11451,1.1145,1000000,1000000
2019-04-11 14:44:47.860000,1.11453,1.11451,1390000,2440000
2019-04-11 14:44:48.626000,1.11455,1.11453,1000000,1690000
2019-04-11 14:44:48.729000,1.11456,1.11453,1500000,1750000
2019-04-11 14:44:52.429000,1.11457,1.11454,2140000,2810000
2019-04-11 14:44:58.896000,1.11455,1.11454,1690000,1120000
2019-04-11 14:44:58.999000,1.11455,1.11453,1250000,2810000
2019-04-11 14:44:59.155000,1.11453,1.11452,1000000,1250000
2019-04-11 14:44:59.276000,1.11454,1.11452,2810000,1250000
2019-04-11 14:44:59.378000,1.11455,1.11453,1870000,1250000
2019-04-11 14:44:59.531000,1.11455,1.11453,2890000,1250000
2019-04-11 14:45:01.128000,1.11456,1.11453,4200000,1690000
