time,ask,bid,ask_volume,bid_volume
2019-07-16 12:25:00.603000,1.07961,1.07959,1310000,1000000
2019-07-16 12:25:00.765000,1.07962,1.0796,4870000,1000000
2019-07-16 12:25:01.406000,1.07962,1.0796,2250000,1000000
2019-07-16 12:25:01.509000,1.07962,1.0796,1000000,5250000
2019-07-16 12:25:01.612000,1.07963,1.0796,1690000,5700000
2019-07-16 12:25:11.351000,1.07964,1.07962,1250000,2060000
2019-07-16 12:25:12.240000,1.07964,1.07962,1250000,1200000
2019-07-16 12:25:13.311000,1.07966,1.07963,3170000,1500000
2019-07-16 12:25:13.977000,1.07967,1.07963,2620000,2140000
2019-07-16 12:25:18.603000,1.07964,1.07962,1000000,4510000
2019-07-16 12:25:18.715000,1.07964,1.07962,1250000,2700000
2019-07-16 12:25:18.818000,1.07963,1.07961,1500000,1100000
2019-07-16 12:25:19.454000,1.07964,1.07962,2250000,1000000
2019-07-16 12:25:19.629000,1.07964,1.07961,1750000,3850000
2019-07-16 12:25:19.781000,1.07964,1.07961,1500000,4220000
2019-07-16 12:25:20.103000,1.07965,1.07963,5440000,1000000
2019-07-16 12:25:21.238000,1.07966,1.07963,1690000,2140000
2019-07-16 12:25:37.341000,1.07966,1.07964,1000000,1000000
2019-07-16 12:25:37.442000,1.07968,1.07966,1390000,1250000
2019-07-16 12:25:38.198000,1.0797,1.07967,7750000,2250000
2019-07-16 12:25:47.616000,1.07969,1.07966,1250000,4310000
2019-07-16 12:25:51.230000,1.07969,1.07967,1250000,1000000
2019-07-16 12:25:51.332000,1.0797,1.07967,3190000,4000000
2019-07-16 12:25:51.434000,1.0797,1.07967,3250000,2440000
2019-07-16 12:25:54.828000,1.0797,1.07967,2500000,2940000
2019-07-16 12:25:55.821000,1.0797,1.07967,3250000,3560000
2019-07-16 12:26:23.669000,1.0797,1.07968,1690000,1000000
2019-07-16 12:26:26.576000,1.07969,1.07967,1250000,1690000
2019-07-16 12:26:33.659000,1.07967,1.07965,1250000,2890000
2019-07-16 12:26:33.761000,1.07966,1.07965,1310000,1000000
2019-07-16 12:26:33.863000,1.07966,1.07964,1690000,1250000
2019-07-16 12:26:34.005000,1.07966,1.07965,1250000,1000000
2019-07-16 12:26:34.223000,1.07966,1.07963,1690000,4370000
2019-07-16 12:26:34.325000,1.07966,1.07963,1750000,2890000
2019-07-16 12:26:34.798000,1.07966,1.07963,1690000,4070000
2019-07-16 12:26:36.651000,1.07965,1.07963,1500000,2120000
2019-07-16 12:26:36.804000,1.07965,1.07962,1800000,3200000
2019-07-16 12:26:37.811000,1.07964,1.07962,1500000,1510000
2019-07-16 12:26:37.912000,1.07964,1.07961,1500000,4450000
2019-07-16 12:26:38.065000,1.07963,1.07961,1000000,2870000
2019-07-16 12:26:38.990000,1.07965,1.07962,8060000,1250000
2019-07-16 12:26:39.988000,1.07971,1.07969,1500000,1370000
2019-07-16 12:26:40.090000,1.07972,1.0797,2250000,3700000
2019-07-16 12:26:40.234000,1.07973,1.07971,1000000,2060000
2019-07-16 12:26:41.070000,1.07971,1.07969,1000000,2620000
2019-07-16 12:26:41.689000,1.07972,1.07969,3640000,1690000
2019-07-16 12:26:43.004000,1.07971,1.07969,1000000,1250000
2019-07-16 12:26:43.124000,1.07972,1.07969,3640000,1690000
2019-07-16 12:26:43.412000,1.07971,1.07969,1000000,1250000
2019-07-16 12:26:44.391000,1.07972,1.07969,3560000,1690000
2019-07-16 12:26:46.036000,1.07972,1.07969,1500000,2870000
2019-07-16 12:26:47.101000,1.07971,1.07969,1000000,2120000
2019-07-16 12:26:48.592000,1.07971,1.07969,1000000,1310000
2019-07-16 12:26:51.479000,1.07972,1.0797,2250000,1870000
2019-07-16 12:26:51.580000,1.07973,1.0797,1690000,2950000
2019-07-16 12:26:54.498000,1.07972,1.0797,1000000,2060000
2019-07-16 12:26:54.600000,1.07971,1.07969,1000000,2060000
2019-07-16 12:26:56.322000,1.07972,1.0797,1000000,3250000
2019-07-16 12:26:56.425000,1.07973,1.0797,2060000,4000000
2019-07-16 12:26:57.637000,1.07974,1.07972,1000000,2060000
2019-07-16 12:26:57.840000,1.07975,1.07972,1690000,3640000
2019-07-16 12:26:58.796000,1.07975,1.07972,1690000,4140000
2019-07-16 12:26:59.462000,1.07977,1.07975,1100000,2500000
2019-07-16 12:26:59.513000,1.07978,1.07974,3350000,1310000
2019-07-16 12:26:59.667000,1.07977,1.07974,1750000,1950000
2019-07-16 12:26:59.987000,1.07977,1.07975,1000000,2870000
2019-07-16 12:27:00.140000,1.07978,1.07976,1250000,1250000
2019-07-16 12:27:00.454000,1.07978,1.07976,1250000,1000000
2019-07-16 12:27:00.556000,1.07977,1.07975,1250000,2620000
2019-07-16 12:27:01.610000,1.07978,1.07975,1000000,2060000
2019-07-16 12:27:02.583000,1.07978,1.07976,1000000,1000000
2019-07-16 12:27:02.684000,1.07979,1.07976,3000000,2250000
2019-07-16 12:27:03.690000,1.07979,1.07977,1320000,11290000
2019-07-16 12:27:03.792000,1.07983,1.07981,1000000,2120000
2019-07-16 12:27:04.047000,1.07983,1.07981,1250000,1310000
2019-07-16 12:27:06.204000,1.07981,1.0798,1690000,1000000
2019-07-16 12:27:06.255000,1.07981,1.07978,1690000,3310000
2019-07-16 12:27:07.739000,1.07981,1.07979,1000000,1250000
2019-07-16 12:27:07.862000,1.07986,1.07983,2200000,1000000
2019-07-16 12:27:08.115000,1.07986,1.07983,1000000,1000000
2019-07-16 12:27:09.030000,1.07987,1.07984,1760000,3370000
2019-07-16 12:27:09.553000,1.07987,1.07985,1250000,2560000
2019-07-16 12:27:13.017000,1.07989,1.07987,2500000,1120000
2019-07-16 12:27:13.119000,1.07991,1.07988,2500000,1000000
2019-07-16 12:27:13.220000,1.07991,1.07988,1500000,1250000
2019-07-16 12:27:13.271000,1.07992,1.07989,2320000,4870000
2019-07-16 12:27:13.392000,1.07992,1.07991,1000000,1250000
2019-07-16 12:27:13.521000,1.07993,1.07991,1000000,1250000
2019-07-16 12:27:13.623000,1.07993,1.07991,1500000,1250000
2019-07-16 12:27:15.494000,1.07993,1.0799,1500000,4370000
2019-07-16 12:27:15.596000,1.07993,1.0799,1500000,2620000
2019-07-16 12:27:15.736000,1.07991,1.07989,1690000,1600000
2019-07-16 12:27:20.648000,1.07991,1.07988,1500000,2620000
2019-07-16 12:27:21.242000,1.07988,1.07987,1500000,1010000
2019-07-16 12:27:21.346000,1.07988,1.07986,4000000,1120000
2019-07-16 12:27:23.442000,1.07989,1.07986,3750000,1870000
2019-07-16 12:27:23.544000,1.0799,1.07987,4010000,1000000
2019-07-16 12:27:23.646000,1.07989,1.07987,1250000,1000000
2019-07-16 12:27:23.967000,1.0799,1.07987,3190000,2060000
2019-07-16 12:27:24.069000,1.07989,1.07987,1250000,1870000
2019-07-16 12:27:26.724000,1.0799,1.07987,2440000,1310000
2019-07-16 12:27:26.826000,1.07991,1.07988,2570000,1000000
2019-07-16 12:27:27.030000,1.07991,1.07988,2440000,1250000
2019-07-16 12:27:31.683000,1.0799,1.07988,1000000,1250000
2019-07-16 12:27:34.150000,1.07991,1.07989,1250000,1000000
2019-07-16 12:27:35.236000,1.07991,1.0799,1250000,1000000
2019-07-16 12:27:35.787000,1.07991,1.07989,1250000,1000000
2019-07-16 12:27:36.241000,1.0799,1.07988,1000000,1390000
2019-07-16 12:27:36.343000,1.07987,1.07986,1000000,1120000
2019-07-16 12:27:36.445000,1.07988,1.07985,4000000,3260000
2019-07-16 12:27:36.764000,1.07988,1.07985,4010000,2060000
2019-07-16 12:27:36.866000,1.07986,1.07984,1000000,2060000
2019-07-16 12:27:39.719000,1.07988,1.07987,5510000,1000000
2019-07-16 12:27:39.821000,1.07989,1.07987,2720000,1000000
2019-07-16 12:27:40.393000,1.07989,1.07986,2120000,2440000
2019-07-16 12:27:41.941000,1.07988,1.07985,1990000,2060000
2019-07-16 12:27:42.043000,1.07987,1.07985,1500000,1250000
2019-07-16 12:27:42.145000,1.07987,1.07984,2440000,2060000
2019-07-16 12:27:42.996000,1.07986,1.07983,1000000,2500000
2019-07-16 12:27:46.725000,1.07987,1.07984,1760000,1250000
2019-07-16 12:27:47.668000,1.07986,1.07984,1000000,1250000
2019-07-16 12:28:01.833000,1.07986,1.07983,1690000,1690000
2019-07-16 12:28:03.064000,1.07985,1.07983,2250000,1250000
2019-07-16 12:28:06.093000,1.07986,1.07983,1250000,1870000
2019-07-16 12:28:11.148000,1.07986,1.07983,1000000,1820000
2019-07-16 12:28:12.570000,1.07986,1.07983,1250000,2510000
2019-07-16 12:28:16.002000,1.07987,1.07984,1750000,1000000
2019-07-16 12:28:16.497000,1.07986,1.07983,1250000,1010000
2019-07-16 12:28:18.606000,1.07987,1.07984,1690000,1250000
2019-07-16 12:28:19.382000,1.07987,1.07985,1690000,1000000
2019-07-16 12:28:20.604000,1.07986,1.07985,1000000,1000000
2019-07-16 12:28:27.647000,1.07986,1.07983,1000000,1200000
2019-07-16 12:28:27.698000,1.07987,1.07985,1690000,1000000
2019-07-16 12:28:27.800000,1.07987,1.07985,1250000,1000000
2019-07-16 12:28:34.150000,1.07987,1.07985,1250000,1000000
2019-07-16 12:28:38.615000,1.07987,1.07985,1310000,1000000
2019-07-16 12:28:39.783000,1.07987,1.07985,1310000,1000000
2019-07-16 12:28:45.612000,1.07987,1.07985,1310000,1000000
2019-07-16 12:28:51.424000,1.07989,1.07987,6940000,1000000
2019-07-16 12:28:51.578000,1.0799,1.07988,1250000,1000000
2019-07-16 12:28:51.630000,1.07991,1.0799,1500000,1000000
2019-07-16 12:28:51.733000,1.07992,1.07991,1000000,1000000
2019-07-16 12:28:51.785000,1.07994,1.07992,2120000,1000000
2019-07-16 12:28:51.916000,1.07994,1.07992,2060000,1000000
2019-07-16 12:28:52.018000,1.07994,1.07992,2120000,1000000
2019-07-16 12:28:54.263000,1.07994,1.07992,2440000,1000000
2019-07-16 12:28:54.547000,1.07994,1.07991,2440000,1690000
2019-07-16 12:28:54.598000,1.07994,1.07992,2440000,1000000
2019-07-16 12:28:55.051000,1.07994,1.07992,2440000,1000000
2019-07-16 12:28:55.548000,1.07994,1.07993,1690000,1000000
2019-07-16 12:28:55.924000,1.07994,1.07991,1690000,3970000
2019-07-16 12:28:56.199000,1.07995,1.07993,1970000,1000000
2019-07-16 12:28:56.301000,1.07996,1.07994,2060000,1000000
2019-07-16 12:28:56.495000,1.07997,1.07995,1690000,1000000
2019-07-16 12:28:57.069000,1.07998,1.07997,1000000,1690000
2019-07-16 12:28:57.121000,1.08002,1.08,1500000,1000000
2019-07-16 12:28:57.173000,1.08005,1.08002,3700000,1000000
2019-07-16 12:28:57.275000,1.08005,1.08003,2120000,1010000
2019-07-16 12:28:57.483000,1.08002,1.08001,1250000,1120000
2019-07-16 12:28:57.586000,1.08002,1.08,2560000,1870000
2019-07-16 12:28:57.688000,1.08002,1.08,1250000,1500000
2019-07-16 12:28:57.790000,1.08001,1.07999,1000000,2620000
2019-07-16 12:28:57.892000,1.08001,1.07999,1310000,1500000
2019-07-16 12:28:58.566000,1.08,1.07999,1000000,1000000
2019-07-16 12:28:59.101000,1.08,1.07998,1000000,1390000
2019-07-16 12:28:59.808000,1.08,1.07999,1500000,1000000
2019-07-16 12:29:00.065000,1.07999,1.07998,1250000,1000000
2019-07-16 12:29:00.167000,1.08,1.07998,1250000,1690000
2019-07-16 12:29:00.268000,1.08004,1.08002,1000000,1000000
2019-07-16 12:29:00.370000,1.08005,1.08004,1690000,1000000
2019-07-16 12:29:00.624000,1.08005,1.08004,1250000,1000000
2019-07-16 12:29:01.156000,1.08006,1.08005,3190000,1500000
2019-07-16 12:29:01.713000,1.08007,1.08005,3190000,1000000
2019-07-16 12:29:01.943000,1.08006,1.08005,2440000,1500000
2019-07-16 12:29:02.098000,1.08005,1.08004,1250000,1870000
2019-07-16 12:29:02.252000,1.08006,1.08005,2060000,1120000
2019-07-16 12:29:02.353000,1.08006,1.08003,1690000,3070000
2019-07-16 12:29:02.455000,1.08005,1.08003,1000000,1570000
2019-07-16 12:29:03.091000,1.08005,1.08003,1000000,2450000
2019-07-16 12:29:03.193000,1.08006,1.08003,1690000,2470000
2019-07-16 12:29:03.295000,1.08009,1.08007,1250000,1000000
2019-07-16 12:29:03.400000,1.0801,1.08007,1310000,1500000
2019-07-16 12:29:03.501000,1.0801,1.08007,1000000,3200000
2019-07-16 12:29:03.603000,1.0801,1.08007,1000000,3070000
2019-07-16 12:29:03.705000,1.0801,1.08007,1000000,3200000
2019-07-16 12:29:03.907000,1.0801,1.08007,1000000,2320000
2019-07-16 12:29:04.200000,1.0801,1.08007,1000000,3200000
2019-07-16 12:29:04.302000,1.0801,1.08007,1000000,3070000
2019-07-16 12:29:05.239000,1.0801,1.08007,1000000,3200000
2019-07-16 12:29:05.442000,1.0801,1.08007,1000000,2320000
2019-07-16 12:29:05.543000,1.0801,1.08007,1000000,3200000
2019-07-16 12:29:06.123000,1.0801,1.08007,1000000,2320000
2019-07-16 12:29:06.224000,1.08011,1.08008,1250000,1950000
2019-07-16 12:29:06.631000,1.0801,1.08008,1000000,1570000
2019-07-16 12:29:07.214000,1.08008,1.08007,1250000,1000000
2019-07-16 12:29:07.330000,1.08007,1.08006,1000000,1570000
2019-07-16 12:29:07.432000,1.08009,1.08006,1750000,2060000
2019-07-16 12:29:09.357000,1.08008,1.08006,1750000,1120000
2019-07-16 12:29:09.459000,1.08009,1.08006,1750000,2440000
2019-07-16 12:29:11.179000,1.08009,1.08007,1250000,1000000
2019-07-16 12:29:11.281000,1.08009,1.08006,2500000,2510000
2019-07-16 12:29:11.841000,1.08006,1.08005,1500000,1000000
2019-07-16 12:29:11.892000,1.08005,1.08003,1250000,3750000
2019-07-16 12:29:12.018000,1.08005,1.08003,1000000,1000000
2019-07-16 12:29:15.076000,1.08005,1.08002,1000000,2640000
2019-07-16 12:29:15.178000,1.08006,1.08003,2440000,1120000
2019-07-16 12:29:15.884000,1.08005,1.08002,1000000,2640000
2019-07-16 12:29:16.052000,1.08006,1.08003,1250000,3370000
2019-07-16 12:29:16.155000,1.08008,1.08005,1870000,1750000
2019-07-16 12:29:16.511000,1.08009,1.08007,1250000,1000000
2019-07-16 12:29:19.207000,1.08008,1.08006,1690000,1250000
2019-07-16 12:29:21.504000,1.08007,1.08006,1000000,1250000
2019-07-16 12:29:21.605000,1.08007,1.08004,1750000,3120000
2019-07-16 12:29:23.153000,1.08006,1.08004,1250000,1120000
2019-07-16 12:29:27.798000,1.08006,1.08003,1250000,1500000
2019-07-16 12:29:27.900000,1.08005,1.08003,1000000,1000000
2019-07-16 12:29:29.647000,1.08007,1.08004,1500000,1750000
2019-07-16 12:29:29.749000,1.08011,1.08008,3250000,1000000
2019-07-16 12:29:29.851000,1.08011,1.08009,1690000,1000000
2019-07-16 12:29:30.141000,1.08011,1.08008,2870000,1000000
2019-07-16 12:29:30.192000,1.08009,1.08007,1250000,1500000
2019-07-16 12:29:30.295000,1.0801,1.08008,1000000,1000000
2019-07-16 12:29:30.398000,1.08011,1.08008,1690000,1500000
2019-07-16 12:29:30.590000,1.08011,1.08009,1250000,1000000
2019-07-16 12:29:31.188000,1.08012,1.0801,1250000,3190000
2019-07-16 12:29:31.290000,1.08013,1.08011,1250000,1250000
2019-07-16 12:29:31.544000,1.08014,1.08011,2250000,1000000
2019-07-16 12:29:31.647000,1.08015,1.08012,3620000,1000000
2019-07-16 12:29:31.902000,1.08015,1.08011,1750000,1250000
2019-07-16 12:29:32.005000,1.08013,1.0801,1310000,1000000
2019-07-16 12:29:32.107000,1.08013,1.08011,2060000,2440000
2019-07-16 12:29:32.882000,1.08015,1.08012,2120000,1000000
2019-07-16 12:29:34.827000,1.08015,1.08011,2120000,3190000
2019-07-16 12:29:35.047000,1.08015,1.08011,1370000,1500000
2019-07-16 12:29:35.200000,1.08015,1.08011,2500000,3940000
2019-07-16 12:29:35.302000,1.08015,1.08011,1750000,1500000
2019-07-16 12:29:35.456000,1.08015,1.08011,1750000,3190000
2019-07-16 12:29:35.508000,1.08016,1.08013,1750000,1500000
2019-07-16 12:29:35.560000,1.08017,1.08014,2250000,1120000
2019-07-16 12:29:35.611000,1.08019,1.08015,2500000,2500000
2019-07-16 12:29:35.713000,1.08019,1.08017,1370000,1000000
2019-07-16 12:29:37.409000,1.08019,1.08016,1750000,1250000
2019-07-16 12:29:37.640000,1.08018,1.08016,2000000,1000000
2019-07-16 12:29:37.692000,1.08017,1.08014,1310000,1000000
2019-07-16 12:29:37.896000,1.08017,1.08014,1250000,1000000
2019-07-16 12:29:40.072000,1.08018,1.08014,2250000,1000000
2019-07-16 12:29:40.124000,1.08015,1.08012,1500000,1760000
2019-07-16 12:29:40.225000,1.08014,1.08011,1250000,2910000
2019-07-16 12:29:40.327000,1.08015,1.08011,1750000,1000000
2019-07-16 12:29:40.740000,1.08014,1.08009,1750000,1000000
2019-07-16 12:29:41.166000,1.0801,1.08006,1750000,2620000
2019-07-16 12:29:41.421000,1.0801,1.08005,3370000,1000000
2019-07-16 12:29:41.664000,1.08009,1.08004,1370000,1120000
2019-07-16 12:29:41.768000,1.0801,1.08005,1750000,1000000
2019-07-16 12:29:41.972000,1.08009,1.08006,1250000,1250000
2019-07-16 12:29:45.474000,1.08009,1.08005,1250000,1120000
2019-07-16 12:29:45.588000,1.08008,1.08004,1250000,1120000
2019-07-16 12:29:45.691000,1.08009,1.08004,1370000,1000000
2019-07-16 12:29:46.190000,1.08012,1.08004,4250000,3000000
2019-07-16 12:29:46.293000,1.08011,1.08004,2750000,3000000
2019-07-16 12:29:46.672000,1.08011,1.08005,2250000,1120000
2019-07-16 12:29:46.774000,1.08011,1.08009,2250000,1120000
2019-07-16 12:29:46.886000,1.08018,1.08011,3120000,1000000
2019-07-16 12:29:46.937000,1.08018,1.08011,4870000,1000000
2019-07-16 12:29:47.040000,1.08018,1.08012,2250000,1120000
2019-07-16 12:29:47.143000,1.08019,1.08012,3000000,3370000
2019-07-16 12:29:47.246000,1.0802,1.08012,1120000,1120000
2019-07-16 12:29:47.297000,1.0802,1.08013,1000000,1620000
2019-07-16 12:29:47.688000,1.08021,1.08013,3750000,3870000
2019-07-16 12:29:48.385000,1.08021,1.08015,1000000,1000000
2019-07-16 12:29:48.487000,1.08025,1.08019,1000000,2000000
2019-07-16 12:29:48.607000,1.08025,1.08019,1000000,1120000
2019-07-16 12:29:48.709000,1.08025,1.0802,1120000,1000000
2019-07-16 12:29:48.810000,1.08029,1.08022,1500000,1000000
2019-07-16 12:29:48.862000,1.08031,1.08023,2000000,1000000
2019-07-16 12:29:49.014000,1.0803,1.08023,1130000,1000000
2019-07-16 12:29:49.198000,1.08032,1.08024,1500000,1050000
2019-07-16 12:29:49.249000,1.08034,1.08026,1500000,2000000
2019-07-16 12:29:49.583000,1.08035,1.08026,2000000,1000000
2019-07-16 12:29:49.786000,1.08035,1.08028,1000000,1000000
2019-07-16 12:29:49.905000,1.08036,1.08028,1500000,1000000
2019-07-16 12:29:50.160000,1.08036,1.0803,1000000,1000000
2019-07-16 12:29:50.261000,1.08036,1.08029,1000000,1000000
2019-07-16 12:29:50.363000,1.08037,1.08028,2000000,1000000
2019-07-16 12:29:50.465000,1.08026,1.08023,1000000,1000000
2019-07-16 12:29:50.516000,1.08022,1.08017,1120000,1000000
2019-07-16 12:29:50.567000,1.08026,1.08019,1500000,1000000
2019-07-16 12:29:50.669000,1.08031,1.08021,1150000,1000000
2019-07-16 12:29:50.720000,1.08027,1.08022,1000000,1000000
2019-07-16 12:29:50.831000,1.08032,1.08023,1500000,1000000
2019-07-16 12:29:50.882000,1.08032,1.08023,1400000,1000000
2019-07-16 12:29:50.984000,1.08034,1.08023,1300000,1000000
2019-07-16 12:29:51.254000,1.08038,1.08026,2170000,1000000
2019-07-16 12:29:51.305000,1.08036,1.08027,1000000,1000000
2019-07-16 12:29:51.501000,1.08034,1.08026,1000000,1000000
2019-07-16 12:29:51.552000,1.08034,1.08023,1000000,3000000
2019-07-16 12:29:51.603000,1.08032,1.08023,1500000,1000000
2019-07-16 12:29:51.858000,1.08032,1.08025,1500000,1000000
2019-07-16 12:29:54.346000,1.08036,1.08025,1500000,1000000
2019-07-16 12:29:55.087000,1.08033,1.08024,1870000,1000000
2019-07-16 12:29:55.190000,1.08035,1.08023,1900000,1000000
2019-07-16 12:29:55.430000,1.08035,1.08025,1900000,1500000
2019-07-16 12:29:55.533000,1.08032,1.08025,1000000,1000000
2019-07-16 12:29:55.585000,1.08033,1.08027,1500000,1000000
2019-07-16 12:29:55.636000,1.08036,1.08027,1500000,1000000
2019-07-16 12:29:57.996000,1.08027,1.08023,1000000,1500000
2019-07-16 12:29:58.098000,1.08027,1.0802,1600000,1000000
2019-07-16 12:29:58.199000,1.08028,1.08019,2100000,1000000
2019-07-16 12:29:58.668000,1.08027,1.08018,1600000,3000000
2019-07-16 12:29:58.770000,1.08027,1.08016,1600000,1000000
2019-07-16 12:29:58.871000,1.08027,1.08017,1600000,3000000
2019-07-16 12:29:58.973000,1.08027,1.08017,1600000,4500000
2019-07-16 12:29:59.277000,1.08027,1.08017,1600000,1000000
2019-07-16 12:29:59.637000,1.08025,1.08017,1000000,1000000
2019-07-16 12:29:59.688000,1.08025,1.0802,1000000,1000000
2019-07-16 12:29:59.790000,1.08034,1.0803,1500000,1500000
2019-07-16 12:29:59.892000,1.08041,1.08032,1120000,1500000
2019-07-16 12:30:00.020000,1.08041,1.08029,1870000,1000000
2019-07-16 12:30:00.072000,1.08041,1.08031,1120000,1000000
2019-07-16 12:30:00.174000,1.08041,1.0803,1120000,2250000
2019-07-16 12:30:00.277000,1.08038,1.0803,1500000,1000000
2019-07-16 12:30:00.328000,1.08038,1.08028,2440000,1000000
2019-07-16 12:30:00.380000,1.08035,1.08027,1000000,1000000
2019-07-16 12:30:00.482000,1.08037,1.08029,1500000,1000000
2019-07-16 12:30:00.583000,1.08045,1.08037,4000000,1000000
2019-07-16 12:30:00.685000,1.0808,1.08077,1500000,1000000
2019-07-16 12:30:00.821000,1.08085,1.08078,1500000,1400000
2019-07-16 12:30:00.872000,1.08083,1.08079,1000000,1000000
2019-07-16 12:30:00.996000,1.08084,1.08078,1500000,1000000
2019-07-16 12:30:01.047000,1.08082,1.08078,1050000,1000000
2019-07-16 12:30:01.175000,1.08082,1.08077,2250000,1000000
2019-07-16 12:30:01.297000,1.0809,1.08077,1900000,1000000
2019-07-16 12:30:01.407000,1.08092,1.08083,1400000,1000000
2019-07-16 12:30:01.470000,1.08098,1.08089,1250000,1000000
2019-07-16 12:30:01.527000,1.08094,1.08091,1000000,1000000
2019-07-16 12:30:01.647000,1.08101,1.08087,1370000,1500000
2019-07-16 12:30:01.698000,1.08104,1.08094,1750000,1200000
2019-07-16 12:30:01.749000,1.08105,1.08096,1650000,1000000
2019-07-16 12:30:01.850000,1.0811,1.081,1100000,1000000
2019-07-16 12:30:01.901000,1.08113,1.08104,1000000,2250000
2019-07-16 12:30:01.989000,1.08117,1.08106,1750000,2250000
2019-07-16 12:30:02.091000,1.08114,1.08109,2000000,1000000
2019-07-16 12:30:02.158000,1.08114,1.08101,2400000,1500000
2019-07-16 12:30:02.262000,1.08111,1.08102,1000000,1000000
2019-07-16 12:30:02.381000,1.08114,1.08104,1000000,1000000
2019-07-16 12:30:02.432000,1.08114,1.08107,1000000,1500000
2019-07-16 12:30:02.534000,1.0812,1.0811,1600000,1500000
2019-07-16 12:30:02.584000,1.08116,1.08113,1000000,1000000
2019-07-16 12:30:02.724000,1.08124,1.08115,1000000,1000000
2019-07-16 12:30:02.775000,1.08135,1.08128,2000000,1000000
2019-07-16 12:30:02.877000,1.08128,1.08124,1000000,1000000
2019-07-16 12:30:02.929000,1.08133,1.08123,2250000,1000000
2019-07-16 12:30:03.022000,1.08134,1.08125,1870000,1000000
2019-07-16 12:30:03.124000,1.08134,1.08129,1500000,1500000
2019-07-16 12:30:03.225000,1.08146,1.08131,2050000,2000000
2019-07-16 12:30:03.276000,1.08146,1.08133,2800000,1500000
2019-07-16 12:30:03.373000,1.08146,1.0814,2050000,1000000
2019-07-16 12:30:03.425000,1.08144,1.08135,1250000,1000000
2019-07-16 12:30:03.476000,1.08144,1.08142,1000000,1000000
2019-07-16 12:30:03.527000,1.08145,1.08139,1500000,1000000
2019-07-16 12:30:03.578000,1.08146,1.08137,1500000,1500000
2019-07-16 12:30:03.759000,1.08151,1.08136,1400000,3000000
2019-07-16 12:30:03.810000,1.08149,1.08135,1000000,2250000
2019-07-16 12:30:03.861000,1.0815,1.08138,1000000,1000000
2019-07-16 12:30:03.963000,1.08151,1.0814,1870000,1120000
2019-07-16 12:30:04.013000,1.08152,1.08137,1570000,1870000
2019-07-16 12:30:04.120000,1.08152,1.08138,1120000,1000000
2019-07-16 12:30:04.222000,1.08152,1.08137,1120000,1120000
2019-07-16 12:30:04.324000,1.08152,1.08136,1120000,3370000
2019-07-16 12:30:04.438000,1.08152,1.08137,1120000,1500000
2019-07-16 12:30:04.489000,1.0815,1.08137,1000000,1120000
2019-07-16 12:30:04.692000,1.0815,1.08136,1000000,1000000
2019-07-16 12:30:04.794000,1.08149,1.08137,2000000,1500000
2019-07-16 12:30:04.918000,1.08144,1.08139,2250000,1000000
2019-07-16 12:30:05.020000,1.08148,1.0814,1500000,1000000
2019-07-16 12:30:05.123000,1.08149,1.0814,2250000,1000000
2019-07-16 12:30:05.175000,1.08146,1.0814,1000000,1000000
2019-07-16 12:30:05.332000,1.0815,1.08139,1400000,1000000
2019-07-16 12:30:05.434000,1.08148,1.08139,1500000,1500000
2019-07-16 12:30:05.485000,1.08151,1.08139,1120000,1500000
2019-07-16 12:30:05.535000,1.0815,1.08142,1000000,1500000
2019-07-16 12:30:05.679000,1.0815,1.08145,1000000,1000000
2019-07-16 12:30:05.781000,1.08151,1.08142,1200000,6000000
2019-07-16 12:30:05.882000,1.08151,1.08143,1200000,1000000
2019-07-16 12:30:05.984000,1.08151,1.08144,1200000,1000000
2019-07-16 12:30:06.139000,1.0815,1.08146,1250000,1690000
2019-07-16 12:30:06.242000,1.0815,1.08147,1250000,1000000
2019-07-16 12:30:06.344000,1.0815,1.08145,1250000,1750000
2019-07-16 12:30:06.459000,1.0815,1.08147,1250000,1000000
2019-07-16 12:30:06.612000,1.08149,1.08142,2250000,2250000
2019-07-16 12:30:06.663000,1.08148,1.08142,1250000,1500000
2019-07-16 12:30:06.765000,1.08149,1.08144,1250000,1250000
2019-07-16 12:30:06.869000,1.08149,1.08141,1400000,1250000
2019-07-16 12:30:06.921000,1.08149,1.08137,1400000,1690000
2019-07-16 12:30:07.023000,1.08151,1.08141,1120000,1250000
2019-07-16 12:30:07.126000,1.0815,1.0814,1250000,1420000
2019-07-16 12:30:07.245000,1.08149,1.08136,1000000,3000000
2019-07-16 12:30:07.347000,1.0815,1.08138,1870000,1250000
2019-07-16 12:30:07.399000,1.08149,1.08136,1250000,2120000
2019-07-16 12:30:07.450000,1.08144,1.08137,1000000,1250000
2019-07-16 12:30:07.502000,1.08148,1.08137,1250000,1250000
2019-07-16 12:30:07.553000,1.08145,1.08137,1000000,1750000
2019-07-16 12:30:07.665000,1.08149,1.08136,1500000,1750000
2019-07-16 12:30:07.716000,1.08151,1.08136,1620000,1750000
2019-07-16 12:30:07.818000,1.0815,1.08142,1250000,1000000
2019-07-16 12:30:07.920000,1.08152,1.08144,1250000,1000000
2019-07-16 12:30:08.022000,1.08153,1.0815,1690000,1000000
2019-07-16 12:30:08.135000,1.08153,1.08145,1000000,1500000
2019-07-16 12:30:08.186000,1.08152,1.08148,1250000,1250000
2019-07-16 12:30:08.288000,1.0815,1.08146,1000000,1250000
2019-07-16 12:30:08.339000,1.0815,1.0814,1000000,1750000
2019-07-16 12:30:08.441000,1.0815,1.0814,1000000,2500000
2019-07-16 12:30:08.578000,1.08152,1.0814,1250000,2250000
2019-07-16 12:30:08.681000,1.08149,1.0814,1000000,3190000
2019-07-16 12:30:08.783000,1.0815,1.08138,1000000,1250000
2019-07-16 12:30:08.886000,1.08149,1.08138,3500000,1000000
2019-07-16 12:30:08.989000,1.08149,1.08137,2400000,1000000
2019-07-16 12:30:09.098000,1.08145,1.08136,1000000,1600000
2019-07-16 12:30:09.250000,1.08146,1.08136,1000000,1750000
2019-07-16 12:30:09.352000,1.08148,1.08136,1650000,1000000
2019-07-16 12:30:09.453000,1.08148,1.08134,1650000,1250000
2019-07-16 12:30:09.555000,1.08144,1.08134,1250000,1000000
2019-07-16 12:30:09.666000,1.08145,1.08133,1100000,1750000
2019-07-16 12:30:09.717000,1.08148,1.08132,2990000,2500000
2019-07-16 12:30:09.870000,1.08149,1.08132,1650000,4000000
2019-07-16 12:30:10.023000,1.08149,1.08136,2340000,1000000
2019-07-16 12:30:10.126000,1.08149,1.08136,1250000,2500000
2019-07-16 12:30:10.178000,1.08146,1.08141,1000000,1000000
2019-07-16 12:30:10.282000,1.08149,1.08142,2500000,1000000
2019-07-16 12:30:10.334000,1.08149,1.0814,2500000,1250000
2019-07-16 12:30:10.385000,1.0815,1.08143,1250000,1000000
2019-07-16 12:30:10.487000,1.0815,1.08143,1250000,1000000
2019-07-16 12:30:10.594000,1.0815,1.08143,1250000,1250000
2019-07-16 12:30:10.697000,1.08148,1.08142,1000000,1250000
2019-07-16 12:30:10.748000,1.0815,1.08141,1250000,1750000
2019-07-16 12:30:10.799000,1.08148,1.08141,1250000,1690000
2019-07-16 12:30:10.901000,1.0815,1.08146,1250000,1000000
2019-07-16 12:30:11.004000,1.08151,1.08147,1000000,1750000
2019-07-16 12:30:11.055000,1.08153,1.08148,1000000,3190000
2019-07-16 12:30:11.157000,1.08153,1.0815,1250000,1000000
2019-07-16 12:30:11.208000,1.08153,1.08146,1250000,2250000
2019-07-16 12:30:11.480000,1.08154,1.0815,1250000,1000000
2019-07-16 12:30:11.531000,1.08156,1.0815,2500000,1000000
2019-07-16 12:30:11.582000,1.08154,1.08152,1250000,1000000
2019-07-16 12:30:11.684000,1.08156,1.08154,1250000,1000000
2019-07-16 12:30:11.775000,1.08157,1.08154,1250000,1500000
2019-07-16 12:30:11.826000,1.08161,1.08155,1750000,1000000
2019-07-16 12:30:11.929000,1.08161,1.08154,1750000,1500000
2019-07-16 12:30:12.032000,1.08161,1.08155,1750000,1000000
2019-07-16 12:30:12.133000,1.08161,1.08154,1750000,1000000
2019-07-16 12:30:12.277000,1.08161,1.08157,1250000,1000000
2019-07-16 12:30:12.328000,1.08162,1.08157,1750000,1500000
2019-07-16 12:30:12.379000,1.08161,1.08159,1250000,1000000
2019-07-16 12:30:12.430000,1.08165,1.08161,1250000,1000000
2019-07-16 12:30:12.532000,1.08167,1.0816,1750000,1690000
2019-07-16 12:30:12.612000,1.08167,1.08162,1750000,1000000
2019-07-16 12:30:12.723000,1.08168,1.08165,1000000,4370000
2019-07-16 12:30:12.774000,1.0818,1.08174,2250000,1500000
2019-07-16 12:30:12.825000,1.08177,1.08175,1250000,1000000
2019-07-16 12:30:12.877000,1.08183,1.08179,1000000,2250000
2019-07-16 12:30:12.980000,1.08186,1.08181,1000000,1000000
2019-07-16 12:30:13.031000,1.08185,1.08179,1000000,1500000
2019-07-16 12:30:13.082000,1.08187,1.0818,1690000,1000000
2019-07-16 12:30:13.133000,1.08183,1.08176,1000000,1750000
2019-07-16 12:30:13.275000,1.08186,1.08177,1750000,1250000
2019-07-16 12:30:13.327000,1.08183,1.08176,1000000,2140000
2019-07-16 12:30:13.432000,1.0819,1.08188,1000000,1000000
2019-07-16 12:30:13.483000,1.08192,1.08185,1500000,1000000
2019-07-16 12:30:13.535000,1.08194,1.08188,1000000,1000000
2019-07-16 12:30:13.710000,1.08194,1.08187,1000000,1000000
2019-07-16 12:30:13.813000,1.08194,1.08189,1250000,1000000
2019-07-16 12:30:13.914000,1.08183,1.08179,2000000,1000000
2019-07-16 12:30:14.029000,1.08179,1.08172,1000000,1000000
2019-07-16 12:30:14.080000,1.08175,1.08169,1000000,1500000
2019-07-16 12:30:14.132000,1.08177,1.08169,1500000,3000000
2019-07-16 12:30:14.284000,1.08177,1.08169,1000000,1750000
2019-07-16 12:30:14.430000,1.08187,1.0818,1000000,1000000
2019-07-16 12:30:14.481000,1.08187,1.08182,1000000,1500000
2019-07-16 12:30:14.583000,1.08189,1.08184,1250000,1500000
2019-07-16 12:30:14.634000,1.08191,1.08184,1500000,1000000
2019-07-16 12:30:14.736000,1.0819,1.08183,2690000,1000000
2019-07-16 12:30:14.787000,1.08187,1.08179,1000000,2250000
2019-07-16 12:30:14.892000,1.08189,1.08182,3190000,1250000
2019-07-16 12:30:14.996000,1.08188,1.08182,2500000,1000000
2019-07-16 12:30:15.099000,1.08187,1.08178,1690000,1250000
2019-07-16 12:30:15.257000,1.08187,1.08178,2690000,1250000
2019-07-16 12:30:15.308000,1.08182,1.08177,1000000,1390000
2019-07-16 12:30:15.410000,1.0818,1.08173,1000000,1250000
2019-07-16 12:30:15.512000,1.08179,1.08176,1000000,2500000
2019-07-16 12:30:15.563000,1.08176,1.08172,1690000,1250000
2019-07-16 12:30:15.614000,1.08184,1.08179,1250000,1000000
2019-07-16 12:30:15.678000,1.08186,1.08182,1000000,1500000
2019-07-16 12:30:15.730000,1.08192,1.0819,1000000,1000000
2019-07-16 12:30:15.781000,1.08195,1.08191,1000000,1000000
2019-07-16 12:30:15.883000,1.08196,1.08192,1250000,1000000
2019-07-16 12:30:15.935000,1.08191,1.08187,1940000,1000000
2019-07-16 12:30:15.986000,1.0819,1.08184,1000000,1000000
2019-07-16 12:30:16.083000,1.08188,1.08184,1000000,1250000
2019-07-16 12:30:16.185000,1.08186,1.0818,1000000,1500000
2019-07-16 12:30:16.236000,1.08185,1.0818,1000000,1750000
2019-07-16 12:30:16.287000,1.08185,1.08181,1500000,1250000
2019-07-16 12:30:16.338000,1.08183,1.08176,4750000,1250000
2019-07-16 12:30:16.439000,1.08181,1.08177,1000000,2500000
2019-07-16 12:30:16.506000,1.08179,1.08176,1000000,1250000
2019-07-16 12:30:16.557000,1.08177,1.08174,1000000,1250000
2019-07-16 12:30:16.659000,1.08177,1.08173,1250000,2250000
2019-07-16 12:30:16.760000,1.08179,1.08174,1250000,1500000
2019-07-16 12:30:16.861000,1.08179,1.08174,1250000,2500000
2019-07-16 12:30:16.979000,1.08181,1.08179,1000000,1000000
2019-07-16 12:30:17.031000,1.08188,1.08183,1250000,1000000
2019-07-16 12:30:17.133000,1.0819,1.08186,1750000,1000000
2019-07-16 12:30:17.188000,1.08194,1.08187,1750000,1000000
2019-07-16 12:30:17.337000,1.08189,1.08186,1000000,1250000
2019-07-16 12:30:17.440000,1.08183,1.08181,1000000,1250000
2019-07-16 12:30:17.491000,1.08179,1.08178,1000000,1250000
2019-07-16 12:30:17.594000,1.08179,1.08174,1690000,2500000
2019-07-16 12:30:17.663000,1.08179,1.08174,1000000,1000000
2019-07-16 12:30:17.715000,1.08182,1.0818,1130000,1000000
2019-07-16 12:30:17.766000,1.08189,1.08184,2760000,1250000
2019-07-16 12:30:17.867000,1.08189,1.08184,3510000,1250000
2019-07-16 12:30:17.969000,1.08188,1.08184,1690000,1250000
2019-07-16 12:30:18.101000,1.08187,1.08184,1880000,1250000
2019-07-16 12:30:18.204000,1.08187,1.08183,1000000,2500000
2019-07-16 12:30:18.306000,1.08189,1.08184,1250000,1250000
2019-07-16 12:30:18.563000,1.08187,1.08184,1000000,1250000
2019-07-16 12:30:18.665000,1.08187,1.08178,1250000,1250000
2019-07-16 12:30:18.852000,1.08188,1.08182,1500000,2250000
2019-07-16 12:30:18.954000,1.08189,1.08182,2500000,1000000
2019-07-16 12:30:19.055000,1.08188,1.08181,1750000,1000000
2019-07-16 12:30:19.157000,1.0818,1.08176,1690000,1000000
2019-07-16 12:30:19.320000,1.08177,1.0817,1750000,1690000
2019-07-16 12:30:19.371000,1.08171,1.08168,1500000,1250000
2019-07-16 12:30:19.473000,1.08171,1.08166,1500000,1750000
2019-07-16 12:30:19.575000,1.0817,1.08166,1000000,1000000
2019-07-16 12:30:19.786000,1.0817,1.08166,1690000,1370000
2019-07-16 12:30:19.889000,1.08172,1.08166,1690000,1750000
2019-07-16 12:30:19.941000,1.08172,1.0817,1250000,1500000
2019-07-16 12:30:20.091000,1.08174,1.08169,1250000,1870000
2019-07-16 12:30:20.142000,1.08174,1.08169,1250000,1000000
2019-07-16 12:30:20.244000,1.08174,1.08167,1250000,1750000
2019-07-16 12:30:20.396000,1.08174,1.08167,1750000,1250000
2019-07-16 12:30:20.540000,1.08174,1.08169,2500000,1000000
2019-07-16 12:30:20.642000,1.08174,1.08171,1250000,1000000
2019-07-16 12:30:20.743000,1.08177,1.08171,1250000,1250000
2019-07-16 12:30:20.987000,1.08174,1.08167,1000000,4750000
2019-07-16 12:30:21.089000,1.08175,1.0817,1500000,2250000
2019-07-16 12:30:21.191000,1.08175,1.0817,1130000,1000000
2019-07-16 12:30:21.293000,1.08177,1.08168,1750000,1750000
2019-07-16 12:30:21.396000,1.08177,1.08168,2500000,1750000
2019-07-16 12:30:21.498000,1.08177,1.08168,1750000,1750000
2019-07-16 12:30:21.702000,1.08176,1.08168,1750000,1250000
2019-07-16 12:30:21.804000,1.08169,1.08165,1750000,1000000
2019-07-16 12:30:21.866000,1.08167,1.08162,1000000,1500000
2019-07-16 12:30:21.918000,1.08164,1.08161,1500000,1250000
2019-07-16 12:30:22.019000,1.08162,1.08155,3000000,1750000
2019-07-16 12:30:22.121000,1.08161,1.08156,1000000,1250000
2019-07-16 12:30:22.172000,1.08162,1.08153,2440000,1250000
2019-07-16 12:30:22.363000,1.08162,1.08155,1500000,1250000
2019-07-16 12:30:22.670000,1.08162,1.08154,1500000,2500000
2019-07-16 12:30:22.775000,1.08163,1.08156,1500000,1250000
2019-07-16 12:30:22.877000,1.08162,1.08155,1000000,1250000
2019-07-16 12:30:22.978000,1.08161,1.08155,1000000,1250000
2019-07-16 12:30:23.312000,1.08161,1.08154,3250000,1690000
2019-07-16 12:30:23.465000,1.08161,1.08154,3940000,1750000
2019-07-16 12:30:23.617000,1.0816,1.08154,1000000,1750000
2019-07-16 12:30:23.771000,1.08161,1.08154,2440000,1750000
2019-07-16 12:30:23.822000,1.08161,1.08154,2500000,1690000
2019-07-16 12:30:24.076000,1.08159,1.08154,1250000,1500000
2019-07-16 12:30:24.179000,1.0816,1.08153,1750000,3250000
2019-07-16 12:30:24.732000,1.0816,1.08157,1000000,1250000
2019-07-16 12:30:24.835000,1.08162,1.0816,1500000,1250000
2019-07-16 12:30:24.886000,1.08166,1.08161,1750000,1000000
2019-07-16 12:30:24.991000,1.08165,1.08159,1690000,1750000
2019-07-16 12:30:25.093000,1.08162,1.08159,1690000,2250000
2019-07-16 12:30:25.196000,1.08162,1.08157,1250000,3250000
2019-07-16 12:30:25.299000,1.08165,1.0816,4000000,1250000
2019-07-16 12:30:25.401000,1.08169,1.08165,2500000,1250000
2019-07-16 12:30:25.539000,1.0817,1.08165,5500000,1250000
2019-07-16 12:30:25.643000,1.08169,1.08165,1750000,1390000
2019-07-16 12:30:25.747000,1.08169,1.08165,1250000,2500000
2019-07-16 12:30:25.901000,1.08171,1.08166,1750000,1250000
2019-07-16 12:30:26.045000,1.08171,1.08167,1000000,1750000
2019-07-16 12:30:26.096000,1.08175,1.08169,1130000,1250000
2019-07-16 12:30:26.147000,1.08175,1.08171,1000000,1250000
2019-07-16 12:30:26.249000,1.08178,1.08174,1250000,1000000
2019-07-16 12:30:26.351000,1.0818,1.08172,1250000,4500000
2019-07-16 12:30:26.453000,1.08181,1.08172,1500000,4500000
2019-07-16 12:30:26.555000,1.08181,1.08173,1880000,1370000
2019-07-16 12:30:26.606000,1.08181,1.08172,1880000,4500000
2019-07-16 12:30:26.708000,1.08179,1.08173,1000000,1370000
2019-07-16 12:30:26.935000,1.08175,1.08172,1000000,2250000
2019-07-16 12:30:27.037000,1.08171,1.08169,1000000,1000000
2019-07-16 12:30:27.139000,1.08169,1.08164,1000000,1000000
2019-07-16 12:30:27.190000,1.0817,1.08166,1690000,1250000
2019-07-16 12:30:27.241000,1.08169,1.08165,1250000,1250000
2019-07-16 12:30:27.359000,1.08167,1.08165,2250000,1250000
2019-07-16 12:30:27.410000,1.08166,1.08161,1000000,1250000
2019-07-16 12:30:27.512000,1.08168,1.08161,1750000,1250000
2019-07-16 12:30:27.613000,1.08168,1.08161,1000000,1370000
2019-07-16 12:30:28.016000,1.08167,1.08161,1000000,1250000
2019-07-16 12:30:28.118000,1.08166,1.0816,1250000,2500000
2019-07-16 12:30:28.276000,1.08166,1.08159,1250000,1250000
2019-07-16 12:30:28.530000,1.08167,1.08164,1250000,2250000
2019-07-16 12:30:28.632000,1.08173,1.08169,1000000,3990000
2019-07-16 12:30:28.684000,1.08176,1.08174,3000000,1000000
2019-07-16 12:30:28.785000,1.08182,1.08176,2250000,1500000
2019-07-16 12:30:28.888000,1.0818,1.08178,1250000,1000000
2019-07-16 12:30:28.938000,1.08184,1.08178,2500000,1000000
2019-07-16 12:30:29.043000,1.08184,1.08178,1750000,1250000
2019-07-16 12:30:29.146000,1.08179,1.08178,1000000,1000000
2019-07-16 12:30:29.250000,1.0818,1.08174,2250000,1750000
2019-07-16 12:30:29.351000,1.0818,1.08174,2440000,1500000
2019-07-16 12:30:29.402000,1.0818,1.08174,3250000,1500000
2019-07-16 12:30:29.453000,1.0818,1.08174,2440000,1750000
2019-07-16 12:30:30.120000,1.08167,1.08165,1000000,1000000
2019-07-16 12:30:30.198000,1.08166,1.08163,1250000,1500000
2019-07-16 12:30:30.250000,1.08166,1.08161,1500000,1650000
2019-07-16 12:30:30.353000,1.08166,1.08161,1500000,1750000
2019-07-16 12:30:30.404000,1.08166,1.08161,1690000,1750000
2019-07-16 12:30:30.505000,1.08165,1.08161,1000000,1750000
2019-07-16 12:30:30.615000,1.08165,1.0816,1000000,1250000
2019-07-16 12:30:30.668000,1.08159,1.08157,1500000,1000000
2019-07-16 12:30:30.719000,1.0816,1.08154,4000000,1000000
2019-07-16 12:30:30.822000,1.08159,1.08154,1500000,1000000
2019-07-16 12:30:30.873000,1.08159,1.08155,1000000,1250000
2019-07-16 12:30:30.977000,1.08159,1.08154,1250000,2440000
2019-07-16 12:30:31.029000,1.08159,1.08156,1750000,1250000
2019-07-16 12:30:31.182000,1.08159,1.08157,1250000,1000000
2019-07-16 12:30:31.283000,1.0816,1.08158,1250000,1500000
2019-07-16 12:30:31.440000,1.08165,1.08164,1120000,1000000
2019-07-16 12:30:31.593000,1.08167,1.08164,1000000,2250000
2019-07-16 12:30:31.694000,1.08166,1.08163,1250000,1250000
2019-07-16 12:30:31.905000,1.08166,1.08161,1750000,1000000
2019-07-16 12:30:32.007000,1.08163,1.0816,1000000,2440000
2019-07-16 12:30:32.109000,1.08164,1.08161,1250000,1000000
2019-07-16 12:30:32.160000,1.08164,1.08161,1250000,1000000
2019-07-16 12:30:32.261000,1.08164,1.0816,1250000,2250000
2019-07-16 12:30:32.390000,1.08164,1.0816,1000000,1000000
2019-07-16 12:30:32.746000,1.08164,1.0816,1250000,1000000
2019-07-16 12:30:32.946000,1.08162,1.0816,1000000,1000000
2019-07-16 12:30:33.047000,1.08161,1.08155,1000000,3500000
2019-07-16 12:30:33.149000,1.0816,1.08154,1690000,1750000
2019-07-16 12:30:33.834000,1.0816,1.08157,1500000,1250000
2019-07-16 12:30:33.936000,1.08161,1.08157,1500000,1250000
2019-07-16 12:30:34.051000,1.0816,1.08156,1000000,2440000
2019-07-16 12:30:34.153000,1.0816,1.08154,1370000,4500000
2019-07-16 12:30:34.306000,1.0816,1.08157,1690000,1000000
2019-07-16 12:30:34.357000,1.08169,1.08163,3250000,2350000
2019-07-16 12:30:34.408000,1.08175,1.08171,1750000,2350000
2019-07-16 12:30:34.546000,1.08175,1.08173,1000000,1250000
2019-07-16 12:30:34.650000,1.08174,1.08171,1000000,1250000
2019-07-16 12:30:34.751000,1.08169,1.08155,48560001,2750000
2019-07-16 12:30:34.802000,1.0815,1.08147,1250000,2000000
2019-07-16 12:30:34.899000,1.08151,1.0815,1000000,1000000
2019-07-16 12:30:34.951000,1.08155,1.08153,1000000,1050000
2019-07-16 12:30:35.053000,1.08153,1.08151,1250000,1870000
2019-07-16 12:30:35.155000,1.08155,1.0815,1000000,1370000
2019-07-16 12:30:35.257000,1.08154,1.0815,1000000,2120000
2019-07-16 12:30:35.362000,1.08155,1.0815,1000000,1750000
2019-07-16 12:30:35.464000,1.08154,1.0815,1000000,1750000
2019-07-16 12:30:35.668000,1.08154,1.0815,1000000,1690000
2019-07-16 12:30:35.771000,1.08156,1.0815,2500000,3190000
2019-07-16 12:30:35.897000,1.08156,1.0815,1000000,4000000
2019-07-16 12:30:35.999000,1.08155,1.0815,1250000,2440000
2019-07-16 12:30:36.101000,1.08155,1.0815,1000000,2500000
2019-07-16 12:30:36.203000,1.08157,1.08153,1000000,1250000
2019-07-16 12:30:36.458000,1.08158,1.08154,2250000,2440000
2019-07-16 12:30:36.560000,1.0816,1.08158,1750000,1000000
2019-07-16 12:30:36.714000,1.08158,1.08154,1500000,1500000
2019-07-16 12:30:36.816000,1.08154,1.08153,1000000,2250000
2019-07-16 12:30:36.915000,1.08154,1.0815,1000000,1250000
2019-07-16 12:30:37.182000,1.08153,1.0815,1000000,1250000
2019-07-16 12:30:37.285000,1.08152,1.08149,1000000,1000000
2019-07-16 12:30:37.336000,1.0815,1.08149,1000000,1000000
2019-07-16 12:30:37.471000,1.0815,1.08147,1000000,1750000
2019-07-16 12:30:37.624000,1.08149,1.08147,1250000,1500000
2019-07-16 12:30:37.725000,1.08149,1.08144,1250000,3250000
2019-07-16 12:30:38.213000,1.08147,1.08145,1000000,1000000
2019-07-16 12:30:38.265000,1.08147,1.08142,1500000,1750000
2019-07-16 12:30:38.316000,1.08149,1.08143,3000000,1370000
2019-07-16 12:30:38.571000,1.08149,1.08144,1750000,3250000
2019-07-16 12:30:38.705000,1.08152,1.0815,2500000,1000000
2019-07-16 12:30:38.808000,1.08157,1.08152,2290000,1250000
2019-07-16 12:30:38.859000,1.08156,1.08151,1000000,1820000
2019-07-16 12:30:39.012000,1.08156,1.08151,1250000,1010000
2019-07-16 12:30:39.114000,1.08157,1.08152,1750000,1500000
2019-07-16 12:30:39.244000,1.08154,1.08149,2500000,1250000
2019-07-16 12:30:39.548000,1.08154,1.0815,2890000,1250000
2019-07-16 12:30:39.650000,1.08154,1.08151,1450000,1250000
2019-07-16 12:30:40.196000,1.08153,1.08148,1850000,5810000
2019-07-16 12:30:40.299000,1.08154,1.08148,2060000,1250000
2019-07-16 12:30:40.366000,1.08154,1.08151,1850000,1250000
2019-07-16 12:30:40.521000,1.08154,1.08152,1450000,1000000
2019-07-16 12:30:40.624000,1.08155,1.08151,1450000,1750000
2019-07-16 12:30:40.727000,1.08156,1.08151,1910000,1250000
2019-07-16 12:30:40.830000,1.08155,1.08152,1100000,1000000
2019-07-16 12:30:40.932000,1.08155,1.08152,1620000,1000000
2019-07-16 12:30:40.984000,1.08148,1.08144,1000000,4500000
2019-07-16 12:30:41.087000,1.08149,1.08145,1000000,1000000
2019-07-16 12:30:41.139000,1.0815,1.08147,1000000,1500000
2019-07-16 12:30:41.190000,1.08155,1.0815,1120000,1750000
2019-07-16 12:30:41.241000,1.08155,1.0815,1750000,2250000
2019-07-16 12:30:41.356000,1.08155,1.08153,1500000,1000000
2019-07-16 12:30:41.407000,1.08155,1.08151,2100000,1500000
2019-07-16 12:30:41.509000,1.08154,1.08151,1600000,1000000
2019-07-16 12:30:41.611000,1.08153,1.0815,1000000,1250000
2019-07-16 12:30:41.712000,1.08154,1.0815,3100000,1250000
2019-07-16 12:30:41.875000,1.08154,1.08149,1850000,2250000
2019-07-16 12:30:41.926000,1.08154,1.08149,2350000,1750000
2019-07-16 12:30:42.029000,1.08153,1.0815,1690000,1000000
2019-07-16 12:30:42.130000,1.08154,1.0815,2350000,1500000
2019-07-16 12:30:42.232000,1.08154,1.0815,2660000,1690000
2019-07-16 12:30:42.345000,1.08154,1.0815,2660000,2440000
2019-07-16 12:30:42.447000,1.08154,1.0815,4440000,1250000
2019-07-16 12:30:42.616000,1.08154,1.0815,1250000,1250000
2019-07-16 12:30:42.768000,1.08154,1.0815,3410000,1690000
2019-07-16 12:30:42.870000,1.08152,1.08149,3070000,1000000
2019-07-16 12:30:42.944000,1.08151,1.08147,1370000,1000000
2019-07-16 12:30:42.996000,1.08147,1.08146,1000000,1690000
2019-07-16 12:30:43.098000,1.08147,1.08141,2250000,1250000
2019-07-16 12:30:43.152000,1.08147,1.08141,2500000,1250000
2019-07-16 12:30:43.254000,1.08143,1.08139,1000000,1250000
2019-07-16 12:30:43.405000,1.08144,1.08138,1500000,4000000
2019-07-16 12:30:43.507000,1.08141,1.08137,1000000,1250000
2019-07-16 12:30:43.610000,1.08144,1.08138,1690000,1750000
2019-07-16 12:30:43.712000,1.08144,1.08137,1750000,1690000
2019-07-16 12:30:43.868000,1.08145,1.08139,2500000,2250000
2019-07-16 12:30:44.022000,1.08145,1.0814,2500000,1000000
2019-07-16 12:30:44.277000,1.08146,1.08142,2500000,1000000
2019-07-16 12:30:44.412000,1.08148,1.08144,2660000,1870000
2019-07-16 12:30:44.514000,1.08148,1.08145,1720000,1000000
2019-07-16 12:30:44.618000,1.08149,1.08144,2350000,1500000
2019-07-16 12:30:44.720000,1.08149,1.08144,2350000,1750000
2019-07-16 12:30:44.824000,1.08149,1.08144,2350000,1750000
2019-07-16 12:30:45.461000,1.08142,1.0814,1000000,1500000
2019-07-16 12:30:45.512000,1.08142,1.08137,1250000,1250000
2019-07-16 12:30:45.564000,1.08139,1.08136,1000000,1250000
2019-07-16 12:30:45.666000,1.08139,1.08134,4220000,3250000
2019-07-16 12:30:45.769000,1.08139,1.08135,1450000,1250000
2019-07-16 12:30:45.870000,1.0814,1.08136,2660000,1800000
2019-07-16 12:30:45.975000,1.0814,1.08136,2200000,1250000
2019-07-16 12:30:47.014000,1.08138,1.08136,1000000,4000000
2019-07-16 12:30:47.136000,1.08137,1.08136,2250000,3940000
2019-07-16 12:30:47.188000,1.08137,1.08132,2350000,1690000
2019-07-16 12:30:47.341000,1.08137,1.08132,3100000,1000000
2019-07-16 12:30:47.756000,1.08137,1.08131,3100000,3190000
2019-07-16 12:30:48.430000,1.08134,1.08131,1250000,1690000
2019-07-16 12:30:48.534000,1.08132,1.08129,1250000,1690000
2019-07-16 12:30:48.636000,1.08134,1.0813,1450000,3700000
2019-07-16 12:30:48.738000,1.08136,1.08132,1910000,1250000
2019-07-16 12:30:48.789000,1.08136,1.08132,1390000,1250000
2019-07-16 12:30:48.890000,1.08137,1.08133,3040000,1250000
2019-07-16 12:30:49.197000,1.08135,1.08133,1000000,1250000
2019-07-16 12:30:49.248000,1.08137,1.08136,1250000,1000000
2019-07-16 12:30:49.350000,1.08138,1.08136,1390000,3940000
2019-07-16 12:30:49.865000,1.08137,1.08135,1000000,5440000
2019-07-16 12:30:49.916000,1.08136,1.08133,1200000,1370000
2019-07-16 12:30:50.018000,1.08138,1.08136,1250000,2250000
2019-07-16 12:30:50.074000,1.08139,1.08136,1390000,2500000
2019-07-16 12:30:50.176000,1.08138,1.08136,1000000,4750000
2019-07-16 12:30:50.380000,1.0814,1.08136,2500000,4750000
2019-07-16 12:30:50.481000,1.0814,1.08138,1250000,1000000
2019-07-16 12:30:50.592000,1.08145,1.08142,1950000,3500000
2019-07-16 12:30:50.846000,1.08144,1.08141,1750000,1690000
2019-07-16 12:30:51.100000,1.08139,1.08137,1750000,1870000
2019-07-16 12:30:51.151000,1.08139,1.08136,1750000,3940000
2019-07-16 12:30:51.253000,1.08137,1.08136,1000000,3940000
2019-07-16 12:30:51.355000,1.08136,1.08134,1000000,1750000
2019-07-16 12:30:51.407000,1.08134,1.08133,1000000,2060000
2019-07-16 12:30:51.560000,1.08136,1.08133,1200000,1250000
2019-07-16 12:30:51.611000,1.08138,1.08135,1690000,2250000
2019-07-16 12:30:51.681000,1.08138,1.08137,1000000,1000000
2019-07-16 12:30:51.732000,1.0814,1.08136,1200000,3250000
2019-07-16 12:30:52.040000,1.0814,1.08137,2070000,1250000
2019-07-16 12:30:52.209000,1.08142,1.08141,1250000,1000000
2019-07-16 12:30:52.261000,1.08141,1.08138,1000000,3790000
2019-07-16 12:30:52.363000,1.0814,1.08138,1000000,1250000
2019-07-16 12:30:52.871000,1.08139,1.08137,1750000,1120000
2019-07-16 12:30:52.973000,1.08139,1.08136,1820000,3940000
2019-07-16 12:30:53.075000,1.08137,1.08136,1000000,1250000
2019-07-16 12:30:53.177000,1.08136,1.08134,1250000,1120000
2019-07-16 12:30:53.278000,1.08135,1.08133,1000000,1500000
2019-07-16 12:30:53.380000,1.08136,1.08133,1760000,1000000
2019-07-16 12:30:53.512000,1.08136,1.08132,2140000,1250000
2019-07-16 12:30:53.614000,1.08138,1.08136,2250000,1250000
2019-07-16 12:30:53.716000,1.08139,1.08136,1000000,3560000
2019-07-16 12:30:54.060000,1.08139,1.08138,1000000,1000000
2019-07-16 12:30:54.112000,1.08142,1.0814,1250000,1310000
2019-07-16 12:30:54.163000,1.08143,1.08142,1250000,1000000
2019-07-16 12:30:54.266000,1.08145,1.08143,1000000,1000000
2019-07-16 12:30:55.229000,1.08145,1.08142,1000000,1370000
2019-07-16 12:30:55.485000,1.08146,1.08142,1100000,4370000
2019-07-16 12:30:55.736000,1.08143,1.08142,1000000,3670000
2019-07-16 12:30:55.787000,1.08141,1.08139,1000000,1250000
2019-07-16 12:30:56.041000,1.08141,1.08139,1100000,1000000
2019-07-16 12:30:56.143000,1.08141,1.08137,1100000,1750000
2019-07-16 12:30:56.244000,1.08141,1.08137,2100000,1250000
2019-07-16 12:30:56.719000,1.08139,1.08137,1000000,1370000
2019-07-16 12:30:57.068000,1.0814,1.08137,1000000,2120000
2019-07-16 12:30:58.422000,1.0814,1.08137,1000000,2120000
2019-07-16 12:30:59.713000,1.0814,1.08137,1750000,1250000
2019-07-16 12:30:59.764000,1.08144,1.08141,7000000,1250000
2019-07-16 12:30:59.866000,1.08144,1.08142,1000000,2440000
2019-07-16 12:30:59.971000,1.08146,1.08143,1500000,1250000
2019-07-16 12:31:00.074000,1.08145,1.08143,1000000,1250000
2019-07-16 12:31:00.176000,1.08146,1.08143,1000000,1250000
2019-07-16 12:31:00.322000,1.08149,1.08146,1760000,3250000
2019-07-16 12:31:00.424000,1.08148,1.08146,1000000,3100000
2019-07-16 12:31:00.475000,1.08145,1.08143,1690000,1010000
2019-07-16 12:31:00.578000,1.08146,1.08142,1000000,4750000
2019-07-16 12:31:00.726000,1.08147,1.08142,2140000,4000000
2019-07-16 12:31:00.828000,1.08147,1.08143,1500000,1750000
2019-07-16 12:31:00.930000,1.08148,1.08143,3640000,2500000
2019-07-16 12:31:02.219000,1.08147,1.08143,1000000,1250000
2019-07-16 12:31:03.517000,1.08149,1.08147,1250000,1000000
2019-07-16 12:31:03.619000,1.0815,1.08148,1250000,2260000
2019-07-16 12:31:03.720000,1.0815,1.08148,1690000,1760000
2019-07-16 12:31:03.946000,1.08152,1.08149,4120000,1120000
2019-07-16 12:31:03.997000,1.08152,1.08149,4500000,2120000
2019-07-16 12:31:04.098000,1.08152,1.08149,1950000,1310000
2019-07-16 12:31:04.149000,1.08153,1.08151,1690000,1350000
2019-07-16 12:31:04.288000,1.08154,1.08151,1250000,1250000
2019-07-16 12:31:04.390000,1.08153,1.0815,1690000,2620000
2019-07-16 12:31:04.492000,1.08152,1.0815,1000000,2620000
2019-07-16 12:31:04.594000,1.08153,1.08149,2290000,2060000
2019-07-16 12:31:04.709000,1.08151,1.08149,1000000,1310000
2019-07-16 12:31:05.547000,1.08151,1.08148,2700000,1760000
2019-07-16 12:31:05.649000,1.08152,1.08149,1200000,1250000
2019-07-16 12:31:05.750000,1.08154,1.0815,4200000,2620000
2019-07-16 12:31:05.801000,1.08153,1.0815,1250000,1120000
2019-07-16 12:31:05.907000,1.08152,1.08149,1200000,1310000
2019-07-16 12:31:06.060000,1.08151,1.08148,1000000,4440000
2019-07-16 12:31:06.162000,1.08152,1.0815,1000000,1000000
2019-07-16 12:31:06.369000,1.0815,1.08147,2250000,4000000
2019-07-16 12:31:06.478000,1.08149,1.08146,1250000,1620000
2019-07-16 12:31:06.580000,1.08147,1.08145,1000000,1250000
2019-07-16 12:31:06.631000,1.08147,1.08144,1500000,1250000
2019-07-16 12:31:06.935000,1.08146,1.08143,1000000,1250000
2019-07-16 12:31:07.046000,1.08146,1.08143,1000000,1250000
2019-07-16 12:31:07.198000,1.08147,1.08144,1250000,1000000
2019-07-16 12:31:07.453000,1.08147,1.08145,1000000,1000000
2019-07-16 12:31:07.555000,1.08148,1.08145,2140000,1120000
2019-07-16 12:31:07.822000,1.08147,1.08144,1500000,1250000
2019-07-16 12:31:07.929000,1.0815,1.08149,1310000,1000000
2019-07-16 12:31:08.031000,1.0815,1.08149,1000000,1000000
2019-07-16 12:31:08.133000,1.0815,1.08148,1500000,3940000
2019-07-16 12:31:08.240000,1.08149,1.08146,1000000,1370000
2019-07-16 12:31:08.343000,1.08148,1.08145,1390000,1250000
2019-07-16 12:31:08.445000,1.08149,1.08146,2660000,1250000
2019-07-16 12:31:08.548000,1.0815,1.08148,2560000,1000000
2019-07-16 12:31:08.651000,1.0815,1.08148,1000000,1250000
2019-07-16 12:31:08.762000,1.0815,1.08149,1000000,1000000
2019-07-16 12:31:08.867000,1.08153,1.08151,1910000,1250000
2019-07-16 12:31:09.040000,1.08153,1.08151,1010000,1250000
2019-07-16 12:31:09.359000,1.08157,1.08155,1010000,1000000
2019-07-16 12:31:09.461000,1.08155,1.08153,1500000,1250000
2019-07-16 12:31:09.563000,1.08153,1.0815,1690000,1500000
2019-07-16 12:31:09.665000,1.08153,1.08149,3660000,1310000
2019-07-16 12:31:09.766000,1.08152,1.0815,1390000,1000000
2019-07-16 12:31:09.915000,1.08152,1.08149,1010000,1120000
2019-07-16 12:31:10.069000,1.08152,1.0815,1250000,1000000
2019-07-16 12:31:11.221000,1.08152,1.08149,1690000,1120000
2019-07-16 12:31:11.903000,1.08153,1.0815,1390000,1000000
2019-07-16 12:31:12.209000,1.08153,1.0815,1250000,1250000
2019-07-16 12:31:12.412000,1.08155,1.08152,5350000,1250000
2019-07-16 12:31:12.542000,1.08153,1.0815,2890000,1310000
2019-07-16 12:31:12.695000,1.08151,1.08149,1250000,1620000
2019-07-16 12:31:12.797000,1.08149,1.08146,2570000,1000000
2019-07-16 12:31:12.919000,1.08147,1.08144,1010000,1690000
2019-07-16 12:31:13.020000,1.08147,1.08144,1450000,1000000
2019-07-16 12:31:15.141000,1.08148,1.08145,2350000,1690000
2019-07-16 12:31:15.196000,1.0815,1.08148,1000000,3250000
2019-07-16 12:31:15.348000,1.08151,1.08149,1010000,1000000
2019-07-16 12:31:16.092000,1.08152,1.08149,2200000,1000000
2019-07-16 12:31:19.570000,1.0815,1.08148,1250000,5120000
2019-07-16 12:31:19.621000,1.08148,1.08146,1250000,1310000
2019-07-16 12:31:19.723000,1.08148,1.08145,3410000,1000000
2019-07-16 12:31:19.825000,1.08146,1.08143,1100000,2060000
2019-07-16 12:31:21.061000,1.08145,1.08143,1750000,1000000
2019-07-16 12:31:21.163000,1.08144,1.08142,3250000,3750000
2019-07-16 12:31:21.306000,1.08143,1.08141,1690000,1310000
2019-07-16 12:31:21.459000,1.0814,1.08139,1250000,1300000
2019-07-16 12:31:21.611000,1.0814,1.08137,1000000,1310000
2019-07-16 12:31:22.408000,1.08138,1.08136,1000000,6130000
2019-07-16 12:31:22.524000,1.08139,1.08136,2910000,1500000
2019-07-16 12:31:22.676000,1.08139,1.08136,2890000,3370000
2019-07-16 12:31:22.778000,1.08139,1.08135,2890000,7120000
2019-07-16 12:31:23.540000,1.08138,1.08135,1250000,5500000
2019-07-16 12:31:23.642000,1.0814,1.08136,4970000,2420000
2019-07-16 12:31:24.006000,1.08141,1.08138,1950000,2500000
2019-07-16 12:31:24.107000,1.08142,1.08139,1850000,1250000
2019-07-16 12:31:24.209000,1.08142,1.08139,1220000,1000000
2019-07-16 12:31:24.310000,1.08142,1.08139,1000000,1750000
2019-07-16 12:31:24.921000,1.08142,1.08139,1410000,1750000
2019-07-16 12:31:24.973000,1.08143,1.0814,1100000,3560000
2019-07-16 12:31:25.024000,1.08145,1.08142,5290000,1500000
2019-07-16 12:31:25.076000,1.08146,1.08143,1970000,1310000
2019-07-16 12:31:25.179000,1.08146,1.08143,1100000,1310000
2019-07-16 12:31:25.297000,1.08147,1.08144,1410000,2250000
2019-07-16 12:31:25.399000,1.08147,1.08144,1010000,1120000
2019-07-16 12:31:25.754000,1.08148,1.08145,1450000,1000000
2019-07-16 12:31:25.957000,1.08148,1.08145,2720000,1000000
2019-07-16 12:31:26.134000,1.08147,1.08144,1390000,1120000
2019-07-16 12:31:26.236000,1.08147,1.08144,1850000,1000000
2019-07-16 12:31:26.775000,1.08147,1.08144,1390000,1000000
2019-07-16 12:31:26.876000,1.08147,1.08144,1410000,1000000
2019-07-16 12:31:27.079000,1.08147,1.08144,1250000,1000000
2019-07-16 12:31:27.185000,1.08147,1.08144,1410000,1000000
2019-07-16 12:31:27.529000,1.08147,1.08144,1390000,1000000
2019-07-16 12:31:27.631000,1.08147,1.08144,1410000,1000000
2019-07-16 12:31:27.810000,1.08148,1.08146,1850000,1000000
2019-07-16 12:31:28.244000,1.08149,1.08145,4600000,1500000
2019-07-16 12:31:28.397000,1.08149,1.08145,4160000,1250000
2019-07-16 12:31:28.553000,1.08149,1.08145,1450000,2500000
2019-07-16 12:31:28.756000,1.08148,1.08145,3100000,1000000
2019-07-16 12:31:28.858000,1.08147,1.08144,1850000,1000000
2019-07-16 12:31:29.062000,1.08148,1.08145,1250000,1000000
2019-07-16 12:31:29.146000,1.08149,1.08146,2250000,1000000
2019-07-16 12:31:29.249000,1.08149,1.08147,2140000,1250000
2019-07-16 12:31:29.453000,1.0815,1.08148,1850000,1250000
2019-07-16 12:31:29.685000,1.08151,1.08149,1310000,2440000
2019-07-16 12:31:29.736000,1.0816,1.08159,3000000,1000000
2019-07-16 12:31:29.801000,1.08164,1.08161,1000000,4200000
2019-07-16 12:31:29.852000,1.08161,1.08159,1310000,1000000
2019-07-16 12:31:29.956000,1.08157,1.08155,1000000,1620000
2019-07-16 12:31:30.007000,1.08155,1.08153,1500000,5660000
2019-07-16 12:31:30.109000,1.08154,1.08152,1000000,1000000
2019-07-16 12:31:30.211000,1.08153,1.08151,1000000,1250000
2019-07-16 12:31:30.313000,1.08153,1.0815,1870000,1750000
2019-07-16 12:31:30.567000,1.08152,1.0815,1220000,1000000
2019-07-16 12:31:30.692000,1.08152,1.0815,1200000,1000000
2019-07-16 12:31:30.881000,1.08153,1.0815,3640000,1000000
2019-07-16 12:31:31.086000,1.08152,1.0815,1200000,1000000
2019-07-16 12:31:31.188000,1.08153,1.0815,3260000,1000000
2019-07-16 12:31:31.329000,1.08153,1.08149,3260000,1250000
2019-07-16 12:31:31.699000,1.08153,1.08149,2660000,1000000
2019-07-16 12:31:31.801000,1.08148,1.08147,1000000,2440000
2019-07-16 12:31:31.852000,1.08146,1.08143,1450000,1250000
2019-07-16 12:31:31.954000,1.08145,1.08142,1750000,3190000
2019-07-16 12:31:32.071000,1.08145,1.08142,1200000,1760000
2019-07-16 12:31:32.173000,1.08144,1.08142,1350000,1200000
2019-07-16 12:31:32.275000,1.08144,1.08142,1250000,1000000
2019-07-16 12:31:32.814000,1.08145,1.08142,2910000,1000000
2019-07-16 12:31:32.967000,1.08146,1.08141,4970000,2060000
2019-07-16 12:31:33.069000,1.08146,1.08141,4970000,2060000
2019-07-16 12:31:33.170000,1.08144,1.08142,1450000,1200000
2019-07-16 12:31:33.282000,1.08143,1.08141,2570000,1000000
2019-07-16 12:31:33.336000,1.08141,1.08139,1000000,1250000
2019-07-16 12:31:33.386000,1.08142,1.08139,1310000,1250000
2019-07-16 12:31:33.438000,1.08139,1.08138,1120000,1500000
2019-07-16 12:31:33.490000,1.08138,1.08133,2620000,4500000
2019-07-16 12:31:33.542000,1.08137,1.08135,1950000,1370000
2019-07-16 12:31:33.695000,1.08138,1.08135,4910000,1400000
2019-07-16 12:31:33.797000,1.08138,1.08136,1450000,2620000
2019-07-16 12:31:33.898000,1.08139,1.08135,2350000,2520000
2019-07-16 12:31:34.152000,1.08139,1.08137,1470000,1000000
2019-07-16 12:31:34.264000,1.08141,1.08137,1820000,1500000
2019-07-16 12:31:34.366000,1.08141,1.08137,1350000,1690000
2019-07-16 12:31:34.467000,1.08141,1.08137,1010000,1690000
2019-07-16 12:31:34.655000,1.08141,1.08138,1310000,1000000
2019-07-16 12:31:35.241000,1.08142,1.08139,1810000,1000000
2019-07-16 12:31:35.292000,1.08143,1.08139,1810000,1750000
2019-07-16 12:31:35.393000,1.08143,1.08139,1870000,1950000
2019-07-16 12:31:35.445000,1.08144,1.08141,3250000,1250000
2019-07-16 12:31:35.596000,1.08144,1.08142,1250000,2620000
2019-07-16 12:31:35.647000,1.08147,1.08142,2120000,5100000
2019-07-16 12:31:35.748000,1.08148,1.08143,3370000,2140000
2019-07-16 12:31:36.053000,1.08147,1.08144,1310000,1000000
2019-07-16 12:31:39.802000,1.08148,1.08145,2570000,1000000
2019-07-16 12:31:40.208000,1.08149,1.08146,2120000,1000000
2019-07-16 12:31:40.325000,1.08149,1.08147,2060000,1000000
2019-07-16 12:31:40.379000,1.08152,1.08149,2350000,1000000
2019-07-16 12:31:40.481000,1.08152,1.08149,2290000,1000000
2019-07-16 12:31:40.826000,1.08152,1.0815,1390000,1000000
2019-07-16 12:31:40.927000,1.08153,1.08149,3470000,1000000
2019-07-16 12:31:41.458000,1.08153,1.08149,3470000,1000000
2019-07-16 12:31:42.281000,1.08153,1.08149,4220000,1000000
2019-07-16 12:31:43.463000,1.0815,1.08148,1870000,2440000
2019-07-16 12:31:43.565000,1.08148,1.08145,2820000,1690000
2019-07-16 12:31:43.718000,1.08149,1.08148,1390000,1500000
2019-07-16 12:31:43.779000,1.08151,1.08148,2500000,1000000
2019-07-16 12:31:43.830000,1.08152,1.0815,1200000,1000000
2019-07-16 12:31:43.932000,1.08152,1.08149,2160000,1000000
2019-07-16 12:31:44.034000,1.08152,1.08149,1250000,1000000
2019-07-16 12:31:44.761000,1.08151,1.08149,1690000,1250000
2019-07-16 12:31:44.812000,1.08149,1.08146,1310000,1650000
2019-07-16 12:31:44.863000,1.08149,1.08146,2120000,1250000
2019-07-16 12:31:45.227000,1.0815,1.08147,6640000,1000000
2019-07-16 12:31:45.278000,1.08151,1.08149,1850000,1000000
2019-07-16 12:31:45.380000,1.08153,1.0815,5720000,1000000
2019-07-16 12:31:45.431000,1.0815,1.08148,1000000,2440000
2019-07-16 12:31:45.558000,1.08149,1.08146,1200000,1250000
2019-07-16 12:31:45.609000,1.08147,1.08145,1000000,1250000
2019-07-16 12:31:45.712000,1.08144,1.08142,1000000,1000000
2019-07-16 12:31:45.814000,1.08142,1.0814,1200000,1250000
2019-07-16 12:31:45.866000,1.08138,1.08136,1000000,1000000
2019-07-16 12:31:46.018000,1.08137,1.08134,1120000,1250000
2019-07-16 12:31:46.070000,1.08136,1.08133,1200000,2060000
2019-07-16 12:31:46.121000,1.08137,1.08135,1500000,1250000
2019-07-16 12:31:46.223000,1.08138,1.08134,1450000,1000000
2019-07-16 12:31:46.274000,1.08139,1.08136,1220000,2250000
2019-07-16 12:31:46.325000,1.08139,1.08135,1350000,2620000
2019-07-16 12:31:46.376000,1.0814,1.08137,2600000,1500000
2019-07-16 12:31:46.574000,1.0814,1.08137,1450000,1500000
2019-07-16 12:31:46.914000,1.08141,1.08138,2600000,1000000
2019-07-16 12:31:47.016000,1.08141,1.08138,1350000,1000000
2019-07-16 12:31:47.545000,1.08141,1.08137,1350000,1500000
2019-07-16 12:31:47.647000,1.08139,1.08137,1250000,1500000
2019-07-16 12:31:48.409000,1.08139,1.08136,2200000,1690000
2019-07-16 12:31:48.511000,1.08137,1.08135,1250000,2250000
2019-07-16 12:31:48.620000,1.08137,1.08135,1850000,1000000
2019-07-16 12:31:48.722000,1.08137,1.08134,1820000,1500000
2019-07-16 12:31:48.926000,1.08136,1.08134,1250000,1000000
2019-07-16 12:31:49.028000,1.08136,1.08134,1820000,1000000
2019-07-16 12:31:49.935000,1.08136,1.08134,1010000,1000000
2019-07-16 12:31:50.140000,1.08137,1.08135,1010000,1000000
2019-07-16 12:31:50.242000,1.08139,1.08138,1390000,1000000
2019-07-16 12:31:50.344000,1.08141,1.08139,1010000,1500000
2019-07-16 12:31:53.296000,1.08142,1.0814,2290000,1250000
2019-07-16 12:31:53.398000,1.08144,1.08143,1690000,1500000
2019-07-16 12:31:53.500000,1.08145,1.08143,1000000,1000000
2019-07-16 12:31:53.632000,1.08146,1.08144,1010000,1000000
2019-07-16 12:31:55.794000,1.08149,1.08147,3000000,1000000
2019-07-16 12:31:55.997000,1.0815,1.08148,2320000,1800000
2019-07-16 12:31:56.607000,1.08152,1.08151,3940000,1000000
2019-07-16 12:31:56.709000,1.08153,1.08151,1390000,1690000
2019-07-16 12:31:57.273000,1.08154,1.08152,1250000,1000000
2019-07-16 12:31:57.324000,1.08155,1.08152,1310000,1000000
2019-07-16 12:31:57.486000,1.08154,1.08152,1250000,1000000
2019-07-16 12:31:57.842000,1.08154,1.08151,1820000,1690000
2019-07-16 12:31:58.371000,1.08152,1.0815,5600000,1250000
2019-07-16 12:31:58.422000,1.0815,1.08147,2620000,1690000
2019-07-16 12:31:58.525000,1.08149,1.08147,1450000,1500000
2019-07-16 12:31:58.626000,1.08149,1.08146,2120000,1250000
2019-07-16 12:31:58.850000,1.08148,1.08145,1200000,1690000
2019-07-16 12:31:59.105000,1.08147,1.08144,1100000,1310000
2019-07-16 12:32:01.111000,1.08147,1.08145,1200000,1000000
2019-07-16 12:32:01.223000,1.08147,1.08144,1950000,1250000
2019-07-16 12:32:01.325000,1.08148,1.08145,3410000,1000000
2019-07-16 12:32:01.426000,1.08147,1.08144,1120000,1250000
2019-07-16 12:32:01.630000,1.08145,1.08143,1250000,1000000
2019-07-16 12:32:01.768000,1.08145,1.08142,1750000,3940000
2019-07-16 12:32:01.922000,1.08142,1.08141,1310000,1870000
2019-07-16 12:32:01.973000,1.08142,1.08139,1310000,1000000
2019-07-16 12:32:02.025000,1.08141,1.08138,2290000,2250000
2019-07-16 12:32:02.127000,1.0814,1.08137,1760000,1000000
2019-07-16 12:32:02.295000,1.08139,1.08137,1350000,1120000
2019-07-16 12:32:02.447000,1.08139,1.08137,1250000,1000000
2019-07-16 12:32:02.600000,1.0814,1.08137,1370000,1000000
2019-07-16 12:32:02.703000,1.08141,1.08138,2120000,1000000
2019-07-16 12:32:02.821000,1.08143,1.0814,5320000,1250000
2019-07-16 12:32:02.924000,1.08145,1.08142,2500000,2810000
2019-07-16 12:32:03.096000,1.08144,1.08142,1250000,2620000
2019-07-16 12:32:03.478000,1.08144,1.08141,1750000,1250000
2019-07-16 12:32:04.244000,1.08143,1.0814,2720000,1000000
2019-07-16 12:32:04.393000,1.08141,1.08138,1250000,2370000
2019-07-16 12:32:04.497000,1.08141,1.08138,1250000,1870000
2019-07-16 12:32:07.130000,1.08142,1.08139,1370000,1000000
2019-07-16 12:32:08.081000,1.08144,1.08142,1250000,1000000
2019-07-16 12:32:08.656000,1.08145,1.08143,1690000,1000000
2019-07-16 12:32:08.758000,1.08146,1.08143,1820000,1120000
2019-07-16 12:32:08.860000,1.08147,1.08143,2140000,1310000
2019-07-16 12:32:09.031000,1.08147,1.08144,1310000,1000000
2019-07-16 12:32:10.473000,1.08148,1.08145,2060000,1000000
2019-07-16 12:32:10.574000,1.08149,1.08145,2140000,1120000
2019-07-16 12:32:11.247000,1.08147,1.08144,1000000,1950000
2019-07-16 12:32:14.368000,1.08147,1.08143,1310000,1250000
2019-07-16 12:32:14.471000,1.08146,1.08143,3370000,1000000
2019-07-16 12:32:14.573000,1.08143,1.08141,1250000,1850000
2019-07-16 12:32:14.694000,1.08142,1.08139,1000000,2950000
2019-07-16 12:32:14.796000,1.08142,1.08139,1250000,2120000
2019-07-16 12:32:17.960000,1.08142,1.08138,1370000,2620000
2019-07-16 12:32:18.011000,1.08139,1.08137,1370000,2700000
2019-07-16 12:32:18.114000,1.08139,1.08137,1370000,1000000
2019-07-16 12:32:18.316000,1.0814,1.08137,1810000,1000000
2019-07-16 12:32:18.578000,1.08139,1.08137,1370000,1000000
2019-07-16 12:32:18.782000,1.08139,1.08138,1310000,1000000
2019-07-16 12:32:19.980000,1.0814,1.08138,1810000,1000000
2019-07-16 12:32:20.178000,1.0814,1.08139,1000000,1000000
2019-07-16 12:32:20.532000,1.0814,1.08138,1000000,1250000
2019-07-16 12:32:20.634000,1.0814,1.08139,1000000,1000000
2019-07-16 12:32:23.603000,1.08138,1.08136,2250000,4000000
2019-07-16 12:32:23.654000,1.08136,1.08135,1120000,3750000
2019-07-16 12:32:23.801000,1.08139,1.08136,1570000,2500000
2019-07-16 12:32:23.902000,1.08139,1.08137,2570000,1000000
2019-07-16 12:32:24.004000,1.08139,1.08137,1390000,1000000
2019-07-16 12:32:24.258000,1.0814,1.08138,4540000,1250000
2019-07-16 12:32:24.932000,1.08139,1.08137,2120000,1000000
2019-07-16 12:32:25.615000,1.08138,1.08137,1310000,1000000
2019-07-16 12:32:25.869000,1.08138,1.08136,1760000,1500000
2019-07-16 12:32:26.475000,1.08139,1.08137,1950000,1000000
2019-07-16 12:32:27.221000,1.08139,1.08136,1370000,1000000
2019-07-16 12:32:27.373000,1.08139,1.08136,1310000,2250000
2019-07-16 12:32:28.131000,1.08136,1.08135,1000000,1500000
2019-07-16 12:32:28.233000,1.08139,1.08136,4010000,2250000
2019-07-16 12:32:28.446000,1.08139,1.08136,2870000,3190000
2019-07-16 12:32:29.155000,1.08139,1.08136,1120000,4710000
2019-07-16 12:32:30.082000,1.08139,1.08136,2120000,3890000
2019-07-16 12:32:32.839000,1.08139,1.08137,1000000,1690000
2019-07-16 12:32:32.943000,1.08143,1.08141,2290000,1250000
2019-07-16 12:32:33.046000,1.08143,1.08142,1250000,3000000
2019-07-16 12:32:33.149000,1.08144,1.0814,2880000,1750000
2019-07-16 12:32:33.308000,1.08144,1.0814,1250000,1750000
2019-07-16 12:32:33.461000,1.08144,1.08142,2500000,1930000
2019-07-16 12:32:33.564000,1.08144,1.08142,1250000,2120000
2019-07-16 12:32:34.470000,1.08146,1.08142,3700000,2620000
2019-07-16 12:32:34.572000,1.08146,1.08143,2200000,1000000
2019-07-16 12:32:34.683000,1.08146,1.08143,2060000,1000000
2019-07-16 12:32:34.785000,1.08147,1.08144,4120000,1000000
2019-07-16 12:32:35.705000,1.08146,1.08143,1310000,1000000
2019-07-16 12:32:37.060000,1.08147,1.08144,3370000,1000000
2019-07-16 12:32:38.135000,1.08146,1.08143,1310000,1500000
2019-07-16 12:32:38.398000,1.08147,1.08144,2620000,1000000
2019-07-16 12:32:38.771000,1.08148,1.08145,2440000,2120000
2019-07-16 12:32:39.022000,1.08151,1.08148,2720000,1690000
2019-07-16 12:32:39.073000,1.08151,1.08148,2320000,2440000
2019-07-16 12:32:39.428000,1.08151,1.0815,1570000,1000000
2019-07-16 12:32:39.530000,1.08153,1.0815,3410000,1250000
2019-07-16 12:32:39.719000,1.08153,1.0815,3260000,1250000
2019-07-16 12:32:39.922000,1.08153,1.0815,3290000,1250000
2019-07-16 12:32:40.024000,1.08153,1.0815,2510000,1250000
2019-07-16 12:32:40.227000,1.08154,1.08151,3190000,1370000
2019-07-16 12:32:42.365000,1.08153,1.0815,1000000,3370000
2019-07-16 12:32:45.170000,1.08154,1.08151,2140000,1250000
2019-07-16 12:32:45.373000,1.08153,1.0815,1010000,1690000
2019-07-16 12:32:45.908000,1.08152,1.08149,1120000,3250000
2019-07-16 12:32:47.967000,1.08149,1.08147,1250000,3750000
2019-07-16 12:32:48.070000,1.08147,1.08146,1000000,1250000
2019-07-16 12:32:48.181000,1.08147,1.08144,1000000,4370000
2019-07-16 12:32:48.283000,1.08147,1.08144,1250000,4370000
2019-07-16 12:32:49.061000,1.08147,1.08144,1750000,2060000
2019-07-16 12:32:49.214000,1.08145,1.08143,1370000,3000000
2019-07-16 12:32:49.317000,1.08145,1.08142,2950000,2440000
2019-07-16 12:32:49.470000,1.08144,1.08142,2500000,1000000
2019-07-16 12:32:49.572000,1.08144,1.08141,4450000,1690000
2019-07-16 12:32:49.738000,1.08142,1.08141,1000000,1250000
2019-07-16 12:32:49.840000,1.08142,1.08139,1250000,3250000
2019-07-16 12:32:51.123000,1.08143,1.0814,2810000,1250000
2019-07-16 12:32:51.421000,1.08141,1.08138,1250000,2510000
2019-07-16 12:32:51.473000,1.08139,1.08138,1310000,1100000
2019-07-16 12:32:51.575000,1.08139,1.08136,2120000,3890000
2019-07-16 12:32:51.728000,1.08139,1.08136,1310000,3890000
2019-07-16 12:32:51.881000,1.08139,1.08136,2120000,3890000
2019-07-16 12:32:52.513000,1.08137,1.08135,1500000,2060000
2019-07-16 12:32:52.615000,1.08139,1.08136,7790000,1000000
2019-07-16 12:32:52.716000,1.08139,1.08136,1690000,3250000
2019-07-16 12:32:55.131000,1.0814,1.08137,2810000,1750000
2019-07-16 12:32:55.233000,1.0814,1.08137,2870000,1250000
2019-07-16 12:32:55.386000,1.0814,1.08137,2810000,1750000
2019-07-16 12:32:55.570000,1.0814,1.08137,2870000,1250000
2019-07-16 12:32:56.923000,1.08138,1.08136,1120000,3250000
2019-07-16 12:32:57.026000,1.08138,1.08136,2120000,1500000
2019-07-16 12:32:57.128000,1.08139,1.08136,3570000,2500000
2019-07-16 12:32:57.231000,1.08139,1.08136,3190000,3250000
2019-07-16 12:32:57.448000,1.08138,1.08136,1000000,1500000
2019-07-16 12:32:57.551000,1.08136,1.08134,3690000,1000000
2019-07-16 12:32:57.603000,1.08135,1.08132,1370000,1690000
2019-07-16 12:32:57.705000,1.08134,1.08131,1000000,5060000
2019-07-16 12:32:58.063000,1.08134,1.08131,1750000,2060000
2019-07-16 12:33:00.278000,1.08133,1.08131,1250000,1000000
2019-07-16 12:33:00.383000,1.08134,1.0813,3620000,2500000
2019-07-16 12:33:01.064000,1.08134,1.08132,2060000,1250000
2019-07-16 12:33:01.388000,1.08136,1.08134,1100000,1250000
2019-07-16 12:33:01.544000,1.08135,1.08133,1000000,1750000
2019-07-16 12:33:01.646000,1.08135,1.08133,1000000,1690000
2019-07-16 12:33:01.748000,1.08135,1.08133,1500000,2500000
2019-07-16 12:33:02.479000,1.08135,1.08132,2470000,1750000
2019-07-16 12:33:02.743000,1.08135,1.08131,1000000,4350000
2019-07-16 12:33:02.999000,1.08135,1.08131,3850000,8120000
2019-07-16 12:33:03.822000,1.08134,1.08132,1390000,1250000
2019-07-16 12:33:04.438000,1.08135,1.08132,4160000,1250000
2019-07-16 12:33:04.572000,1.08134,1.08131,1200000,2500000
2019-07-16 12:33:04.776000,1.08134,1.08131,1220000,2500000
2019-07-16 12:33:06.861000,1.08135,1.08131,6470000,1690000
2019-07-16 12:33:08.268000,1.08134,1.08131,1950000,1500000
2019-07-16 12:33:08.423000,1.08134,1.08132,1970000,1000000
2019-07-16 12:33:08.525000,1.08134,1.08132,1950000,1000000
2019-07-16 12:33:08.678000,1.08134,1.08132,1970000,1000000
2019-07-16 12:33:08.780000,1.08134,1.08131,2850000,2250000
2019-07-16 12:33:08.922000,1.08134,1.08132,2100000,1000000
2019-07-16 12:33:09.933000,1.08134,1.08132,2440000,1250000
2019-07-16 12:33:10.396000,1.08134,1.08132,2160000,1250000
2019-07-16 12:33:10.497000,1.08134,1.08132,2140000,1250000
2019-07-16 12:33:10.599000,1.08134,1.08132,2160000,1250000
2019-07-16 12:33:10.707000,1.08134,1.08132,2140000,1310000
2019-07-16 12:33:11.264000,1.08134,1.08132,2160000,1250000
2019-07-16 12:33:11.375000,1.08134,1.08132,1690000,1310000
2019-07-16 12:33:11.527000,1.08132,1.08131,1000000,3190000
2019-07-16 12:33:11.629000,1.08132,1.0813,1950000,1750000
2019-07-16 12:33:11.730000,1.08132,1.08129,1760000,1750000
2019-07-16 12:33:11.852000,1.08133,1.0813,3470000,1000000
2019-07-16 12:33:11.903000,1.08133,1.0813,1200000,2440000
2019-07-16 12:33:12.005000,1.08133,1.08131,1200000,1000000
2019-07-16 12:33:12.106000,1.08134,1.08131,5660000,1750000
2019-07-16 12:33:12.258000,1.08132,1.0813,1000000,1750000
2019-07-16 12:33:12.517000,1.08132,1.08129,1390000,2500000
2019-07-16 12:33:12.821000,1.08133,1.08131,1760000,1250000
2019-07-16 12:33:13.335000,1.08132,1.0813,1000000,3940000
2019-07-16 12:33:13.469000,1.08133,1.08131,1600000,1690000
2019-07-16 12:33:13.655000,1.08139,1.08135,2660000,1500000
2019-07-16 12:33:13.757000,1.08139,1.08136,1720000,2250000
2019-07-16 12:33:14.599000,1.08139,1.08136,1570000,3630000
2019-07-16 12:33:15.008000,1.08137,1.08136,2700000,1000000
2019-07-16 12:33:15.060000,1.08134,1.08132,1000000,1000000
2019-07-16 12:33:15.169000,1.08135,1.08132,3970000,1250000
2019-07-16 12:33:15.323000,1.08134,1.08131,1410000,5120000
2019-07-16 12:33:15.576000,1.08134,1.08131,1390000,5120000
2019-07-16 12:33:15.787000,1.08135,1.08132,4600000,1250000
2019-07-16 12:33:16.940000,1.08133,1.08132,1250000,1000000
2019-07-16 12:33:17.042000,1.08129,1.08127,1500000,2500000
2019-07-16 12:33:17.144000,1.08129,1.08126,2260000,1750000
2019-07-16 12:33:17.284000,1.0813,1.08127,4540000,1250000
2019-07-16 12:33:17.386000,1.0813,1.08127,3260000,1690000
2019-07-16 12:33:17.589000,1.0813,1.08127,1200000,2500000
2019-07-16 12:33:18.152000,1.0813,1.08127,2500000,1690000
2019-07-16 12:33:18.254000,1.0813,1.08127,5350000,1000000
2019-07-16 12:33:18.799000,1.0813,1.08127,4450000,1690000
2019-07-16 12:33:18.900000,1.0813,1.08128,1100000,1250000
2019-07-16 12:33:19.154000,1.0813,1.08127,2970000,2810000
2019-07-16 12:33:19.601000,1.08129,1.08128,1000000,2060000
2019-07-16 12:33:19.652000,1.08132,1.08131,1000000,1120000
2019-07-16 12:33:19.857000,1.08134,1.08132,3290000,1270000
2019-07-16 12:33:19.959000,1.08134,1.08132,1390000,1690000
2019-07-16 12:33:21.073000,1.08134,1.08132,2370000,1270000
2019-07-16 12:33:21.124000,1.08132,1.0813,5810000,1000000
2019-07-16 12:33:21.175000,1.08129,1.08127,1000000,2250000
2019-07-16 12:33:21.277000,1.08129,1.08126,1690000,1310000
2019-07-16 12:33:21.378000,1.08129,1.08127,2140000,1000000
2019-07-16 12:33:22.047000,1.0813,1.08127,3660000,1810000
2019-07-16 12:33:22.149000,1.08128,1.08126,1000000,5120000
2019-07-16 12:33:22.253000,1.08128,1.08125,1690000,5500000
2019-07-16 12:33:25.222000,1.08124,1.08123,1000000,1250000
2019-07-16 12:33:25.329000,1.08123,1.08121,1950000,1000000
2019-07-16 12:33:25.433000,1.08123,1.08119,2700000,3620000
2019-07-16 12:33:25.884000,1.08124,1.08122,2550000,1120000
2019-07-16 12:33:25.935000,1.08126,1.08124,2700000,1250000
2019-07-16 12:33:26.037000,1.08126,1.08124,3450000,1250000
2019-07-16 12:33:26.139000,1.08125,1.08123,1950000,1250000
2019-07-16 12:33:26.241000,1.08124,1.08122,2700000,1000000
2019-07-16 12:33:26.385000,1.08124,1.08121,3450000,1250000
2019-07-16 12:33:26.792000,1.08125,1.08122,3290000,1000000
2019-07-16 12:33:26.894000,1.08126,1.08124,2320000,1250000
2019-07-16 12:33:27.094000,1.08125,1.08123,1000000,1250000
2019-07-16 12:33:27.197000,1.08127,1.08125,3600000,1250000
2019-07-16 12:33:27.299000,1.08128,1.08126,1910000,1250000
2019-07-16 12:33:27.402000,1.08129,1.08126,2620000,1310000
2019-07-16 12:33:28.267000,1.08128,1.08125,3410000,3250000
2019-07-16 12:33:28.469000,1.08128,1.08125,3220000,2440000
2019-07-16 12:33:28.585000,1.08128,1.08125,3220000,2500000
2019-07-16 12:33:28.959000,1.08128,1.08125,3220000,2440000
2019-07-16 12:33:29.061000,1.08127,1.08125,1100000,2440000
2019-07-16 12:33:29.163000,1.08128,1.08125,4320000,2440000
2019-07-16 12:33:29.303000,1.08128,1.08125,4320000,2500000
2019-07-16 12:33:29.611000,1.08128,1.08125,3260000,2500000
2019-07-16 12:33:30.743000,1.08129,1.08128,1760000,1000000
2019-07-16 12:33:30.845000,1.08132,1.0813,1000000,1500000
2019-07-16 12:33:30.949000,1.08133,1.0813,3000000,2250000
2019-07-16 12:33:31.050000,1.08133,1.08131,1350000,1000000
2019-07-16 12:33:31.203000,1.08133,1.08131,1120000,1690000
2019-07-16 12:33:31.459000,1.08135,1.08131,6470000,4500000
2019-07-16 12:33:31.561000,1.08134,1.08131,2200000,3190000
2019-07-16 12:33:33.008000,1.08134,1.08131,2890000,3250000
2019-07-16 12:33:33.109000,1.08134,1.08132,1500000,1250000
2019-07-16 12:33:33.211000,1.08137,1.08134,4760000,1690000
2019-07-16 12:33:33.323000,1.08137,1.08134,2320000,1250000
2019-07-16 12:33:33.424000,1.08135,1.08133,1570000,1310000
2019-07-16 12:33:33.528000,1.08134,1.08132,1760000,1690000
2019-07-16 12:33:34.010000,1.08134,1.08131,2540000,3250000
2019-07-16 12:33:34.349000,1.08134,1.08131,3260000,4000000
2019-07-16 12:33:34.699000,1.08132,1.08131,1000000,3190000
2019-07-16 12:33:34.750000,1.0813,1.08128,1000000,1000000
2019-07-16 12:33:34.852000,1.0813,1.08127,2620000,1000000
2019-07-16 12:33:35.004000,1.0813,1.08127,3320000,1250000
2019-07-16 12:33:35.106000,1.0813,1.08128,1750000,2250000
2019-07-16 12:33:35.314000,1.0813,1.08129,1250000,3300000
2019-07-16 12:33:35.365000,1.08131,1.0813,1000000,1000000
2019-07-16 12:33:35.416000,1.08133,1.08131,1870000,1500000
2019-07-16 12:33:36.065000,1.08132,1.08131,2320000,1250000
2019-07-16 12:33:36.121000,1.08128,1.08127,1000000,2250000
2019-07-16 12:33:36.172000,1.08125,1.08123,1120000,1000000
2019-07-16 12:33:36.274000,1.08126,1.08124,1570000,1500000
2019-07-16 12:33:36.417000,1.08126,1.08124,2720000,1000000
2019-07-16 12:33:36.518000,1.08126,1.08124,2320000,1250000
2019-07-16 12:33:36.671000,1.08126,1.08124,2320000,1250000
2019-07-16 12:33:36.772000,1.08126,1.08124,3100000,1250000
2019-07-16 12:33:36.874000,1.08125,1.08123,1200000,2440000
2019-07-16 12:33:37.019000,1.08125,1.08123,1450000,1500000
2019-07-16 12:33:37.172000,1.08124,1.08121,1760000,2500000
2019-07-16 12:33:37.273000,1.08123,1.08121,1500000,1750000
2019-07-16 12:33:37.375000,1.08123,1.0812,3790000,1750000
2019-07-16 12:33:37.527000,1.08123,1.0812,2890000,3250000
2019-07-16 12:33:39.177000,1.08121,1.0812,1500000,1250000
2019-07-16 12:33:39.228000,1.08117,1.08116,1000000,1000000
2019-07-16 12:33:39.279000,1.08116,1.08114,1000000,2320000
2019-07-16 12:33:39.330000,1.08117,1.08115,1500000,1250000
2019-07-16 12:33:39.382000,1.08121,1.0812,1000000,1000000
2019-07-16 12:33:39.433000,1.08119,1.08118,1000000,1500000
2019-07-16 12:33:39.573000,1.0812,1.08118,2100000,1000000
2019-07-16 12:33:39.674000,1.08118,1.08116,1100000,1250000
2019-07-16 12:33:39.776000,1.08118,1.08116,2510000,1250000
2019-07-16 12:33:39.878000,1.08118,1.08115,3290000,1750000
2019-07-16 12:33:39.982000,1.08117,1.08114,1720000,1750000
2019-07-16 12:33:40.561000,1.08117,1.08114,5290000,1250000
2019-07-16 12:33:40.663000,1.08117,1.08114,5100000,1250000
2019-07-16 12:33:40.955000,1.08117,1.08114,4160000,1250000
2019-07-16 12:33:42.211000,1.08115,1.08114,1000000,1250000
2019-07-16 12:33:42.262000,1.08116,1.08114,2320000,1000000
2019-07-16 12:33:42.364000,1.08116,1.08114,1850000,1000000
2019-07-16 12:33:42.465000,1.08116,1.08114,1100000,1250000
2019-07-16 12:33:42.628000,1.08116,1.08114,1720000,1250000
2019-07-16 12:33:42.730000,1.08116,1.08114,1760000,1000000
2019-07-16 12:33:42.831000,1.08116,1.08114,1350000,1000000
2019-07-16 12:33:42.984000,1.08116,1.08114,1010000,1000000
2019-07-16 12:33:43.299000,1.08116,1.08114,1600000,1000000
2019-07-16 12:33:43.350000,1.08114,1.08111,1250000,2810000
2019-07-16 12:33:45.848000,1.08112,1.08111,1000000,1250000
2019-07-16 12:33:46.203000,1.08113,1.0811,2140000,2870000
2019-07-16 12:33:48.518000,1.08114,1.08113,2320000,1250000
2019-07-16 12:33:48.666000,1.08116,1.08114,1760000,1000000
2019-07-16 12:33:48.770000,1.08117,1.08114,2100000,2310000
2019-07-16 12:33:48.922000,1.08117,1.08116,1000000,1000000
2019-07-16 12:33:48.974000,1.08121,1.0812,1000000,1000000
2019-07-16 12:33:49.076000,1.08122,1.0812,2100000,1250000
2019-07-16 12:33:49.232000,1.08122,1.0812,1950000,1250000
2019-07-16 12:33:49.333000,1.08122,1.0812,1220000,1250000
2019-07-16 12:33:49.587000,1.08122,1.0812,1200000,1750000
2019-07-16 12:33:49.841000,1.08122,1.0812,1000000,1250000
2019-07-16 12:33:50.532000,1.0812,1.08118,1250000,1500000
2019-07-16 12:33:50.583000,1.08119,1.08117,2120000,1500000
2019-07-16 12:33:50.685000,1.08117,1.08115,1000000,1250000
2019-07-16 12:33:50.796000,1.08117,1.08115,1510000,1250000
2019-07-16 12:33:51.500000,1.08116,1.08114,1100000,1250000
2019-07-16 12:33:52.064000,1.08114,1.08112,1250000,2250000
2019-07-16 12:33:52.168000,1.08115,1.08112,2640000,3490000
2019-07-16 12:33:52.321000,1.08115,1.08113,1100000,1690000
2019-07-16 12:33:52.524000,1.08116,1.08113,3390000,2440000
2019-07-16 12:33:52.625000,1.08116,1.08114,3010000,1000000
2019-07-16 12:33:52.818000,1.08116,1.08113,2260000,1250000
2019-07-16 12:33:53.620000,1.08115,1.08112,1010000,3490000
2019-07-16 12:33:53.722000,1.08112,1.08109,2940000,1750000
2019-07-16 12:33:54.625000,1.08112,1.0811,1010000,1310000
2019-07-16 12:33:54.879000,1.08112,1.0811,1350000,1310000
2019-07-16 12:33:55.551000,1.08109,1.08107,1620000,2320000
2019-07-16 12:33:55.653000,1.08107,1.08106,1000000,1000000
2019-07-16 12:33:55.704000,1.08108,1.08107,1100000,1250000
2019-07-16 12:33:57.216000,1.0811,1.08108,3010000,2620000
2019-07-16 12:33:57.318000,1.0811,1.08109,1000000,1000000
2019-07-16 12:33:57.383000,1.08111,1.08109,1250000,1000000
2019-07-16 12:33:57.434000,1.08112,1.08111,1120000,1690000
2019-07-16 12:33:57.738000,1.08111,1.08109,1000000,1370000
2019-07-16 12:33:57.864000,1.08111,1.08109,1000000,1000000
2019-07-16 12:33:57.968000,1.0811,1.08108,1370000,1000000
2019-07-16 12:33:58.070000,1.08111,1.08109,1000000,1250000
2019-07-16 12:33:58.742000,1.0811,1.08108,3370000,1000000
2019-07-16 12:33:59.772000,1.0811,1.08108,2700000,1250000
2019-07-16 12:34:01.120000,1.08111,1.08109,2370000,1000000
2019-07-16 12:34:01.283000,1.08113,1.08112,2440000,1500000
2019-07-16 12:34:01.334000,1.08114,1.08113,1120000,2060000
2019-07-16 12:34:01.537000,1.08115,1.08112,1250000,4200000
2019-07-16 12:34:01.639000,1.08116,1.08114,2190000,1120000
2019-07-16 12:34:03.851000,1.08115,1.08113,1120000,1310000
2019-07-16 12:34:03.902000,1.08112,1.0811,1620000,1000000
2019-07-16 12:34:04.004000,1.08111,1.08109,1000000,1690000
2019-07-16 12:34:04.157000,1.08109,1.08108,1500000,1690000
2019-07-16 12:34:04.333000,1.08108,1.08105,2250000,2200000
2019-07-16 12:34:04.435000,1.08108,1.08105,2700000,1250000
2019-07-16 12:34:04.587000,1.08107,1.08104,2250000,2200000
2019-07-16 12:34:04.689000,1.08106,1.08103,1500000,4450000
2019-07-16 12:34:05.002000,1.08105,1.08103,1250000,1500000
2019-07-16 12:34:05.054000,1.08104,1.08102,1000000,3640000
2019-07-16 12:34:05.156000,1.08105,1.08103,1000000,1250000
2019-07-16 12:34:05.309000,1.08107,1.08105,2890000,1500000
2019-07-16 12:34:05.440000,1.08107,1.08106,1000000,1000000
2019-07-16 12:34:05.645000,1.08108,1.08106,1000000,1750000
2019-07-16 12:34:05.849000,1.08108,1.08105,2940000,1880000
2019-07-16 12:34:06.409000,1.08108,1.08106,2620000,1250000
2019-07-16 12:34:06.510000,1.08107,1.08105,1750000,1000000
2019-07-16 12:34:06.561000,1.08107,1.08104,1750000,2250000
2019-07-16 12:34:07.851000,1.08107,1.08105,1000000,1000000
2019-07-16 12:34:07.902000,1.0811,1.08107,7510000,1500000
2019-07-16 12:34:08.105000,1.0811,1.08108,2620000,1500000
2019-07-16 12:34:08.372000,1.0811,1.08107,4120000,1690000
2019-07-16 12:34:09.108000,1.08109,1.08107,1250000,1690000
2019-07-16 12:34:10.022000,1.08107,1.08106,1310000,1200000
2019-07-16 12:34:10.123000,1.08107,1.08104,1690000,2500000
2019-07-16 12:34:10.225000,1.08106,1.08104,1120000,1250000
2019-07-16 12:34:10.327000,1.08104,1.08102,2440000,2250000
2019-07-16 12:34:10.429000,1.08102,1.08101,1000000,1690000
2019-07-16 12:34:10.504000,1.08104,1.08101,1760000,2440000
2019-07-16 12:34:10.555000,1.08105,1.08103,2120000,1000000
2019-07-16 12:34:10.657000,1.08106,1.08103,3120000,1750000
2019-07-16 12:34:11.202000,1.08103,1.08101,1000000,2510000
2019-07-16 12:34:11.291000,1.08104,1.08101,3450000,1690000
2019-07-16 12:34:11.342000,1.081,1.08099,1000000,1990000
2019-07-16 12:34:11.444000,1.081,1.08098,1000000,1250000
2019-07-16 12:34:11.495000,1.08101,1.08099,3260000,1000000
2019-07-16 12:34:11.648000,1.08099,1.08097,1120000,1250000
2019-07-16 12:34:11.751000,1.08098,1.08097,1250000,1500000
2019-07-16 12:34:11.877000,1.08098,1.08097,1500000,1690000
2019-07-16 12:34:11.979000,1.08099,1.08096,2140000,2500000
2019-07-16 12:34:12.182000,1.08098,1.08096,1000000,1750000
2019-07-16 12:34:13.949000,1.08101,1.081,1870000,1000000
2019-07-16 12:34:14.088000,1.08104,1.08101,1120000,2440000
2019-07-16 12:34:14.190000,1.08105,1.08102,3760000,1000000
2019-07-16 12:34:14.342000,1.08105,1.08102,2560000,3250000
2019-07-16 12:34:15.576000,1.08104,1.08102,1310000,1690000
2019-07-16 12:34:15.830000,1.08104,1.08102,1120000,1750000
2019-07-16 12:34:16.209000,1.08104,1.08102,1120000,1000000
2019-07-16 12:34:16.550000,1.08105,1.08101,3010000,3250000
2019-07-16 12:34:16.821000,1.08105,1.08101,4570000,3250000
2019-07-16 12:34:16.923000,1.08103,1.08101,1000000,1250000
2019-07-16 12:34:17.025000,1.08099,1.08096,1870000,1690000
2019-07-16 12:34:19.532000,1.08101,1.08099,1870000,1250000
2019-07-16 12:34:19.634000,1.08102,1.081,1000000,1250000
2019-07-16 12:34:19.737000,1.08104,1.08101,2620000,1690000
2019-07-16 12:34:19.839000,1.08105,1.08102,2560000,2440000
2019-07-16 12:34:19.996000,1.08105,1.08102,2370000,4000000
2019-07-16 12:34:20.104000,1.08105,1.08102,3310000,3190000
2019-07-16 12:34:20.205000,1.08105,1.08102,2370000,3250000
2019-07-16 12:34:20.519000,1.08102,1.08101,1690000,1350000
2019-07-16 12:34:20.570000,1.08099,1.08097,2370000,1000000
2019-07-16 12:34:20.672000,1.08099,1.08098,1200000,1000000
2019-07-16 12:34:20.724000,1.08102,1.08099,2370000,2620000
2019-07-16 12:34:20.825000,1.08102,1.081,1950000,1500000
2019-07-16 12:34:20.977000,1.08104,1.08102,1500000,2000000
2019-07-16 12:34:21.079000,1.08104,1.08102,1250000,1690000
2019-07-16 12:34:21.181000,1.08105,1.08102,2510000,1750000
2019-07-16 12:34:21.383000,1.08105,1.08102,2510000,1000000
2019-07-16 12:34:21.725000,1.08105,1.08102,1870000,1250000
2019-07-16 12:34:21.827000,1.08105,1.08102,1120000,1250000
2019-07-16 12:34:22.337000,1.08106,1.08103,1620000,1000000
2019-07-16 12:34:22.444000,1.08107,1.08105,2250000,2500000
2019-07-16 12:34:22.546000,1.08109,1.08105,6100000,3250000
2019-07-16 12:34:22.852000,1.08107,1.08105,1000000,1250000
2019-07-16 12:34:22.954000,1.08106,1.08103,1100000,5500000
2019-07-16 12:34:23.350000,1.08106,1.08103,1200000,2500000
2019-07-16 12:34:23.740000,1.08105,1.08102,1250000,5440000
2019-07-16 12:34:24.100000,1.08105,1.08103,1700000,1250000
2019-07-16 12:34:24.202000,1.08105,1.08103,1000000,1250000
2019-07-16 12:34:24.303000,1.08107,1.08105,1120000,2870000
2019-07-16 12:34:24.443000,1.08108,1.08105,3310000,2440000
2019-07-16 12:34:25.193000,1.08108,1.08106,1200000,1750000
2019-07-16 12:34:26.284000,1.08109,1.08107,1010000,1690000
2019-07-16 12:34:26.386000,1.0811,1.08108,1950000,2500000
2019-07-16 12:34:26.488000,1.0811,1.08108,1120000,1750000
2019-07-16 12:34:27.815000,1.08111,1.08108,3070000,2120000
2019-07-16 12:34:27.918000,1.08112,1.08111,1120000,1250000
2019-07-16 12:34:28.021000,1.08113,1.08111,1250000,1690000
2019-07-16 12:34:28.123000,1.08115,1.08114,1120000,1250000
2019-07-16 12:34:28.174000,1.08116,1.08114,1010000,1870000
2019-07-16 12:34:28.292000,1.08117,1.08114,1700000,2870000
2019-07-16 12:34:30.670000,1.08117,1.08114,1890000,2440000
2019-07-16 12:34:31.236000,1.08117,1.08114,2070000,2500000
2019-07-16 12:34:35.603000,1.08117,1.08114,1620000,1120000
2019-07-16 12:34:37.422000,1.08115,1.08113,1870000,1000000
2019-07-16 12:34:37.473000,1.08114,1.08112,1250000,1000000
2019-07-16 12:34:37.575000,1.08114,1.0811,2890000,7000000
2019-07-16 12:34:37.688000,1.08113,1.0811,1000000,5500000
2019-07-16 12:34:37.993000,1.08112,1.0811,1500000,3250000
2019-07-16 12:34:38.094000,1.08112,1.0811,1620000,1690000
2019-07-16 12:34:38.253000,1.0811,1.08108,1100000,1500000
2019-07-16 12:34:38.407000,1.08109,1.08107,2370000,1250000
2019-07-16 12:34:38.509000,1.08109,1.08107,1120000,1250000
2019-07-16 12:34:39.309000,1.0811,1.08108,1200000,1370000
2019-07-16 12:34:39.411000,1.08111,1.08108,2620000,1370000
2019-07-16 12:34:39.612000,1.08112,1.0811,1950000,1750000
2019-07-16 12:34:39.714000,1.08112,1.0811,1700000,3190000
2019-07-16 12:34:41.593000,1.08113,1.08111,1010000,2060000
2019-07-16 12:34:41.703000,1.08114,1.08112,1870000,1500000
2019-07-16 12:34:41.754000,1.08116,1.08113,5620000,1750000
2019-07-16 12:34:41.856000,1.08116,1.08113,4620000,2500000
2019-07-16 12:34:43.885000,1.08115,1.08113,1120000,1690000
2019-07-16 12:34:43.987000,1.08114,1.08113,1310000,1500000
2019-07-16 12:34:44.143000,1.08114,1.0811,2570000,3620000
2019-07-16 12:34:44.194000,1.08111,1.0811,1000000,1250000
2019-07-16 12:34:44.297000,1.08111,1.08108,1000000,2500000
2019-07-16 12:34:46.462000,1.08112,1.08111,1120000,1250000
2019-07-16 12:34:47.529000,1.08115,1.08113,3850000,1000000
2019-07-16 12:34:47.669000,1.08115,1.08113,4010000,1250000
2019-07-16 12:34:49.099000,1.08116,1.08113,4470000,2250000
2019-07-16 12:34:50.173000,1.08116,1.08114,4070000,1000000
2019-07-16 12:34:50.561000,1.08116,1.08114,1200000,2370000
2019-07-16 12:34:50.612000,1.08119,1.08117,1690000,1250000
2019-07-16 12:34:50.712000,1.08121,1.08118,2250000,1000000
2019-07-16 12:34:50.814000,1.08121,1.08118,2890000,2500000
2019-07-16 12:34:50.917000,1.08122,1.0812,1000000,1810000
2019-07-16 12:34:50.968000,1.08123,1.0812,3190000,1250000
2019-07-16 12:34:51.070000,1.08124,1.08122,1500000,1250000
2019-07-16 12:34:52.148000,1.08125,1.08123,2440000,1310000
2019-07-16 12:34:52.250000,1.08126,1.08125,1570000,1250000
2019-07-16 12:34:52.301000,1.08128,1.08126,1000000,1750000
2019-07-16 12:34:52.352000,1.0813,1.08128,5140000,1000000
2019-07-16 12:34:52.864000,1.0813,1.08128,3940000,1250000
2019-07-16 12:34:53.340000,1.0813,1.08128,3250000,1000000
2019-07-16 12:34:53.493000,1.08131,1.0813,1250000,1500000
2019-07-16 12:34:53.544000,1.08134,1.08132,1570000,1000000
2019-07-16 12:34:53.646000,1.08135,1.08133,1570000,1000000
2019-07-16 12:34:53.846000,1.08135,1.08133,1250000,1250000
2019-07-16 12:34:54.150000,1.08136,1.08134,2440000,1250000
2019-07-16 12:34:54.252000,1.0814,1.08138,1570000,1870000
2019-07-16 12:34:54.384000,1.08142,1.0814,2510000,1000000
2019-07-16 12:34:56.141000,1.08143,1.08141,1690000,1120000
2019-07-16 12:34:56.267000,1.08146,1.08144,1750000,1500000
2019-07-16 12:34:56.370000,1.08148,1.08145,1690000,3310000
2019-07-16 12:34:56.422000,1.08149,1.08148,1250000,1500000
2019-07-16 12:34:56.525000,1.08153,1.08152,4500000,1870000
2019-07-16 12:34:56.578000,1.08156,1.08154,2250000,1000000
2019-07-16 12:34:56.680000,1.08156,1.08154,1000000,1000000
2019-07-16 12:34:56.782000,1.08154,1.08151,2500000,4060000
2019-07-16 12:34:56.884000,1.08151,1.0815,1500000,1120000
2019-07-16 12:34:57.144000,1.08152,1.08149,1000000,3250000
2019-07-16 12:34:57.246000,1.08153,1.08151,1500000,1000000
2019-07-16 12:34:57.880000,1.08151,1.08149,1000000,1250000
2019-07-16 12:34:57.983000,1.08148,1.08147,1500000,1870000
2019-07-16 12:34:58.085000,1.08147,1.08146,1000000,1000000
2019-07-16 12:34:58.186000,1.08148,1.08146,1690000,1250000
2019-07-16 12:34:58.237000,1.0815,1.08149,2250000,1250000
2019-07-16 12:34:58.290000,1.08151,1.08149,1950000,1810000
2019-07-16 12:34:58.392000,1.08151,1.0815,1000000,1000000
2019-07-16 12:34:58.596000,1.08153,1.0815,2140000,2620000
2019-07-16 12:35:00.224000,1.08154,1.08151,1950000,1310000
2019-07-16 12:35:00.326000,1.08152,1.0815,1200000,1250000
2019-07-16 12:35:00.428000,1.08153,1.0815,1600000,1000000
2019-07-16 12:35:00.529000,1.08153,1.0815,2100000,1620000
2019-07-16 12:35:00.756000,1.08153,1.0815,1200000,1810000
2019-07-16 12:35:00.858000,1.08154,1.08152,3250000,1120000
2019-07-16 12:35:00.991000,1.08154,1.08152,1010000,1310000
2019-07-16 12:35:01.094000,1.08151,1.0815,1000000,1250000
2019-07-16 12:35:01.197000,1.0815,1.08148,2440000,2060000
2019-07-16 12:35:01.299000,1.0815,1.08149,1250000,1120000
2019-07-16 12:35:01.458000,1.08152,1.0815,1390000,1620000
2019-07-16 12:35:01.560000,1.08153,1.0815,2890000,1810000
2019-07-16 12:35:02.475000,1.08151,1.08149,1750000,1000000
2019-07-16 12:35:02.881000,1.08151,1.08148,2950000,1500000
2019-07-16 12:35:03.028000,1.0815,1.08147,5200000,1620000
2019-07-16 12:35:03.130000,1.08152,1.08149,6390000,1000000
2019-07-16 12:35:03.435000,1.08152,1.0815,1690000,1000000
2019-07-16 12:35:03.537000,1.08151,1.08149,2120000,1500000
2019-07-16 12:35:03.638000,1.08151,1.08148,4070000,1690000
2019-07-16 12:35:03.689000,1.08148,1.08147,1250000,1000000
2019-07-16 12:35:03.740000,1.08148,1.08145,1000000,5060000
2019-07-16 12:35:04.025000,1.08149,1.08147,1390000,1250000
2019-07-16 12:35:04.179000,1.08148,1.08145,1690000,2810000
2019-07-16 12:35:04.281000,1.08148,1.08145,3660000,1120000
2019-07-16 12:35:04.382000,1.08148,1.08143,4040000,4810000
2019-07-16 12:35:04.764000,1.08147,1.08143,1100000,2060000
2019-07-16 12:35:04.816000,1.08146,1.08143,1750000,1310000
2019-07-16 12:35:04.918000,1.08143,1.08142,1310000,2250000
2019-07-16 12:35:05.019000,1.08143,1.0814,1310000,3250000
2019-07-16 12:35:05.761000,1.08142,1.0814,1000000,1750000
2019-07-16 12:35:06.019000,1.08144,1.08141,1200000,4000000
2019-07-16 12:35:06.171000,1.08144,1.08141,3000000,1250000
2019-07-16 12:35:06.577000,1.08144,1.08141,2720000,1250000
2019-07-16 12:35:06.855000,1.08144,1.08141,3070000,1250000
2019-07-16 12:35:06.957000,1.08143,1.0814,1000000,2120000
2019-07-16 12:35:07.363000,1.08145,1.08141,3410000,1690000
2019-07-16 12:35:07.414000,1.08145,1.08142,1200000,2500000
2019-07-16 12:35:07.516000,1.08145,1.08142,3660000,1250000
2019-07-16 12:35:07.618000,1.08144,1.08141,2890000,2200000
2019-07-16 12:35:07.720000,1.08144,1.0814,3660000,5870000
2019-07-16 12:35:07.831000,1.08142,1.0814,1000000,1750000
2019-07-16 12:35:07.882000,1.08142,1.0814,2810000,1250000
2019-07-16 12:35:07.985000,1.08141,1.08138,2440000,2810000
2019-07-16 12:35:08.405000,1.08143,1.08141,1750000,1500000
2019-07-16 12:35:08.456000,1.08144,1.08142,1100000,1000000
2019-07-16 12:35:08.609000,1.08144,1.08141,1950000,1250000
2019-07-16 12:35:08.710000,1.08143,1.08141,1000000,2140000
2019-07-16 12:35:08.942000,1.08144,1.0814,5250000,1690000
2019-07-16 12:35:09.044000,1.08144,1.0814,4500000,2500000
2019-07-16 12:35:09.197000,1.08142,1.0814,2560000,1250000
2019-07-16 12:35:09.336000,1.08142,1.08138,4870000,4820000
2019-07-16 12:35:09.442000,1.0814,1.08138,1000000,2440000
2019-07-16 12:35:09.545000,1.0814,1.08137,1870000,3190000
2019-07-16 12:35:09.646000,1.0814,1.08137,2370000,2500000
2019-07-16 12:35:10.974000,1.08138,1.08137,1000000,1250000
2019-07-16 12:35:11.358000,1.08138,1.08136,1810000,1690000
2019-07-16 12:35:11.713000,1.08136,1.08135,1000000,1690000
2019-07-16 12:35:11.815000,1.08136,1.08135,1000000,1000000
2019-07-16 12:35:11.917000,1.08137,1.08136,1000000,1690000
2019-07-16 12:35:12.071000,1.08136,1.08134,2070000,1000000
2019-07-16 12:35:12.173000,1.08135,1.08133,1100000,4690000
2019-07-16 12:35:12.276000,1.08136,1.08134,3370000,1000000
2019-07-16 12:35:12.378000,1.08136,1.08133,5320000,1000000
2019-07-16 12:35:12.430000,1.08137,1.08135,2250000,1250000
2019-07-16 12:35:12.582000,1.08136,1.08135,1120000,1990000
2019-07-16 12:35:12.721000,1.08134,1.08132,1000000,1250000
2019-07-16 12:35:12.823000,1.08133,1.08131,1250000,2440000
2019-07-16 12:35:13.502000,1.08133,1.08132,1250000,1000000
2019-07-16 12:35:13.604000,1.08134,1.08132,1250000,1000000
2019-07-16 12:35:13.771000,1.08136,1.08135,2810000,1000000
2019-07-16 12:35:13.977000,1.08136,1.08133,1100000,2500000
2019-07-16 12:35:14.079000,1.08135,1.08133,1000000,1750000
2019-07-16 12:35:14.181000,1.08135,1.08133,1250000,1500000
2019-07-16 12:35:15.073000,1.08135,1.08134,1250000,1000000
2019-07-16 12:35:15.124000,1.08136,1.08135,1010000,1000000
2019-07-16 12:35:15.276000,1.08138,1.08136,3370000,1000000
2019-07-16 12:35:15.378000,1.08138,1.08137,1000000,1000000
2019-07-16 12:35:15.481000,1.08139,1.08137,1000000,2440000
2019-07-16 12:35:15.639000,1.08141,1.08139,1000000,2620000
2019-07-16 12:35:15.691000,1.08144,1.08142,1500000,1690000
2019-07-16 12:35:15.896000,1.08144,1.08141,2620000,1690000
2019-07-16 12:35:15.998000,1.08143,1.08141,1250000,1250000
2019-07-16 12:35:16.215000,1.08144,1.08143,1000000,1250000
2019-07-16 12:35:17.643000,1.08147,1.08145,2570000,1000000
2019-07-16 12:35:17.745000,1.08147,1.08145,1000000,1250000
2019-07-16 12:35:17.898000,1.08147,1.08144,1250000,1690000
2019-07-16 12:35:20.090000,1.08146,1.08143,1310000,2440000
2019-07-16 12:35:20.141000,1.08145,1.08143,1370000,1500000
2019-07-16 12:35:20.243000,1.08146,1.08144,1810000,1000000
2019-07-16 12:35:21.629000,1.08145,1.08143,1370000,1500000
2019-07-16 12:35:21.731000,1.08145,1.08141,1370000,4820000
2019-07-16 12:35:22.592000,1.08146,1.08142,3450000,3190000
2019-07-16 12:35:22.694000,1.08146,1.08143,3370000,1500000
2019-07-16 12:35:22.796000,1.08146,1.08144,2560000,1000000
2019-07-16 12:35:23.473000,1.08146,1.08143,2620000,1500000
2019-07-16 12:35:23.879000,1.08146,1.08144,2560000,1000000
2019-07-16 12:35:24.019000,1.08147,1.08144,2700000,1000000
2019-07-16 12:35:24.171000,1.08147,1.08145,1810000,1000000
2019-07-16 12:35:24.909000,1.08148,1.08147,1690000,1000000
2019-07-16 12:35:24.960000,1.0815,1.08148,1870000,2500000
2019-07-16 12:35:25.062000,1.0815,1.08148,1370000,3000000
2019-07-16 12:35:25.516000,1.0815,1.08147,2870000,3190000
2019-07-16 12:35:25.980000,1.0815,1.08148,2060000,1690000
2019-07-16 12:35:26.873000,1.08152,1.0815,1570000,1250000
2019-07-16 12:35:27.032000,1.08154,1.08151,1370000,3940000
2019-07-16 12:35:27.133000,1.08153,1.0815,1810000,2500000
2019-07-16 12:35:27.286000,1.08153,1.0815,1250000,1750000
2019-07-16 12:35:27.389000,1.08154,1.08152,1250000,2440000
2019-07-16 12:35:27.622000,1.08154,1.08152,1000000,2500000
2019-07-16 12:35:27.826000,1.08156,1.08154,1370000,1000000
2019-07-16 12:35:27.927000,1.08156,1.08153,2870000,1500000
2019-07-16 12:35:28.187000,1.08153,1.08152,1000000,1690000
2019-07-16 12:35:28.365000,1.08153,1.08151,2560000,2440000
2019-07-16 12:35:28.470000,1.08153,1.08151,1810000,1250000
2019-07-16 12:35:29.186000,1.08154,1.08152,1870000,1000000
2019-07-16 12:35:29.287000,1.08154,1.08153,1250000,1000000
2019-07-16 12:35:30.361000,1.08155,1.08153,2060000,2440000
2019-07-16 12:35:30.472000,1.08156,1.08154,4950000,1500000
2019-07-16 12:35:30.902000,1.08156,1.08153,5490000,1500000
2019-07-16 12:35:32.271000,1.08155,1.08152,2620000,1000000
2019-07-16 12:35:32.372000,1.08155,1.08152,8570000,1000000
2019-07-16 12:35:32.720000,1.08155,1.08151,6320000,1250000
2019-07-16 12:35:32.873000,1.08152,1.0815,1690000,1250000
2019-07-16 12:35:32.924000,1.08151,1.08148,1120000,4600000
2019-07-16 12:35:33.076000,1.08151,1.08148,6740000,1250000
2019-07-16 12:35:33.127000,1.08151,1.08147,8820000,3750000
2019-07-16 12:35:33.281000,1.08151,1.08148,5620000,2250000
2019-07-16 12:35:33.383000,1.08151,1.08149,1250000,1000000
2019-07-16 12:35:33.535000,1.08151,1.0815,1000000,1000000
2019-07-16 12:35:33.636000,1.08152,1.0815,1810000,1000000
2019-07-16 12:35:33.850000,1.08151,1.08149,1310000,1000000
2019-07-16 12:35:33.901000,1.08151,1.08147,8810000,3700000
2019-07-16 12:35:34.003000,1.08151,1.08148,6990000,1000000
2019-07-16 12:35:34.105000,1.08151,1.08148,6260000,1500000
2019-07-16 12:35:34.207000,1.08149,1.08147,1870000,1500000
2019-07-16 12:35:34.258000,1.08149,1.08146,4190000,2250000
2019-07-16 12:35:34.368000,1.08145,1.08143,3370000,2440000
2019-07-16 12:35:34.470000,1.08144,1.08142,1690000,1250000
2019-07-16 12:35:34.521000,1.08142,1.0814,1870000,1200000
2019-07-16 12:35:34.572000,1.08141,1.08138,3750000,4870000
2019-07-16 12:35:34.673000,1.08141,1.08138,4010000,1690000
2019-07-16 12:35:34.832000,1.08142,1.08139,2620000,1500000
2019-07-16 12:35:34.934000,1.08142,1.0814,1870000,1000000
2019-07-16 12:35:35.036000,1.08142,1.0814,1810000,1000000
2019-07-16 12:35:35.820000,1.08141,1.08137,3310000,1350000
2019-07-16 12:35:35.922000,1.08141,1.08139,1250000,1000000
2019-07-16 12:35:36.345000,1.08139,1.08137,1250000,1500000
2019-07-16 12:35:37.516000,1.0814,1.08138,1000000,2500000
2019-07-16 12:35:37.618000,1.08141,1.08138,3120000,2500000
2019-07-16 12:35:37.719000,1.08141,1.08139,3000000,1000000
2019-07-16 12:35:37.821000,1.0814,1.08138,1310000,1000000
2019-07-16 12:35:37.923000,1.0814,1.08137,1310000,2440000
2019-07-16 12:35:38.024000,1.08141,1.08138,4120000,1000000
2019-07-16 12:35:38.126000,1.08141,1.08139,4120000,1000000
2019-07-16 12:35:38.227000,1.08139,1.08136,3250000,1010000
2019-07-16 12:35:38.358000,1.08137,1.08135,1000000,2570000
2019-07-16 12:35:38.409000,1.08135,1.08133,1120000,1500000
2019-07-16 12:35:38.512000,1.08134,1.08131,2810000,4000000
2019-07-16 12:35:38.616000,1.08134,1.08131,2870000,1690000
2019-07-16 12:35:38.972000,1.08134,1.08132,3370000,1000000
2019-07-16 12:35:39.139000,1.08133,1.08131,2810000,1250000
2019-07-16 12:35:40.518000,1.08134,1.08132,3370000,1000000
2019-07-16 12:35:40.620000,1.08135,1.08133,2560000,1000000
2019-07-16 12:35:41.085000,1.08134,1.08132,1370000,2320000
2019-07-16 12:35:41.188000,1.08135,1.08133,2440000,1000000
2019-07-16 12:35:41.290000,1.08136,1.08134,3560000,1000000
2019-07-16 12:35:41.391000,1.08136,1.08133,3560000,1500000
2019-07-16 12:35:42.484000,1.08137,1.08135,1250000,1870000
2019-07-16 12:35:42.586000,1.08138,1.08136,1250000,1000000
2019-07-16 12:35:42.743000,1.08139,1.08137,1250000,1000000
2019-07-16 12:35:42.845000,1.08142,1.08139,1820000,1500000
2019-07-16 12:35:42.997000,1.08142,1.08139,1390000,1500000
2019-07-16 12:35:43.200000,1.08142,1.0814,1120000,1000000
2019-07-16 12:35:43.664000,1.08143,1.0814,3390000,2500000
2019-07-16 12:35:44.498000,1.08144,1.08142,3820000,1250000
2019-07-16 12:35:44.599000,1.08146,1.08143,2320000,1690000
2019-07-16 12:35:44.701000,1.08147,1.08143,3120000,1750000
2019-07-16 12:35:45.236000,1.08145,1.08143,1750000,1000000
2019-07-16 12:35:45.287000,1.08144,1.08142,1250000,1250000
2019-07-16 12:35:45.389000,1.08144,1.08141,1250000,2060000
2019-07-16 12:35:46.152000,1.08144,1.08142,3190000,1000000
