time,ask,bid,ask_volume,bid_volume
2019-10-03 13:55:00.116000,1.07038,1.07036,1290000,1450000
2019-10-03 13:55:00.218000,1.07038,1.07036,1250000,1310000
2019-10-03 13:55:01.812000,1.07039,1.07036,2060000,3620000
2019-10-03 13:55:02.546000,1.07041,1.07038,1810000,2060000
2019-10-03 13:55:02.648000,1.07042,1.07038,4370000,4010000
2019-10-03 13:55:03.646000,1.0704,1.07037,5060000,1250000
2019-10-03 13:55:03.767000,1.07039,1.07036,1250000,1450000
2019-10-03 13:55:07.332000,1.07038,1.07036,1250000,2810000
2019-10-03 13:55:08.913000,1.07039,1.07036,1690000,1370000
2019-10-03 13:55:09.018000,1.0704,1.07037,1250000,3560000
2019-10-03 13:55:09.271000,1.07039,1.07036,2440000,3000000
2019-10-03 13:55:09.373000,1.07038,1.07036,1250000,1310000
2019-10-03 13:55:10.903000,1.07038,1.07036,1120000,1250000
2019-10-03 13:55:12.039000,1.0704,1.07037,2060000,2510000
2019-10-03 13:55:12.188000,1.0704,1.07038,1000000,1310000
2019-10-03 13:55:12.289000,1.07041,1.07038,1370000,2250000
2019-10-03 13:55:12.704000,1.07041,1.07038,1310000,1750000
2019-10-03 13:55:12.770000,1.0704,1.07038,1250000,1500000
2019-10-03 13:55:12.923000,1.07041,1.07038,1120000,2140000
2019-10-03 13:55:13.127000,1.0704,1.07038,1250000,1950000
2019-10-03 13:55:13.228000,1.07041,1.07038,1310000,3100000
2019-10-03 13:55:13.279000,1.0704,1.07038,1250000,1950000
2019-10-03 13:55:13.492000,1.07041,1.07038,1310000,3700000
2019-10-03 13:55:13.594000,1.07042,1.07039,1870000,2720000
2019-10-03 13:55:14.801000,1.07042,1.0704,1000000,2260000
2019-10-03 13:55:14.852000,1.07044,1.07041,1250000,4600000
2019-10-03 13:55:15.206000,1.07043,1.0704,1690000,3560000
2019-10-03 13:55:15.567000,1.07043,1.0704,2560000,1690000
2019-10-03 13:55:16.798000,1.07042,1.07039,1250000,2060000
2019-10-03 13:55:20.539000,1.07043,1.0704,4060000,1750000
2019-10-03 13:55:20.640000,1.07043,1.0704,2060000,1750000
2019-10-03 13:55:20.894000,1.07045,1.07042,7870000,2700000
2019-10-03 13:55:21,1.07045,1.07042,2870000,1310000
2019-10-03 13:55:21.914000,1.07042,1.0704,1000000,1750000
2019-10-03 13:55:22.116000,1.07043,1.07041,1120000,2950000
2019-10-03 13:55:22.296000,1.07044,1.0704,2870000,2950000
2019-10-03 13:55:22.600000,1.07044,1.07041,1870000,1390000
2019-10-03 13:55:23.800000,1.07044,1.0704,3620000,2500000
2019-10-03 13:55:26.476000,1.07041,1.07039,1500000,1750000
2019-10-03 13:55:26.527000,1.0704,1.07038,1000000,1310000
2019-10-03 13:55:26.629000,1.0704,1.07037,4870000,2140000
2019-10-03 13:55:26.730000,1.07039,1.07037,1000000,1250000
2019-10-03 13:55:26.831000,1.07039,1.07037,1310000,1250000
2019-10-03 13:55:27.196000,1.07039,1.07037,1000000,3750000
2019-10-03 13:55:27.248000,1.07041,1.07038,1870000,4100000
2019-10-03 13:55:27.350000,1.07041,1.07038,1870000,2060000
2019-10-03 13:55:28.084000,1.07042,1.0704,3000000,1250000
2019-10-03 13:55:28.186000,1.07041,1.07038,1000000,1450000
2019-10-03 13:55:30.703000,1.0704,1.07038,1000000,1620000
2019-10-03 13:55:30.814000,1.07041,1.07038,2250000,1870000
2019-10-03 13:55:31.168000,1.07039,1.07036,2440000,1310000
2019-10-03 13:55:31.270000,1.07039,1.07036,3620000,1250000
2019-10-03 13:55:32.094000,1.07039,1.07036,1500000,3620000
2019-10-03 13:55:33.793000,1.07038,1.07036,1250000,1250000
2019-10-03 13:55:34.489000,1.07039,1.07036,3190000,1750000
2019-10-03 13:55:37.868000,1.0704,1.07037,3250000,1910000
2019-10-03 13:55:38.519000,1.07039,1.07037,1250000,1760000
2019-10-03 13:55:39.150000,1.07038,1.07036,2440000,1250000
2019-10-03 13:55:42.095000,1.07036,1.07034,3190000,1120000
2019-10-03 13:55:42.145000,1.07034,1.07031,2940000,5200000
2019-10-03 13:55:42.520000,1.07034,1.07031,2810000,2200000
2019-10-03 13:55:45.385000,1.07034,1.07031,3310000,1750000
2019-10-03 13:55:46.386000,1.07034,1.07031,2810000,1750000
2019-10-03 13:55:46.487000,1.07035,1.07031,4500000,4220000
2019-10-03 13:55:46.728000,1.07036,1.07034,2940000,1200000
2019-10-03 13:55:46.830000,1.07037,1.07035,1000000,1970000
2019-10-03 13:55:47.269000,1.07039,1.07037,1690000,1250000
2019-10-03 13:55:47.370000,1.07038,1.07036,1250000,2140000
2019-10-03 13:55:47.522000,1.07039,1.07036,2060000,2950000
2019-10-03 13:55:48.802000,1.07039,1.07036,4370000,1250000
2019-10-03 13:55:49.435000,1.07038,1.07034,2370000,4600000
2019-10-03 13:55:49.637000,1.07038,1.07035,1810000,1450000
2019-10-03 13:55:49.738000,1.07038,1.07035,1310000,1450000
2019-10-03 13:55:49.840000,1.07038,1.07034,2560000,3700000
2019-10-03 13:55:49.942000,1.07037,1.07034,1310000,2060000
2019-10-03 13:55:50.019000,1.07038,1.07035,3190000,1370000
2019-10-03 13:55:50.507000,1.07039,1.07037,1370000,1200000
2019-10-03 13:55:50.608000,1.0704,1.07038,1120000,2200000
2019-10-03 13:55:50.697000,1.07042,1.07038,2250000,5660000
2019-10-03 13:55:51.001000,1.07042,1.07038,1120000,4010000
2019-10-03 13:55:51.102000,1.07042,1.07038,1120000,3410000
2019-10-03 13:55:51.334000,1.07042,1.07039,1120000,1450000
2019-10-03 13:55:52.860000,1.07043,1.07039,3190000,2950000
2019-10-03 13:55:53.029000,1.07043,1.07039,3620000,1690000
2019-10-03 13:55:53.233000,1.07041,1.07038,2060000,2100000
2019-10-03 13:55:53.536000,1.07041,1.07038,1500000,1250000
2019-10-03 13:55:53.905000,1.07042,1.07039,2620000,1250000
2019-10-03 13:55:54.606000,1.07042,1.0704,1870000,1250000
2019-10-03 13:55:54.658000,1.07044,1.07041,1870000,1810000
2019-10-03 13:55:56.145000,1.07043,1.07041,1310000,1250000
2019-10-03 13:55:56.293000,1.07042,1.07039,1000000,3000000
2019-10-03 13:55:56.395000,1.07043,1.0704,2440000,1310000
2019-10-03 13:55:56.497000,1.07043,1.0704,1370000,1500000
2019-10-03 13:55:57.073000,1.07045,1.07042,6620000,1250000
2019-10-03 13:55:58.165000,1.07044,1.07041,3250000,1310000
2019-10-03 13:55:58.318000,1.07044,1.07041,3940000,2120000
2019-10-03 13:55:59.071000,1.07043,1.07042,1000000,2810000
2019-10-03 13:55:59.636000,1.07044,1.07042,1690000,1250000
2019-10-03 13:55:59.737000,1.07043,1.07041,1000000,2250000
2019-10-03 13:55:59.940000,1.07044,1.07041,1250000,1750000
2019-10-03 13:56:00.315000,1.07043,1.07041,1000000,1750000
2019-10-03 13:56:00.417000,1.07043,1.07041,1000000,1500000
2019-10-03 13:56:01.097000,1.07044,1.07043,1690000,1500000
2019-10-03 13:56:01.948000,1.07044,1.07042,1690000,1690000
2019-10-03 13:56:02.203000,1.07043,1.07041,1000000,2500000
2019-10-03 13:56:02.666000,1.07044,1.07042,1250000,1310000
2019-10-03 13:56:02.767000,1.07043,1.07042,1000000,1310000
2019-10-03 13:56:04.296000,1.07044,1.07042,1690000,1250000
2019-10-03 13:56:05.239000,1.07043,1.07042,1000000,1250000
2019-10-03 13:56:06.510000,1.07044,1.07042,1250000,1690000
2019-10-03 13:56:07.794000,1.07043,1.07041,1000000,2120000
2019-10-03 13:56:08.074000,1.07043,1.0704,2440000,3370000
2019-10-03 13:56:09.299000,1.07043,1.0704,1000000,3320000
2019-10-03 13:56:09.741000,1.07041,1.07038,1690000,4390000
2019-10-03 13:56:09.843000,1.07039,1.07037,1690000,2810000
2019-10-03 13:56:09.945000,1.0704,1.07037,2440000,2510000
2019-10-03 13:56:10.047000,1.0704,1.07038,1250000,2810000
2019-10-03 13:56:10.149000,1.07041,1.07038,2500000,4410000
2019-10-03 13:56:10.279000,1.07041,1.07038,1000000,4470000
2019-10-03 13:56:12.002000,1.07041,1.07038,1690000,3260000
2019-10-03 13:56:12.997000,1.07041,1.07038,1690000,3390000
2019-10-03 13:56:13.906000,1.07041,1.07038,1250000,2450000
2019-10-03 13:56:14.007000,1.07041,1.07038,1250000,2320000
2019-10-03 13:56:14.580000,1.0704,1.07037,1750000,4760000
2019-10-03 13:56:14.682000,1.07041,1.07039,1250000,1000000
2019-10-03 13:56:16.949000,1.07042,1.07039,2060000,1690000
2019-10-03 13:56:17.052000,1.07041,1.07039,1000000,2060000
2019-10-03 13:56:17.154000,1.07042,1.07039,2060000,2060000
2019-10-03 13:56:18.465000,1.07042,1.07039,3250000,1870000
2019-10-03 13:56:21.090000,1.07042,1.07039,3190000,2060000
2019-10-03 13:56:21.242000,1.07041,1.07039,1500000,1120000
2019-10-03 13:56:21.695000,1.07042,1.07039,2250000,2870000
2019-10-03 13:56:21.796000,1.07042,1.07041,2250000,1000000
2019-10-03 13:56:24.196000,1.07044,1.07041,2870000,1690000
2019-10-03 13:56:24.506000,1.07046,1.07044,1950000,1000000
2019-10-03 13:56:24.608000,1.07047,1.07044,2440000,2440000
2019-10-03 13:56:24.810000,1.07047,1.07046,1000000,1000000
2019-10-03 13:56:25.575000,1.07049,1.07046,1120000,3620000
2019-10-03 13:56:25.626000,1.0705,1.07049,2440000,1000000
2019-10-03 13:56:25.909000,1.0705,1.07048,2060000,1500000
2019-10-03 13:56:26.010000,1.0705,1.07047,2060000,2060000
2019-10-03 13:56:26.597000,1.0705,1.07049,1310000,1000000
2019-10-03 13:56:27.119000,1.0705,1.07047,1370000,3940000
2019-10-03 13:56:27.220000,1.07048,1.07047,1000000,1000000
2019-10-03 13:56:27.423000,1.07048,1.07046,2120000,1000000
2019-10-03 13:56:27.524000,1.07048,1.07046,1310000,1690000
2019-10-03 13:56:27.631000,1.0705,1.07047,5120000,1000000
2019-10-03 13:56:31.434000,1.07047,1.07045,2500000,3070000
2019-10-03 13:56:31.486000,1.07048,1.07045,1690000,3260000
2019-10-03 13:56:31.587000,1.07047,1.07045,1000000,2440000
2019-10-03 13:56:32.169000,1.07048,1.07046,1000000,1690000
2019-10-03 13:56:32.271000,1.0705,1.07047,2940000,1000000
2019-10-03 13:56:33.211000,1.0705,1.07047,1310000,1000000
2019-10-03 13:56:34.251000,1.07049,1.07047,1000000,1000000
2019-10-03 13:56:35.073000,1.0705,1.07047,1690000,2810000
2019-10-03 13:56:35.529000,1.07051,1.07048,1690000,1760000
2019-10-03 13:56:35.630000,1.07052,1.07049,2220000,2890000
2019-10-03 13:56:35.731000,1.07053,1.07049,1910000,2810000
2019-10-03 13:56:36.951000,1.07052,1.07049,1360000,2810000
2019-10-03 13:56:39.930000,1.07052,1.0705,1350000,1000000
2019-10-03 13:56:39.981000,1.07054,1.07052,1250000,1000000
2019-10-03 13:56:40.082000,1.07055,1.07053,1690000,1000000
2019-10-03 13:56:40.591000,1.07055,1.07053,1750000,1000000
2019-10-03 13:56:40.642000,1.07057,1.07056,2440000,2250000
2019-10-03 13:56:40.743000,1.07059,1.07057,2060000,1250000
2019-10-03 13:56:40.844000,1.07055,1.07054,1000000,1000000
2019-10-03 13:56:40.895000,1.07056,1.07053,2120000,1950000
2019-10-03 13:56:41.050000,1.07055,1.07053,2500000,1120000
2019-10-03 13:56:41.404000,1.07054,1.07052,1250000,1950000
2019-10-03 13:56:41.454000,1.07052,1.0705,1250000,1870000
2019-10-03 13:56:41.863000,1.07052,1.07049,3750000,1500000
2019-10-03 13:56:44.140000,1.07049,1.07047,1250000,1410000
2019-10-03 13:56:44.242000,1.07049,1.07046,2560000,2200000
2019-10-03 13:56:44.445000,1.07049,1.07046,2060000,1820000
2019-10-03 13:56:44.883000,1.07051,1.07048,4810000,1690000
2019-10-03 13:56:44.986000,1.07051,1.07048,1250000,2810000
2019-10-03 13:56:45.088000,1.07052,1.07049,1440000,1000000
2019-10-03 13:56:45.959000,1.07052,1.0705,1250000,1000000
2019-10-03 13:56:46.071000,1.07054,1.0705,3520000,3640000
2019-10-03 13:56:46.274000,1.07053,1.0705,1750000,2700000
2019-10-03 13:56:46.854000,1.07053,1.0705,1000000,4820000
2019-10-03 13:56:47.056000,1.07054,1.07051,3190000,1250000
2019-10-03 13:56:47.301000,1.07054,1.07052,1250000,1810000
2019-10-03 13:56:49.244000,1.07055,1.07052,2500000,1950000
2019-10-03 13:56:50.405000,1.07055,1.07052,2440000,2140000
2019-10-03 13:56:50.506000,1.07056,1.07053,3770000,1500000
2019-10-03 13:56:50.658000,1.07056,1.07053,2640000,3200000
2019-10-03 13:56:50.774000,1.07056,1.07055,3190000,1000000
2019-10-03 13:56:50.926000,1.07056,1.07054,1250000,5020000
2019-10-03 13:56:51.027000,1.07059,1.07056,1190000,1000000
2019-10-03 13:56:51.078000,1.07058,1.07055,1250000,6070000
2019-10-03 13:56:51.129000,1.07058,1.07056,1250000,2590000
2019-10-03 13:56:51.231000,1.07059,1.07056,1250000,1570000
2019-10-03 13:56:51.384000,1.07059,1.07056,1250000,1820000
2019-10-03 13:56:51.637000,1.07057,1.07055,1690000,2320000
2019-10-03 13:56:51.738000,1.07056,1.07053,1750000,1120000
2019-10-03 13:56:52.259000,1.07055,1.07053,1750000,1000000
2019-10-03 13:56:52.607000,1.07057,1.07054,2870000,1500000
2019-10-03 13:56:52.713000,1.07057,1.07054,3250000,1000000
2019-10-03 13:56:52.815000,1.07057,1.07054,1750000,1000000
2019-10-03 13:56:52.916000,1.07057,1.07055,1250000,1000000
2019-10-03 13:56:53.585000,1.07058,1.07055,1690000,2500000
2019-10-03 13:56:53.737000,1.07058,1.07055,1000000,3250000
2019-10-03 13:56:54.595000,1.07059,1.07055,2810000,5200000
2019-10-03 13:56:56.925000,1.07059,1.07058,1250000,1000000
2019-10-03 13:57:00.098000,1.07059,1.07056,3250000,3190000
2019-10-03 13:57:00.855000,1.07057,1.07054,1250000,3560000
2019-10-03 13:57:02.405000,1.07058,1.07056,4810000,1250000
2019-10-03 13:57:02.506000,1.07058,1.07056,2060000,1250000
2019-10-03 13:57:02.721000,1.07058,1.07055,3560000,1760000
2019-10-03 13:57:02.822000,1.07058,1.07054,4120000,2140000
2019-10-03 13:57:04.096000,1.07058,1.07055,3310000,1250000
2019-10-03 13:57:06.638000,1.07058,1.07055,1250000,3190000
2019-10-03 13:57:06.741000,1.0706,1.07057,2120000,1250000
2019-10-03 13:57:10.300000,1.0706,1.07057,1250000,3310000
2019-10-03 13:57:10.351000,1.07063,1.0706,2220000,1870000
2019-10-03 13:57:10.453000,1.07062,1.0706,1000000,2120000
2019-10-03 13:57:10.554000,1.07062,1.0706,1000000,1310000
2019-10-03 13:57:11.457000,1.0706,1.07058,1250000,1570000
2019-10-03 13:57:11.558000,1.0706,1.07057,1370000,2810000
2019-10-03 13:57:15.745000,1.07058,1.07057,1000000,1250000
2019-10-03 13:57:15.897000,1.07059,1.07057,2060000,1250000
2019-10-03 13:57:16.278000,1.07058,1.07056,1690000,2060000
2019-10-03 13:57:17.599000,1.07059,1.07057,1370000,1000000
2019-10-03 13:57:17.701000,1.0706,1.07058,2120000,1000000
2019-10-03 13:57:18.090000,1.0706,1.07059,1000000,1000000
2019-10-03 13:57:18.191000,1.07061,1.07059,2060000,1000000
2019-10-03 13:57:19.351000,1.0706,1.07058,1120000,1250000
2019-10-03 13:57:19.452000,1.0706,1.07058,2120000,1000000
2019-10-03 13:57:20.300000,1.07061,1.07058,2940000,1250000
2019-10-03 13:57:20.401000,1.07061,1.07057,2060000,3250000
2019-10-03 13:57:20.502000,1.07061,1.07057,2940000,2950000
2019-10-03 13:57:21.451000,1.07062,1.07059,3000000,4870000
2019-10-03 13:57:21.552000,1.07064,1.07061,4120000,1000000
2019-10-03 13:57:21.805000,1.07064,1.0706,2620000,1310000
2019-10-03 13:57:21.907000,1.07062,1.07059,2620000,3450000
2019-10-03 13:57:22.051000,1.07062,1.07059,4310000,1000000
2019-10-03 13:57:22.494000,1.07063,1.0706,1810000,1250000
2019-10-03 13:57:22.597000,1.07064,1.0706,4950000,1690000
2019-10-03 13:57:22.698000,1.07064,1.07061,2190000,1250000
2019-10-03 13:57:22.857000,1.07064,1.07061,1310000,1310000
2019-10-03 13:57:22.959000,1.07065,1.07062,1200000,1000000
2019-10-03 13:57:23.579000,1.07064,1.07062,1000000,1000000
2019-10-03 13:57:24.504000,1.07065,1.07062,1870000,1000000
2019-10-03 13:57:24.762000,1.07064,1.07062,1000000,1760000
2019-10-03 13:57:25.173000,1.07063,1.07061,1000000,1950000
2019-10-03 13:57:25.274000,1.07064,1.07061,1870000,1870000
2019-10-03 13:57:25.375000,1.07064,1.07061,2000000,1870000
2019-10-03 13:57:26.378000,1.07064,1.07061,1870000,1870000
2019-10-03 13:57:28.776000,1.07065,1.07061,2170000,5440000
2019-10-03 13:57:30.960000,1.07062,1.07061,1000000,1000000
2019-10-03 13:57:31.066000,1.07062,1.0706,1870000,1250000
2019-10-03 13:57:31.370000,1.0706,1.07057,1000000,4500000
2019-10-03 13:57:31.421000,1.0706,1.07056,2620000,3260000
2019-10-03 13:57:31.522000,1.0706,1.07057,2560000,1250000
2019-10-03 13:57:33.404000,1.0706,1.07056,2440000,3620000
2019-10-03 13:57:34.220000,1.0706,1.07056,2870000,4500000
2019-10-03 13:57:34.879000,1.07061,1.07059,1950000,1120000
2019-10-03 13:57:34.981000,1.07061,1.07058,1810000,2620000
2019-10-03 13:57:36.508000,1.07061,1.07059,1310000,1310000
2019-10-03 13:57:36.639000,1.07062,1.07059,3450000,1810000
2019-10-03 13:57:37.110000,1.07062,1.07059,1120000,3750000
2019-10-03 13:57:37.212000,1.07063,1.0706,1120000,4500000
2019-10-03 13:57:37.389000,1.07064,1.07061,1120000,3620000
2019-10-03 13:57:38.296000,1.07064,1.07061,2370000,2620000
2019-10-03 13:57:38.498000,1.07063,1.0706,1870000,3250000
2019-10-03 13:57:38.600000,1.07063,1.0706,2370000,2870000
2019-10-03 13:57:39.989000,1.07063,1.0706,1120000,3620000
2019-10-03 13:57:40.622000,1.07063,1.0706,2370000,2620000
2019-10-03 13:57:40.749000,1.07063,1.0706,1870000,2620000
2019-10-03 13:57:40.933000,1.07063,1.07061,1870000,1370000
2019-10-03 13:57:41.296000,1.07063,1.0706,1870000,1870000
2019-10-03 13:57:41.397000,1.07063,1.07061,1120000,1370000
2019-10-03 13:57:45.516000,1.07061,1.07059,1000000,3000000
2019-10-03 13:57:45.620000,1.07063,1.0706,2560000,1750000
2019-10-03 13:57:45.722000,1.07063,1.0706,1870000,4120000
2019-10-03 13:57:45.927000,1.07062,1.0706,1120000,1250000
2019-10-03 13:57:46.028000,1.07063,1.07062,1500000,1000000
2019-10-03 13:57:46.079000,1.07065,1.07063,1250000,3750000
2019-10-03 13:57:46.221000,1.07067,1.07065,3430000,1000000
2019-10-03 13:57:46.323000,1.07068,1.07066,1250000,1620000
2019-10-03 13:57:46.424000,1.0707,1.07068,1000000,2250000
2019-10-03 13:57:46.526000,1.07071,1.0707,1000000,1000000
2019-10-03 13:57:46.627000,1.07072,1.07069,2440000,1250000
2019-10-03 13:57:46.728000,1.07075,1.07073,1000000,4500000
2019-10-03 13:57:46.780000,1.07077,1.07074,4200000,4070000
2019-10-03 13:57:46.919000,1.07082,1.07079,2890000,1750000
2019-10-03 13:57:47.678000,1.07084,1.07081,2140000,1250000
2019-10-03 13:57:47.830000,1.07085,1.07082,1250000,2940000
2019-10-03 13:57:48.245000,1.07086,1.07084,1000000,1250000
2019-10-03 13:57:48.347000,1.07087,1.07084,2060000,1250000
2019-10-03 13:57:48.449000,1.07088,1.07086,1500000,1250000
2019-10-03 13:57:48.702000,1.07088,1.07084,3000000,2140000
2019-10-03 13:57:49.077000,1.07086,1.07083,1000000,2320000
2019-10-03 13:57:49.179000,1.07085,1.07082,2810000,1390000
2019-10-03 13:57:49.855000,1.07085,1.07082,1120000,1750000
2019-10-03 13:57:50.891000,1.07083,1.07081,1870000,1450000
2019-10-03 13:57:50.992000,1.07083,1.07079,1870000,2120000
2019-10-03 13:57:51.195000,1.07081,1.07079,1000000,2120000
2019-10-03 13:57:51.414000,1.07081,1.07079,1000000,1310000
2019-10-03 13:57:51.720000,1.0708,1.07077,2620000,3600000
2019-10-03 13:57:51.821000,1.07079,1.07077,1370000,1120000
2019-10-03 13:57:51.923000,1.0708,1.07077,3310000,1120000
2019-10-03 13:57:52.218000,1.07079,1.07076,2120000,3310000
2019-10-03 13:57:52.320000,1.07079,1.07076,2120000,2060000
2019-10-03 13:57:57.727000,1.07078,1.07076,1250000,1000000
2019-10-03 13:57:58.147000,1.07079,1.07076,3190000,1000000
2019-10-03 13:57:58.591000,1.07076,1.07074,1000000,1760000
2019-10-03 13:57:58.693000,1.07076,1.07074,1750000,1000000
2019-10-03 13:57:59.366000,1.07076,1.07073,2500000,1000000
2019-10-03 13:58:00.198000,1.07074,1.07071,3560000,1350000
2019-10-03 13:58:00.300000,1.07073,1.07071,1000000,1250000
2019-10-03 13:58:01.970000,1.07073,1.07069,3560000,4570000
2019-10-03 13:58:02.072000,1.07072,1.07068,3250000,2190000
2019-10-03 13:58:08.445000,1.07072,1.07068,3620000,3560000
2019-10-03 13:58:08.584000,1.07072,1.07068,3620000,3690000
2019-10-03 13:58:08.726000,1.0707,1.07068,1250000,2750000
2019-10-03 13:58:08.778000,1.0707,1.07067,3620000,1570000
2019-10-03 13:58:09.868000,1.0707,1.07068,1750000,1000000
2019-10-03 13:58:10.828000,1.0707,1.07068,1250000,1000000
2019-10-03 13:58:11.178000,1.07069,1.07067,1250000,3190000
2019-10-03 13:58:11.280000,1.0707,1.07068,1690000,1000000
2019-10-03 13:58:12.929000,1.0707,1.07068,1250000,1500000
2019-10-03 13:58:12.980000,1.07072,1.07071,1010000,1000000
2019-10-03 13:58:13.081000,1.07074,1.07071,3750000,1250000
2019-10-03 13:58:13.195000,1.07074,1.07072,2870000,1000000
2019-10-03 13:58:16.283000,1.07074,1.07071,2870000,3000000
2019-10-03 13:58:17.248000,1.07077,1.07075,3100000,1000000
2019-10-03 13:58:17.350000,1.07077,1.07076,1250000,1000000
2019-10-03 13:58:18.093000,1.07078,1.07077,1250000,1000000
2019-10-03 13:58:22.126000,1.07081,1.07078,2700000,2910000
2019-10-03 13:58:22.228000,1.07082,1.07079,4000000,1000000
2019-10-03 13:58:22.664000,1.07082,1.07078,2870000,4440000
2019-10-03 13:58:23.892000,1.07082,1.07079,1750000,2000000
2019-10-03 13:58:24.043000,1.07083,1.0708,1250000,2560000
2019-10-03 13:58:25.173000,1.07083,1.0708,1750000,1000000
2019-10-03 13:58:25.224000,1.07081,1.07079,1250000,2700000
2019-10-03 13:58:25.325000,1.07082,1.07079,1750000,2620000
2019-10-03 13:58:26.666000,1.07081,1.07078,2810000,1310000
2019-10-03 13:58:26.780000,1.0708,1.07078,1000000,1310000
2019-10-03 13:58:27.769000,1.0708,1.07077,1690000,2440000
2019-10-03 13:58:28.373000,1.07077,1.07075,1690000,1600000
2019-10-03 13:58:28.941000,1.07076,1.07074,1250000,1000000
2019-10-03 13:58:29.043000,1.07076,1.07073,1250000,1310000
2019-10-03 13:58:29.914000,1.07075,1.07072,1000000,3450000
2019-10-03 13:58:32.540000,1.07076,1.07072,3370000,2440000
2019-10-03 13:58:34.362000,1.07074,1.07072,1370000,1120000
2019-10-03 13:58:34.567000,1.07074,1.07071,2500000,2060000
2019-10-03 13:58:34.771000,1.07072,1.0707,1500000,1810000
2019-10-03 13:58:34.822000,1.07072,1.07069,1690000,2340000
2019-10-03 13:58:35.176000,1.07071,1.07068,1000000,1870000
2019-10-03 13:58:36.006000,1.07071,1.07069,1000000,1000000
2019-10-03 13:58:39.288000,1.0707,1.07068,1500000,1570000
2019-10-03 13:58:39.427000,1.07069,1.07067,1000000,2060000
2019-10-03 13:58:39.680000,1.0707,1.07067,1690000,2060000
2019-10-03 13:58:44.013000,1.07069,1.07067,1750000,1000000
2019-10-03 13:58:44.063000,1.0707,1.07067,2440000,2060000
2019-10-03 13:58:44.794000,1.0707,1.07067,1690000,1750000
2019-10-03 13:58:45.044000,1.0707,1.07067,1690000,1250000
2019-10-03 13:58:45.246000,1.07069,1.07066,2120000,2940000
2019-10-03 13:58:45.544000,1.0707,1.07067,1310000,2060000
2019-10-03 13:58:46.156000,1.0707,1.07066,2250000,3310000
2019-10-03 13:58:46.308000,1.07068,1.07066,1000000,2620000
2019-10-03 13:58:46.410000,1.07067,1.07065,1250000,1870000
2019-10-03 13:58:46.511000,1.07067,1.07064,1120000,2500000
2019-10-03 13:58:49.013000,1.07068,1.07065,1570000,2120000
2019-10-03 13:58:50.171000,1.07068,1.07065,2510000,2060000
2019-10-03 13:58:50.287000,1.07067,1.07064,1250000,2190000
2019-10-03 13:58:50.340000,1.07065,1.07062,1010000,2560000
2019-10-03 13:58:51.294000,1.07063,1.07062,1000000,1250000
2019-10-03 13:58:51.376000,1.07061,1.07058,2250000,2250000
2019-10-03 13:58:51.430000,1.07059,1.07057,1000000,1750000
2019-10-03 13:58:51.645000,1.0706,1.07057,1570000,2500000
2019-10-03 13:58:51.849000,1.07059,1.07057,1000000,1750000
2019-10-03 13:58:52.195000,1.0706,1.07057,1570000,3250000
2019-10-03 13:58:52.297000,1.07061,1.07058,4060000,1250000
2019-10-03 13:58:52.414000,1.07061,1.07058,3190000,1370000
2019-10-03 13:58:52.515000,1.07061,1.07057,3820000,3370000
2019-10-03 13:58:53.313000,1.07061,1.07057,3320000,2440000
2019-10-03 13:58:53.415000,1.07056,1.07055,1000000,1000000
2019-10-03 13:58:56.482000,1.07056,1.07053,1500000,1750000
2019-10-03 13:58:56.583000,1.07055,1.07052,3850000,1750000
2019-10-03 13:58:56.685000,1.07053,1.07051,1000000,3000000
2019-10-03 13:58:56.966000,1.07052,1.07051,1000000,2060000
2019-10-03 13:58:57.118000,1.07053,1.07051,1000000,2500000
2019-10-03 13:58:57.905000,1.07053,1.0705,2250000,1810000
2019-10-03 13:58:58.007000,1.07054,1.07052,1000000,1250000
2019-10-03 13:58:58.159000,1.07054,1.07052,1390000,1310000
2019-10-03 13:58:58.479000,1.07052,1.07051,1000000,1250000
2019-10-03 13:58:58.530000,1.07052,1.07049,1870000,1370000
2019-10-03 13:58:58.683000,1.07052,1.07048,3070000,3000000
2019-10-03 13:58:58.784000,1.07051,1.07048,1000000,3000000
2019-10-03 13:59:00.467000,1.07052,1.0705,1570000,1250000
2019-10-03 13:59:00.518000,1.07051,1.07049,1120000,1250000
2019-10-03 13:59:02.405000,1.07052,1.07049,1310000,1310000
2019-10-03 13:59:02.576000,1.07051,1.07047,2250000,2940000
2019-10-03 13:59:02.627000,1.07049,1.07047,1250000,1690000
2019-10-03 13:59:02.728000,1.07051,1.07048,1720000,2060000
2019-10-03 13:59:02.830000,1.07051,1.07048,1100000,2440000
2019-10-03 13:59:03.402000,1.07049,1.07047,1000000,2440000
2019-10-03 13:59:03.453000,1.07048,1.07046,1200000,1000000
2019-10-03 13:59:03.555000,1.0705,1.07048,1100000,1120000
2019-10-03 13:59:03.657000,1.07051,1.07048,2350000,1750000
2019-10-03 13:59:03.768000,1.07051,1.07048,1200000,1750000
2019-10-03 13:59:05.571000,1.07052,1.07049,1950000,1250000
2019-10-03 13:59:06.945000,1.07049,1.07046,1250000,6270000
2019-10-03 13:59:07.097000,1.07052,1.07048,4720000,1250000
2019-10-03 13:59:07.198000,1.07052,1.07048,3850000,2500000
2019-10-03 13:59:07.300000,1.07052,1.07048,3070000,2500000
2019-10-03 13:59:10.441000,1.07052,1.07048,2140000,1310000
2019-10-03 13:59:13.043000,1.0705,1.07047,1250000,3250000
2019-10-03 13:59:13.144000,1.07049,1.07047,1250000,1120000
2019-10-03 13:59:13.342000,1.07048,1.07045,2440000,1370000
2019-10-03 13:59:13.595000,1.07046,1.07043,1250000,1870000
2019-10-03 13:59:13.748000,1.07047,1.07043,2870000,2060000
2019-10-03 13:59:14.472000,1.07048,1.07044,4510000,1370000
2019-10-03 13:59:14.966000,1.07048,1.07044,4200000,2060000
2019-10-03 13:59:15.118000,1.07048,1.07044,4890000,3620000
2019-10-03 13:59:15.320000,1.07048,1.07045,2250000,1370000
2019-10-03 13:59:16.289000,1.07049,1.07045,2140000,2500000
2019-10-03 13:59:16.390000,1.07049,1.07045,2320000,1370000
2019-10-03 13:59:17.633000,1.07048,1.07044,1000000,3250000
2019-10-03 13:59:18.136000,1.07049,1.07045,1570000,2250000
2019-10-03 13:59:18.287000,1.0705,1.07048,2640000,1250000
2019-10-03 13:59:18.389000,1.07051,1.07048,2640000,1000000
2019-10-03 13:59:18.527000,1.07051,1.07049,1690000,1000000
2019-10-03 13:59:18.646000,1.07051,1.07048,1750000,1120000
2019-10-03 13:59:19.333000,1.07052,1.0705,2320000,2250000
2019-10-03 13:59:19.393000,1.07054,1.07052,2940000,2440000
2019-10-03 13:59:19.494000,1.07056,1.07054,1000000,1250000
2019-10-03 13:59:19.595000,1.07056,1.07055,1000000,1000000
2019-10-03 13:59:20.488000,1.07056,1.07054,1000000,1250000
2019-10-03 13:59:22.338000,1.07058,1.07055,1250000,1750000
2019-10-03 13:59:22.439000,1.07059,1.07055,2060000,3250000
2019-10-03 13:59:24.108000,1.07061,1.07057,1390000,1690000
2019-10-03 13:59:26.054000,1.0706,1.07057,1250000,1690000
2019-10-03 13:59:31.495000,1.0706,1.07055,1000000,1500000
2019-10-03 13:59:32.386000,1.07059,1.07055,1000000,1500000
2019-10-03 13:59:35.195000,1.07061,1.07057,1000000,1000000
2019-10-03 13:59:35.297000,1.0706,1.07056,1000000,3000000
2019-10-03 13:59:35.398000,1.07061,1.07057,1000000,1500000
2019-10-03 13:59:35.517000,1.07062,1.07057,1000000,1500000
2019-10-03 13:59:36.345000,1.07062,1.07057,1000000,2000000
2019-10-03 13:59:36.609000,1.07062,1.07057,1000000,1870000
2019-10-03 13:59:37.276000,1.07063,1.07059,1000000,1120000
2019-10-03 13:59:37.580000,1.07064,1.0706,1500000,1000000
2019-10-03 13:59:40.290000,1.07066,1.07061,1870000,2320000
2019-10-03 13:59:40.799000,1.07065,1.07061,1000000,1000000
2019-10-03 13:59:40.950000,1.07066,1.07062,1000000,1500000
2019-10-03 13:59:41.742000,1.07066,1.07063,1000000,1000000
2019-10-03 13:59:41.844000,1.07066,1.07062,1000000,1500000
2019-10-03 13:59:42.811000,1.07066,1.07061,1500000,1000000
2019-10-03 13:59:43.014000,1.07063,1.07061,1000000,1000000
2019-10-03 13:59:43.316000,1.07064,1.07061,1000000,1000000
2019-10-03 13:59:44.081000,1.07068,1.07064,2250000,1500000
2019-10-03 13:59:44.132000,1.07069,1.07066,1950000,1000000
2019-10-03 13:59:44.234000,1.0707,1.07066,1000000,1000000
2019-10-03 13:59:45.285000,1.0707,1.07067,1500000,2440000
2019-10-03 13:59:45.390000,1.0707,1.07068,1000000,1000000
2019-10-03 13:59:45.593000,1.07071,1.07068,1000000,1000000
2019-10-03 13:59:46.125000,1.07072,1.0707,1000000,1000000
2019-10-03 13:59:46.226000,1.07071,1.07069,1000000,1000000
2019-10-03 13:59:46.328000,1.07072,1.07069,1950000,1000000
2019-10-03 13:59:46.480000,1.07071,1.07069,1000000,1000000
2019-10-03 13:59:46.631000,1.07071,1.07068,1500000,1000000
2019-10-03 13:59:47.298000,1.0707,1.07068,1000000,1000000
2019-10-03 13:59:47.408000,1.07073,1.07071,1500000,2250000
2019-10-03 13:59:47.509000,1.07074,1.07071,1500000,1540000
2019-10-03 13:59:48.055000,1.07071,1.07068,1000000,2700000
2019-10-03 13:59:48.157000,1.0707,1.07068,1000000,1000000
2019-10-03 13:59:48.460000,1.0707,1.07067,1000000,1200000
2019-10-03 13:59:49.211000,1.07069,1.07067,1000000,1000000
2019-10-03 13:59:49.636000,1.07071,1.07069,1500000,1000000
2019-10-03 13:59:50.069000,1.07071,1.07068,1000000,2250000
2019-10-03 13:59:50.729000,1.07071,1.07067,1000000,1500000
2019-10-03 13:59:50.780000,1.07071,1.07065,1200000,1000000
2019-10-03 13:59:50.831000,1.07066,1.07064,1000000,1000000
2019-10-03 13:59:50.882000,1.07064,1.07061,1000000,1200000
2019-10-03 13:59:50.983000,1.07064,1.0706,1500000,1950000
2019-10-03 13:59:51.085000,1.07065,1.07061,1000000,1500000
2019-10-03 13:59:51.246000,1.07067,1.0706,1100000,1000000
2019-10-03 13:59:51.539000,1.07067,1.07059,1950000,1000000
2019-10-03 13:59:51.590000,1.0706,1.07056,1600000,1000000
2019-10-03 13:59:51.675000,1.07058,1.07052,1000000,1750000
2019-10-03 13:59:51.726000,1.07053,1.0705,1000000,1500000
2019-10-03 13:59:51.777000,1.07052,1.07046,1200000,1000000
2019-10-03 13:59:51.828000,1.0705,1.07044,1000000,3000000
2019-10-03 13:59:51.879000,1.07051,1.0704,1000000,1500000
2019-10-03 13:59:51.982000,1.07051,1.0704,1000000,1500000
2019-10-03 13:59:52.033000,1.07048,1.0704,1120000,1000000
2019-10-03 13:59:52.135000,1.07048,1.07037,1000000,1000000
2019-10-03 13:59:52.190000,1.07046,1.07037,1000000,1000000
2019-10-03 13:59:52.291000,1.0705,1.07041,1000000,1000000
2019-10-03 13:59:52.342000,1.07056,1.07053,1000000,1000000
2019-10-03 13:59:52.393000,1.07057,1.0705,1120000,1500000
2019-10-03 13:59:52.495000,1.07055,1.07048,1000000,1050000
2019-10-03 13:59:52.596000,1.07051,1.07044,1500000,1500000
2019-10-03 13:59:52.698000,1.07051,1.07041,1500000,1000000
2019-10-03 13:59:52.802000,1.07048,1.07041,1000000,1000000
2019-10-03 13:59:52.854000,1.07047,1.07038,1000000,1120000
2019-10-03 13:59:52.905000,1.07045,1.07036,1120000,1000000
2019-10-03 13:59:53.414000,1.07045,1.07037,1120000,1120000
2019-10-03 13:59:53.845000,1.07045,1.07038,1120000,1000000
2019-10-03 13:59:53.946000,1.07054,1.07045,1590000,1100000
2019-10-03 13:59:54.245000,1.07057,1.07045,1090000,1000000
2019-10-03 13:59:54.346000,1.07057,1.07047,1500000,1000000
2019-10-03 13:59:54.397000,1.0706,1.07048,1000000,2100000
2019-10-03 13:59:54.498000,1.07061,1.07049,1000000,1000000
2019-10-03 13:59:54.802000,1.07061,1.07052,1000000,1000000
2019-10-03 13:59:54.880000,1.07061,1.07049,1000000,1870000
2019-10-03 13:59:54.932000,1.07058,1.07047,1400000,1000000
2019-10-03 13:59:55.033000,1.07059,1.07049,1000000,1000000
2019-10-03 13:59:55.134000,1.07066,1.07057,1200000,1120000
2019-10-03 13:59:55.236000,1.07067,1.07057,1100000,2450000
2019-10-03 13:59:55.388000,1.07066,1.07057,1000000,2450000
2019-10-03 13:59:55.713000,1.07066,1.07057,1000000,1870000
2019-10-03 13:59:55.865000,1.07066,1.07057,1000000,2000000
2019-10-03 13:59:56.077000,1.07066,1.07057,1000000,1870000
2019-10-03 13:59:56.237000,1.07071,1.0706,1000000,1000000
2019-10-03 13:59:56.295000,1.07071,1.07062,1000000,2250000
2019-10-03 13:59:56.396000,1.07071,1.07062,1000000,2000000
2019-10-03 13:59:56.501000,1.07072,1.07062,1000000,2000000
2019-10-03 13:59:56.602000,1.07071,1.07062,1000000,2000000
2019-10-03 13:59:57.184000,1.07073,1.07066,1000000,1000000
2019-10-03 13:59:57.235000,1.07078,1.07066,1500000,1000000
2019-10-03 13:59:57.706000,1.07078,1.07066,1000000,1000000
2019-10-03 13:59:58.046000,1.07077,1.07066,1000000,1000000
2019-10-03 13:59:58.097000,1.07066,1.0706,1000000,3000000
2019-10-03 13:59:58.212000,1.07066,1.07059,1000000,1000000
2019-10-03 13:59:58.363000,1.07068,1.07057,1000000,1000000
2019-10-03 13:59:58.592000,1.07066,1.07057,1000000,1000000
2019-10-03 13:59:58.694000,1.07067,1.07055,1500000,2250000
2019-10-03 13:59:58.745000,1.07063,1.07055,1000000,2250000
2019-10-03 13:59:58.796000,1.07062,1.07049,1000000,1000000
2019-10-03 13:59:59.252000,1.07063,1.07049,3370000,1120000
2019-10-03 13:59:59.575000,1.07063,1.07049,1500000,1500000
2019-10-03 13:59:59.780000,1.07063,1.07049,1000000,1120000
2019-10-03 13:59:59.830000,1.07063,1.07047,1250000,1500000
2019-10-03 13:59:59.937000,1.07065,1.07047,1750000,1000000
2019-10-03 14:00:00.048000,1.07061,1.0705,1500000,1000000
2019-10-03 14:00:00.099000,1.06938,1.06934,1000000,1000000
2019-10-03 14:00:00.200000,1.06919,1.06913,1000000,1000000
2019-10-03 14:00:00.324000,1.06914,1.06907,1610000,1000000
2019-10-03 14:00:00.425000,1.06914,1.06904,2360000,1370000
2019-10-03 14:00:00.565000,1.06905,1.06902,1000000,1000000
2019-10-03 14:00:00.634000,1.06905,1.069,1120000,1500000
2019-10-03 14:00:00.705000,1.0689,1.06878,1400000,1000000
2019-10-03 14:00:00.842000,1.06886,1.06874,1000000,1500000
2019-10-03 14:00:00.953000,1.06887,1.06874,1000000,1250000
2019-10-03 14:00:01.117000,1.06875,1.06867,1000000,1500000
2019-10-03 14:00:01.182000,1.06861,1.06858,1120000,1000000
2019-10-03 14:00:01.233000,1.06857,1.06854,1500000,1000000
2019-10-03 14:00:01.394000,1.06863,1.06856,1500000,1000000
2019-10-03 14:00:01.451000,1.06861,1.06849,1500000,1000000
2019-10-03 14:00:01.501000,1.06857,1.0685,1000000,1500000
2019-10-03 14:00:01.622000,1.06861,1.06846,1500000,1250000
2019-10-03 14:00:01.673000,1.06804,1.06794,1000000,1500000
2019-10-03 14:00:01.725000,1.068,1.06794,1000000,1120000
2019-10-03 14:00:01.866000,1.06801,1.06794,1000000,1000000
2019-10-03 14:00:01.917000,1.06789,1.06776,1940000,1900000
2019-10-03 14:00:01.968000,1.0678,1.06772,1000000,1400000
2019-10-03 14:00:02.087000,1.06784,1.06776,2000000,1500000
2019-10-03 14:00:02.138000,1.06795,1.06784,1800000,1000000
2019-10-03 14:00:02.239000,1.06789,1.06783,1000000,1500000
2019-10-03 14:00:02.333000,1.06784,1.06775,1000000,1500000
2019-10-03 14:00:02.396000,1.06776,1.0677,1000000,1250000
2019-10-03 14:00:02.500000,1.06781,1.06772,1400000,1000000
2019-10-03 14:00:02.559000,1.06781,1.0677,1400000,1500000
2019-10-03 14:00:02.610000,1.06779,1.0677,1000000,1120000
2019-10-03 14:00:02.661000,1.06774,1.06771,1000000,1000000
2019-10-03 14:00:02.814000,1.06773,1.0677,1000000,1000000
2019-10-03 14:00:02.916000,1.06772,1.0677,1000000,1000000
2019-10-03 14:00:03.060000,1.06773,1.06765,1000000,2250000
2019-10-03 14:00:03.111000,1.06778,1.06764,1000000,3140000
2019-10-03 14:00:03.169000,1.06779,1.06764,1000000,1900000
2019-10-03 14:00:03.221000,1.06778,1.0677,2000000,1500000
2019-10-03 14:00:03.329000,1.06783,1.06766,3000000,1500000
2019-10-03 14:00:03.686000,1.06777,1.06766,1000000,1000000
2019-10-03 14:00:03.736000,1.06775,1.06767,2750000,1000000
2019-10-03 14:00:03.787000,1.06774,1.06765,1000000,1000000
2019-10-03 14:00:03.838000,1.06771,1.06763,1000000,3000000
2019-10-03 14:00:03.989000,1.06771,1.06761,1120000,3110000
2019-10-03 14:00:04.040000,1.06772,1.06764,1000000,1500000
2019-10-03 14:00:04.176000,1.06773,1.06764,1000000,1000000
2019-10-03 14:00:04.277000,1.06771,1.06764,1120000,1000000
2019-10-03 14:00:04.379000,1.06772,1.06761,2250000,1610000
2019-10-03 14:00:04.498000,1.0677,1.0676,1000000,1000000
2019-10-03 14:00:04.599000,1.06771,1.06758,1000000,1100000
2019-10-03 14:00:04.650000,1.06764,1.06758,1910000,1000000
2019-10-03 14:00:04.751000,1.06757,1.06756,1000000,1000000
2019-10-03 14:00:04.860000,1.06758,1.06748,1120000,1250000
2019-10-03 14:00:04.911000,1.06759,1.06748,1490000,1200000
2019-10-03 14:00:04.963000,1.06758,1.06748,1500000,1200000
2019-10-03 14:00:05.014000,1.06756,1.06746,1000000,1120000
2019-10-03 14:00:05.140000,1.06761,1.06752,1000000,1000000
2019-10-03 14:00:05.243000,1.06759,1.0675,1000000,1500000
2019-10-03 14:00:05.344000,1.06755,1.0675,2250000,1120000
2019-10-03 14:00:05.459000,1.06753,1.06743,1500000,1000000
2019-10-03 14:00:05.560000,1.06758,1.06745,1120000,1500000
2019-10-03 14:00:05.610000,1.06758,1.06748,1000000,1000000
2019-10-03 14:00:05.661000,1.06758,1.06747,1500000,3370000
2019-10-03 14:00:05.769000,1.06757,1.06748,1000000,1000000
2019-10-03 14:00:05.871000,1.06759,1.06748,1120000,1250000
2019-10-03 14:00:05.922000,1.06757,1.06749,1000000,1600000
2019-10-03 14:00:05.973000,1.06753,1.06747,1000000,1870000
2019-10-03 14:00:06.077000,1.06754,1.06744,2350000,1000000
2019-10-03 14:00:06.178000,1.06752,1.0674,2000000,1850000
2019-10-03 14:00:06.229000,1.06744,1.06735,1000000,3250000
2019-10-03 14:00:06.330000,1.06745,1.06735,1500000,2500000
2019-10-03 14:00:06.431000,1.06737,1.0673,1000000,2090000
2019-10-03 14:00:06.535000,1.06741,1.0673,1620000,1690000
2019-10-03 14:00:06.678000,1.06745,1.0673,1620000,2150000
2019-10-03 14:00:06.729000,1.06736,1.0673,1000000,1750000
2019-10-03 14:00:06.831000,1.06736,1.06727,1500000,1000000
2019-10-03 14:00:06.922000,1.06733,1.06727,1000000,1000000
2019-10-03 14:00:07.029000,1.06732,1.06728,1000000,1250000
2019-10-03 14:00:07.141000,1.06732,1.06729,1000000,1000000
2019-10-03 14:00:07.239000,1.0673,1.06727,1000000,1000000
2019-10-03 14:00:07.318000,1.06733,1.06728,1000000,1500000
2019-10-03 14:00:07.469000,1.06734,1.0673,1000000,2370000
2019-10-03 14:00:07.520000,1.06737,1.06735,1000000,1120000
2019-10-03 14:00:07.571000,1.06733,1.0673,1000000,1000000
2019-10-03 14:00:07.728000,1.06725,1.06723,1000000,1000000
2019-10-03 14:00:07.780000,1.06728,1.06721,1000000,1750000
2019-10-03 14:00:07.835000,1.06727,1.06722,1000000,1500000
2019-10-03 14:00:07.991000,1.06719,1.067,1000000,1100000
2019-10-03 14:00:08.044000,1.0673,1.06705,1000000,4000000
2019-10-03 14:00:08.095000,1.06676,1.06669,750000,1620000
2019-10-03 14:00:08.147000,1.06701,1.06696,450000,1000000
2019-10-03 14:00:08.198000,1.06674,1.06665,1620000,1400000
2019-10-03 14:00:08.310000,1.06678,1.0667,1620000,1000000
2019-10-03 14:00:08.365000,1.06679,1.0667,1000000,1000000
2019-10-03 14:00:08.434000,1.06684,1.06678,1000000,1000000
2019-10-03 14:00:08.486000,1.06691,1.06678,2000000,2000000
2019-10-03 14:00:08.601000,1.06692,1.06678,1620000,1500000
2019-10-03 14:00:08.697000,1.06689,1.06678,1000000,1500000
2019-10-03 14:00:08.798000,1.06689,1.06678,1000000,1250000
2019-10-03 14:00:08.925000,1.06691,1.06684,1000000,1000000
2019-10-03 14:00:08.981000,1.06696,1.06688,1000000,1500000
2019-10-03 14:00:09.032000,1.06698,1.06688,1870000,2870000
2019-10-03 14:00:09.141000,1.06695,1.06684,1000000,1500000
2019-10-03 14:00:09.192000,1.06693,1.06687,1620000,1000000
2019-10-03 14:00:09.243000,1.06697,1.06689,2620000,1140000
2019-10-03 14:00:09.293000,1.06697,1.06691,2620000,1000000
2019-10-03 14:00:09.419000,1.06697,1.06691,1500000,1500000
2019-10-03 14:00:09.521000,1.06699,1.06692,1000000,1750000
2019-10-03 14:00:09.572000,1.06702,1.06692,1000000,2300000
2019-10-03 14:00:09.673000,1.067,1.06695,1000000,1000000
2019-10-03 14:00:09.781000,1.06701,1.06698,1000000,1120000
2019-10-03 14:00:09.882000,1.06702,1.06698,1000000,1000000
2019-10-03 14:00:09.984000,1.06699,1.06694,1120000,1000000
2019-10-03 14:00:10.085000,1.06698,1.06694,1120000,1000000
2019-10-03 14:00:10.237000,1.06699,1.06694,1000000,1000000
2019-10-03 14:00:10.341000,1.06699,1.06693,1000000,1000000
2019-10-03 14:00:10.396000,1.06702,1.06693,1000000,1000000
2019-10-03 14:00:10.447000,1.067,1.06691,1000000,1500000
2019-10-03 14:00:10.548000,1.06702,1.06697,1000000,1000000
2019-10-03 14:00:10.645000,1.06704,1.06696,1000000,1000000
2019-10-03 14:00:10.696000,1.06701,1.06697,1000000,1200000
2019-10-03 14:00:10.798000,1.06697,1.06692,1000000,1000000
2019-10-03 14:00:10.849000,1.06701,1.06694,1500000,1000000
2019-10-03 14:00:10.943000,1.06702,1.06697,1000000,1500000
2019-10-03 14:00:11.045000,1.06701,1.06697,1000000,1250000
2019-10-03 14:00:11.147000,1.06696,1.06693,1000000,1750000
2019-10-03 14:00:11.238000,1.06696,1.06689,1000000,2500000
2019-10-03 14:00:11.289000,1.06697,1.06689,1000000,1000000
2019-10-03 14:00:11.344000,1.06698,1.06694,1500000,1000000
2019-10-03 14:00:11.558000,1.06697,1.06691,1250000,1250000
2019-10-03 14:00:11.660000,1.06699,1.0669,1370000,1750000
2019-10-03 14:00:11.710000,1.06699,1.06693,1370000,1000000
2019-10-03 14:00:11.836000,1.06699,1.06694,1250000,2250000
2019-10-03 14:00:11.938000,1.067,1.06693,1250000,1000000
2019-10-03 14:00:11.988000,1.06701,1.06693,1250000,1250000
2019-10-03 14:00:12.122000,1.06701,1.06697,1250000,1000000
2019-10-03 14:00:12.173000,1.06705,1.06696,2120000,1000000
2019-10-03 14:00:12.274000,1.06697,1.06695,1000000,1250000
2019-10-03 14:00:12.376000,1.06697,1.06693,1000000,1250000
2019-10-03 14:00:12.479000,1.067,1.06692,1870000,1250000
2019-10-03 14:00:12.581000,1.067,1.06693,1000000,1250000
2019-10-03 14:00:12.632000,1.06698,1.06693,1000000,1250000
2019-10-03 14:00:12.743000,1.06698,1.06693,1000000,1000000
2019-10-03 14:00:12.814000,1.067,1.06696,1250000,1000000
2019-10-03 14:00:12.865000,1.06702,1.06696,1000000,1500000
2019-10-03 14:00:12.984000,1.06703,1.06697,1250000,1500000
2019-10-03 14:00:13.052000,1.06702,1.06697,1000000,1500000
2019-10-03 14:00:13.104000,1.06703,1.067,1000000,1000000
2019-10-03 14:00:13.206000,1.06707,1.06703,1620000,1500000
2019-10-03 14:00:13.308000,1.06707,1.06701,3500000,2250000
2019-10-03 14:00:13.411000,1.06702,1.06698,1250000,1250000
2019-10-03 14:00:13.462000,1.06703,1.06698,1000000,1750000
2019-10-03 14:00:13.563000,1.06702,1.06699,1250000,1250000
2019-10-03 14:00:13.614000,1.06701,1.06697,1250000,1250000
2019-10-03 14:00:13.728000,1.06701,1.06694,1000000,1500000
2019-10-03 14:00:13.779000,1.06702,1.06695,1000000,2620000
2019-10-03 14:00:13.829000,1.06701,1.06694,1500000,1750000
2019-10-03 14:00:13.880000,1.06703,1.06697,2250000,2250000
2019-10-03 14:00:13.931000,1.06705,1.06699,1000000,1250000
2019-10-03 14:00:14.033000,1.06701,1.06695,1000000,2500000
2019-10-03 14:00:14.142000,1.067,1.06692,1000000,1250000
2019-10-03 14:00:14.244000,1.067,1.06693,1000000,2730000
2019-10-03 14:00:14.345000,1.06702,1.06698,1000000,2250000
2019-10-03 14:00:14.441000,1.06705,1.06699,1250000,1250000
2019-10-03 14:00:14.492000,1.067,1.06697,4070000,1120000
2019-10-03 14:00:14.544000,1.06698,1.06694,3750000,1000000
2019-10-03 14:00:14.595000,1.06691,1.06689,1000000,1000000
2019-10-03 14:00:14.646000,1.06688,1.06684,1000000,4690000
2019-10-03 14:00:14.697000,1.06689,1.06681,1500000,1500000
2019-10-03 14:00:14.779000,1.06687,1.06684,1000000,1000000
2019-10-03 14:00:14.830000,1.06689,1.06684,1000000,1000000
2019-10-03 14:00:14.889000,1.06693,1.06689,1000000,1000000
2019-10-03 14:00:14.940000,1.06693,1.06687,1500000,1250000
2019-10-03 14:00:15.046000,1.06691,1.06685,1250000,2440000
2019-10-03 14:00:15.182000,1.0669,1.06685,1250000,1000000
2019-10-03 14:00:15.283000,1.0669,1.06687,1000000,1000000
2019-10-03 14:00:15.447000,1.06695,1.06692,1000000,1000000
2019-10-03 14:00:15.549000,1.06697,1.06693,1000000,1000000
2019-10-03 14:00:15.756000,1.06698,1.06693,1620000,1000000
2019-10-03 14:00:15.859000,1.067,1.06696,1250000,1000000
2019-10-03 14:00:15.910000,1.06703,1.06699,1620000,1000000
2019-10-03 14:00:16.013000,1.06703,1.067,1000000,1000000
2019-10-03 14:00:16.115000,1.06704,1.067,1000000,1000000
2019-10-03 14:00:16.229000,1.06705,1.06702,1000000,1000000
2019-10-03 14:00:16.280000,1.06705,1.067,1000000,1000000
2019-10-03 14:00:16.348000,1.06695,1.06692,1500000,1620000
2019-10-03 14:00:16.400000,1.06694,1.06691,1000000,1000000
2019-10-03 14:00:16.480000,1.06689,1.06686,1000000,2250000
2019-10-03 14:00:16.532000,1.0669,1.06688,1000000,1000000
2019-10-03 14:00:16.684000,1.0669,1.06689,1000000,1000000
2019-10-03 14:00:16.908000,1.06692,1.06689,1000000,1250000
2019-10-03 14:00:17.009000,1.06692,1.06689,1250000,1000000
2019-10-03 14:00:17.111000,1.06692,1.06688,1250000,1000000
2019-10-03 14:00:17.230000,1.06692,1.06687,2620000,1000000
2019-10-03 14:00:17.286000,1.06686,1.06684,1870000,1250000
2019-10-03 14:00:17.388000,1.0668,1.06678,1000000,1690000
2019-10-03 14:00:17.490000,1.06681,1.0668,1500000,1000000
2019-10-03 14:00:17.610000,1.06681,1.06678,1620000,1000000
2019-10-03 14:00:17.712000,1.0668,1.06677,1000000,1000000
2019-10-03 14:00:17.762000,1.06681,1.06679,1500000,1000000
2019-10-03 14:00:17.864000,1.0668,1.06677,1000000,1250000
2019-10-03 14:00:18.115000,1.06682,1.0668,1250000,1500000
2019-10-03 14:00:18.324000,1.06682,1.06679,1250000,1500000
2019-10-03 14:00:18.453000,1.06678,1.06676,1000000,2440000
2019-10-03 14:00:18.504000,1.06673,1.06672,1000000,1000000
2019-10-03 14:00:18.554000,1.06669,1.06666,1000000,2750000
2019-10-03 14:00:18.686000,1.06666,1.06664,1000000,1000000
2019-10-03 14:00:18.787000,1.06666,1.06664,1000000,1000000
2019-10-03 14:00:18.906000,1.06666,1.06663,1000000,1000000
2019-10-03 14:00:19.008000,1.06665,1.06662,1870000,1370000
2019-10-03 14:00:19.109000,1.06667,1.06662,2370000,1370000
2019-10-03 14:00:19.243000,1.06665,1.06661,2940000,1000000
2019-10-03 14:00:19.374000,1.06666,1.06661,1000000,1750000
2019-10-03 14:00:19.426000,1.06662,1.0666,1500000,1250000
2019-10-03 14:00:19.556000,1.06659,1.06656,1000000,1000000
2019-10-03 14:00:19.611000,1.0666,1.06658,1120000,1250000
2019-10-03 14:00:19.742000,1.06659,1.06655,1000000,1250000
2019-10-03 14:00:19.843000,1.06658,1.06654,1000000,1000000
2019-10-03 14:00:19.945000,1.06658,1.06654,1120000,1250000
2019-10-03 14:00:20.116000,1.0666,1.06655,1250000,1890000
2019-10-03 14:00:20.167000,1.06661,1.06657,1250000,1000000
2019-10-03 14:00:20.270000,1.06661,1.06655,1370000,1120000
2019-10-03 14:00:20.515000,1.06662,1.06658,2370000,1250000
2019-10-03 14:00:20.675000,1.0666,1.06655,1000000,1500000
2019-10-03 14:00:20.776000,1.0666,1.06654,1250000,1310000
2019-10-03 14:00:20.878000,1.06659,1.06654,1250000,1310000
2019-10-03 14:00:20.975000,1.0666,1.06654,1250000,2730000
2019-10-03 14:00:21.026000,1.06652,1.06649,1000000,1350000
2019-10-03 14:00:21.083000,1.06651,1.06646,1120000,1150000
2019-10-03 14:00:21.185000,1.0665,1.06646,1000000,1280000
2019-10-03 14:00:21.271000,1.06654,1.06653,1000000,1250000
2019-10-03 14:00:21.383000,1.06655,1.06653,1000000,1250000
2019-10-03 14:00:21.544000,1.06665,1.06663,1000000,1000000
2019-10-03 14:00:21.595000,1.06666,1.06661,1000000,2250000
2019-10-03 14:00:21.646000,1.06665,1.06662,1500000,1000000
2019-10-03 14:00:21.747000,1.06653,1.0665,1250000,1000000
2019-10-03 14:00:21.920000,1.06647,1.06644,1000000,1000000
2019-10-03 14:00:21.989000,1.0665,1.06645,1000000,1520000
2019-10-03 14:00:22.090000,1.06649,1.06645,1000000,1500000
2019-10-03 14:00:22.188000,1.06651,1.06647,1000000,1000000
2019-10-03 14:00:22.239000,1.06653,1.06647,1500000,1250000
2019-10-03 14:00:22.290000,1.0665,1.06646,1250000,1870000
2019-10-03 14:00:22.341000,1.06653,1.06647,1250000,1000000
2019-10-03 14:00:22.442000,1.06654,1.0665,1870000,1000000
2019-10-03 14:00:22.587000,1.06655,1.0665,1750000,1120000
2019-10-03 14:00:22.688000,1.06655,1.0665,2250000,1000000
2019-10-03 14:00:22.896000,1.06656,1.06652,1250000,1000000
2019-10-03 14:00:22.948000,1.06658,1.06657,1000000,1000000
2019-10-03 14:00:22.998000,1.06661,1.06657,1120000,1000000
2019-10-03 14:00:23.100000,1.06661,1.06657,1000000,1000000
2019-10-03 14:00:23.221000,1.06666,1.0666,1650000,1620000
2019-10-03 14:00:23.323000,1.06664,1.06659,2250000,1000000
2019-10-03 14:00:23.430000,1.0666,1.06654,1750000,1250000
2019-10-03 14:00:23.542000,1.06659,1.06654,1120000,1000000
2019-10-03 14:00:23.695000,1.06653,1.0665,1000000,1500000
2019-10-03 14:00:23.811000,1.06652,1.0665,1100000,1500000
2019-10-03 14:00:23.862000,1.0665,1.06647,1600000,1500000
2019-10-03 14:00:23.913000,1.06649,1.06645,1000000,1500000
2019-10-03 14:00:24.015000,1.06649,1.06646,1500000,1500000
2019-10-03 14:00:24.143000,1.06648,1.06646,1000000,1000000
2019-10-03 14:00:24.195000,1.0665,1.06648,1000000,1000000
2019-10-03 14:00:24.296000,1.06656,1.0665,3120000,1780000
2019-10-03 14:00:24.397000,1.06656,1.06652,2370000,1000000
2019-10-03 14:00:24.533000,1.06654,1.06648,1620000,1420000
2019-10-03 14:00:24.640000,1.0665,1.06645,1000000,3370000
2019-10-03 14:00:24.773000,1.06652,1.06648,1500000,1250000
2019-10-03 14:00:24.824000,1.06652,1.06648,1000000,1250000
2019-10-03 14:00:24.977000,1.06654,1.06651,1750000,1000000
2019-10-03 14:00:25.135000,1.0665,1.06647,1370000,1000000
2019-10-03 14:00:25.237000,1.06651,1.06647,1250000,1000000
2019-10-03 14:00:25.339000,1.06642,1.06638,3370000,1000000
2019-10-03 14:00:25.391000,1.06639,1.06636,1620000,1010000
2019-10-03 14:00:25.494000,1.06641,1.0664,1000000,1000000
2019-10-03 14:00:25.559000,1.06643,1.0664,1200000,3250000
2019-10-03 14:00:25.711000,1.06643,1.06639,1000000,1000000
2019-10-03 14:00:25.763000,1.06639,1.06635,1100000,1120000
2019-10-03 14:00:25.894000,1.06638,1.06632,2560000,1370000
2019-10-03 14:00:25.996000,1.0664,1.06637,1500000,1250000
2019-10-03 14:00:26.047000,1.06641,1.06637,1000000,1250000
2019-10-03 14:00:26.188000,1.06641,1.06639,3250000,1500000
2019-10-03 14:00:26.289000,1.06643,1.0664,1890000,1120000
2019-10-03 14:00:26.340000,1.06643,1.06639,1750000,1500000
2019-10-03 14:00:26.391000,1.06644,1.0664,1620000,1500000
2019-10-03 14:00:26.515000,1.06643,1.06639,1750000,2250000
2019-10-03 14:00:26.577000,1.06651,1.06649,1500000,1000000
2019-10-03 14:00:26.679000,1.06664,1.0666,3370000,1120000
2019-10-03 14:00:26.730000,1.0666,1.06658,1000000,1000000
2019-10-03 14:00:26.781000,1.06658,1.06655,1000000,2250000
2019-10-03 14:00:26.889000,1.06657,1.06656,1500000,1500000
2019-10-03 14:00:27.041000,1.06659,1.06656,1000000,1250000
2019-10-03 14:00:27.092000,1.06656,1.06654,1250000,1000000
2019-10-03 14:00:27.223000,1.06656,1.06651,1000000,1250000
2019-10-03 14:00:27.377000,1.06657,1.06651,1250000,2370000
2019-10-03 14:00:27.428000,1.06657,1.0665,1310000,2840000
2019-10-03 14:00:27.529000,1.06655,1.06651,1320000,1310000
2019-10-03 14:00:27.633000,1.06653,1.06649,1100000,1980000
2019-10-03 14:00:27.735000,1.06653,1.0665,1870000,1250000
2019-10-03 14:00:27.785000,1.06649,1.06645,2000000,3000000
2019-10-03 14:00:27.871000,1.06645,1.06642,1500000,1000000
2019-10-03 14:00:27.923000,1.06641,1.06639,1000000,1120000
2019-10-03 14:00:27.974000,1.06639,1.06638,1000000,1000000
2019-10-03 14:00:28.025000,1.06641,1.06639,1000000,1000000
2019-10-03 14:00:28.077000,1.06643,1.06641,1000000,1120000
2019-10-03 14:00:28.187000,1.06643,1.0664,1000000,1500000
2019-10-03 14:00:28.239000,1.0666,1.06656,3260000,1000000
2019-10-03 14:00:28.293000,1.0667,1.06668,1000000,1000000
2019-10-03 14:00:28.344000,1.06676,1.06668,1620000,3000000
2019-10-03 14:00:28.395000,1.06676,1.06673,1250000,1000000
2019-10-03 14:00:28.500000,1.06686,1.06679,1250000,2370000
2019-10-03 14:00:28.551000,1.06686,1.06684,1000000,1000000
2019-10-03 14:00:28.606000,1.06689,1.06687,1000000,1000000
2019-10-03 14:00:28.657000,1.06691,1.06688,1000000,1000000
2019-10-03 14:00:28.709000,1.06689,1.06687,1500000,1000000
2019-10-03 14:00:28.833000,1.06689,1.06683,1250000,1500000
2019-10-03 14:00:28.884000,1.0669,1.06687,1250000,1000000
2019-10-03 14:00:28.985000,1.06688,1.06687,1000000,1250000
2019-10-03 14:00:29.100000,1.06688,1.06681,1250000,1500000
2019-10-03 14:00:29.207000,1.06686,1.0668,1000000,1870000
2019-10-03 14:00:29.308000,1.06687,1.0668,5080000,3440000
2019-10-03 14:00:29.453000,1.06684,1.0668,1100000,1250000
2019-10-03 14:00:29.555000,1.06685,1.0668,1120000,1000000
2019-10-03 14:00:29.606000,1.06688,1.06682,1560000,1000000
2019-10-03 14:00:29.707000,1.06689,1.06684,1370000,1500000
2019-10-03 14:00:29.812000,1.06688,1.06683,1250000,1870000
2019-10-03 14:00:29.913000,1.06687,1.06681,3850000,1250000
2019-10-03 14:00:29.964000,1.06684,1.0668,1250000,1690000
2019-10-03 14:00:30.015000,1.06683,1.06678,1250000,2560000
2019-10-03 14:00:30.066000,1.06685,1.0668,1720000,1250000
2019-10-03 14:00:30.239000,1.06685,1.06681,1500000,2500000
2019-10-03 14:00:30.340000,1.06686,1.06681,1000000,1250000
2019-10-03 14:00:30.392000,1.06683,1.06679,1000000,4620000
2019-10-03 14:00:30.443000,1.06683,1.06679,1850000,2120000
2019-10-03 14:00:30.567000,1.06681,1.06679,1620000,1000000
2019-10-03 14:00:30.722000,1.06681,1.06678,1500000,2190000
2019-10-03 14:00:30.773000,1.06684,1.0668,2470000,1370000
2019-10-03 14:00:30.970000,1.06683,1.06678,1720000,1940000
2019-10-03 14:00:31.072000,1.06682,1.06677,1850000,1250000
2019-10-03 14:00:31.123000,1.06683,1.06677,2720000,1250000
2019-10-03 14:00:31.174000,1.06683,1.06677,1970000,1120000
2019-10-03 14:00:31.314000,1.06682,1.06677,1600000,2420000
2019-10-03 14:00:31.465000,1.06683,1.06679,1350000,1310000
2019-10-03 14:00:31.625000,1.0669,1.06685,1000000,1000000
2019-10-03 14:00:31.676000,1.06689,1.06687,1010000,1000000
2019-10-03 14:00:31.779000,1.06692,1.0669,2500000,1500000
2019-10-03 14:00:31.831000,1.06694,1.06692,9400000,1000000
2019-10-03 14:00:31.882000,1.06682,1.06678,3000000,1500000
2019-10-03 14:00:32.004000,1.0668,1.06677,6520000,1750000
2019-10-03 14:00:32.106000,1.06683,1.06681,1000000,3750000
2019-10-03 14:00:32.208000,1.06691,1.0669,1120000,1250000
2019-10-03 14:00:32.259000,1.0669,1.06688,1460000,3370000
2019-10-03 14:00:32.390000,1.06687,1.06686,2250000,1500000
2019-10-03 14:00:32.492000,1.0669,1.06688,1760000,1000000
2019-10-03 14:00:32.596000,1.06692,1.0669,1350000,1000000
2019-10-03 14:00:32.739000,1.0669,1.06687,1810000,1120000
2019-10-03 14:00:32.792000,1.06687,1.06685,4320000,2250000
2019-10-03 14:00:32.843000,1.06681,1.06679,1000000,1250000
2019-10-03 14:00:32.894000,1.06681,1.06676,1000000,1310000
2019-10-03 14:00:32.945000,1.06679,1.06676,1000000,1000000
2019-10-03 14:00:33.055000,1.06678,1.06675,1000000,1250000
2019-10-03 14:00:33.158000,1.06681,1.06679,1120000,2250000
2019-10-03 14:00:33.263000,1.06685,1.06682,1660000,1750000
2019-10-03 14:00:33.364000,1.06689,1.06688,1000000,1000000
2019-10-03 14:00:33.415000,1.06692,1.06688,2360000,1000000
2019-10-03 14:00:33.466000,1.06688,1.06686,1000000,1000000
2019-10-03 14:00:33.518000,1.06685,1.06682,1000000,4500000
2019-10-03 14:00:33.569000,1.0669,1.06687,1500000,1000000
2019-10-03 14:00:33.671000,1.06685,1.06683,1250000,1500000
2019-10-03 14:00:33.773000,1.0669,1.06688,1250000,1000000
2019-10-03 14:00:33.888000,1.0669,1.06686,1120000,4470000
2019-10-03 14:00:33.990000,1.0669,1.06686,2000000,3070000
2019-10-03 14:00:34.142000,1.06698,1.06693,1770000,3000000
2019-10-03 14:00:34.320000,1.06696,1.06693,1770000,1000000
2019-10-03 14:00:34.523000,1.06697,1.06693,1600000,1000000
2019-10-03 14:00:34.635000,1.06693,1.06691,7570000,1620000
2019-10-03 14:00:34.694000,1.06686,1.06684,1620000,1000000
2019-10-03 14:00:34.796000,1.06691,1.0669,1000000,1250000
2019-10-03 14:00:34.898000,1.06684,1.06682,1000000,1000000
2019-10-03 14:00:34.996000,1.06684,1.06681,1000000,1000000
2019-10-03 14:00:35.047000,1.06688,1.06686,2250000,3500000
2019-10-03 14:00:35.150000,1.06689,1.06687,1000000,1000000
2019-10-03 14:00:35.201000,1.06694,1.0669,2500000,3000000
2019-10-03 14:00:35.302000,1.06692,1.0669,1000000,1000000
2019-10-03 14:00:35.447000,1.06691,1.06689,1250000,3000000
2019-10-03 14:00:35.548000,1.06696,1.06693,2620000,1000000
2019-10-03 14:00:35.599000,1.06695,1.06693,1000000,3000000
2019-10-03 14:00:35.796000,1.06696,1.06694,1000000,1000000
2019-10-03 14:00:36.139000,1.06695,1.06693,1000000,3000000
2019-10-03 14:00:36.240000,1.06695,1.06693,1000000,1000000
2019-10-03 14:00:36.342000,1.06696,1.06695,1000000,1000000
2019-10-03 14:00:36.505000,1.06696,1.06692,1000000,3940000
2019-10-03 14:00:36.555000,1.06696,1.06695,1000000,1000000
2019-10-03 14:00:36.657000,1.06696,1.06694,1500000,1000000
2019-10-03 14:00:36.759000,1.06696,1.06693,1370000,2250000
2019-10-03 14:00:36.891000,1.06694,1.06693,1000000,2250000
2019-10-03 14:00:37.009000,1.06696,1.06694,1250000,3000000
2019-10-03 14:00:37.162000,1.06696,1.06695,1000000,1000000
2019-10-03 14:00:37.272000,1.06698,1.06695,1000000,1250000
2019-10-03 14:00:37.323000,1.06698,1.06694,1470000,2500000
2019-10-03 14:00:37.374000,1.06696,1.06694,1000000,1250000
2019-10-03 14:00:37.425000,1.06695,1.06692,1100000,3750000
2019-10-03 14:00:37.682000,1.06693,1.06692,1120000,3190000
2019-10-03 14:00:37.785000,1.06695,1.06693,1000000,3190000
2019-10-03 14:00:37.887000,1.06697,1.06694,1390000,1000000
2019-10-03 14:00:37.989000,1.06698,1.06695,1000000,1000000
2019-10-03 14:00:38.099000,1.06696,1.06693,1750000,1000000
2019-10-03 14:00:38.200000,1.06695,1.06691,1000000,1750000
2019-10-03 14:00:38.302000,1.06696,1.06692,1500000,2440000
2019-10-03 14:00:38.352000,1.06693,1.06691,1000000,2500000
2019-10-03 14:00:38.496000,1.06693,1.06691,1000000,2440000
2019-10-03 14:00:38.547000,1.06691,1.06688,1000000,1490000
2019-10-03 14:00:38.649000,1.0669,1.06687,1500000,2250000
2019-10-03 14:00:38.700000,1.0669,1.06689,1500000,1250000
2019-10-03 14:00:38.751000,1.0669,1.06687,1120000,4000000
2019-10-03 14:00:38.869000,1.0669,1.06687,1370000,3260000
2019-10-03 14:00:38.971000,1.06693,1.06691,2120000,1000000
2019-10-03 14:00:39.072000,1.06691,1.06689,3000000,1000000
2019-10-03 14:00:39.203000,1.06691,1.06687,3070000,2620000
2019-10-03 14:00:39.304000,1.0669,1.06687,1810000,2250000
2019-10-03 14:00:39.756000,1.06689,1.06685,2190000,2810000
2019-10-03 14:00:39.864000,1.06688,1.06686,1000000,3250000
2019-10-03 14:00:39.966000,1.06692,1.06688,4220000,2250000
2019-10-03 14:00:40.016000,1.06688,1.06686,1500000,2440000
2019-10-03 14:00:40.068000,1.06687,1.06685,1000000,1250000
2019-10-03 14:00:40.119000,1.06688,1.06684,1690000,2810000
2019-10-03 14:00:40.221000,1.06686,1.06683,1250000,2870000
2019-10-03 14:00:40.333000,1.06684,1.06682,1250000,2810000
2019-10-03 14:00:40.434000,1.06685,1.06683,1000000,3560000
2019-10-03 14:00:40.485000,1.06688,1.06686,1590000,2060000
2019-10-03 14:00:40.586000,1.06692,1.06687,1970000,3560000
2019-10-03 14:00:40.655000,1.06692,1.06689,1370000,2250000
2019-10-03 14:00:40.756000,1.06688,1.06686,1000000,1390000
2019-10-03 14:00:40.858000,1.06688,1.06686,1100000,1250000
2019-10-03 14:00:40.959000,1.06689,1.06683,4600000,3200000
2019-10-03 14:00:41.064000,1.06689,1.06685,1750000,1000000
2019-10-03 14:00:41.168000,1.0669,1.06687,1250000,2060000
2019-10-03 14:00:41.269000,1.06693,1.06689,1850000,1120000
2019-10-03 14:00:41.320000,1.06693,1.06689,1350000,4130000
2019-10-03 14:00:41.421000,1.06693,1.06689,1890000,2060000
2019-10-03 14:00:41.482000,1.06693,1.06689,1700000,2130000
2019-10-03 14:00:41.584000,1.06691,1.06688,1600000,1750000
2019-10-03 14:00:41.685000,1.06691,1.06688,2620000,1250000
2019-10-03 14:00:41.736000,1.06689,1.06685,1620000,1250000
2019-10-03 14:00:41.838000,1.06688,1.06684,1000000,1000000
2019-10-03 14:00:41.892000,1.06688,1.06685,1000000,1250000
2019-10-03 14:00:41.943000,1.06689,1.06684,1250000,4060000
2019-10-03 14:00:42.095000,1.0669,1.06685,1370000,1310000
2019-10-03 14:00:42.221000,1.0669,1.06685,1310000,1310000
2019-10-03 14:00:42.333000,1.06689,1.06684,1250000,1250000
2019-10-03 14:00:42.435000,1.06685,1.06684,1250000,1000000
2019-10-03 14:00:42.486000,1.06687,1.06685,1870000,1000000
2019-10-03 14:00:42.537000,1.06691,1.06687,1870000,1120000
2019-10-03 14:00:42.639000,1.06692,1.06689,1250000,1000000
2019-10-03 14:00:42.797000,1.06692,1.06686,3250000,1120000
2019-10-03 14:00:42.848000,1.06688,1.06686,1000000,1120000
2019-10-03 14:00:42.949000,1.06691,1.06687,1850000,1120000
2019-10-03 14:00:43.055000,1.06692,1.06687,2640000,1450000
2019-10-03 14:00:43.206000,1.06693,1.06689,3470000,1620000
2019-10-03 14:00:43.308000,1.06694,1.06691,2220000,1000000
2019-10-03 14:00:43.358000,1.06695,1.06692,1250000,1620000
2019-10-03 14:00:43.462000,1.06697,1.06692,1950000,1890000
2019-10-03 14:00:44.384000,1.06696,1.06692,1810000,3190000
2019-10-03 14:00:44.486000,1.06697,1.06692,1750000,1690000
2019-10-03 14:00:44.587000,1.06697,1.06693,1810000,1250000
2019-10-03 14:00:45.036000,1.06697,1.06694,1350000,1000000
2019-10-03 14:00:45.116000,1.06698,1.06696,1350000,1000000
2019-10-03 14:00:45.219000,1.067,1.06696,3100000,1000000
2019-10-03 14:00:45.321000,1.06698,1.06695,1820000,1250000
2019-10-03 14:00:45.423000,1.06698,1.06694,2390000,4060000
2019-10-03 14:00:45.670000,1.06699,1.06696,2350000,1250000
2019-10-03 14:00:45.771000,1.06699,1.06694,2350000,4810000
2019-10-03 14:00:45.873000,1.06699,1.06694,2250000,4310000
2019-10-03 14:00:45.979000,1.06697,1.06695,1000000,1000000
2019-10-03 14:00:46.083000,1.06697,1.06694,2100000,3940000
2019-10-03 14:00:46.186000,1.06697,1.06694,1950000,1690000
2019-10-03 14:00:46.314000,1.06696,1.06693,2370000,1130000
2019-10-03 14:00:46.417000,1.06695,1.06692,1100000,3620000
2019-10-03 14:00:46.519000,1.06695,1.06693,1100000,1690000
2019-10-03 14:00:46.621000,1.06695,1.06693,1100000,1250000
2019-10-03 14:00:46.757000,1.06695,1.06692,1000000,2870000
2019-10-03 14:00:46.859000,1.06696,1.06694,1120000,1500000
2019-10-03 14:00:46.960000,1.06695,1.06693,1120000,1250000
2019-10-03 14:00:47.061000,1.06695,1.06693,1000000,1250000
2019-10-03 14:00:47.192000,1.06694,1.06692,1000000,2500000
2019-10-03 14:00:47.245000,1.06698,1.06696,1250000,1000000
2019-10-03 14:00:47.346000,1.06696,1.06694,1310000,1000000
2019-10-03 14:00:47.448000,1.06698,1.06696,1600000,1000000
2019-10-03 14:00:47.728000,1.06699,1.06695,1850000,1870000
2019-10-03 14:00:47.836000,1.06697,1.06695,1250000,2060000
2019-10-03 14:00:48.103000,1.06699,1.06696,1850000,1500000
2019-10-03 14:00:48.205000,1.06697,1.06694,1250000,1120000
2019-10-03 14:00:48.306000,1.06697,1.06695,1250000,1500000
2019-10-03 14:00:48.408000,1.06697,1.06694,1250000,1000000
2019-10-03 14:00:48.722000,1.06697,1.06693,1350000,1870000
2019-10-03 14:00:48.959000,1.06696,1.06692,1350000,1310000
2019-10-03 14:00:49.061000,1.06695,1.06692,2070000,1250000
2019-10-03 14:00:49.162000,1.06691,1.06689,1000000,1870000
2019-10-03 14:00:49.310000,1.06689,1.06686,1570000,1250000
2019-10-03 14:00:49.412000,1.06685,1.06683,2320000,1870000
2019-10-03 14:00:49.463000,1.06682,1.06679,1000000,1120000
2019-10-03 14:00:49.564000,1.06675,1.06673,1000000,1500000
2019-10-03 14:00:49.615000,1.06675,1.06671,1600000,1500000
2019-10-03 14:00:49.720000,1.06673,1.06671,1000000,1000000
2019-10-03 14:00:49.771000,1.06674,1.06671,1500000,1500000
2019-10-03 14:00:49.823000,1.06671,1.06669,1000000,1120000
2019-10-03 14:00:49.924000,1.06672,1.06669,1000000,3750000
2019-10-03 14:00:49.975000,1.06672,1.06669,1000000,2500000
2019-10-03 14:00:50.605000,1.06675,1.06671,1100000,2870000
2019-10-03 14:00:50.707000,1.06676,1.06673,1000000,1250000
2019-10-03 14:00:50.810000,1.06677,1.06671,2560000,3370000
2019-10-03 14:00:51.021000,1.06677,1.06676,1000000,1310000
2019-10-03 14:00:51.122000,1.06678,1.06677,1250000,1000000
2019-10-03 14:00:51.224000,1.06677,1.06673,1750000,1310000
2019-10-03 14:00:51.398000,1.06673,1.0667,1500000,1250000
2019-10-03 14:00:51.499000,1.06672,1.06669,1000000,1250000
2019-10-03 14:00:51.550000,1.06671,1.06668,1000000,1620000
2019-10-03 14:00:51.652000,1.06673,1.0667,1600000,1250000
2019-10-03 14:00:51.788000,1.06672,1.06669,1690000,2200000
2019-10-03 14:00:51.839000,1.06673,1.06672,1120000,1250000
2019-10-03 14:00:51.940000,1.06675,1.06672,2120000,1000000
2019-10-03 14:00:51.991000,1.06671,1.06668,1000000,1250000
2019-10-03 14:00:52.251000,1.06672,1.06668,2720000,1120000
2019-10-03 14:00:52.352000,1.06673,1.06669,2660000,1000000
2019-10-03 14:00:52.403000,1.06673,1.0667,1010000,1250000
2019-10-03 14:00:52.505000,1.06679,1.06678,1500000,1000000
2019-10-03 14:00:52.556000,1.06682,1.0668,3970000,1000000
2019-10-03 14:00:52.666000,1.06682,1.0668,1100000,1000000
2019-10-03 14:00:52.717000,1.0668,1.06678,1500000,2500000
2019-10-03 14:00:52.786000,1.06678,1.06673,2070000,2750000
2019-10-03 14:00:52.838000,1.06677,1.06674,1000000,1250000
2019-10-03 14:00:52.889000,1.06677,1.06674,1000000,1250000
2019-10-03 14:00:52.990000,1.06678,1.06676,1250000,1000000
2019-10-03 14:00:53.091000,1.06679,1.06675,1570000,1750000
2019-10-03 14:00:53.193000,1.06678,1.06674,1200000,5060000
2019-10-03 14:00:53.345000,1.06677,1.06675,1000000,1310000
2019-10-03 14:00:53.395000,1.06676,1.06672,1950000,1870000
2019-10-03 14:00:53.520000,1.06676,1.06673,1200000,1750000
2019-10-03 14:00:53.621000,1.06677,1.06673,1100000,1370000
2019-10-03 14:00:53.773000,1.06679,1.06675,3790000,3320000
2019-10-03 14:00:53.874000,1.06679,1.06675,2140000,3620000
2019-10-03 14:00:53.976000,1.06681,1.06678,2440000,1500000
2019-10-03 14:00:54.078000,1.06681,1.06678,1000000,1250000
2019-10-03 14:00:54.179000,1.06683,1.06681,1000000,1300000
2019-10-03 14:00:54.384000,1.06682,1.0668,1000000,2120000
2019-10-03 14:00:54.435000,1.06683,1.0668,1970000,1690000
2019-10-03 14:00:54.536000,1.06682,1.06678,3690000,3250000
2019-10-03 14:00:54.587000,1.0668,1.06678,1120000,1000000
2019-10-03 14:00:54.638000,1.06679,1.06676,1000000,1750000
2019-10-03 14:00:54.739000,1.06679,1.06676,1500000,1250000
2019-10-03 14:00:54.840000,1.06679,1.06676,1510000,1000000
2019-10-03 14:00:54.941000,1.06679,1.06675,1510000,1120000
2019-10-03 14:00:55.055000,1.06679,1.06675,1510000,1370000
2019-10-03 14:00:55.157000,1.06678,1.06677,1000000,1250000
2019-10-03 14:00:55.286000,1.06679,1.06676,1690000,1370000
2019-10-03 14:00:55.387000,1.06678,1.06676,1000000,1250000
2019-10-03 14:00:55.489000,1.06679,1.06675,1010000,2500000
2019-10-03 14:00:55.725000,1.06678,1.06676,1000000,1250000
2019-10-03 14:00:55.776000,1.06674,1.06671,1250000,1120000
2019-10-03 14:00:55.928000,1.06675,1.06673,1000000,1250000
2019-10-03 14:00:56.029000,1.06673,1.06671,1250000,1000000
2019-10-03 14:00:56.210000,1.06675,1.06672,1000000,1690000
2019-10-03 14:00:56.261000,1.0667,1.06669,1500000,1120000
2019-10-03 14:00:56.312000,1.06666,1.06663,1000000,2250000
2019-10-03 14:00:56.414000,1.06664,1.06662,1000000,1500000
2019-10-03 14:00:56.464000,1.06665,1.06663,1000000,1250000
2019-10-03 14:00:56.569000,1.06669,1.06667,2200000,1500000
2019-10-03 14:00:56.670000,1.06668,1.06664,1250000,2250000
2019-10-03 14:00:56.772000,1.06666,1.06663,1000000,1500000
2019-10-03 14:00:56.924000,1.06666,1.06664,1100000,1250000
2019-10-03 14:00:57.026000,1.06665,1.06662,1120000,2120000
2019-10-03 14:00:57.183000,1.06666,1.06663,1100000,2500000
2019-10-03 14:00:57.439000,1.06668,1.06667,2060000,1500000
2019-10-03 14:00:57.491000,1.06667,1.06661,2470000,1500000
2019-10-03 14:00:57.542000,1.06666,1.06663,2570000,1250000
2019-10-03 14:00:57.643000,1.06665,1.06662,1250000,1000000
2019-10-03 14:00:57.694000,1.06664,1.06659,2350000,1870000
2019-10-03 14:00:57.795000,1.06662,1.06659,1000000,2500000
2019-10-03 14:00:57.861000,1.0666,1.06658,1000000,1690000
2019-10-03 14:00:57.912000,1.06655,1.06653,1250000,1000000
2019-10-03 14:00:58.165000,1.06656,1.06654,1100000,1500000
2019-10-03 14:00:58.215000,1.06657,1.06653,1250000,2810000
2019-10-03 14:00:58.337000,1.06658,1.06653,1250000,2440000
2019-10-03 14:00:58.489000,1.06651,1.06649,1500000,3940000
2019-10-03 14:00:58.591000,1.06649,1.06646,1250000,2250000
2019-10-03 14:00:58.692000,1.0665,1.06648,1010000,1500000
2019-10-03 14:00:58.803000,1.0665,1.06647,1000000,1120000
2019-10-03 14:00:58.904000,1.06649,1.06647,1570000,1250000
2019-10-03 14:00:59.006000,1.06649,1.06647,1310000,1250000
2019-10-03 14:00:59.097000,1.06649,1.06644,1950000,1690000
2019-10-03 14:00:59.199000,1.06648,1.06644,1100000,3250000
2019-10-03 14:00:59.617000,1.0665,1.06646,1970000,1500000
2019-10-03 14:00:59.668000,1.06651,1.06648,1370000,1310000
2019-10-03 14:00:59.769000,1.06651,1.06648,1200000,1250000
2019-10-03 14:00:59.922000,1.06653,1.06651,1010000,1120000
2019-10-03 14:01:00.111000,1.0665,1.06647,1000000,2870000
2019-10-03 14:01:00.213000,1.0665,1.06648,1100000,1250000
2019-10-03 14:01:00.315000,1.0665,1.06647,1570000,1250000
2019-10-03 14:01:00.422000,1.0665,1.06646,1310000,1250000
2019-10-03 14:01:00.473000,1.06656,1.06655,1000000,1000000
2019-10-03 14:01:00.524000,1.06658,1.06656,10010000,1120000
2019-10-03 14:01:00.625000,1.06657,1.06655,4390000,1000000
2019-10-03 14:01:00.746000,1.06649,1.06647,1100000,1000000
2019-10-03 14:01:00.799000,1.06651,1.06647,1000000,2250000
2019-10-03 14:01:00.850000,1.06653,1.0665,3220000,1000000
2019-10-03 14:01:00.952000,1.06651,1.06649,1200000,1750000
2019-10-03 14:01:01.053000,1.0665,1.06645,1570000,1620000
2019-10-03 14:01:01.104000,1.0665,1.06646,2070000,1250000
2019-10-03 14:01:01.205000,1.06649,1.06647,1100000,1250000
2019-10-03 14:01:01.256000,1.06649,1.06646,1350000,1000000
2019-10-03 14:01:01.357000,1.06647,1.06645,1000000,1250000
2019-10-03 14:01:01.462000,1.06647,1.06644,1600000,2500000
2019-10-03 14:01:01.715000,1.06646,1.06642,1820000,1690000
2019-10-03 14:01:01.766000,1.06646,1.06644,1570000,1250000
2019-10-03 14:01:01.874000,1.06644,1.06641,1000000,1000000
2019-10-03 14:01:01.925000,1.06646,1.06644,1600000,1690000
2019-10-03 14:01:02.027000,1.06646,1.06644,1250000,1500000
2019-10-03 14:01:02.245000,1.06647,1.06644,1600000,1690000
2019-10-03 14:01:02.498000,1.06647,1.06642,1200000,4120000
2019-10-03 14:01:02.656000,1.06647,1.06644,2070000,1250000
2019-10-03 14:01:02.758000,1.06647,1.06644,1600000,1250000
2019-10-03 14:01:02.911000,1.06647,1.06645,1600000,1250000
2019-10-03 14:01:03.117000,1.06646,1.06644,1000000,1250000
2019-10-03 14:01:03.219000,1.06646,1.06643,1000000,2500000
2019-10-03 14:01:03.321000,1.06645,1.06643,1000000,1250000
2019-10-03 14:01:03.466000,1.06643,1.06641,1570000,2870000
2019-10-03 14:01:03.572000,1.06644,1.06641,1220000,1870000
2019-10-03 14:01:03.674000,1.06642,1.06641,1500000,1250000
2019-10-03 14:01:03.817000,1.06637,1.06636,1000000,2250000
2019-10-03 14:01:03.868000,1.06635,1.06633,1000000,2250000
2019-10-03 14:01:03.920000,1.06637,1.06635,1600000,3370000
2019-10-03 14:01:04.021000,1.06638,1.06637,1200000,1690000
2019-10-03 14:01:04.122000,1.0664,1.06638,1370000,2250000
2019-10-03 14:01:04.229000,1.0664,1.06636,1450000,3500000
2019-10-03 14:01:04.332000,1.0664,1.06636,2070000,1750000
2019-10-03 14:01:04.384000,1.06637,1.06635,1000000,2500000
2019-10-03 14:01:04.486000,1.06638,1.06635,1600000,1000000
2019-10-03 14:01:04.598000,1.06637,1.06636,1000000,1310000
2019-10-03 14:01:04.699000,1.06637,1.06635,2700000,1250000
2019-10-03 14:01:04.750000,1.06634,1.06633,1000000,1000000
2019-10-03 14:01:04.851000,1.06633,1.06631,1500000,1870000
2019-10-03 14:01:04.991000,1.06632,1.0663,1620000,2620000
2019-10-03 14:01:05.093000,1.06633,1.0663,1620000,2190000
2019-10-03 14:01:05.361000,1.06634,1.06631,3010000,1370000
2019-10-03 14:01:05.666000,1.06634,1.06631,1250000,2120000
2019-10-03 14:01:05.779000,1.06639,1.06637,2140000,1120000
2019-10-03 14:01:05.880000,1.06641,1.06639,1000000,1620000
2019-10-03 14:01:06.032000,1.0664,1.06638,1000000,1620000
2019-10-03 14:01:06.133000,1.06643,1.0664,2120000,1120000
2019-10-03 14:01:06.272000,1.06642,1.0664,1000000,1810000
2019-10-03 14:01:06.423000,1.06643,1.06642,1570000,1250000
2019-10-03 14:01:06.525000,1.06644,1.06641,1760000,2120000
2019-10-03 14:01:06.660000,1.06642,1.06641,1000000,1250000
2019-10-03 14:01:06.767000,1.06637,1.06635,1000000,1620000
2019-10-03 14:01:06.908000,1.06637,1.06635,1120000,1000000
2019-10-03 14:01:07.014000,1.06636,1.06632,3200000,1500000
2019-10-03 14:01:07.169000,1.06634,1.06632,1000000,1870000
2019-10-03 14:01:07.298000,1.06634,1.06631,1620000,1750000
2019-10-03 14:01:07.349000,1.06636,1.06631,2100000,3370000
2019-10-03 14:01:07.455000,1.06636,1.06634,1500000,1000000
2019-10-03 14:01:07.506000,1.06634,1.06632,1000000,3370000
2019-10-03 14:01:07.607000,1.06633,1.06629,2700000,2250000
2019-10-03 14:01:07.695000,1.06632,1.06629,1000000,1500000
2019-10-03 14:01:07.898000,1.06633,1.06631,2320000,1250000
2019-10-03 14:01:08.135000,1.06634,1.06632,2440000,1620000
2019-10-03 14:01:08.239000,1.06632,1.06631,1000000,1690000
2019-10-03 14:01:08.631000,1.06631,1.06629,1000000,1870000
2019-10-03 14:01:08.732000,1.0663,1.06628,2250000,1250000
2019-10-03 14:01:08.783000,1.06625,1.06622,2850000,3000000
2019-10-03 14:01:08.892000,1.06623,1.06621,1100000,2250000
2019-10-03 14:01:08.944000,1.06619,1.06615,1000000,2750000
2019-10-03 14:01:09.046000,1.06621,1.06618,1700000,2250000
2019-10-03 14:01:09.096000,1.0662,1.06617,2750000,2620000
2019-10-03 14:01:09.325000,1.06619,1.06617,1570000,2500000
2019-10-03 14:01:09.529000,1.06621,1.06617,2320000,1250000
2019-10-03 14:01:09.645000,1.0662,1.06618,1000000,2440000
2019-10-03 14:01:09.747000,1.06622,1.06618,4120000,3250000
2019-10-03 14:01:09.798000,1.0662,1.06618,1200000,2440000
2019-10-03 14:01:09.900000,1.06619,1.06617,1570000,2440000
2019-10-03 14:01:09.951000,1.06614,1.06611,1000000,2250000
2019-10-03 14:01:10.074000,1.06614,1.06611,2070000,2440000
2019-10-03 14:01:10.177000,1.06614,1.06611,3220000,2940000
2019-10-03 14:01:10.228000,1.06611,1.0661,1120000,1250000
2019-10-03 14:01:10.279000,1.06608,1.06607,1250000,1000000
2019-10-03 14:01:10.395000,1.06608,1.06606,3010000,2250000
2019-10-03 14:01:10.460000,1.06606,1.06604,1000000,2500000
2019-10-03 14:01:10.562000,1.06605,1.06602,2870000,4120000
2019-10-03 14:01:10.614000,1.06604,1.06603,1000000,1000000
2019-10-03 14:01:10.665000,1.06606,1.06602,3410000,2620000
2019-10-03 14:01:10.773000,1.06605,1.06603,1570000,3370000
2019-10-03 14:01:10.875000,1.06604,1.06601,2390000,3560000
2019-10-03 14:01:10.976000,1.06604,1.06602,1500000,2500000
2019-10-03 14:01:11.078000,1.06604,1.06602,1750000,1120000
2019-10-03 14:01:11.179000,1.06605,1.06603,1250000,2060000
2019-10-03 14:01:11.230000,1.06606,1.06604,2440000,3750000
2019-10-03 14:01:11.282000,1.06604,1.06602,1000000,2110000
2019-10-03 14:01:11.384000,1.06604,1.06601,3190000,2500000
2019-10-03 14:01:11.486000,1.06603,1.06602,1500000,2440000
2019-10-03 14:01:11.986000,1.06603,1.066,1700000,3250000
2019-10-03 14:01:12.088000,1.06602,1.066,1460000,2440000
2019-10-03 14:01:12.189000,1.06602,1.066,2020000,3250000
2019-10-03 14:01:12.497000,1.06601,1.06598,2260000,1750000
2019-10-03 14:01:12.548000,1.06598,1.06595,4200000,1250000
2019-10-03 14:01:12.598000,1.06596,1.06592,2000000,1370000
2019-10-03 14:01:12.707000,1.06595,1.06591,1510000,3750000
2019-10-03 14:01:12.812000,1.06595,1.06592,1850000,1000000
2019-10-03 14:01:12.918000,1.06595,1.06591,1600000,2370000
2019-10-03 14:01:13.019000,1.06593,1.0659,1000000,1940000
2019-10-03 14:01:13.121000,1.06593,1.06591,1950000,1250000
2019-10-03 14:01:13.222000,1.06594,1.06591,1200000,1750000
2019-10-03 14:01:13.343000,1.06595,1.06593,1220000,1000000
2019-10-03 14:01:13.444000,1.06596,1.06593,1600000,2690000
2019-10-03 14:01:13.646000,1.06596,1.06593,1000000,1250000
2019-10-03 14:01:13.731000,1.06596,1.06595,1000000,1000000
2019-10-03 14:01:13.822000,1.06598,1.06596,1000000,1250000
2019-10-03 14:01:13.925000,1.06597,1.06595,1000000,1690000
2019-10-03 14:01:14.027000,1.06597,1.06594,1620000,1250000
2019-10-03 14:01:14.078000,1.06597,1.06595,1120000,1250000
2019-10-03 14:01:14.199000,1.06597,1.06595,1810000,1000000
2019-10-03 14:01:14.301000,1.06597,1.06594,1750000,1000000
2019-10-03 14:01:14.402000,1.06596,1.06594,1250000,1000000
2019-10-03 14:01:14.504000,1.06595,1.06591,1750000,2720000
2019-10-03 14:01:14.636000,1.06593,1.06591,1250000,1500000
2019-10-03 14:01:14.940000,1.06595,1.06591,1750000,3150000
2019-10-03 14:01:15.190000,1.06593,1.06591,1250000,1000000
2019-10-03 14:01:15.241000,1.06594,1.06592,1690000,1000000
2019-10-03 14:01:15.344000,1.06598,1.06595,2250000,1000000
2019-10-03 14:01:15.495000,1.06597,1.06595,1250000,1690000
2019-10-03 14:01:15.596000,1.06598,1.06595,2940000,1250000
2019-10-03 14:01:15.697000,1.06597,1.06595,2370000,1250000
2019-10-03 14:01:15.806000,1.06593,1.06591,1000000,1120000
2019-10-03 14:01:15.911000,1.06593,1.06591,1500000,1250000
2019-10-03 14:01:16.064000,1.06593,1.06591,1750000,1250000
2019-10-03 14:01:16.165000,1.06593,1.0659,1000000,1870000
2019-10-03 14:01:16.322000,1.06598,1.06594,3450000,1750000
2019-10-03 14:01:16.475000,1.06595,1.06593,2000000,1760000
2019-10-03 14:01:16.577000,1.06597,1.06593,1810000,4620000
2019-10-03 14:01:16.692000,1.06596,1.06595,1120000,1250000
2019-10-03 14:01:16.742000,1.06595,1.06592,1000000,3440000
2019-10-03 14:01:16.844000,1.06592,1.0659,1690000,1430000
2019-10-03 14:01:16.945000,1.06591,1.0659,1000000,1000000
2019-10-03 14:01:17.046000,1.06591,1.06589,1000000,3190000
2019-10-03 14:01:17.161000,1.06594,1.06592,4000000,1010000
2019-10-03 14:01:17.267000,1.06594,1.06593,2620000,1000000
2019-10-03 14:01:17.318000,1.06596,1.06595,1250000,1000000
2019-10-03 14:01:17.419000,1.06599,1.06595,4120000,3810000
2019-10-03 14:01:17.521000,1.06595,1.06593,1870000,1500000
2019-10-03 14:01:17.627000,1.06594,1.06592,2000000,1000000
2019-10-03 14:01:17.729000,1.06594,1.06591,2370000,1390000
2019-10-03 14:01:17.831000,1.06591,1.06589,1310000,5440000
2019-10-03 14:01:17.932000,1.06592,1.0659,1500000,1250000
2019-10-03 14:01:17.983000,1.06594,1.06593,2060000,1000000
2019-10-03 14:01:18.089000,1.06595,1.06593,1000000,1000000
2019-10-03 14:01:18.191000,1.06596,1.06593,1690000,3370000
2019-10-03 14:01:18.242000,1.06593,1.06592,1120000,1000000
2019-10-03 14:01:18.293000,1.06589,1.06587,1000000,1750000
2019-10-03 14:01:18.450000,1.06589,1.06587,1690000,1250000
2019-10-03 14:01:18.653000,1.06589,1.06586,3190000,1250000
2019-10-03 14:01:18.754000,1.06586,1.06578,1000000,1500000
2019-10-03 14:01:18.865000,1.06583,1.06582,1250000,1500000
2019-10-03 14:01:19.017000,1.06585,1.06583,1000000,1500000
2019-10-03 14:01:19.068000,1.06583,1.06581,2000000,1310000
2019-10-03 14:01:19.175000,1.06583,1.06581,1000000,1250000
2019-10-03 14:01:19.277000,1.06584,1.06582,1000000,1690000
2019-10-03 14:01:19.379000,1.06587,1.06582,2500000,1120000
2019-10-03 14:01:19.480000,1.06589,1.06588,3190000,1000000
2019-10-03 14:01:19.531000,1.06592,1.0659,1250000,1120000
2019-10-03 14:01:19.636000,1.06587,1.06585,1500000,1500000
2019-10-03 14:01:19.688000,1.06584,1.0658,4620000,1000000
2019-10-03 14:01:19.790000,1.06589,1.06587,1000000,1500000
2019-10-03 14:01:19.841000,1.0659,1.06586,1000000,4010000
2019-10-03 14:01:19.892000,1.06588,1.06586,1250000,2440000
2019-10-03 14:01:19.995000,1.0659,1.06587,1500000,1250000
2019-10-03 14:01:20.116000,1.06592,1.06586,2570000,1690000
2019-10-03 14:01:20.167000,1.06592,1.06588,1250000,1000000
2019-10-03 14:01:20.268000,1.06593,1.06587,1850000,3190000
2019-10-03 14:01:20.420000,1.06594,1.0659,2570000,1000000
2019-10-03 14:01:20.567000,1.06598,1.06593,2250000,1250000
2019-10-03 14:01:20.668000,1.06599,1.06598,1250000,1000000
2019-10-03 14:01:20.820000,1.06601,1.06599,1250000,1000000
2019-10-03 14:01:20.871000,1.06604,1.066,1250000,2250000
2019-10-03 14:01:20.983000,1.06605,1.06601,2500000,1500000
2019-10-03 14:01:21.034000,1.06605,1.06603,1690000,1000000
2019-10-03 14:01:21.135000,1.06606,1.06603,1250000,1570000
2019-10-03 14:01:21.237000,1.06606,1.06604,1250000,1000000
2019-10-03 14:01:21.339000,1.06606,1.06603,1250000,1150000
2019-10-03 14:01:21.443000,1.06605,1.06602,1250000,2890000
2019-10-03 14:01:21.595000,1.06605,1.06602,1250000,2160000
2019-10-03 14:01:21.646000,1.06608,1.06605,2500000,1000000
2019-10-03 14:01:21.698000,1.06612,1.0661,1000000,1500000
2019-10-03 14:01:21.750000,1.06614,1.06612,1000000,3450000
2019-10-03 14:01:21.871000,1.0662,1.06614,4250000,3750000
2019-10-03 14:01:21.928000,1.0662,1.06617,4000000,1000000
2019-10-03 14:01:21.986000,1.0662,1.06618,2000000,1200000
2019-10-03 14:01:22.088000,1.06618,1.06616,1250000,4220000
2019-10-03 14:01:22.225000,1.06615,1.0661,2070000,1500000
2019-10-03 14:01:22.329000,1.06611,1.06609,1540000,1000000
2019-10-03 14:01:22.380000,1.06609,1.06606,1500000,2250000
2019-10-03 14:01:22.507000,1.06609,1.06606,1500000,1500000
2019-10-03 14:01:22.610000,1.06611,1.06607,1600000,1000000
2019-10-03 14:01:22.660000,1.0661,1.06605,2370000,1000000
2019-10-03 14:01:22.712000,1.06608,1.06603,1600000,1000000
2019-10-03 14:01:22.763000,1.06608,1.06605,2170000,1250000
2019-10-03 14:01:22.814000,1.06609,1.06605,2190000,1250000
2019-10-03 14:01:22.935000,1.06609,1.06604,1250000,1690000
2019-10-03 14:01:23.037000,1.06609,1.06604,1870000,2250000
2019-10-03 14:01:23.139000,1.06608,1.06604,1750000,2060000
2019-10-03 14:01:23.240000,1.06609,1.06604,1250000,2060000
2019-10-03 14:01:23.338000,1.06605,1.06604,1000000,1000000
2019-10-03 14:01:23.389000,1.06605,1.06601,2750000,4060000
2019-10-03 14:01:23.490000,1.06605,1.06601,1000000,2060000
2019-10-03 14:01:23.592000,1.06604,1.06601,1750000,1000000
2019-10-03 14:01:23.695000,1.06604,1.06602,1250000,2250000
2019-10-03 14:01:23.807000,1.06604,1.06601,1750000,2250000
2019-10-03 14:01:24.111000,1.06603,1.06601,1500000,1250000
2019-10-03 14:01:24.259000,1.06603,1.06599,2000000,1750000
2019-10-03 14:01:24.361000,1.06601,1.06599,1250000,1000000
2019-10-03 14:01:24.411000,1.066,1.06597,3190000,1870000
2019-10-03 14:01:24.462000,1.06597,1.06594,1000000,2300000
2019-10-03 14:01:24.513000,1.06599,1.06596,3370000,1250000
2019-10-03 14:01:24.615000,1.06598,1.06597,1310000,1000000
2019-10-03 14:01:24.773000,1.06596,1.06593,1250000,3190000
2019-10-03 14:01:24.824000,1.06594,1.06593,1000000,3000000
2019-10-03 14:01:24.925000,1.06596,1.06594,1120000,1250000
2019-10-03 14:01:24.977000,1.06598,1.06596,1370000,1250000
2019-10-03 14:01:25.097000,1.06599,1.06595,1250000,2450000
2019-10-03 14:01:25.198000,1.06597,1.06594,1000000,2250000
2019-10-03 14:01:25.350000,1.0659,1.06589,1000000,1500000
2019-10-03 14:01:25.462000,1.06591,1.06588,1310000,1690000
2019-10-03 14:01:25.565000,1.06592,1.0659,1250000,1000000
2019-10-03 14:01:25.717000,1.06592,1.0659,1500000,1000000
2019-10-03 14:01:25.937000,1.06592,1.06589,1750000,1690000
2019-10-03 14:01:26.040000,1.06588,1.06586,1000000,2250000
2019-10-03 14:01:26.141000,1.0659,1.06586,2620000,1950000
2019-10-03 14:01:26.192000,1.0659,1.06586,1620000,3320000
2019-10-03 14:01:26.347000,1.06594,1.06591,1750000,1000000
2019-10-03 14:01:26.398000,1.06599,1.06595,1000000,2620000
2019-10-03 14:01:26.479000,1.06597,1.06595,1000000,2250000
2019-10-03 14:01:26.532000,1.06598,1.06595,1500000,1250000
2019-10-03 14:01:26.585000,1.06597,1.06594,1500000,2500000
2019-10-03 14:01:26.688000,1.06596,1.06594,1000000,1500000
2019-10-03 14:01:26.739000,1.06594,1.06593,1000000,1000000
2019-10-03 14:01:26.791000,1.06596,1.06591,2500000,2250000
2019-10-03 14:01:26.842000,1.06593,1.06591,1000000,1010000
2019-10-03 14:01:26.943000,1.06593,1.06592,1000000,1000000
2019-10-03 14:01:26.994000,1.06592,1.06589,1620000,1120000
2019-10-03 14:01:27.096000,1.06591,1.06589,1000000,2250000
2019-10-03 14:01:27.197000,1.06591,1.06589,1000000,1690000
2019-10-03 14:01:28.067000,1.06589,1.06587,2250000,2060000
2019-10-03 14:01:28.118000,1.06589,1.06584,4000000,1870000
2019-10-03 14:01:28.222000,1.06588,1.06583,1750000,1950000
2019-10-03 14:01:28.374000,1.06589,1.06587,1250000,2060000
2019-10-03 14:01:28.530000,1.06593,1.06591,1690000,3120000
2019-10-03 14:01:28.632000,1.06596,1.06594,1690000,1000000
2019-10-03 14:01:28.733000,1.06596,1.06593,1250000,1500000
2019-10-03 14:01:28.784000,1.06597,1.06595,1250000,1000000
2019-10-03 14:01:28.835000,1.06598,1.06595,2120000,2060000
2019-10-03 14:01:29.100000,1.06596,1.06594,1000000,2620000
2019-10-03 14:01:29.150000,1.06594,1.06592,2120000,2250000
2019-10-03 14:01:29.201000,1.06593,1.0659,1370000,2540000
2019-10-03 14:01:29.342000,1.06594,1.06592,1250000,1250000
2019-10-03 14:01:29.393000,1.06597,1.06594,1250000,2440000
2019-10-03 14:01:29.444000,1.06596,1.06593,1250000,4200000
2019-10-03 14:01:29.548000,1.06594,1.06592,1870000,1000000
2019-10-03 14:01:29.650000,1.06595,1.06593,2500000,2250000
2019-10-03 14:01:29.794000,1.06594,1.06591,3000000,1250000
2019-10-03 14:01:29.896000,1.06594,1.06592,1370000,1000000
2019-10-03 14:01:29.997000,1.06595,1.06592,1250000,1500000
2019-10-03 14:01:30.099000,1.06595,1.06593,1250000,1000000
2019-10-03 14:01:30.300000,1.06593,1.0659,1750000,2620000
2019-10-03 14:01:30.351000,1.06589,1.06586,3120000,1500000
2019-10-03 14:01:30.457000,1.06588,1.06585,1620000,1940000
2019-10-03 14:01:30.593000,1.06589,1.06587,2620000,1000000
2019-10-03 14:01:30.645000,1.06587,1.06585,1500000,1250000
2019-10-03 14:01:30.698000,1.06586,1.06584,1000000,1500000
2019-10-03 14:01:30.749000,1.06588,1.06586,1250000,1000000
2019-10-03 14:01:30.800000,1.06589,1.06587,1120000,1000000
2019-10-03 14:01:30.852000,1.0659,1.06586,1870000,2250000
2019-10-03 14:01:30.968000,1.06587,1.06584,1120000,2320000
2019-10-03 14:01:31.070000,1.06589,1.06588,1870000,1000000
2019-10-03 14:01:31.121000,1.06592,1.06588,2000000,1870000
2019-10-03 14:01:31.173000,1.06597,1.06593,1500000,1250000
2019-10-03 14:01:31.223000,1.06595,1.06594,1500000,1000000
2019-10-03 14:01:31.274000,1.06592,1.06591,1250000,1000000
2019-10-03 14:01:31.376000,1.06592,1.0659,1310000,1250000
2019-10-03 14:01:31.533000,1.06593,1.06592,1250000,1500000
2019-10-03 14:01:31.584000,1.06597,1.06593,3370000,2810000
2019-10-03 14:01:31.685000,1.06597,1.06593,1870000,2810000
2019-10-03 14:01:31.838000,1.06597,1.06594,1870000,1000000
2019-10-03 14:01:31.939000,1.06597,1.06595,1870000,1000000
2019-10-03 14:01:32.041000,1.06597,1.06594,1370000,1000000
2019-10-03 14:01:32.142000,1.06597,1.06594,1370000,2060000
2019-10-03 14:01:32.438000,1.06597,1.06595,1370000,1000000
2019-10-03 14:01:32.540000,1.06598,1.06594,2250000,2810000
2019-10-03 14:01:32.591000,1.06597,1.06594,2500000,1500000
2019-10-03 14:01:32.692000,1.06597,1.06594,2000000,1500000
2019-10-03 14:01:32.743000,1.06601,1.06599,1000000,2500000
2019-10-03 14:01:32.794000,1.06604,1.066,1250000,1500000
2019-10-03 14:01:32.862000,1.06605,1.06602,2320000,1000000
2019-10-03 14:01:32.964000,1.06607,1.06603,2060000,2560000
2019-10-03 14:01:33.065000,1.06608,1.06604,1750000,1620000
2019-10-03 14:01:33.167000,1.06606,1.06604,1870000,1870000
2019-10-03 14:01:33.218000,1.06605,1.06603,1250000,1120000
2019-10-03 14:01:33.323000,1.06607,1.06603,4120000,1000000
2019-10-03 14:01:33.577000,1.06607,1.06603,1310000,2440000
2019-10-03 14:01:33.678000,1.06608,1.06605,1250000,3620000
2019-10-03 14:01:33.898000,1.06613,1.06612,1310000,1000000
2019-10-03 14:01:33.999000,1.06615,1.06614,1250000,1000000
2019-10-03 14:01:34.114000,1.06615,1.06612,1000000,2620000
2019-10-03 14:01:34.216000,1.06615,1.06612,1750000,1620000
2019-10-03 14:01:34.317000,1.06614,1.06611,2060000,1000000
2019-10-03 14:01:34.419000,1.06612,1.06609,1000000,2310000
2019-10-03 14:01:34.571000,1.06614,1.06611,1750000,1000000
2019-10-03 14:01:34.695000,1.06614,1.0661,1750000,1870000
2019-10-03 14:01:34.796000,1.06614,1.0661,2190000,2870000
2019-10-03 14:01:34.913000,1.06614,1.06611,1810000,1250000
2019-10-03 14:01:34.966000,1.06612,1.06609,1810000,1000000
2019-10-03 14:01:35.017000,1.06613,1.06611,1870000,1000000
2019-10-03 14:01:35.220000,1.06611,1.06609,1250000,1120000
2019-10-03 14:01:35.336000,1.06612,1.06611,1120000,1500000
2019-10-03 14:01:35.438000,1.06611,1.06609,1620000,2440000
2019-10-03 14:01:35.539000,1.0661,1.06608,1370000,1000000
2019-10-03 14:01:35.590000,1.06611,1.0661,1250000,1000000
2019-10-03 14:01:35.681000,1.06614,1.06611,2000000,1000000
2019-10-03 14:01:35.783000,1.06615,1.06611,3870000,3750000
2019-10-03 14:01:35.884000,1.06613,1.06612,1250000,1500000
2019-10-03 14:01:35.985000,1.06615,1.06612,1870000,1690000
2019-10-03 14:01:36.208000,1.06616,1.06612,1870000,1000000
2019-10-03 14:01:36.522000,1.06616,1.06612,1250000,2190000
2019-10-03 14:01:36.624000,1.0662,1.06618,1000000,2620000
2019-10-03 14:01:36.675000,1.06619,1.06616,1690000,1120000
2019-10-03 14:01:36.776000,1.06618,1.06616,1250000,1500000
2019-10-03 14:01:36.983000,1.0662,1.06617,1120000,2810000
2019-10-03 14:01:37.088000,1.0662,1.06617,1000000,1810000
2019-10-03 14:01:37.190000,1.0662,1.06617,1310000,1310000
2019-10-03 14:01:37.342000,1.0662,1.06617,1870000,1000000
2019-10-03 14:01:37.472000,1.06621,1.06617,2620000,2060000
2019-10-03 14:01:37.725000,1.0662,1.06617,1120000,2870000
2019-10-03 14:01:37.950000,1.06622,1.06621,1580000,1120000
2019-10-03 14:01:38.001000,1.06626,1.06621,1250000,4560000
2019-10-03 14:01:38.103000,1.06627,1.06622,2620000,1810000
2019-10-03 14:01:38.154000,1.06621,1.0662,1000000,1500000
2019-10-03 14:01:38.255000,1.06621,1.06617,3000000,1870000
2019-10-03 14:01:38.520000,1.0662,1.06616,2000000,1750000
2019-10-03 14:01:38.571000,1.06615,1.06614,1120000,1250000
2019-10-03 14:01:38.622000,1.06615,1.06612,1310000,1570000
2019-10-03 14:01:38.750000,1.06615,1.06613,1310000,1000000
2019-10-03 14:01:38.919000,1.06611,1.06609,1690000,6690000
2019-10-03 14:01:39.022000,1.06606,1.06604,1310000,4760000
2019-10-03 14:01:39.123000,1.06608,1.06606,1250000,2250000
2019-10-03 14:01:39.220000,1.06609,1.06606,2250000,2440000
2019-10-03 14:01:39.372000,1.06609,1.06606,1620000,2440000
2019-10-03 14:01:39.474000,1.06604,1.06603,1120000,1690000
2019-10-03 14:01:39.524000,1.06603,1.06599,1250000,3100000
2019-10-03 14:01:39.665000,1.06602,1.06599,1000000,3250000
2019-10-03 14:01:39.970000,1.06597,1.06596,1000000,1250000
2019-10-03 14:01:40.021000,1.06596,1.06593,1000000,1750000
2019-10-03 14:01:40.132000,1.06594,1.0659,2620000,1250000
2019-10-03 14:01:40.187000,1.06589,1.06586,1500000,1000000
2019-10-03 14:01:40.238000,1.06587,1.06583,1000000,1000000
2019-10-03 14:01:40.289000,1.06584,1.06582,1500000,1000000
2019-10-03 14:01:40.423000,1.06588,1.06584,1870000,2250000
2019-10-03 14:01:40.525000,1.06588,1.06585,1870000,4050000
2019-10-03 14:01:40.728000,1.06588,1.06584,1750000,1500000
2019-10-03 14:01:40.779000,1.0659,1.06586,1250000,1120000
2019-10-03 14:01:40.880000,1.0659,1.06588,1250000,1000000
2019-10-03 14:01:41.032000,1.06592,1.06588,2250000,1000000
2019-10-03 14:01:41.150000,1.06587,1.06585,1050000,1000000
2019-10-03 14:01:41.201000,1.06589,1.06585,2560000,1500000
2019-10-03 14:01:41.252000,1.06589,1.06588,1000000,1250000
2019-10-03 14:01:41.303000,1.06591,1.06588,1000000,1250000
2019-10-03 14:01:41.404000,1.06592,1.06589,1250000,1000000
2019-10-03 14:01:41.566000,1.06589,1.06586,3000000,1120000
2019-10-03 14:01:41.617000,1.06587,1.06585,1000000,1500000
2019-10-03 14:01:41.771000,1.06589,1.06588,1120000,1250000
2019-10-03 14:01:41.914000,1.06593,1.06589,3370000,1870000
2019-10-03 14:01:41.971000,1.06591,1.06588,1370000,2060000
2019-10-03 14:01:42.072000,1.06591,1.06589,1370000,1000000
2019-10-03 14:01:42.174000,1.0659,1.06588,1250000,1870000
2019-10-03 14:01:42.276000,1.06588,1.06585,1250000,1500000
2019-10-03 14:01:42.378000,1.06588,1.06587,1000000,1250000
2019-10-03 14:01:42.429000,1.0659,1.06587,1750000,1250000
2019-10-03 14:01:42.480000,1.06591,1.06589,1750000,1690000
2019-10-03 14:01:42.632000,1.0659,1.06588,1370000,1500000
2019-10-03 14:01:42.734000,1.06589,1.06587,1750000,1000000
2019-10-03 14:01:42.853000,1.0659,1.06587,2250000,1250000
2019-10-03 14:01:43.245000,1.0659,1.06588,1250000,1000000
2019-10-03 14:01:43.347000,1.06592,1.06589,1250000,2120000
2019-10-03 14:01:43.448000,1.06591,1.06588,1250000,2560000
2019-10-03 14:01:43.549000,1.06592,1.06588,1250000,1000000
2019-10-03 14:01:43.650000,1.06589,1.06587,1000000,1250000
2019-10-03 14:01:43.752000,1.0659,1.06587,1870000,2440000
2019-10-03 14:01:43.853000,1.0659,1.06588,1870000,1000000
2019-10-03 14:01:44.168000,1.06591,1.06589,1000000,1250000
2019-10-03 14:01:44.270000,1.06591,1.06589,1250000,1000000
2019-10-03 14:01:44.473000,1.0659,1.06588,1370000,1690000
2019-10-03 14:01:44.615000,1.06591,1.06588,2250000,1500000
2019-10-03 14:01:44.717000,1.06591,1.06589,1750000,1870000
2019-10-03 14:01:45.266000,1.06592,1.06589,1870000,3000000
2019-10-03 14:01:45.458000,1.06593,1.0659,1370000,2090000
2019-10-03 14:01:45.559000,1.0659,1.06587,1250000,2810000
2019-10-03 14:01:45.661000,1.06587,1.06584,1250000,1500000
2019-10-03 14:01:45.809000,1.06585,1.06583,1250000,1000000
2019-10-03 14:01:45.911000,1.06583,1.06582,1000000,1250000
2019-10-03 14:01:46.114000,1.06586,1.06583,1790000,1250000
2019-10-03 14:01:46.165000,1.06587,1.06583,1310000,1250000
2019-10-03 14:01:46.292000,1.06585,1.06583,1370000,1500000
2019-10-03 14:01:46.443000,1.06587,1.06583,2250000,3060000
2019-10-03 14:01:46.545000,1.06588,1.06586,1000000,1250000
2019-10-03 14:01:46.692000,1.06589,1.06587,1000000,1120000
2019-10-03 14:01:46.794000,1.06589,1.06587,2370000,1500000
2019-10-03 14:01:46.845000,1.0659,1.06588,1500000,1250000
2019-10-03 14:01:46.947000,1.06591,1.0659,1000000,1690000
2019-10-03 14:01:47.049000,1.06595,1.0659,2250000,3870000
2019-10-03 14:01:47.107000,1.06593,1.0659,1250000,4120000
2019-10-03 14:01:47.159000,1.06595,1.06593,1370000,1000000
2019-10-03 14:01:47.210000,1.06595,1.06592,1370000,1120000
2019-10-03 14:01:47.587000,1.06594,1.06591,1250000,1120000
2019-10-03 14:01:47.689000,1.06595,1.06591,2620000,1750000
2019-10-03 14:01:47.790000,1.06596,1.06594,1620000,1000000
2019-10-03 14:01:47.993000,1.06597,1.06595,1000000,1000000
2019-10-03 14:01:48.113000,1.06606,1.06602,3000000,1810000
2019-10-03 14:01:48.165000,1.06604,1.06602,1750000,1000000
2019-10-03 14:01:48.216000,1.06601,1.066,1000000,1250000
2019-10-03 14:01:48.267000,1.06601,1.06599,1120000,1310000
2019-10-03 14:01:48.368000,1.06602,1.06601,1000000,1250000
2019-10-03 14:01:48.512000,1.06605,1.06601,2250000,6060000
2019-10-03 14:01:48.564000,1.06609,1.06605,3320000,1310000
2019-10-03 14:01:48.666000,1.06604,1.06602,4140000,3490000
2019-10-03 14:01:48.717000,1.06602,1.06599,1750000,1940000
2019-10-03 14:01:48.819000,1.06602,1.06601,1000000,1310000
2019-10-03 14:01:48.946000,1.06601,1.06598,1870000,2440000
2019-10-03 14:01:49.048000,1.06603,1.06598,3000000,3190000
2019-10-03 14:01:49.149000,1.06603,1.06598,1810000,4940000
2019-10-03 14:01:49.528000,1.06603,1.066,1250000,1000000
2019-10-03 14:01:49.579000,1.06604,1.06601,1810000,3620000
2019-10-03 14:01:49.681000,1.06604,1.06601,1250000,2870000
2019-10-03 14:01:50.095000,1.06607,1.06605,1000000,2250000
2019-10-03 14:01:50.196000,1.06605,1.06603,1870000,1000000
2019-10-03 14:01:50.247000,1.06605,1.06601,2250000,4260000
2019-10-03 14:01:50.349000,1.06606,1.06601,2250000,3560000
2019-10-03 14:01:50.984000,1.06606,1.06604,2370000,1250000
2019-10-03 14:01:51.086000,1.06608,1.06606,1000000,1370000
2019-10-03 14:01:51.196000,1.0661,1.06606,1500000,1750000
2019-10-03 14:01:51.576000,1.06611,1.06608,2500000,1120000
2019-10-03 14:01:51.629000,1.06613,1.06612,1250000,1000000
2019-10-03 14:01:51.754000,1.06617,1.06612,4120000,2370000
2019-10-03 14:01:51.806000,1.06614,1.06611,1000000,1750000
2019-10-03 14:01:51.857000,1.06614,1.06609,1620000,2500000
2019-10-03 14:01:51.908000,1.06615,1.06612,4550000,1250000
2019-10-03 14:01:52.009000,1.06615,1.06612,1000000,2320000
2019-10-03 14:01:52.164000,1.06611,1.06609,1500000,2140000
2019-10-03 14:01:52.266000,1.06609,1.06606,1750000,2440000
2019-10-03 14:01:52.317000,1.06605,1.06604,1120000,1250000
2019-10-03 14:01:52.368000,1.06604,1.06602,1620000,1120000
2019-10-03 14:01:52.470000,1.06604,1.06603,1000000,1250000
2019-10-03 14:01:52.618000,1.06604,1.06601,1120000,3370000
2019-10-03 14:01:52.722000,1.06604,1.06601,1310000,5200000
2019-10-03 14:01:52.773000,1.06604,1.06601,1370000,4200000
2019-10-03 14:01:52.912000,1.06606,1.06601,3000000,4310000
2019-10-03 14:01:53.013000,1.06606,1.06602,2120000,1500000
2019-10-03 14:01:53.115000,1.06605,1.06602,1250000,1950000
2019-10-03 14:01:53.462000,1.06606,1.06605,2810000,1000000
2019-10-03 14:01:53.564000,1.06606,1.06603,2060000,2810000
2019-10-03 14:01:53.667000,1.06606,1.06603,2120000,1000000
2019-10-03 14:01:53.718000,1.06606,1.06603,2060000,1000000
2019-10-03 14:01:53.820000,1.06606,1.06602,2120000,4200000
2019-10-03 14:01:53.976000,1.06607,1.06605,1000000,1690000
2019-10-03 14:01:54.026000,1.0661,1.06606,2120000,2870000
2019-10-03 14:01:54.077000,1.06607,1.06605,1750000,1000000
2019-10-03 14:01:54.128000,1.0661,1.06607,2120000,1250000
2019-10-03 14:01:54.288000,1.06612,1.06608,3750000,1000000
2019-10-03 14:01:54.442000,1.06611,1.06607,1250000,2810000
2019-10-03 14:01:54.544000,1.0661,1.06607,1250000,2810000
2019-10-03 14:01:55.169000,1.06611,1.06607,1310000,2440000
2019-10-03 14:01:55.270000,1.06609,1.06607,1250000,1310000
2019-10-03 14:01:55.610000,1.06608,1.06607,1000000,1250000
2019-10-03 14:01:55.661000,1.06606,1.06602,1810000,6870000
2019-10-03 14:01:55.712000,1.06609,1.06606,1250000,1000000
2019-10-03 14:01:55.813000,1.06609,1.06606,1310000,1250000
2019-10-03 14:01:56.062000,1.06605,1.06604,1000000,1000000
2019-10-03 14:01:56.113000,1.06604,1.06601,1120000,1250000
2019-10-03 14:01:56.215000,1.06604,1.06602,1310000,1250000
2019-10-03 14:01:56.316000,1.06607,1.06602,2620000,3190000
2019-10-03 14:01:56.573000,1.06606,1.06602,1310000,1750000
2019-10-03 14:01:56.726000,1.06606,1.06602,3250000,1500000
2019-10-03 14:01:57.070000,1.066,1.06599,1690000,1500000
2019-10-03 14:01:57.121000,1.066,1.06595,3750000,2440000
2019-10-03 14:01:57.222000,1.066,1.06595,2250000,4060000
2019-10-03 14:01:57.374000,1.06601,1.06597,2940000,1310000
2019-10-03 14:01:57.536000,1.066,1.06597,1370000,1870000
2019-10-03 14:01:57.638000,1.066,1.06595,2620000,2560000
2019-10-03 14:01:57.740000,1.06598,1.06594,1250000,1690000
2019-10-03 14:01:57.893000,1.06599,1.06594,2940000,2500000
2019-10-03 14:01:58.059000,1.066,1.06595,4120000,1810000
2019-10-03 14:01:58.211000,1.06599,1.06595,2870000,1000000
2019-10-03 14:01:58.315000,1.06599,1.06594,4120000,1810000
2019-10-03 14:01:58.808000,1.06598,1.06594,1370000,1620000
2019-10-03 14:01:59.121000,1.06599,1.06597,1250000,1000000
2019-10-03 14:01:59.172000,1.06599,1.06596,1250000,1500000
2019-10-03 14:01:59.306000,1.06593,1.06591,2060000,2440000
2019-10-03 14:01:59.407000,1.06595,1.06593,5620000,1000000
2019-10-03 14:01:59.508000,1.06594,1.06592,1250000,1000000
2019-10-03 14:01:59.610000,1.06593,1.0659,1310000,1750000
2019-10-03 14:01:59.751000,1.06594,1.06593,1250000,1000000
2019-10-03 14:01:59.852000,1.06595,1.06592,4440000,1000000
2019-10-03 14:01:59.954000,1.06595,1.06591,2620000,1120000
2019-10-03 14:02:00.055000,1.06597,1.06593,2250000,1870000
2019-10-03 14:02:00.181000,1.06597,1.06593,2120000,2370000
2019-10-03 14:02:00.347000,1.06598,1.06594,3310000,1370000
2019-10-03 14:02:00.449000,1.06595,1.06593,1500000,1750000
2019-10-03 14:02:00.558000,1.06594,1.06591,1000000,5250000
2019-10-03 14:02:00.710000,1.06594,1.06592,1000000,1250000
2019-10-03 14:02:00.812000,1.06594,1.0659,1870000,4370000
2019-10-03 14:02:01.217000,1.06595,1.06592,1370000,1690000
2019-10-03 14:02:01.842000,1.06594,1.06591,1370000,1250000
2019-10-03 14:02:01.994000,1.06594,1.06593,1250000,1000000
2019-10-03 14:02:02.095000,1.06597,1.06594,1000000,2250000
2019-10-03 14:02:02.197000,1.06599,1.06595,2620000,1120000
2019-10-03 14:02:02.414000,1.066,1.06596,1850000,2620000
2019-10-03 14:02:02.516000,1.06599,1.06596,1370000,2810000
2019-10-03 14:02:03.026000,1.06598,1.06596,1250000,2620000
2019-10-03 14:02:03.152000,1.066,1.06596,2440000,1870000
2019-10-03 14:02:03.263000,1.06599,1.06596,1250000,1500000
2019-10-03 14:02:03.391000,1.06598,1.06597,1310000,1000000
2019-10-03 14:02:03.464000,1.06594,1.06592,2440000,3000000
2019-10-03 14:02:03.565000,1.06594,1.06593,1120000,1000000
2019-10-03 14:02:03.667000,1.06593,1.0659,1750000,1500000
2019-10-03 14:02:04.032000,1.06593,1.06591,1120000,1000000
2019-10-03 14:02:04.164000,1.06593,1.0659,1250000,2620000
2019-10-03 14:02:04.266000,1.06594,1.0659,1500000,4760000
2019-10-03 14:02:04.367000,1.06594,1.0659,2440000,3750000
2019-10-03 14:02:05.632000,1.06597,1.06595,1000000,1000000
2019-10-03 14:02:05.683000,1.06599,1.06595,3120000,1000000
2019-10-03 14:02:05.807000,1.06596,1.06594,2000000,1000000
2019-10-03 14:02:06.010000,1.06595,1.06594,1250000,1000000
2019-10-03 14:02:06.111000,1.06594,1.06592,1250000,2560000
2019-10-03 14:02:06.259000,1.06591,1.06589,1120000,3060000
2019-10-03 14:02:06.314000,1.06591,1.06589,1620000,2060000
2019-10-03 14:02:06.415000,1.06591,1.06588,1250000,3940000
2019-10-03 14:02:06.466000,1.06592,1.0659,1370000,1500000
2019-10-03 14:02:06.567000,1.06593,1.0659,2620000,3560000
2019-10-03 14:02:06.986000,1.06593,1.0659,1500000,3700000
2019-10-03 14:02:07.132000,1.06593,1.06591,1370000,1000000
2019-10-03 14:02:07.250000,1.0659,1.06588,2750000,10090000
2019-10-03 14:02:07.390000,1.0659,1.06586,4250000,2810000
2019-10-03 14:02:07.542000,1.06589,1.06586,1310000,2500000
2019-10-03 14:02:07.594000,1.06588,1.06586,1750000,1250000
2019-10-03 14:02:07.808000,1.06589,1.06585,3560000,1500000
2019-10-03 14:02:07.910000,1.06588,1.06586,1750000,1000000
2019-10-03 14:02:08.012000,1.06588,1.06586,1310000,1250000
2019-10-03 14:02:08.223000,1.06589,1.06585,3560000,1500000
2019-10-03 14:02:08.281000,1.06582,1.06581,1000000,1000000
2019-10-03 14:02:08.385000,1.06582,1.0658,1120000,1500000
2019-10-03 14:02:08.770000,1.06582,1.06579,1690000,1750000
2019-10-03 14:02:08.821000,1.06579,1.06577,2000000,2250000
2019-10-03 14:02:08.872000,1.06577,1.06574,1250000,1120000
2019-10-03 14:02:08.974000,1.06578,1.06575,2250000,1000000
2019-10-03 14:02:09.227000,1.06578,1.06575,1870000,1750000
2019-10-03 14:02:09.297000,1.06576,1.06575,1250000,1000000
2019-10-03 14:02:09.399000,1.06576,1.06574,1250000,2070000
2019-10-03 14:02:09.717000,1.06578,1.06574,2370000,2880000
2019-10-03 14:02:09.869000,1.06576,1.06574,1250000,1250000
2019-10-03 14:02:09.921000,1.06575,1.06573,1250000,1250000
2019-10-03 14:02:10.024000,1.06578,1.06575,3250000,1000000
