time,ask,bid,ask_volume,bid_volume
2019-02-12 14:55:01.065000,1.10463,1.1046,2620000,2560000
2019-02-12 14:55:01.167000,1.10463,1.1046,2570000,2560000
2019-02-12 14:55:01.892000,1.10462,1.1046,1250000,2370000
2019-02-12 14:55:02.189000,1.10461,1.1046,1250000,1500000
2019-02-12 14:55:03.009000,1.10462,1.1046,1070000,1620000
2019-02-12 14:55:04.880000,1.10462,1.1046,1820000,2620000
2019-02-12 14:55:05.188000,1.10462,1.1046,1870000,1120000
2019-02-12 14:55:05.742000,1.10462,1.1046,1820000,1870000
2019-02-12 14:55:07.593000,1.10463,1.10461,2570000,1120000
2019-02-12 14:55:07.797000,1.10463,1.10461,2620000,1120000
2019-02-12 14:55:09.063000,1.10463,1.10461,2570000,1870000
2019-02-12 14:55:09.959000,1.10463,1.10461,2620000,1870000
2019-02-12 14:55:10.133000,1.10463,1.10461,2570000,1870000
2019-02-12 14:55:10.287000,1.10463,1.1046,2630000,6500000
2019-02-12 14:55:13.663000,1.10463,1.1046,1630000,3690000
2019-02-12 14:55:13.840000,1.10463,1.1046,1180000,3690000
2019-02-12 14:55:15.439000,1.10462,1.1046,1430000,1500000
2019-02-12 14:55:15.593000,1.10462,1.1046,2570000,1000000
2019-02-12 14:55:15.696000,1.10462,1.1046,2620000,1000000
2019-02-12 14:55:15.969000,1.10462,1.1046,2570000,1000000
2019-02-12 14:55:16.427000,1.10462,1.10459,2570000,3310000
2019-02-12 14:55:16.531000,1.10462,1.10459,2620000,3310000
2019-02-12 14:55:16.684000,1.10462,1.1046,1180000,1310000
2019-02-12 14:55:17.199000,1.10462,1.1046,1180000,1310000
2019-02-12 14:55:17.300000,1.10463,1.1046,3370000,1310000
2019-02-12 14:55:18.703000,1.10461,1.1046,1250000,1120000
2019-02-12 14:55:20.917000,1.10462,1.1046,1630000,1310000
2019-02-12 14:55:23.112000,1.10462,1.10459,1870000,2560000
2019-02-12 14:55:23.315000,1.10462,1.10459,1820000,2560000
2019-02-12 14:55:27.089000,1.10461,1.1046,1250000,1500000
2019-02-12 14:55:27.497000,1.10461,1.10459,1070000,1120000
2019-02-12 14:55:27.701000,1.10459,1.10457,3190000,1870000
2019-02-12 14:55:27.803000,1.10459,1.10456,3190000,2060000
2019-02-12 14:55:27.937000,1.10458,1.10456,1180000,2810000
2019-02-12 14:55:28.142000,1.10459,1.10456,2570000,3560000
2019-02-12 14:55:28.312000,1.10459,1.10456,2620000,3560000
2019-02-12 14:55:30.231000,1.10458,1.10456,1180000,1310000
2019-02-12 14:55:31.444000,1.10458,1.10455,3370000,2060000
2019-02-12 14:55:33.454000,1.10458,1.10455,2430000,2120000
2019-02-12 14:55:33.556000,1.10458,1.10455,3370000,2060000
2019-02-12 14:55:34.091000,1.10458,1.10455,3180000,2120000
2019-02-12 14:55:34.193000,1.10458,1.10455,3370000,2060000
2019-02-12 14:55:35.866000,1.10454,1.10452,1000000,3000000
2019-02-12 14:55:35.968000,1.10453,1.10451,1000000,2810000
2019-02-12 14:55:36.499000,1.10453,1.10452,1180000,1500000
2019-02-12 14:55:36.601000,1.10453,1.10451,1180000,1310000
2019-02-12 14:55:37.814000,1.10454,1.10451,2380000,1370000
2019-02-12 14:55:37.951000,1.10453,1.10451,1000000,1120000
2019-02-12 14:55:38.759000,1.10453,1.10451,1180000,1370000
2019-02-12 14:55:38.869000,1.10453,1.10451,1180000,1120000
2019-02-12 14:55:38.971000,1.10454,1.1045,1680000,10500000
2019-02-12 14:55:39.194000,1.10454,1.1045,1680000,10440000
2019-02-12 14:55:39.297000,1.10454,1.10452,1680000,1000000
2019-02-12 14:55:39.449000,1.10454,1.10451,2620000,2810000
2019-02-12 14:55:39.551000,1.10454,1.10451,2570000,2810000
2019-02-12 14:55:40.513000,1.10454,1.10452,1180000,1000000
2019-02-12 14:55:40.666000,1.10454,1.10451,1500000,3190000
2019-02-12 14:55:41.047000,1.10454,1.10452,1180000,1000000
2019-02-12 14:55:42.114000,1.10455,1.10453,1180000,1000000
2019-02-12 14:55:42.221000,1.10455,1.10453,1180000,1250000
2019-02-12 14:55:42.323000,1.10456,1.10453,4070000,1250000
2019-02-12 14:55:42.903000,1.10455,1.10453,1250000,1000000
2019-02-12 14:55:43.005000,1.10454,1.10452,1000000,1870000
2019-02-12 14:55:43.195000,1.10454,1.10452,1180000,1120000
2019-02-12 14:55:45.601000,1.10454,1.10451,4070000,1810000
2019-02-12 14:55:47.514000,1.10453,1.10451,1250000,1620000
2019-02-12 14:55:47.616000,1.10454,1.10451,3320000,1810000
2019-02-12 14:55:49.279000,1.10455,1.10452,2620000,4810000
2019-02-12 14:55:49.381000,1.10455,1.10452,2570000,4810000
2019-02-12 14:55:49.500000,1.10455,1.10452,2620000,5560000
2019-02-12 14:55:49.767000,1.10455,1.10452,2570000,5560000
2019-02-12 14:55:49.989000,1.10455,1.10452,2620000,5560000
2019-02-12 14:55:50.091000,1.10455,1.10452,2570000,4810000
2019-02-12 14:55:50.193000,1.10455,1.10452,2620000,4810000
2019-02-12 14:55:50.346000,1.10455,1.10452,1820000,4810000
2019-02-12 14:55:57.308000,1.10455,1.10453,1180000,2120000
2019-02-12 14:55:57.685000,1.10456,1.10453,3370000,2060000
2019-02-12 14:55:57.939000,1.10456,1.10453,2430000,2120000
2019-02-12 14:55:58.265000,1.10456,1.10453,3370000,2060000
2019-02-12 14:56:00.199000,1.10454,1.10452,2440000,1620000
2019-02-12 14:56:00.301000,1.10455,1.10452,2430000,4310000
2019-02-12 14:56:01.209000,1.10455,1.10452,2010000,4310000
2019-02-12 14:56:01.468000,1.10455,1.10452,2050000,4310000
2019-02-12 14:56:02.862000,1.10455,1.10453,1680000,1000000
2019-02-12 14:56:02.964000,1.10455,1.10453,1630000,1000000
2019-02-12 14:56:03.066000,1.10455,1.10452,1630000,4310000
2019-02-12 14:56:03.169000,1.10455,1.10453,1630000,1000000
2019-02-12 14:56:03.578000,1.10455,1.10452,1630000,4310000
2019-02-12 14:56:04.070000,1.10455,1.10453,1630000,1000000
2019-02-12 14:56:04.172000,1.10455,1.10452,1630000,4310000
2019-02-12 14:56:04.273000,1.10455,1.10453,1630000,1000000
2019-02-12 14:56:04.635000,1.10455,1.10452,1630000,4310000
2019-02-12 14:56:04.737000,1.10455,1.10452,1680000,4310000
2019-02-12 14:56:04.839000,1.10455,1.10453,1630000,1000000
2019-02-12 14:56:04.940000,1.10455,1.10452,1630000,4310000
2019-02-12 14:56:05.231000,1.10455,1.10452,1680000,4310000
2019-02-12 14:56:05.729000,1.10455,1.10452,1180000,5060000
2019-02-12 14:56:08.419000,1.10456,1.10453,2050000,1690000
2019-02-12 14:56:08.521000,1.10456,1.10453,2570000,4060000
2019-02-12 14:56:08.635000,1.10456,1.10453,2620000,4060000
2019-02-12 14:56:08.790000,1.10456,1.10453,2440000,3310000
2019-02-12 14:56:09.081000,1.10456,1.10453,2620000,4060000
2019-02-12 14:56:09.347000,1.10456,1.10453,1180000,5620000
2019-02-12 14:56:09.449000,1.10457,1.10454,1180000,2120000
2019-02-12 14:56:09.554000,1.10457,1.10454,1180000,5120000
2019-02-12 14:56:10.838000,1.10457,1.10454,1180000,4120000
2019-02-12 14:56:11.041000,1.10456,1.10454,1690000,1000000
2019-02-12 14:56:11.144000,1.10455,1.10454,1500000,1000000
2019-02-12 14:56:11.323000,1.10455,1.10453,1680000,2060000
2019-02-12 14:56:11.476000,1.10455,1.10453,3320000,2120000
2019-02-12 14:56:11.577000,1.10455,1.10453,3370000,1870000
2019-02-12 14:56:11.696000,1.10455,1.10453,3370000,1870000
2019-02-12 14:56:13.396000,1.10455,1.10453,1630000,2060000
2019-02-12 14:56:13.721000,1.10455,1.10453,1680000,2060000
2019-02-12 14:56:14.176000,1.10455,1.10453,1180000,2060000
2019-02-12 14:56:14.539000,1.10455,1.10453,1180000,2060000
2019-02-12 14:56:17.176000,1.10454,1.10452,1820000,3750000
2019-02-12 14:56:17.279000,1.10455,1.10452,2570000,2440000
2019-02-12 14:56:17.408000,1.10454,1.10451,1690000,3940000
2019-02-12 14:56:17.563000,1.10454,1.10451,2620000,2060000
2019-02-12 14:56:17.665000,1.10454,1.10451,3320000,2060000
2019-02-12 14:56:17.780000,1.10454,1.10452,2620000,1000000
2019-02-12 14:56:17.883000,1.10455,1.10453,1180000,1250000
2019-02-12 14:56:19.251000,1.10455,1.10453,1180000,1250000
2019-02-12 14:56:19.459000,1.10455,1.10453,1180000,1250000
2019-02-12 14:56:19.562000,1.10455,1.10453,1180000,1250000
2019-02-12 14:56:26.135000,1.10454,1.10452,1250000,4620000
2019-02-12 14:56:26.502000,1.10455,1.10452,3320000,3310000
2019-02-12 14:56:27.099000,1.10455,1.10452,4880000,3120000
2019-02-12 14:56:27.201000,1.10455,1.10452,3320000,2060000
2019-02-12 14:56:27.800000,1.10455,1.10452,2380000,2120000
2019-02-12 14:56:27.936000,1.10454,1.10452,1000000,2120000
2019-02-12 14:56:29.083000,1.10456,1.10453,4120000,2810000
2019-02-12 14:56:29.186000,1.10456,1.10454,1630000,1310000
2019-02-12 14:56:29.558000,1.10456,1.10455,1000000,1000000
2019-02-12 14:56:32.137000,1.10457,1.10454,1180000,4750000
2019-02-12 14:56:32.240000,1.10457,1.10455,1180000,1750000
2019-02-12 14:56:32.467000,1.10457,1.10455,1000000,1690000
2019-02-12 14:56:33.496000,1.10457,1.10455,1000000,2440000
2019-02-12 14:56:35.661000,1.10456,1.10454,1000000,2440000
2019-02-12 14:56:35.977000,1.10457,1.10454,1180000,2440000
2019-02-12 14:56:36.079000,1.10457,1.10453,3370000,4500000
2019-02-12 14:56:36.285000,1.10456,1.10454,1180000,1370000
2019-02-12 14:56:39.542000,1.10456,1.10454,1000000,2810000
2019-02-12 14:56:40.560000,1.10457,1.10455,1180000,1250000
2019-02-12 14:56:40.662000,1.10457,1.10455,1180000,1750000
2019-02-12 14:56:42.680000,1.10457,1.10455,1000000,1250000
2019-02-12 14:56:43.584000,1.10457,1.10454,1820000,3560000
2019-02-12 14:56:43.787000,1.10457,1.10454,1180000,3620000
2019-02-12 14:56:44.062000,1.10457,1.10454,1820000,3560000
2019-02-12 14:56:44.182000,1.10457,1.10454,1180000,2870000
2019-02-12 14:56:46.865000,1.10457,1.10454,1820000,6940000
2019-02-12 14:56:47.118000,1.10457,1.10455,1820000,1000000
2019-02-12 14:56:47.578000,1.10457,1.10454,1820000,3560000
2019-02-12 14:56:47.735000,1.10457,1.10454,1180000,3620000
2019-02-12 14:56:47.939000,1.10457,1.10454,1070000,3560000
2019-02-12 14:56:49.453000,1.10457,1.10454,1180000,4440000
2019-02-12 14:56:52.732000,1.10457,1.10455,1180000,1370000
2019-02-12 14:56:55.602000,1.10457,1.10454,1070000,6370000
2019-02-12 14:56:55.705000,1.10456,1.10454,1000000,1120000
2019-02-12 14:56:55.818000,1.10455,1.10453,2570000,1120000
2019-02-12 14:56:55.920000,1.10455,1.10452,2620000,5560000
2019-02-12 14:56:56.022000,1.10454,1.10452,2070000,3750000
2019-02-12 14:56:56.124000,1.10453,1.1045,1180000,3750000
2019-02-12 14:56:56.339000,1.10454,1.10451,1180000,4370000
2019-02-12 14:56:56.442000,1.10454,1.10452,1180000,1750000
2019-02-12 14:56:57.350000,1.10454,1.10452,3880000,3190000
2019-02-12 14:56:57.489000,1.10454,1.10452,3880000,3250000
2019-02-12 14:56:57.598000,1.10454,1.10452,3880000,3190000
2019-02-12 14:57:07.511000,1.10454,1.10452,5430000,1500000
2019-02-12 14:57:07.613000,1.10454,1.10452,5380000,1500000
2019-02-12 14:57:07.903000,1.10454,1.10451,5380000,5060000
2019-02-12 14:57:08.127000,1.10453,1.10452,1000000,1690000
2019-02-12 14:57:08.229000,1.10453,1.10451,1180000,1310000
2019-02-12 14:57:08.383000,1.10451,1.1045,1500000,2060000
2019-02-12 14:57:08.546000,1.1045,1.10448,5250000,2440000
2019-02-12 14:57:08.699000,1.1045,1.10447,5430000,2870000
2019-02-12 14:57:09.707000,1.1045,1.10447,6130000,2120000
2019-02-12 14:57:09.911000,1.1045,1.10447,6180000,2120000
2019-02-12 14:57:10.219000,1.1045,1.10447,5380000,2120000
2019-02-12 14:57:10.755000,1.10451,1.1045,1000000,2060000
2019-02-12 14:57:10.857000,1.10454,1.10451,7870000,1690000
2019-02-12 14:57:10.959000,1.10452,1.10451,3750000,1250000
2019-02-12 14:57:11.605000,1.10454,1.10451,1630000,1750000
2019-02-12 14:57:11.731000,1.10454,1.10452,1180000,2060000
2019-02-12 14:57:19.213000,1.10454,1.10452,4820000,1870000
2019-02-12 14:57:19.315000,1.10454,1.10452,4870000,1870000
2019-02-12 14:57:19.576000,1.10454,1.10452,5380000,3560000
2019-02-12 14:57:19.729000,1.10453,1.10452,1000000,2810000
2019-02-12 14:57:19.831000,1.10454,1.10452,4630000,1310000
2019-02-12 14:57:23.254000,1.10455,1.10452,2430000,2870000
2019-02-12 14:57:24.128000,1.10455,1.10452,3370000,3560000
2019-02-12 14:57:24.281000,1.10455,1.10452,2430000,3620000
2019-02-12 14:57:24.462000,1.10455,1.10452,3370000,3560000
2019-02-12 14:57:25.564000,1.10455,1.10452,3370000,3560000
2019-02-12 14:57:25.891000,1.10455,1.10452,3370000,3560000
2019-02-12 14:57:26.627000,1.10455,1.10452,3190000,2060000
2019-02-12 14:57:31.961000,1.10455,1.10452,2250000,3620000
2019-02-12 14:57:32.063000,1.10455,1.10452,3190000,3560000
2019-02-12 14:57:35.337000,1.10455,1.10452,1500000,4370000
2019-02-12 14:57:35.478000,1.10455,1.10452,1500000,4120000
2019-02-12 14:57:35.579000,1.10455,1.10452,1500000,4370000
2019-02-12 14:57:35.758000,1.10455,1.10452,2440000,4310000
2019-02-12 14:57:36.183000,1.10455,1.10453,2440000,1000000
2019-02-12 14:57:36.285000,1.10455,1.10452,2440000,5060000
2019-02-12 14:57:36.563000,1.10455,1.10453,1000000,1250000
2019-02-12 14:57:37.364000,1.10454,1.10452,1120000,4000000
2019-02-12 14:57:37.509000,1.10455,1.10452,5560000,2440000
2019-02-12 14:57:37.612000,1.10454,1.1045,6190000,2200000
2019-02-12 14:57:38.124000,1.10452,1.1045,1000000,1450000
2019-02-12 14:57:38.277000,1.10453,1.1045,1500000,1450000
2019-02-12 14:57:39.024000,1.1045,1.10449,1690000,3450000
2019-02-12 14:57:39.142000,1.1045,1.10449,1690000,1000000
2019-02-12 14:57:39.245000,1.1045,1.10448,1690000,1120000
2019-02-12 14:57:39.347000,1.10451,1.10448,4120000,2120000
2019-02-12 14:57:40.770000,1.10451,1.10448,3940000,2060000
2019-02-12 14:57:41.796000,1.1045,1.10448,1250000,1120000
2019-02-12 14:57:42.019000,1.10451,1.10448,3560000,1310000
2019-02-12 14:57:54.507000,1.1045,1.10448,1690000,1500000
2019-02-12 14:57:54.610000,1.10449,1.10448,1000000,1500000
2019-02-12 14:57:54.719000,1.10449,1.10446,1000000,5870000
2019-02-12 14:57:54.973000,1.1045,1.10446,2440000,5870000
2019-02-12 14:57:55.126000,1.10449,1.10446,1000000,4870000
2019-02-12 14:57:56.997000,1.10448,1.10446,1690000,1000000
2019-02-12 14:57:57.101000,1.10447,1.10445,1000000,2440000
2019-02-12 14:57:57.410000,1.10448,1.10445,3190000,1690000
2019-02-12 14:57:57.660000,1.10447,1.10445,1000000,1250000
2019-02-12 14:57:59.372000,1.10445,1.10444,2440000,1270000
2019-02-12 14:57:59.474000,1.10446,1.10443,4120000,1570000
2019-02-12 14:57:59.693000,1.10448,1.10447,2250000,1000000
2019-02-12 14:57:59.796000,1.10449,1.10447,1310000,1000000
2019-02-12 14:58:00,1.10448,1.10446,1000000,1690000
2019-02-12 14:58:05.948000,1.10448,1.10446,1000000,2120000
2019-02-12 14:58:06.708000,1.10448,1.10446,1000000,2060000
2019-02-12 14:58:08.199000,1.10447,1.10446,1000000,1310000
2019-02-12 14:58:08.454000,1.10448,1.10445,1000000,4870000
2019-02-12 14:58:10.721000,1.10447,1.10446,1250000,1120000
2019-02-12 14:58:10.874000,1.10449,1.10445,4310000,3870000
2019-02-12 14:58:11.788000,1.10448,1.10446,1000000,1500000
2019-02-12 14:58:11.991000,1.10449,1.10446,3190000,2440000
2019-02-12 14:58:14.401000,1.10449,1.10447,1690000,1000000
2019-02-12 14:58:15.967000,1.10449,1.10447,1750000,1120000
2019-02-12 14:58:16.069000,1.10449,1.10447,1690000,1120000
2019-02-12 14:58:16.171000,1.10448,1.10447,3750000,1120000
2019-02-12 14:58:17.074000,1.10449,1.10447,3750000,1310000
2019-02-12 14:58:17.277000,1.10448,1.10447,1250000,1120000
2019-02-12 14:58:19.506000,1.10449,1.10447,3750000,1120000
2019-02-12 14:58:20.120000,1.10448,1.10447,1250000,1120000
2019-02-12 14:58:20.461000,1.10449,1.10447,6940000,1120000
2019-02-12 14:58:21.194000,1.10448,1.10447,1000000,1310000
2019-02-12 14:58:22.086000,1.10449,1.10447,1500000,2060000
2019-02-12 14:58:27.432000,1.1045,1.10448,2620000,1000000
2019-02-12 14:58:27.534000,1.10451,1.1045,1000000,1000000
2019-02-12 14:58:27.648000,1.10452,1.10451,3370000,1000000
2019-02-12 14:58:27.701000,1.10455,1.10453,3190000,2000000
2019-02-12 14:58:27.753000,1.10456,1.10454,3000000,1000000
2019-02-12 14:58:28.008000,1.10456,1.10455,1000000,1250000
2019-02-12 14:58:29.216000,1.10457,1.10455,1000000,2500000
2019-02-12 14:58:29.417000,1.10457,1.10456,1000000,1310000
2019-02-12 14:58:29.870000,1.10458,1.10457,1500000,1000000
2019-02-12 14:58:31.242000,1.10458,1.10456,1000000,1310000
2019-02-12 14:58:33.715000,1.10457,1.10456,3190000,1120000
2019-02-12 14:58:36.315000,1.10458,1.10456,2250000,1690000
2019-02-12 14:58:39.604000,1.10457,1.10455,1000000,2000000
2019-02-12 14:58:39.706000,1.10458,1.10456,3000000,1120000
2019-02-12 14:58:39.788000,1.10454,1.10453,1000000,5810000
2019-02-12 14:58:39.890000,1.10454,1.10453,1000000,1000000
2019-02-12 14:58:39.993000,1.10454,1.10452,1000000,1250000
2019-02-12 14:58:40.639000,1.10454,1.10451,3190000,1310000
2019-02-12 14:58:40.822000,1.10453,1.10451,2440000,1870000
2019-02-12 14:58:42.800000,1.10453,1.10452,3000000,1000000
2019-02-12 14:58:43.180000,1.10453,1.10451,3000000,3560000
2019-02-12 14:58:43.964000,1.10453,1.10451,3000000,2120000
2019-02-12 14:58:44.266000,1.10454,1.10452,4120000,2250000
2019-02-12 14:58:44.500000,1.10455,1.10452,5440000,1250000
2019-02-12 14:58:44.937000,1.10454,1.10451,1000000,3620000
2019-02-12 14:58:46.111000,1.10454,1.10451,3000000,3370000
2019-02-12 14:58:46.556000,1.10454,1.10451,4120000,3620000
2019-02-12 14:58:47.724000,1.10454,1.1045,3940000,4870000
2019-02-12 14:58:47.826000,1.10454,1.10451,3750000,1370000
2019-02-12 14:58:47.930000,1.10453,1.10451,1000000,1370000
2019-02-12 14:58:48.086000,1.10453,1.1045,1500000,4810000
2019-02-12 14:58:50.182000,1.10452,1.1045,1000000,5190000
2019-02-12 14:58:50.293000,1.10452,1.1045,1250000,4120000
2019-02-12 14:58:50.395000,1.10451,1.10449,1000000,2060000
2019-02-12 14:58:50.727000,1.10452,1.1045,1500000,1250000
2019-02-12 14:58:51.429000,1.10453,1.10452,1500000,1250000
2019-02-12 14:58:51.531000,1.10454,1.10452,1500000,3190000
2019-02-12 14:58:52.754000,1.10454,1.10451,1500000,3190000
2019-02-12 14:58:55.084000,1.10455,1.10453,2250000,1810000
2019-02-12 14:58:55.961000,1.10453,1.10451,1500000,5440000
2019-02-12 14:58:56.063000,1.10451,1.1045,1250000,1000000
2019-02-12 14:58:56.165000,1.10451,1.10449,1690000,1000000
2019-02-12 14:58:59.493000,1.10452,1.1045,1000000,2500000
2019-02-12 14:59:00.322000,1.10453,1.10451,2250000,1250000
2019-02-12 14:59:00.424000,1.10453,1.10451,1500000,2120000
2019-02-12 14:59:04.207000,1.10454,1.10452,5250000,2310000
2019-02-12 14:59:04.310000,1.10455,1.10454,1500000,1310000
2019-02-12 14:59:04.707000,1.10456,1.10454,1250000,1310000
2019-02-12 14:59:05.993000,1.10455,1.10454,1000000,2810000
2019-02-12 14:59:07.241000,1.10454,1.10453,1000000,1000000
2019-02-12 14:59:07.787000,1.10454,1.10452,1000000,4310000
2019-02-12 14:59:08.153000,1.10454,1.10452,1500000,1810000
2019-02-12 14:59:08.357000,1.10455,1.10453,1250000,1120000
2019-02-12 14:59:16.470000,1.10454,1.10452,1250000,3120000
2019-02-12 14:59:16.593000,1.10455,1.10454,1250000,1120000
2019-02-12 14:59:23.693000,1.10456,1.10454,1880000,1870000
2019-02-12 14:59:27.162000,1.10456,1.10455,1250000,3000000
2019-02-12 14:59:27.264000,1.10458,1.10455,4120000,4000000
2019-02-12 14:59:27.397000,1.10458,1.10456,1500000,1810000
2019-02-12 14:59:30.490000,1.10459,1.10457,4690000,1000000
2019-02-12 14:59:31.872000,1.10459,1.10457,3940000,1000000
2019-02-12 14:59:31.925000,1.10458,1.10456,1000000,2440000
2019-02-12 14:59:32.027000,1.10458,1.10457,1500000,1000000
2019-02-12 14:59:33.128000,1.10459,1.10457,4690000,1000000
2019-02-12 14:59:33.692000,1.1046,1.10459,4950000,1870000
2019-02-12 14:59:33.836000,1.10463,1.10461,4500000,1000000
2019-02-12 14:59:34.091000,1.10464,1.10462,1690000,1500000
2019-02-12 14:59:34.193000,1.10464,1.10462,1690000,2370000
2019-02-12 14:59:34.501000,1.10465,1.10463,1690000,1620000
2019-02-12 14:59:36.123000,1.10465,1.10463,1690000,2370000
2019-02-12 14:59:37.462000,1.10465,1.10463,1750000,2250000
2019-02-12 14:59:37.849000,1.10465,1.10463,1690000,2370000
2019-02-12 14:59:47.104000,1.10465,1.10463,1000000,1500000
2019-02-12 14:59:48.115000,1.10465,1.10463,1690000,1000000
2019-02-12 14:59:54.114000,1.10464,1.10463,1250000,1500000
2019-02-12 14:59:54.215000,1.10465,1.10463,1690000,1620000
2019-02-12 14:59:55.090000,1.10464,1.10461,1690000,2060000
2019-02-12 14:59:55.255000,1.10464,1.10461,1000000,3250000
2019-02-12 14:59:55.459000,1.10464,1.10461,1690000,3560000
2019-02-12 14:59:57.132000,1.10463,1.10461,1250000,2620000
2019-02-12 14:59:57.951000,1.1046,1.10459,1250000,1000000
2019-02-12 14:59:58.068000,1.10461,1.10459,1500000,1250000
2019-02-12 14:59:58.323000,1.10459,1.10458,1250000,4500000
2019-02-12 14:59:58.425000,1.10463,1.10461,5250000,1000000
2019-02-12 14:59:58.535000,1.10464,1.10462,1750000,2250000
2019-02-12 14:59:58.639000,1.10464,1.10463,1000000,1000000
2019-02-12 14:59:58.742000,1.10466,1.10464,2440000,3120000
2019-02-12 14:59:58.844000,1.10466,1.10464,1000000,4620000
2019-02-12 14:59:59.141000,1.10467,1.10465,1690000,1620000
2019-02-12 14:59:59.242000,1.10467,1.10465,1250000,1620000
2019-02-12 14:59:59.382000,1.10468,1.10466,1250000,1250000
2019-02-12 14:59:59.869000,1.1047,1.10466,1120000,5690000
2019-02-12 14:59:59.924000,1.10471,1.10469,1750000,1120000
2019-02-12 14:59:59.977000,1.10472,1.10469,3000000,2000000
2019-02-12 15:00:00.198000,1.10473,1.10471,3190000,1000000
2019-02-12 15:00:00.249000,1.10472,1.1047,1250000,1000000
2019-02-12 15:00:00.300000,1.10471,1.10469,1250000,1500000
2019-02-12 15:00:00.447000,1.10472,1.10469,2500000,1000000
2019-02-12 15:00:00.550000,1.10473,1.10469,1000000,2500000
2019-02-12 15:00:00.602000,1.10475,1.10471,1690000,1250000
2019-02-12 15:00:00.772000,1.10474,1.10471,1000000,2560000
2019-02-12 15:00:01.101000,1.10476,1.10472,1750000,1620000
2019-02-12 15:00:01.254000,1.10475,1.10473,1250000,1000000
2019-02-12 15:00:01.377000,1.10477,1.10473,2500000,1000000
2019-02-12 15:00:01.581000,1.10475,1.10472,1250000,1620000
2019-02-12 15:00:02.617000,1.10476,1.10472,3620000,1120000
2019-02-12 15:00:03.030000,1.10475,1.10472,1750000,1120000
2019-02-12 15:00:03.601000,1.10476,1.10472,3250000,1120000
2019-02-12 15:00:04.881000,1.10477,1.10473,3250000,1620000
2019-02-12 15:00:05.389000,1.10476,1.10472,1750000,1620000
2019-02-12 15:00:05.811000,1.10475,1.10472,1250000,1620000
2019-02-12 15:00:05.968000,1.10475,1.10472,2440000,1620000
2019-02-12 15:00:06.869000,1.10476,1.10473,1690000,1620000
2019-02-12 15:00:08.925000,1.10477,1.10473,1690000,1810000
2019-02-12 15:00:09.027000,1.10477,1.10473,1250000,1620000
2019-02-12 15:00:09.229000,1.10477,1.10474,1250000,1000000
2019-02-12 15:00:09.332000,1.10478,1.10475,3750000,2620000
2019-02-12 15:00:12.702000,1.10478,1.10477,1500000,1120000
2019-02-12 15:00:12.804000,1.1048,1.10477,2500000,2620000
2019-02-12 15:00:13.093000,1.1048,1.10477,1690000,3560000
2019-02-12 15:00:13.347000,1.1048,1.10477,2500000,1870000
2019-02-12 15:00:15.078000,1.1048,1.10477,2060000,1310000
2019-02-12 15:00:15.181000,1.10479,1.10477,1250000,1120000
2019-02-12 15:00:16.600000,1.10478,1.10476,1500000,1810000
2019-02-12 15:00:16.702000,1.10478,1.10476,1500000,2060000
2019-02-12 15:00:21.644000,1.10479,1.10477,1000000,2250000
2019-02-12 15:00:21.746000,1.1048,1.10478,3190000,1000000
2019-02-12 15:00:22.141000,1.1048,1.10478,1690000,1620000
2019-02-12 15:00:22.501000,1.1048,1.10478,1250000,2250000
2019-02-12 15:00:22.552000,1.10481,1.10478,3560000,2370000
2019-02-12 15:00:22.653000,1.1048,1.10478,1250000,2250000
2019-02-12 15:00:24.802000,1.10481,1.10478,2870000,1620000
2019-02-12 15:00:25.136000,1.1048,1.10478,1250000,1500000
2019-02-12 15:00:25.574000,1.1048,1.10478,1250000,1620000
2019-02-12 15:00:25.694000,1.1048,1.10478,1750000,1500000
2019-02-12 15:00:25.850000,1.1048,1.10478,1250000,1620000
2019-02-12 15:00:26.472000,1.1048,1.10478,1250000,1500000
2019-02-12 15:00:26.574000,1.10481,1.10478,3620000,1620000
2019-02-12 15:00:26.898000,1.1048,1.10478,1250000,1500000
2019-02-12 15:00:27.081000,1.10481,1.10478,3620000,1620000
2019-02-12 15:00:27.335000,1.1048,1.10478,1250000,1500000
2019-02-12 15:00:27.499000,1.10481,1.1048,1500000,1120000
2019-02-12 15:00:27.602000,1.10484,1.10481,3620000,1500000
2019-02-12 15:00:27.704000,1.10484,1.10481,3940000,2250000
2019-02-12 15:00:28.011000,1.10484,1.10483,3940000,1000000
2019-02-12 15:00:29.014000,1.10485,1.10483,1690000,1620000
2019-02-12 15:00:29.118000,1.10487,1.10485,1000000,1620000
2019-02-12 15:00:29.222000,1.10488,1.10486,3190000,1120000
2019-02-12 15:00:29.326000,1.10489,1.10487,8060000,1620000
2019-02-12 15:00:29.632000,1.10487,1.10485,1250000,1870000
2019-02-12 15:00:29.734000,1.10488,1.10486,1250000,1500000
2019-02-12 15:00:29.837000,1.10488,1.10486,1250000,1500000
2019-02-12 15:00:30.403000,1.10489,1.10487,2060000,1000000
2019-02-12 15:00:32.133000,1.10488,1.10487,1000000,3000000
2019-02-12 15:00:32.948000,1.1049,1.10487,4000000,1500000
2019-02-12 15:00:33.655000,1.1049,1.10488,4690000,1000000
2019-02-12 15:00:35.058000,1.10491,1.10489,1000000,1870000
2019-02-12 15:00:35.161000,1.10493,1.10492,2440000,1000000
2019-02-12 15:00:35.212000,1.10492,1.10491,1690000,1000000
2019-02-12 15:00:35.315000,1.10492,1.1049,1750000,1120000
2019-02-12 15:00:35.422000,1.10493,1.10491,1250000,1500000
2019-02-12 15:00:35.473000,1.10494,1.10492,6000000,1000000
2019-02-12 15:00:35.678000,1.10495,1.10492,2440000,1620000
2019-02-12 15:00:37.316000,1.10495,1.10493,3190000,1000000
2019-02-12 15:00:37.418000,1.10496,1.10494,2250000,1620000
2019-02-12 15:00:38.659000,1.10496,1.10494,1690000,1620000
2019-02-12 15:00:38.812000,1.10497,1.10496,1000000,1250000
2019-02-12 15:00:38.915000,1.10498,1.10496,2250000,1810000
2019-02-12 15:00:39.285000,1.10501,1.10499,4500000,1500000
2019-02-12 15:00:39.387000,1.10501,1.10499,2250000,1500000
2019-02-12 15:00:39.494000,1.10502,1.105,3940000,1000000
2019-02-12 15:00:39.546000,1.10503,1.10501,3190000,1120000
2019-02-12 15:00:39.598000,1.10502,1.105,3620000,1000000
2019-02-12 15:00:39.701000,1.105,1.10499,1250000,1000000
2019-02-12 15:00:41.276000,1.10501,1.10499,2060000,1000000
2019-02-12 15:00:41.795000,1.10501,1.10499,2120000,1000000
2019-02-12 15:00:42.082000,1.10501,1.10499,1750000,1000000
2019-02-12 15:00:42.184000,1.10501,1.10499,1690000,1000000
2019-02-12 15:00:42.553000,1.10501,1.10499,2500000,1000000
2019-02-12 15:00:43.951000,1.10501,1.10499,2060000,1000000
2019-02-12 15:00:45.171000,1.10502,1.105,1120000,1250000
2019-02-12 15:00:45.222000,1.10503,1.10501,5620000,1250000
2019-02-12 15:00:47.921000,1.10503,1.10501,3620000,1000000
2019-02-12 15:00:51.030000,1.10503,1.105,4500000,1750000
2019-02-12 15:00:51.134000,1.10503,1.105,5500000,1500000
2019-02-12 15:00:53.382000,1.10503,1.105,3750000,1750000
2019-02-12 15:00:55.931000,1.10502,1.105,1250000,1870000
2019-02-12 15:00:55.982000,1.10503,1.105,5060000,2060000
2019-02-12 15:00:56.084000,1.10503,1.105,6750000,1870000
2019-02-12 15:00:56.186000,1.10502,1.105,2120000,1120000
2019-02-12 15:01:01.185000,1.10502,1.10499,1750000,1500000
2019-02-12 15:01:01.490000,1.10502,1.10501,1120000,1000000
2019-02-12 15:01:01.659000,1.10502,1.10499,2620000,2500000
2019-02-12 15:01:01.761000,1.10497,1.10495,1250000,1620000
2019-02-12 15:01:02.094000,1.10496,1.10493,2440000,1870000
2019-02-12 15:01:02.770000,1.10495,1.10493,1000000,1310000
2019-02-12 15:01:03.597000,1.10495,1.10493,2500000,1000000
2019-02-12 15:01:03.713000,1.10495,1.10492,3250000,1120000
2019-02-12 15:01:04.305000,1.10492,1.1049,5060000,1120000
2019-02-12 15:01:04.455000,1.10491,1.1049,1120000,1000000
2019-02-12 15:01:04.557000,1.10489,1.10486,3250000,4120000
2019-02-12 15:01:04.659000,1.10488,1.10486,2370000,2810000
2019-02-12 15:01:04.762000,1.10488,1.10486,1870000,2060000
2019-02-12 15:01:05.233000,1.10489,1.10486,2810000,1310000
2019-02-12 15:01:09.608000,1.10489,1.10486,5120000,1120000
2019-02-12 15:01:10.533000,1.10489,1.10486,2440000,1310000
2019-02-12 15:01:16.260000,1.10488,1.10486,1000000,1120000
2019-02-12 15:01:17.737000,1.1049,1.10489,3000000,1000000
2019-02-12 15:01:17.839000,1.10492,1.10489,1000000,5620000
2019-02-12 15:01:17.941000,1.10494,1.10492,6560000,1000000
2019-02-12 15:01:18.044000,1.10494,1.10492,4310000,1000000
2019-02-12 15:01:18.158000,1.10493,1.10491,2250000,1250000
2019-02-12 15:01:18.210000,1.10491,1.10489,1000000,1120000
2019-02-12 15:01:18.661000,1.10492,1.10489,3190000,1120000
2019-02-12 15:01:18.921000,1.10492,1.10489,2440000,2370000
2019-02-12 15:01:19.232000,1.10493,1.1049,3190000,1120000
2019-02-12 15:01:19.334000,1.10493,1.1049,1500000,3310000
2019-02-12 15:01:20.072000,1.10494,1.10491,2810000,1870000
2019-02-12 15:01:20.775000,1.10495,1.10492,3940000,1000000
2019-02-12 15:01:21.089000,1.10495,1.10493,3560000,1000000
2019-02-12 15:01:22.198000,1.10495,1.10493,2250000,1000000
2019-02-12 15:01:22.880000,1.10497,1.10496,2250000,1250000
2019-02-12 15:01:22.982000,1.105,1.10498,5500000,1500000
2019-02-12 15:01:23.085000,1.105,1.10499,1500000,1000000
2019-02-12 15:01:25.795000,1.10501,1.105,1000000,1000000
2019-02-12 15:01:25.897000,1.10503,1.105,4870000,1750000
2019-02-12 15:01:27.464000,1.10502,1.105,3560000,1000000
2019-02-12 15:01:27.567000,1.10501,1.10497,3190000,3190000
2019-02-12 15:01:27.732000,1.10498,1.10495,4120000,3190000
2019-02-12 15:01:27.834000,1.10498,1.10496,1500000,1250000
2019-02-12 15:01:27.936000,1.10498,1.10496,1000000,1250000
2019-02-12 15:01:28.924000,1.10499,1.10497,6000000,1000000
2019-02-12 15:01:29.027000,1.10499,1.10496,3370000,4120000
2019-02-12 15:01:30.886000,1.105,1.10497,1000000,5060000
2019-02-12 15:01:30.988000,1.105,1.10497,1000000,3620000
2019-02-12 15:01:31.681000,1.105,1.10497,1000000,2810000
2019-02-12 15:01:32.293000,1.10501,1.10497,4690000,3560000
2019-02-12 15:01:32.798000,1.10501,1.10498,3750000,1250000
2019-02-12 15:01:33.999000,1.10501,1.105,1000000,1250000
2019-02-12 15:01:34.116000,1.10502,1.105,1870000,1250000
2019-02-12 15:01:34.218000,1.10501,1.10499,1000000,1000000
2019-02-12 15:01:34.422000,1.10501,1.10498,2250000,1310000
2019-02-12 15:01:37.438000,1.105,1.10498,1500000,1120000
2019-02-12 15:01:39.114000,1.10501,1.10498,2620000,1310000
2019-02-12 15:01:39.242000,1.10501,1.10498,2620000,1810000
2019-02-12 15:01:40.698000,1.10502,1.10498,3370000,3370000
2019-02-12 15:01:41.737000,1.10503,1.10501,5250000,1310000
2019-02-12 15:01:42.136000,1.10504,1.10502,3560000,1000000
2019-02-12 15:01:42.187000,1.10505,1.10503,3030000,1500000
2019-02-12 15:01:42.238000,1.10507,1.10505,2250000,1620000
2019-02-12 15:01:42.340000,1.10508,1.10505,5440000,2000000
2019-02-12 15:01:42.899000,1.10509,1.10505,2440000,3370000
2019-02-12 15:01:44.473000,1.10509,1.10505,4370000,2260000
2019-02-12 15:01:44.659000,1.10503,1.10502,1310000,1000000
2019-02-12 15:01:44.781000,1.10503,1.105,4310000,1350000
2019-02-12 15:01:47.341000,1.10502,1.105,1000000,3760000
2019-02-12 15:01:48.646000,1.10503,1.105,1000000,4200000
2019-02-12 15:01:48.816000,1.10505,1.10502,1250000,3310000
2019-02-12 15:01:48.919000,1.10505,1.10503,1250000,1620000
2019-02-12 15:01:49.298000,1.10506,1.10504,1690000,1870000
2019-02-12 15:01:55.336000,1.10505,1.10503,5500000,1120000
2019-02-12 15:01:56.024000,1.10505,1.10503,4690000,1500000
2019-02-12 15:02:04.485000,1.10504,1.10503,1000000,1500000
2019-02-12 15:02:04.623000,1.10504,1.10502,6940000,2000000
2019-02-12 15:02:06.446000,1.10504,1.10502,3000000,2560000
2019-02-12 15:02:06.549000,1.10505,1.10503,1000000,3120000
2019-02-12 15:02:07.411000,1.10506,1.10504,1000000,2620000
2019-02-12 15:02:07.564000,1.10506,1.10505,1000000,1000000
2019-02-12 15:02:08.834000,1.10507,1.10506,1000000,1000000
2019-02-12 15:02:08.987000,1.10509,1.10506,3190000,2440000
2019-02-12 15:02:09.995000,1.10509,1.10506,4690000,2060000
2019-02-12 15:02:10.097000,1.10509,1.10506,3190000,2060000
2019-02-12 15:02:13.542000,1.10508,1.10506,1000000,2060000
2019-02-12 15:02:14.663000,1.10509,1.10506,6940000,2060000
2019-02-12 15:02:15.803000,1.10509,1.10506,1690000,3560000
2019-02-12 15:02:16.112000,1.10508,1.10506,1000000,3560000
2019-02-12 15:02:20.043000,1.10508,1.10507,1000000,2250000
2019-02-12 15:02:20.346000,1.10509,1.10507,1250000,2250000
2019-02-12 15:02:20.398000,1.1051,1.10509,1000000,1500000
2019-02-12 15:02:20.500000,1.10512,1.10511,1250000,3000000
2019-02-12 15:02:20.736000,1.10513,1.10511,2620000,3190000
2019-02-12 15:02:20.991000,1.10513,1.10512,1000000,1000000
2019-02-12 15:02:21.817000,1.10513,1.10511,2620000,1000000
2019-02-12 15:02:22.123000,1.10513,1.10511,1250000,1000000
2019-02-12 15:02:22.227000,1.10513,1.1051,1250000,5770000
2019-02-12 15:02:22.584000,1.10513,1.10511,1250000,1500000
2019-02-12 15:02:23.388000,1.10513,1.1051,1750000,4020000
2019-02-12 15:02:23.490000,1.10513,1.1051,1000000,4270000
2019-02-12 15:02:24.272000,1.10512,1.10511,1250000,1120000
2019-02-12 15:02:24.374000,1.1051,1.10509,1310000,2250000
2019-02-12 15:02:24.477000,1.10509,1.10507,2810000,1000000
2019-02-12 15:02:24.593000,1.10508,1.10506,1000000,1690000
2019-02-12 15:02:26.136000,1.10509,1.10506,3940000,4690000
2019-02-12 15:02:27.424000,1.10509,1.10506,2440000,4060000
2019-02-12 15:02:30.967000,1.1051,1.10508,1000000,1500000
2019-02-12 15:02:31.108000,1.10511,1.10509,1250000,1500000
2019-02-12 15:02:31.269000,1.1051,1.10508,2440000,3000000
2019-02-12 15:02:31.372000,1.10509,1.10508,3750000,2250000
2019-02-12 15:02:31.566000,1.1051,1.10507,1250000,3690000
2019-02-12 15:02:32.143000,1.10511,1.10508,2440000,2060000
2019-02-12 15:02:32.367000,1.10511,1.10508,3250000,1870000
2019-02-12 15:02:33.503000,1.10509,1.10508,3750000,1120000
2019-02-12 15:02:33.606000,1.10509,1.10507,4690000,1120000
2019-02-12 15:02:33.775000,1.10508,1.10507,1000000,1120000
2019-02-12 15:02:34.189000,1.10509,1.10507,4690000,2120000
2019-02-12 15:02:34.241000,1.10511,1.10509,1250000,1870000
2019-02-12 15:02:34.343000,1.1051,1.10509,1250000,1000000
2019-02-12 15:02:34.445000,1.1051,1.10508,1250000,1120000
2019-02-12 15:02:34.547000,1.10509,1.10508,3940000,1120000
2019-02-12 15:02:38.591000,1.1051,1.10507,2500000,2620000
2019-02-12 15:02:39.315000,1.10509,1.10507,6250000,1000000
2019-02-12 15:02:39.417000,1.10509,1.10506,6940000,2810000
2019-02-12 15:02:39.519000,1.10508,1.10506,3750000,2810000
2019-02-12 15:02:40.114000,1.10508,1.10507,1500000,1310000
2019-02-12 15:02:40.685000,1.10509,1.10507,4690000,1000000
2019-02-12 15:02:41.785000,1.10509,1.10507,2120000,1000000
2019-02-12 15:02:41.887000,1.10508,1.10505,1250000,4440000
2019-02-12 15:02:42.499000,1.10508,1.10505,3940000,2440000
2019-02-12 15:02:42.601000,1.10508,1.10505,3000000,3250000
2019-02-12 15:02:43.438000,1.10508,1.10505,3190000,3190000
2019-02-12 15:02:43.540000,1.10508,1.10505,3000000,3250000
2019-02-12 15:02:44.118000,1.10508,1.10505,6190000,2440000
2019-02-12 15:02:44.323000,1.10508,1.10505,6000000,3250000
2019-02-12 15:02:44.526000,1.10508,1.10505,6190000,2440000
2019-02-12 15:02:45.222000,1.10507,1.10505,1000000,1690000
2019-02-12 15:02:45.528000,1.10507,1.10505,1000000,2500000
2019-02-12 15:02:45.695000,1.10508,1.10505,3940000,2440000
2019-02-12 15:02:46.118000,1.10508,1.10505,3750000,1750000
2019-02-12 15:02:46.268000,1.10508,1.10505,3750000,1690000
2019-02-12 15:02:46.481000,1.10508,1.10505,3750000,2500000
2019-02-12 15:02:46.585000,1.10508,1.10505,3940000,2440000
2019-02-12 15:02:46.727000,1.10508,1.10505,3750000,1750000
2019-02-12 15:02:46.855000,1.10508,1.10505,3940000,1690000
2019-02-12 15:02:46.957000,1.10508,1.10505,3750000,2500000
2019-02-12 15:02:47.058000,1.10508,1.10505,3750000,1690000
2019-02-12 15:02:49.807000,1.10508,1.10505,2250000,4000000
2019-02-12 15:02:50.244000,1.10508,1.10505,2440000,3190000
2019-02-12 15:02:50.469000,1.10508,1.10505,2250000,4000000
2019-02-12 15:02:50.766000,1.10508,1.10505,4690000,3190000
2019-02-12 15:02:50.869000,1.10508,1.10505,4500000,4000000
2019-02-12 15:02:51.529000,1.10507,1.10505,1000000,4000000
2019-02-12 15:02:52.009000,1.10507,1.10505,1000000,3190000
2019-02-12 15:02:52.129000,1.10507,1.10505,1000000,4000000
2019-02-12 15:02:53.106000,1.10507,1.10505,1000000,2810000
2019-02-12 15:02:53.208000,1.10507,1.10505,1000000,3620000
2019-02-12 15:02:53.568000,1.10508,1.10505,2250000,3620000
2019-02-12 15:02:54.369000,1.10509,1.10506,5810000,1690000
2019-02-12 15:02:54.471000,1.10509,1.10507,1000000,2060000
2019-02-12 15:02:54.577000,1.1051,1.10507,1000000,5250000
2019-02-12 15:02:56.035000,1.10512,1.10509,8870000,2370000
2019-02-12 15:02:56.587000,1.10513,1.10511,1000000,1250000
2019-02-12 15:02:56.695000,1.10514,1.10512,4120000,1250000
2019-02-12 15:02:57.986000,1.10515,1.10512,4310000,1250000
2019-02-12 15:02:58.088000,1.10515,1.10513,2620000,1690000
2019-02-12 15:02:58.190000,1.10517,1.10516,1500000,1250000
2019-02-12 15:02:58.371000,1.10518,1.10516,2250000,1810000
2019-02-12 15:02:58.625000,1.10519,1.10517,2440000,1120000
2019-02-12 15:03:00.184000,1.10518,1.10516,1000000,1690000
2019-02-12 15:03:00.612000,1.10518,1.10516,3250000,1000000
2019-02-12 15:03:00.663000,1.10515,1.10514,1690000,1500000
2019-02-12 15:03:00.715000,1.10514,1.10513,1000000,1000000
2019-02-12 15:03:00.883000,1.10513,1.10511,1000000,1870000
2019-02-12 15:03:00.987000,1.10514,1.10511,3000000,1870000
2019-02-12 15:03:01.090000,1.10513,1.1051,2870000,2250000
2019-02-12 15:03:01.363000,1.10513,1.10511,2620000,1250000
2019-02-12 15:03:01.784000,1.10513,1.1051,3250000,2750000
2019-02-12 15:03:02.017000,1.10513,1.1051,1750000,3500000
2019-02-12 15:03:02.788000,1.10512,1.1051,1250000,2620000
2019-02-12 15:03:03.457000,1.10512,1.1051,1750000,1000000
2019-02-12 15:03:03.560000,1.10512,1.10509,3250000,1120000
2019-02-12 15:03:04.213000,1.10511,1.10509,4750000,1000000
2019-02-12 15:03:04.417000,1.10509,1.10508,1000000,1120000
2019-02-12 15:03:04.640000,1.10509,1.10508,1000000,1120000
2019-02-12 15:03:04.752000,1.10511,1.10508,5500000,1870000
2019-02-12 15:03:05.148000,1.10511,1.10509,3190000,1000000
2019-02-12 15:03:05.301000,1.10511,1.10509,2440000,1000000
2019-02-12 15:03:06.092000,1.10512,1.10509,1250000,2440000
2019-02-12 15:03:06.195000,1.10512,1.10509,1250000,2560000
2019-02-12 15:03:07.165000,1.10512,1.10509,1250000,2440000
2019-02-12 15:03:08.160000,1.10512,1.10509,5870000,1120000
2019-02-12 15:03:08.262000,1.1051,1.10509,1000000,1120000
2019-02-12 15:03:09.428000,1.10511,1.10509,6190000,1120000
2019-02-12 15:03:09.618000,1.1051,1.10508,1750000,1120000
2019-02-12 15:03:09.670000,1.10508,1.10507,1000000,1000000
2019-02-12 15:03:10.096000,1.1051,1.10508,6750000,1000000
2019-02-12 15:03:10.351000,1.10509,1.10507,1000000,2560000
2019-02-12 15:03:11.059000,1.10509,1.10508,1500000,1250000
2019-02-12 15:03:11.716000,1.10509,1.10508,1000000,1000000
2019-02-12 15:03:11.818000,1.1051,1.10507,4500000,3250000
2019-02-12 15:03:11.920000,1.10509,1.10507,1000000,3250000
2019-02-12 15:03:12.023000,1.10508,1.10507,1000000,1250000
2019-02-12 15:03:12.125000,1.10509,1.10507,1500000,1690000
2019-02-12 15:03:13.059000,1.1051,1.10507,3560000,2440000
2019-02-12 15:03:13.161000,1.1051,1.10508,3190000,1000000
2019-02-12 15:03:14.127000,1.10509,1.10507,1000000,1810000
2019-02-12 15:03:14.229000,1.1051,1.10507,1690000,1810000
2019-02-12 15:03:14.655000,1.10509,1.10507,1000000,1250000
2019-02-12 15:03:14.757000,1.10509,1.10507,1000000,1250000
2019-02-12 15:03:15.069000,1.10509,1.10507,1000000,1250000
2019-02-12 15:03:15.171000,1.10508,1.10506,1000000,2810000
2019-02-12 15:03:18.082000,1.10508,1.10506,1000000,4370000
2019-02-12 15:03:18.184000,1.1051,1.10509,3190000,1000000
2019-02-12 15:03:18.308000,1.10511,1.1051,1000000,1120000
2019-02-12 15:03:18.410000,1.10512,1.1051,1500000,1120000
2019-02-12 15:03:18.512000,1.10512,1.10511,1500000,1000000
2019-02-12 15:03:20.355000,1.10512,1.1051,2440000,1870000
2019-02-12 15:03:21.134000,1.10512,1.1051,1000000,3310000
2019-02-12 15:03:21.236000,1.10512,1.1051,1690000,2250000
2019-02-12 15:03:25.412000,1.10511,1.10509,1690000,1500000
2019-02-12 15:03:25.542000,1.10509,1.10508,1000000,1000000
2019-02-12 15:03:26.597000,1.10509,1.10507,1690000,1000000
2019-02-12 15:03:26.704000,1.10508,1.10507,1000000,1000000
2019-02-12 15:03:27.190000,1.10509,1.10507,3190000,1000000
2019-02-12 15:03:28.454000,1.1051,1.10508,1000000,2000000
2019-02-12 15:03:29.247000,1.10509,1.10507,1250000,2000000
2019-02-12 15:03:29.455000,1.10509,1.10507,1250000,1870000
2019-02-12 15:03:32.727000,1.10508,1.10506,1250000,1120000
2019-02-12 15:03:37.509000,1.10508,1.10505,3190000,1690000
2019-02-12 15:03:37.816000,1.10508,1.10505,2250000,2120000
2019-02-12 15:03:37.980000,1.10504,1.10502,3560000,1000000
2019-02-12 15:03:38.031000,1.10503,1.10501,1500000,1250000
2019-02-12 15:03:38.439000,1.10502,1.105,1000000,2500000
2019-02-12 15:03:38.604000,1.10502,1.105,1500000,1250000
2019-02-12 15:03:43.134000,1.10502,1.105,2250000,1250000
2019-02-12 15:03:43.339000,1.10502,1.105,3000000,1250000
2019-02-12 15:03:43.440000,1.10502,1.10499,3000000,3620000
2019-02-12 15:03:44.464000,1.10502,1.10499,2250000,2870000
2019-02-12 15:03:44.730000,1.10502,1.10499,2250000,4000000
2019-02-12 15:03:44.889000,1.10502,1.10499,2250000,3250000
2019-02-12 15:03:45.106000,1.10502,1.10499,2250000,4000000
2019-02-12 15:03:46.108000,1.10502,1.10499,3000000,3250000
2019-02-12 15:03:46.210000,1.10502,1.10499,3000000,4000000
2019-02-12 15:03:47.624000,1.10502,1.105,3000000,1250000
2019-02-12 15:03:47.727000,1.105,1.10499,1250000,1000000
2019-02-12 15:03:47.828000,1.10501,1.10498,2440000,2440000
2019-02-12 15:03:47.931000,1.105,1.10498,1250000,1000000
2019-02-12 15:03:49.046000,1.105,1.10497,1250000,2440000
2019-02-12 15:03:49.823000,1.10501,1.10498,5060000,1250000
2019-02-12 15:03:50.736000,1.10501,1.10499,1500000,2500000
2019-02-12 15:03:50.838000,1.10503,1.10501,8620000,1250000
2019-02-12 15:03:50.941000,1.10503,1.10501,3000000,2190000
2019-02-12 15:03:51.043000,1.10503,1.10501,3000000,1690000
2019-02-12 15:03:52.262000,1.10502,1.10501,1250000,1120000
2019-02-12 15:03:52.392000,1.10503,1.10501,3940000,1120000
2019-02-12 15:03:52.493000,1.10502,1.105,1000000,2940000
2019-02-12 15:03:53.543000,1.10502,1.105,5440000,1000000
2019-02-12 15:03:55.040000,1.10501,1.105,1000000,1000000
2019-02-12 15:03:56.330000,1.10501,1.10499,1500000,1000000
2019-02-12 15:03:57.320000,1.10501,1.10498,2440000,1690000
2019-02-12 15:03:57.575000,1.105,1.10498,3940000,1500000
2019-02-12 15:03:57.679000,1.10499,1.10497,1500000,3000000
2019-02-12 15:03:57.805000,1.10498,1.10496,6000000,1120000
2019-02-12 15:03:57.908000,1.10496,1.10494,2500000,1000000
2019-02-12 15:03:58.013000,1.10495,1.10493,3250000,1000000
2019-02-12 15:03:58.473000,1.10495,1.10493,2440000,1000000
2019-02-12 15:03:58.575000,1.10495,1.10492,2440000,2060000
2019-02-12 15:03:59.154000,1.10495,1.10492,7000000,1870000
2019-02-12 15:03:59.467000,1.10495,1.10492,6750000,1870000
2019-02-12 15:03:59.722000,1.10494,1.10492,1000000,1870000
2019-02-12 15:04:00.146000,1.10493,1.10491,1000000,2810000
2019-02-12 15:04:01.751000,1.10495,1.10492,4310000,2440000
2019-02-12 15:04:02.327000,1.10495,1.10492,1310000,4910000
2019-02-12 15:04:02.867000,1.10496,1.10493,5440000,1470000
2019-02-12 15:04:03.307000,1.10497,1.10495,1000000,2440000
2019-02-12 15:04:03.358000,1.10498,1.10495,2250000,3620000
2019-02-12 15:04:05.005000,1.10499,1.10496,5060000,1690000
2019-02-12 15:04:05.108000,1.10499,1.10496,6560000,2160000
2019-02-12 15:04:06.480000,1.10499,1.10496,2440000,4530000
2019-02-12 15:04:07.580000,1.10499,1.10496,2440000,4410000
2019-02-12 15:04:09.373000,1.10499,1.10498,1000000,1250000
2019-02-12 15:04:10.672000,1.10499,1.10496,2440000,4780000
2019-02-12 15:04:10.985000,1.10499,1.10496,2440000,4780000
2019-02-12 15:04:12.181000,1.10499,1.10497,3190000,1850000
2019-02-12 15:04:12.907000,1.10499,1.10497,2440000,3470000
2019-02-12 15:04:13.327000,1.10499,1.10497,3560000,1480000
2019-02-12 15:04:14.241000,1.10499,1.10497,4310000,1530000
2019-02-12 15:04:14.635000,1.10499,1.10497,2810000,1000000
2019-02-12 15:04:14.737000,1.10498,1.10497,1000000,1000000
2019-02-12 15:04:14.967000,1.10498,1.10495,1500000,3810000
2019-02-12 15:04:15.523000,1.10497,1.10495,1500000,3910000
2019-02-12 15:04:16.613000,1.10498,1.10495,5250000,3030000
2019-02-12 15:04:17.329000,1.10498,1.10495,5250000,2560000
2019-02-12 15:04:17.533000,1.10498,1.10495,5250000,2660000
2019-02-12 15:04:18.940000,1.10497,1.10495,1500000,1000000
2019-02-12 15:04:18.992000,1.10495,1.10492,3190000,2470000
2019-02-12 15:04:19.250000,1.10494,1.10492,1000000,1720000
2019-02-12 15:04:19.944000,1.10496,1.10493,10310000,1720000
2019-02-12 15:04:21.351000,1.10496,1.10493,6560000,2530000
2019-02-12 15:04:21.454000,1.10497,1.10495,1000000,1000000
2019-02-12 15:04:21.556000,1.10498,1.10494,6000000,5370000
2019-02-12 15:04:21.658000,1.10497,1.10495,1000000,1210000
2019-02-12 15:04:21.953000,1.10497,1.10495,1000000,1610000
2019-02-12 15:04:22.157000,1.10497,1.10495,5440000,1210000
2019-02-12 15:04:22.405000,1.10496,1.10494,1250000,2860000
2019-02-12 15:04:23.020000,1.10496,1.10494,1250000,2710000
2019-02-12 15:04:23.681000,1.10497,1.10496,1250000,1000000
2019-02-12 15:04:23.885000,1.10496,1.10495,1000000,1960000
2019-02-12 15:04:24.328000,1.10497,1.10495,5250000,1250000
2019-02-12 15:04:25.185000,1.10497,1.10495,1500000,1860000
2019-02-12 15:04:25.766000,1.10498,1.10495,1500000,3860000
2019-02-12 15:04:27.110000,1.10498,1.10496,1000000,2300000
2019-02-12 15:04:27.524000,1.10498,1.10496,1000000,5140000
2019-02-12 15:04:27.627000,1.10499,1.10496,1690000,4550000
2019-02-12 15:04:28.845000,1.10502,1.10501,1000000,1870000
2019-02-12 15:04:28.998000,1.10503,1.10501,1500000,2730000
2019-02-12 15:04:29.100000,1.10504,1.10501,2250000,2730000
2019-02-12 15:04:30.446000,1.10504,1.10502,1000000,1860000
2019-02-12 15:04:31.050000,1.10504,1.10502,1000000,2140000
2019-02-12 15:04:32.167000,1.10505,1.10502,3560000,2140000
2019-02-12 15:04:33.454000,1.10502,1.10501,1000000,1210000
2019-02-12 15:04:33.557000,1.10502,1.10501,1000000,1210000
2019-02-12 15:04:34.527000,1.10503,1.105,2250000,2330000
2019-02-12 15:04:34.630000,1.10503,1.105,3870000,2580000
2019-02-12 15:04:34.881000,1.10502,1.105,2810000,1210000
2019-02-12 15:04:34.983000,1.10501,1.105,1250000,1210000
2019-02-12 15:04:35.187000,1.10501,1.10499,1750000,1110000
2019-02-12 15:04:35.289000,1.10501,1.10499,1750000,1110000
2019-02-12 15:04:35.450000,1.10501,1.10498,1870000,3050000
2019-02-12 15:04:36.008000,1.10499,1.10498,1250000,1110000
2019-02-12 15:04:36.126000,1.10499,1.10497,6940000,1000000
2019-02-12 15:04:36.483000,1.10499,1.10496,6940000,2890000
2019-02-12 15:04:37.010000,1.10498,1.10496,3750000,2520000
2019-02-12 15:04:37.282000,1.10498,1.10496,3750000,2670000
2019-02-12 15:04:38.046000,1.10499,1.10496,8060000,2670000
2019-02-12 15:04:38.965000,1.10498,1.10496,3750000,1730000
2019-02-12 15:04:39.067000,1.10498,1.10496,4690000,1120000
2019-02-12 15:04:41.820000,1.10498,1.10495,2440000,2890000
2019-02-12 15:04:41.921000,1.10498,1.10495,3190000,3050000
2019-02-12 15:04:42.023000,1.10498,1.10495,3190000,2890000
2019-02-12 15:04:42.240000,1.10498,1.10495,2440000,3050000
2019-02-12 15:04:42.443000,1.10498,1.10495,2440000,2890000
2019-02-12 15:04:42.545000,1.10498,1.10495,2440000,3050000
2019-02-12 15:04:43.251000,1.10498,1.10495,1000000,4610000
2019-02-12 15:04:43.353000,1.10499,1.10497,1250000,3460000
2019-02-12 15:04:43.455000,1.10499,1.10497,1250000,2480000
2019-02-12 15:04:45.458000,1.10499,1.10497,3190000,1110000
2019-02-12 15:04:46.463000,1.105,1.10497,2620000,5330000
2019-02-12 15:04:46.565000,1.10501,1.10499,1500000,2940000
2019-02-12 15:04:46.617000,1.10502,1.105,1000000,2500000
2019-02-12 15:04:46.770000,1.10504,1.10502,2250000,1250000
2019-02-12 15:04:46.887000,1.10504,1.10501,1690000,4290000
2019-02-12 15:04:48.081000,1.10504,1.10501,1250000,4950000
2019-02-12 15:04:48.183000,1.10504,1.10501,1250000,5040000
2019-02-12 15:04:48.760000,1.10503,1.10501,2250000,2040000
2019-02-12 15:04:48.863000,1.10502,1.10501,1120000,1200000
2019-02-12 15:04:49.243000,1.10503,1.10501,1000000,1200000
2019-02-12 15:04:49.346000,1.10504,1.10501,3940000,1200000
2019-02-12 15:04:49.448000,1.10504,1.10501,3940000,1600000
2019-02-12 15:04:49.603000,1.10504,1.10503,1000000,1000000
2019-02-12 15:04:50.798000,1.10506,1.10505,3370000,1500000
2019-02-12 15:04:50.900000,1.10508,1.10506,1000000,3190000
2019-02-12 15:04:51.002000,1.10508,1.10507,1000000,1000000
2019-02-12 15:04:51.104000,1.10508,1.10506,1000000,2060000
2019-02-12 15:04:51.278000,1.10508,1.10507,1000000,1000000
2019-02-12 15:04:51.533000,1.10507,1.10504,1750000,3500000
2019-02-12 15:04:51.635000,1.10507,1.10504,1750000,2620000
2019-02-12 15:04:52.708000,1.10507,1.10504,4370000,1120000
2019-02-12 15:04:53.585000,1.10505,1.10503,1250000,1870000
2019-02-12 15:04:56.086000,1.10505,1.10504,1250000,1000000
2019-02-12 15:04:57.089000,1.10505,1.10502,1250000,3560000
2019-02-12 15:04:57.742000,1.10503,1.10501,1500000,3940000
2019-02-12 15:04:57.845000,1.10502,1.105,1000000,2810000
2019-02-12 15:04:58.073000,1.10502,1.105,1000000,2870000
2019-02-12 15:04:58.176000,1.10503,1.10501,1000000,2060000
2019-02-12 15:04:58.329000,1.10503,1.105,1250000,4690000
2019-02-12 15:04:59.064000,1.10502,1.105,1000000,3940000
2019-02-12 15:04:59.427000,1.10502,1.105,1000000,4000000
2019-02-12 15:04:59.529000,1.10502,1.105,1000000,3940000
2019-02-12 15:05:00.063000,1.10502,1.105,1000000,3250000
2019-02-12 15:05:00.206000,1.10502,1.105,1000000,3000000
2019-02-12 15:05:00.308000,1.10502,1.105,1500000,1750000
2019-02-12 15:05:01.444000,1.10502,1.105,3940000,1000000
2019-02-12 15:05:02.092000,1.10502,1.105,4500000,1750000
2019-02-12 15:05:02.463000,1.10502,1.105,1500000,2060000
2019-02-12 15:05:02.609000,1.10502,1.105,1500000,2120000
2019-02-12 15:05:03.522000,1.10502,1.105,1500000,2060000
2019-02-12 15:05:03.776000,1.10502,1.105,1500000,2870000
2019-02-12 15:05:03.879000,1.10502,1.105,1000000,2810000
2019-02-12 15:05:03.980000,1.10502,1.105,1000000,3620000
2019-02-12 15:05:04.084000,1.10502,1.105,1000000,3370000
2019-02-12 15:05:04.255000,1.10502,1.10499,4310000,1310000
2019-02-12 15:05:04.357000,1.10502,1.10499,4120000,2120000
2019-02-12 15:05:04.459000,1.10501,1.10499,1000000,1370000
2019-02-12 15:05:04.604000,1.10501,1.10498,1000000,9750000
2019-02-12 15:05:04.706000,1.10502,1.10499,2810000,1310000
2019-02-12 15:05:05.322000,1.10502,1.10499,4500000,2500000
2019-02-12 15:05:05.892000,1.10502,1.10499,4690000,1690000
2019-02-12 15:05:06.148000,1.10502,1.10499,4500000,2500000
2019-02-12 15:05:06.249000,1.10502,1.10499,4690000,1690000
2019-02-12 15:05:06.369000,1.10502,1.10499,4500000,2500000
2019-02-12 15:05:07.023000,1.10502,1.10499,3940000,1250000
2019-02-12 15:05:07.124000,1.10503,1.10499,3750000,1250000
2019-02-12 15:05:08.077000,1.10502,1.10499,1000000,1690000
2019-02-12 15:05:08.398000,1.10502,1.10499,1000000,2500000
2019-02-12 15:05:08.499000,1.10502,1.10499,1250000,1690000
2019-02-12 15:05:08.756000,1.10502,1.10499,1000000,2500000
2019-02-12 15:05:08.877000,1.10502,1.10499,1310000,1310000
2019-02-12 15:05:08.979000,1.10502,1.105,1120000,1250000
2019-02-12 15:05:09.498000,1.10503,1.105,4310000,1810000
2019-02-12 15:05:09.936000,1.10502,1.105,1250000,1000000
2019-02-12 15:05:10.738000,1.10503,1.105,4500000,1620000
2019-02-12 15:05:11.634000,1.10503,1.105,4750000,1620000
2019-02-12 15:05:11.737000,1.10501,1.10499,1690000,1500000
2019-02-12 15:05:11.841000,1.105,1.10498,2440000,1620000
2019-02-12 15:05:12.776000,1.10499,1.10497,1690000,1500000
2019-02-12 15:05:12.879000,1.10498,1.10497,1000000,1120000
2019-02-12 15:05:13.484000,1.10498,1.10496,1250000,1620000
2019-02-12 15:05:14.437000,1.10499,1.10498,1500000,1690000
2019-02-12 15:05:14.489000,1.10501,1.10499,3000000,2560000
2019-02-12 15:05:14.633000,1.10502,1.105,3000000,1370000
2019-02-12 15:05:14.989000,1.10501,1.105,1000000,1250000
2019-02-12 15:05:15.094000,1.10502,1.105,2620000,1750000
2019-02-12 15:05:16.210000,1.10504,1.10502,2250000,1250000
2019-02-12 15:05:16.797000,1.10503,1.10502,1000000,1250000
2019-02-12 15:05:17.597000,1.10504,1.10502,4690000,1000000
2019-02-12 15:05:23.207000,1.10503,1.10501,1500000,1690000
2019-02-12 15:05:24.951000,1.10501,1.105,1000000,2060000
2019-02-12 15:05:25.573000,1.10501,1.105,1000000,1250000
2019-02-12 15:05:25.675000,1.10502,1.105,2250000,1250000
2019-02-12 15:05:25.840000,1.10502,1.105,1500000,1750000
2019-02-12 15:05:27.579000,1.10502,1.10499,3000000,3310000
2019-02-12 15:05:27.681000,1.10502,1.105,2250000,1370000
2019-02-12 15:05:27.834000,1.10502,1.10499,1500000,4870000
2019-02-12 15:05:29.133000,1.10502,1.105,1500000,1370000
2019-02-12 15:05:29.988000,1.10502,1.105,2250000,1310000
2019-02-12 15:05:30.090000,1.10502,1.105,2250000,1370000
2019-02-12 15:05:30.191000,1.10502,1.10499,2250000,4500000
2019-02-12 15:05:30.302000,1.10501,1.10499,1000000,3750000
2019-02-12 15:05:30.405000,1.10501,1.105,1000000,1310000
2019-02-12 15:05:30.507000,1.10501,1.10499,1500000,2250000
2019-02-12 15:05:32.227000,1.10502,1.10499,2250000,4000000
2019-02-12 15:05:32.329000,1.10502,1.10499,2250000,3000000
2019-02-12 15:05:32.504000,1.10501,1.10499,1000000,2250000
2019-02-12 15:05:32.607000,1.10502,1.10499,2250000,3750000
2019-02-12 15:05:32.710000,1.10502,1.105,1500000,1250000
2019-02-12 15:05:32.940000,1.10502,1.105,2250000,1690000
2019-02-12 15:05:33.291000,1.10501,1.10499,1500000,2190000
2019-02-12 15:05:33.394000,1.10502,1.105,3000000,1370000
2019-02-12 15:05:33.496000,1.10502,1.10499,1500000,5250000
2019-02-12 15:05:33.755000,1.10501,1.10499,1000000,4500000
2019-02-12 15:05:33.900000,1.10502,1.105,1500000,1370000
2019-02-12 15:05:34.256000,1.10501,1.10499,1000000,3000000
2019-02-12 15:05:34.633000,1.10501,1.10499,2250000,1750000
2019-02-12 15:05:34.786000,1.10502,1.10499,4120000,2250000
2019-02-12 15:05:34.888000,1.10501,1.10499,2250000,1750000
2019-02-12 15:05:35.139000,1.10502,1.10499,4120000,2250000
2019-02-12 15:05:35.944000,1.10501,1.10498,2250000,6750000
2019-02-12 15:05:36.429000,1.10502,1.10499,4120000,2120000
2019-02-12 15:05:37.089000,1.10501,1.10499,1500000,1120000
2019-02-12 15:05:37.736000,1.10502,1.10499,5620000,2120000
2019-02-12 15:05:37.915000,1.10501,1.10499,1000000,3560000
2019-02-12 15:05:38.017000,1.10502,1.10499,3370000,3620000
2019-02-12 15:05:38.189000,1.10501,1.10499,1000000,2810000
2019-02-12 15:05:39.440000,1.10502,1.10499,2620000,2870000
2019-02-12 15:05:40.017000,1.10501,1.10499,1000000,2060000
2019-02-12 15:05:40.069000,1.10502,1.105,2620000,1250000
2019-02-12 15:05:41.900000,1.10502,1.105,1690000,1000000
2019-02-12 15:05:42.002000,1.10501,1.10499,1000000,2500000
2019-02-12 15:05:42.176000,1.10502,1.10499,1000000,4000000
2019-02-12 15:05:42.396000,1.10501,1.10499,1000000,2500000
2019-02-12 15:05:42.719000,1.10501,1.10499,1500000,1310000
2019-02-12 15:05:42.888000,1.10502,1.105,2620000,1250000
2019-02-12 15:05:43.008000,1.10502,1.105,1870000,1250000
2019-02-12 15:05:43.492000,1.10502,1.10499,3940000,1690000
2019-02-12 15:05:43.543000,1.10502,1.10499,1870000,2500000
2019-02-12 15:05:45.698000,1.10502,1.105,3560000,1000000
2019-02-12 15:05:45.801000,1.10502,1.10499,3370000,2870000
2019-02-12 15:05:46.426000,1.10502,1.10499,4310000,2060000
2019-02-12 15:05:46.477000,1.10502,1.105,3370000,1250000
2019-02-12 15:05:46.587000,1.10502,1.10499,5060000,2060000
2019-02-12 15:05:46.841000,1.10502,1.10499,4120000,2870000
2019-02-12 15:05:46.892000,1.10502,1.10499,4310000,2060000
2019-02-12 15:05:48.451000,1.10502,1.10499,5870000,1870000
2019-02-12 15:05:48.553000,1.10502,1.10499,6500000,2870000
2019-02-12 15:05:48.802000,1.10502,1.10499,6750000,2870000
2019-02-12 15:05:49.679000,1.10501,1.10499,1120000,2120000
2019-02-12 15:05:50.858000,1.10502,1.105,4120000,1250000
2019-02-12 15:05:51.888000,1.10502,1.105,4120000,1250000
2019-02-12 15:05:51.940000,1.10502,1.10499,4120000,1120000
2019-02-12 15:05:52.041000,1.10502,1.10499,4870000,2120000
2019-02-12 15:05:52.412000,1.10502,1.10499,3940000,1310000
2019-02-12 15:05:52.615000,1.10502,1.10499,2620000,2120000
2019-02-12 15:05:53.975000,1.10502,1.10499,2810000,2560000
2019-02-12 15:05:54.453000,1.10502,1.105,2620000,1250000
2019-02-12 15:05:54.555000,1.10502,1.105,2060000,1000000
2019-02-12 15:05:54.790000,1.10502,1.105,2250000,1250000
2019-02-12 15:05:55.879000,1.10502,1.105,1250000,1500000
2019-02-12 15:05:55.981000,1.10502,1.105,1000000,1750000
2019-02-12 15:05:56.868000,1.10502,1.105,1690000,1120000
2019-02-12 15:05:56.970000,1.10502,1.105,1500000,1370000
2019-02-12 15:05:57.122000,1.10502,1.105,1690000,1120000
2019-02-12 15:05:57.268000,1.10502,1.105,1500000,1250000
2019-02-12 15:05:58.115000,1.10502,1.10499,1870000,2620000
2019-02-12 15:05:58.265000,1.10502,1.105,1000000,1000000
2019-02-12 15:06:00.332000,1.10502,1.10499,1500000,3250000
2019-02-12 15:06:01.102000,1.10502,1.10499,1690000,3190000
2019-02-12 15:06:01.224000,1.10502,1.10499,1500000,4000000
2019-02-12 15:06:01.326000,1.10502,1.10499,1500000,4750000
2019-02-12 15:06:03.006000,1.10502,1.105,1250000,1000000
2019-02-12 15:06:03.271000,1.10502,1.105,1000000,1250000
2019-02-12 15:06:03.576000,1.10502,1.105,1250000,1000000
2019-02-12 15:06:03.929000,1.10502,1.105,1000000,1250000
2019-02-12 15:06:04.054000,1.10502,1.105,1250000,1000000
2019-02-12 15:06:04.207000,1.10502,1.105,1000000,1250000
2019-02-12 15:06:04.258000,1.10502,1.10499,1500000,3750000
2019-02-12 15:06:05.474000,1.10501,1.10499,1000000,1500000
2019-02-12 15:06:05.525000,1.105,1.10498,1250000,7120000
2019-02-12 15:06:05.639000,1.10497,1.10495,2440000,1000000
2019-02-12 15:06:05.741000,1.10496,1.10494,1250000,1120000
2019-02-12 15:06:06.260000,1.10496,1.10495,1500000,1000000
2019-02-12 15:06:06.362000,1.10496,1.10494,3190000,1120000
2019-02-12 15:06:06.515000,1.10495,1.10492,1500000,4120000
2019-02-12 15:06:07.590000,1.10494,1.10492,1690000,1620000
2019-02-12 15:06:07.785000,1.10494,1.10492,2060000,1000000
2019-02-12 15:06:07.992000,1.10493,1.1049,1690000,3690000
2019-02-12 15:06:08.154000,1.10492,1.1049,1000000,1310000
2019-02-12 15:06:08.256000,1.10492,1.1049,1000000,1370000
2019-02-12 15:06:08.416000,1.10492,1.1049,1000000,1310000
2019-02-12 15:06:08.517000,1.10492,1.1049,1000000,1370000
2019-02-12 15:06:08.819000,1.10492,1.10489,1000000,4870000
2019-02-12 15:06:08.921000,1.10492,1.1049,1000000,1370000
2019-02-12 15:06:09.074000,1.10492,1.10489,1000000,4870000
2019-02-12 15:06:09.339000,1.10492,1.10489,2060000,2810000
2019-02-12 15:06:09.546000,1.10492,1.10489,3820000,3620000
2019-02-12 15:06:09.676000,1.10492,1.10489,2060000,2810000
2019-02-12 15:06:09.778000,1.10492,1.1049,1310000,1000000
2019-02-12 15:06:10.034000,1.10492,1.1049,1120000,1250000
2019-02-12 15:06:10.308000,1.10492,1.1049,1500000,1250000
2019-02-12 15:06:18.363000,1.10492,1.10491,1000000,1000000
2019-02-12 15:06:18.465000,1.10492,1.1049,1000000,1250000
2019-02-12 15:06:18.617000,1.10493,1.1049,4120000,2500000
2019-02-12 15:06:19.612000,1.10493,1.1049,3500000,3250000
2019-02-12 15:06:19.714000,1.10493,1.1049,5190000,2440000
2019-02-12 15:06:19.944000,1.10493,1.1049,3500000,3250000
2019-02-12 15:06:21.371000,1.10493,1.1049,4440000,2440000
2019-02-12 15:06:21.474000,1.10493,1.1049,4250000,3250000
2019-02-12 15:06:22.223000,1.10493,1.1049,4440000,2440000
2019-02-12 15:06:22.679000,1.10492,1.10491,1000000,1250000
2019-02-12 15:06:30.928000,1.10492,1.10489,2250000,2620000
2019-02-12 15:06:31.064000,1.10489,1.10487,1000000,1500000
2019-02-12 15:06:31.115000,1.10488,1.10486,1690000,1000000
2019-02-12 15:06:31.218000,1.10488,1.10485,2940000,1250000
2019-02-12 15:06:32.136000,1.10487,1.10484,1310000,3560000
2019-02-12 15:06:32.188000,1.10488,1.10485,2000000,1750000
2019-02-12 15:06:32.315000,1.10488,1.10485,1870000,1750000
2019-02-12 15:06:33.198000,1.10487,1.10484,2620000,3370000
2019-02-12 15:06:39.192000,1.10487,1.10484,2060000,2810000
2019-02-12 15:06:42.163000,1.10487,1.10484,1810000,2060000
2019-02-12 15:06:43.263000,1.10486,1.10483,1690000,1310000
2019-02-12 15:06:44.278000,1.10486,1.10483,1500000,2120000
2019-02-12 15:06:46.787000,1.10486,1.10483,1690000,2060000
2019-02-12 15:06:47.096000,1.10486,1.10483,1690000,2940000
2019-02-12 15:06:47.198000,1.10487,1.10484,2060000,2810000
2019-02-12 15:06:48.122000,1.10486,1.10484,1000000,1690000
2019-02-12 15:06:49.512000,1.10487,1.10484,2440000,3940000
2019-02-12 15:06:50.514000,1.10487,1.10484,2560000,2810000
2019-02-12 15:06:54.492000,1.10487,1.10484,2060000,2810000
2019-02-12 15:06:55.237000,1.10486,1.10484,1250000,2620000
2019-02-12 15:06:56.410000,1.10484,1.10483,2440000,1000000
2019-02-12 15:06:56.514000,1.10484,1.10481,1620000,1870000
2019-02-12 15:06:59.691000,1.10484,1.10481,4690000,3940000
2019-02-12 15:06:59.793000,1.10484,1.10482,1250000,1500000
2019-02-12 15:06:59.895000,1.10484,1.10481,1250000,2060000
2019-02-12 15:07:00.165000,1.10485,1.10483,1250000,1500000
2019-02-12 15:07:00.267000,1.10484,1.10482,1250000,1500000
2019-02-12 15:07:00.370000,1.10484,1.10481,2060000,2060000
2019-02-12 15:07:00.547000,1.10484,1.10481,2120000,1870000
2019-02-12 15:07:00.650000,1.10483,1.10481,1250000,1120000
2019-02-12 15:07:00.803000,1.10483,1.10481,1000000,1310000
2019-02-12 15:07:01.539000,1.10483,1.1048,4000000,2370000
2019-02-12 15:07:01.641000,1.10484,1.10481,2870000,1870000
2019-02-12 15:07:03.090000,1.10484,1.10481,2440000,2060000
2019-02-12 15:07:03.296000,1.10484,1.10481,4000000,2620000
2019-02-12 15:07:03.516000,1.10484,1.10481,1690000,2810000
2019-02-12 15:07:04.796000,1.10484,1.10481,2500000,2620000
2019-02-12 15:07:05.887000,1.10482,1.1048,1000000,2620000
2019-02-12 15:07:05.989000,1.10483,1.10481,3000000,1310000
2019-02-12 15:07:08.702000,1.10484,1.10481,4500000,1310000
2019-02-12 15:07:09.722000,1.10484,1.10481,3870000,1310000
2019-02-12 15:07:10.121000,1.10481,1.1048,1690000,1000000
2019-02-12 15:07:10.223000,1.10478,1.10476,1000000,4310000
2019-02-12 15:07:10.326000,1.10477,1.10475,1500000,2060000
2019-02-12 15:07:11.434000,1.10476,1.10473,2060000,5190000
2019-02-12 15:07:13.435000,1.10477,1.10474,2810000,1310000
2019-02-12 15:07:13.563000,1.10477,1.10475,2810000,1000000
2019-02-12 15:07:13.767000,1.10475,1.10473,1000000,2440000
2019-02-12 15:07:13.869000,1.10475,1.10474,1310000,1000000
2019-02-12 15:07:13.999000,1.10475,1.10473,2060000,1000000
2019-02-12 15:07:14.707000,1.10475,1.10473,2560000,1000000
2019-02-12 15:07:15.085000,1.10474,1.10472,1310000,2620000
2019-02-12 15:07:16.748000,1.10475,1.10472,3190000,1310000
2019-02-12 15:07:17.216000,1.10474,1.10472,1250000,1120000
2019-02-12 15:07:17.319000,1.10478,1.10476,1250000,3870000
2019-02-12 15:07:17.456000,1.10478,1.10476,1250000,2620000
2019-02-12 15:07:18.019000,1.10477,1.10475,1000000,5060000
2019-02-12 15:07:18.160000,1.10478,1.10475,1690000,5060000
2019-02-12 15:07:18.263000,1.10479,1.10476,3560000,1250000
2019-02-12 15:07:18.966000,1.10479,1.10476,3690000,1250000
2019-02-12 15:07:19.275000,1.10476,1.10474,1000000,5060000
2019-02-12 15:07:20.201000,1.10477,1.10476,1500000,1250000
2019-02-12 15:07:20.395000,1.10479,1.10476,4690000,1690000
2019-02-12 15:07:20.497000,1.10479,1.10477,2440000,1000000
2019-02-12 15:07:22.295000,1.1048,1.10477,2620000,5500000
2019-02-12 15:07:23.230000,1.10481,1.10478,6560000,2810000
2019-02-12 15:07:24.369000,1.10481,1.10479,1870000,1250000
2019-02-12 15:07:24.471000,1.10481,1.1048,1120000,1000000
2019-02-12 15:07:24.642000,1.10481,1.10479,3560000,1120000
2019-02-12 15:07:24.745000,1.10481,1.10478,4060000,4060000
2019-02-12 15:07:25.671000,1.10481,1.10479,2060000,1120000
2019-02-12 15:07:27.158000,1.10481,1.10479,4500000,1120000
2019-02-12 15:07:27.845000,1.10479,1.10478,1250000,1120000
2019-02-12 15:07:30.798000,1.1048,1.10479,1500000,1310000
2019-02-12 15:07:30.900000,1.10481,1.10479,1000000,1310000
2019-02-12 15:07:33.709000,1.10481,1.1048,1120000,2250000
2019-02-12 15:07:33.811000,1.1048,1.10479,1250000,3370000
2019-02-12 15:07:34.412000,1.10481,1.10479,2440000,4120000
2019-02-12 15:07:36.017000,1.10481,1.1048,1250000,1000000
2019-02-12 15:07:38.447000,1.10481,1.10479,2440000,3370000
2019-02-12 15:07:42.084000,1.10479,1.10477,2440000,1870000
2019-02-12 15:07:42.186000,1.10479,1.10476,6310000,1250000
2019-02-12 15:07:42.288000,1.10478,1.10475,2370000,2120000
2019-02-12 15:07:42.390000,1.10478,1.10475,3190000,4310000
2019-02-12 15:07:42.653000,1.10478,1.10476,1000000,2250000
2019-02-12 15:07:43.157000,1.10479,1.10476,2620000,3370000
2019-02-12 15:07:43.416000,1.10478,1.10476,1000000,1870000
2019-02-12 15:07:43.518000,1.10479,1.10476,2250000,2620000
2019-02-12 15:07:44.142000,1.10478,1.10476,1000000,1120000
2019-02-12 15:07:44.264000,1.10479,1.10476,2250000,1870000
2019-02-12 15:07:44.520000,1.10478,1.10476,1000000,2060000
2019-02-12 15:07:44.674000,1.10479,1.10476,1500000,1310000
2019-02-12 15:07:44.940000,1.10479,1.10477,1500000,1690000
2019-02-12 15:07:45.793000,1.1048,1.10477,3940000,2440000
2019-02-12 15:07:46.545000,1.1048,1.10477,3190000,3310000
2019-02-12 15:07:54.188000,1.1048,1.10477,3310000,4810000
2019-02-12 15:07:56.470000,1.1048,1.10478,2440000,1120000
2019-02-12 15:07:58.824000,1.10479,1.10478,1690000,1120000
2019-02-12 15:07:59.028000,1.10478,1.10477,1000000,1000000
2019-02-12 15:07:59.130000,1.10478,1.10476,2250000,1690000
2019-02-12 15:08:00.252000,1.10478,1.10476,2300000,1690000
2019-02-12 15:08:00.357000,1.10478,1.10476,2290000,1250000
2019-02-12 15:08:02.134000,1.10478,1.10475,2300000,2120000
2019-02-12 15:08:02.936000,1.10478,1.10475,4540000,2870000
2019-02-12 15:08:03.038000,1.10478,1.10475,4550000,2870000
2019-02-12 15:08:03.140000,1.10478,1.10475,4540000,3620000
2019-02-12 15:08:03.272000,1.10478,1.10475,4550000,3620000
2019-02-12 15:08:03.425000,1.10478,1.10475,4540000,3620000
2019-02-12 15:08:04.279000,1.10477,1.10475,1000000,4370000
2019-02-12 15:08:11.048000,1.10477,1.10475,2290000,1250000
2019-02-12 15:08:11.174000,1.10477,1.10474,2300000,2870000
2019-02-12 15:08:11.907000,1.10476,1.10473,3600000,7310000
2019-02-12 15:08:12.010000,1.10476,1.10473,3990000,1690000
2019-02-12 15:08:12.970000,1.10476,1.10474,2170000,1690000
2019-02-12 15:08:13.175000,1.10476,1.10474,1050000,2060000
2019-02-12 15:08:13.538000,1.10476,1.10474,1050000,2060000
2019-02-12 15:08:13.843000,1.10476,1.10474,1540000,4310000
2019-02-12 15:08:14.283000,1.10477,1.10475,2860000,1000000
2019-02-12 15:08:14.385000,1.10479,1.10477,3300000,1000000
2019-02-12 15:08:14.527000,1.10479,1.10477,1720000,2250000
2019-02-12 15:08:15.085000,1.1048,1.10478,2160000,1000000
2019-02-12 15:08:15.487000,1.10479,1.10477,2440000,1000000
2019-02-12 15:08:15.589000,1.10479,1.10477,2490000,1000000
2019-02-12 15:08:15.971000,1.10479,1.10477,2440000,1000000
2019-02-12 15:08:19.103000,1.1048,1.10478,5470000,1500000
2019-02-12 15:08:19.205000,1.1048,1.10477,4740000,2440000
2019-02-12 15:08:19.308000,1.1048,1.10477,4720000,3190000
2019-02-12 15:08:23.468000,1.10481,1.10479,2860000,1000000
2019-02-12 15:08:23.572000,1.10481,1.10479,2100000,1500000
2019-02-12 15:08:23.814000,1.10481,1.1048,1540000,1250000
2019-02-12 15:08:23.917000,1.10481,1.10479,1540000,2810000
2019-02-12 15:08:24.019000,1.10482,1.10481,1050000,2620000
2019-02-12 15:08:24.070000,1.10483,1.10482,1050000,1500000
2019-02-12 15:08:24.184000,1.10484,1.10481,1910000,3750000
2019-02-12 15:08:24.289000,1.10484,1.10481,1550000,3750000
2019-02-12 15:08:24.948000,1.10483,1.10482,1050000,1000000
2019-02-12 15:08:25.050000,1.10485,1.10483,1540000,1250000
2019-02-12 15:08:25.152000,1.10485,1.10483,1550000,1250000
2019-02-12 15:08:26.316000,1.10485,1.10483,1540000,1000000
2019-02-12 15:08:26.517000,1.10485,1.10483,1550000,1000000
2019-02-12 15:08:26.625000,1.10485,1.10483,1540000,1000000
2019-02-12 15:08:26.871000,1.10485,1.10483,1550000,1000000
2019-02-12 15:08:27.481000,1.10484,1.10482,1050000,2620000
2019-02-12 15:08:29.040000,1.10485,1.10483,1550000,1000000
2019-02-12 15:08:29.465000,1.10484,1.10482,1050000,2620000
2019-02-12 15:08:30.280000,1.10485,1.10483,2110000,1000000
2019-02-12 15:08:31.628000,1.10485,1.10482,1740000,1870000
2019-02-12 15:08:31.855000,1.10484,1.10481,1350000,1870000
2019-02-12 15:08:32.111000,1.10484,1.10482,1050000,1500000
2019-02-12 15:08:33.522000,1.10484,1.10482,1050000,3120000
2019-02-12 15:08:34.250000,1.10483,1.10481,1000000,3750000
2019-02-12 15:08:34.353000,1.10484,1.10482,2620000,1000000
2019-02-12 15:08:41.934000,1.10485,1.10483,1550000,1000000
2019-02-12 15:08:42.051000,1.10486,1.10483,3050000,2560000
2019-02-12 15:08:42.153000,1.10486,1.10483,3050000,2560000
2019-02-12 15:08:46.212000,1.10486,1.10484,3040000,1120000
2019-02-12 15:08:47.390000,1.10486,1.10484,3050000,1120000
2019-02-12 15:08:47.491000,1.10486,1.10484,3040000,1120000
2019-02-12 15:08:49.565000,1.10486,1.10484,3050000,1120000
2019-02-12 15:08:52.434000,1.10486,1.10484,1540000,1870000
2019-02-12 15:08:52.572000,1.10486,1.10484,1500000,3120000
2019-02-12 15:08:53.102000,1.10486,1.10484,1550000,2250000
2019-02-12 15:08:54.647000,1.10486,1.10485,1500000,2620000
2019-02-12 15:08:54.789000,1.10484,1.10482,2690000,7870000
2019-02-12 15:08:54.840000,1.10482,1.1048,1000000,2060000
2019-02-12 15:08:54.942000,1.10482,1.1048,1500000,6620000
2019-02-12 15:08:55.044000,1.10481,1.1048,1050000,1000000
2019-02-12 15:08:55.256000,1.1048,1.10479,1050000,1000000
2019-02-12 15:08:55.358000,1.10481,1.1048,1540000,1000000
2019-02-12 15:08:55.510000,1.10481,1.10479,1540000,1120000
2019-02-12 15:08:55.612000,1.10481,1.10479,1550000,1120000
2019-02-12 15:08:56.255000,1.10481,1.1048,1500000,1000000
2019-02-12 15:08:56.449000,1.10481,1.10479,1250000,1120000
2019-02-12 15:08:56.554000,1.10481,1.10479,1300000,1120000
2019-02-12 15:08:57.369000,1.10481,1.10478,4050000,1500000
2019-02-12 15:08:58.790000,1.1048,1.10478,1800000,1500000
2019-02-12 15:08:59.080000,1.1048,1.10478,1720000,1000000
2019-02-12 15:08:59.282000,1.1048,1.10478,1740000,1000000
2019-02-12 15:08:59.902000,1.1048,1.10478,1300000,1000000
2019-02-12 15:09:03.140000,1.1048,1.10478,1740000,1500000
2019-02-12 15:09:03.514000,1.1048,1.10478,1720000,1500000
2019-02-12 15:09:03.616000,1.1048,1.10478,1740000,1500000
2019-02-12 15:09:03.934000,1.1048,1.10478,1720000,1500000
2019-02-12 15:09:04.686000,1.1048,1.10478,1740000,1500000
2019-02-12 15:09:05.077000,1.1048,1.10478,1690000,1500000
2019-02-12 15:09:05.179000,1.1048,1.10478,1740000,1500000
2019-02-12 15:09:05.764000,1.1048,1.10479,1690000,1000000
2019-02-12 15:09:06.669000,1.1048,1.10478,1720000,1500000
2019-02-12 15:09:07.486000,1.1048,1.10478,3660000,1000000
2019-02-12 15:09:07.881000,1.10477,1.10475,1500000,3940000
2019-02-12 15:09:08.237000,1.10476,1.10474,1720000,1120000
2019-02-12 15:09:08.340000,1.10476,1.10474,3240000,1120000
2019-02-12 15:09:08.894000,1.10476,1.10474,5470000,1000000
2019-02-12 15:09:08.997000,1.10476,1.10473,4720000,1310000
2019-02-12 15:09:09.109000,1.10476,1.10473,4740000,1310000
2019-02-12 15:09:09.212000,1.10475,1.10473,1350000,1120000
2019-02-12 15:09:09.468000,1.10475,1.10472,2860000,2560000
2019-02-12 15:09:09.641000,1.10474,1.10472,1740000,1120000
2019-02-12 15:09:10.087000,1.10474,1.10472,2490000,1120000
2019-02-12 15:09:15.984000,1.10474,1.10472,5440000,1870000
2019-02-12 15:09:16.159000,1.10474,1.10473,1050000,1000000
2019-02-12 15:09:17.198000,1.10475,1.10473,1350000,1500000
2019-02-12 15:09:17.445000,1.10475,1.10473,1360000,1500000
2019-02-12 15:09:21.860000,1.10475,1.10472,1360000,5620000
2019-02-12 15:09:22.035000,1.10475,1.10472,2470000,4120000
2019-02-12 15:09:23.380000,1.10475,1.10472,1550000,2060000
2019-02-12 15:09:27.544000,1.10475,1.10472,1300000,1870000
2019-02-12 15:09:27.646000,1.10475,1.10472,1300000,1870000
2019-02-12 15:09:28.635000,1.10475,1.10472,1300000,1870000
2019-02-12 15:09:28.962000,1.10475,1.10472,1300000,2620000
2019-02-12 15:09:30.029000,1.10475,1.10473,1300000,1500000
2019-02-12 15:09:30.193000,1.10476,1.10473,4120000,1000000
2019-02-12 15:09:30.546000,1.10475,1.10472,1050000,5440000
2019-02-12 15:09:30.754000,1.10475,1.10472,1050000,4690000
2019-02-12 15:09:30.856000,1.10475,1.10473,1050000,1000000
2019-02-12 15:09:30.988000,1.10475,1.10473,1540000,1000000
2019-02-12 15:09:31.449000,1.10475,1.10473,1050000,1000000
2019-02-12 15:09:31.980000,1.10475,1.10473,1050000,1000000
2019-02-12 15:09:32.492000,1.10475,1.10472,1000000,4690000
2019-02-12 15:09:32.594000,1.10475,1.10473,1000000,1000000
2019-02-12 15:09:33.188000,1.10475,1.10472,1050000,4310000
2019-02-12 15:09:33.289000,1.10475,1.10473,1050000,1000000
2019-02-12 15:09:33.651000,1.10475,1.10473,1050000,1500000
2019-02-12 15:09:33.800000,1.10475,1.10473,1050000,1500000
2019-02-12 15:09:36.371000,1.10474,1.10472,1250000,4120000
2019-02-12 15:09:37.031000,1.10475,1.10473,1540000,1000000
2019-02-12 15:09:38.826000,1.10475,1.10472,2290000,6560000
2019-02-12 15:09:39.030000,1.10475,1.10472,1550000,5060000
2019-02-12 15:09:39.133000,1.10475,1.10472,1050000,5060000
2019-02-12 15:09:39.729000,1.10475,1.10472,1050000,5060000
2019-02-12 15:09:40.006000,1.10475,1.10472,1050000,4310000
2019-02-12 15:09:40.149000,1.10475,1.10472,1050000,2810000
2019-02-12 15:09:43.893000,1.10475,1.10472,1920000,2810000
2019-02-12 15:09:43.995000,1.10475,1.10472,2680000,2060000
2019-02-12 15:09:44.200000,1.10475,1.10473,3050000,1000000
2019-02-12 15:09:44.848000,1.10475,1.10472,3050000,2060000
2019-02-12 15:09:45.139000,1.10475,1.10473,2680000,1000000
2019-02-12 15:09:45.809000,1.10475,1.10472,1930000,2060000
2019-02-12 15:09:45.959000,1.10475,1.10472,1920000,2060000
2019-02-12 15:09:46.112000,1.10475,1.10473,3040000,1000000
2019-02-12 15:09:46.214000,1.10475,1.10473,3240000,1000000
2019-02-12 15:09:46.425000,1.10475,1.10472,3240000,1870000
2019-02-12 15:09:46.834000,1.10475,1.10473,3240000,1000000
2019-02-12 15:09:52.511000,1.10476,1.10475,1050000,1250000
2019-02-12 15:09:52.614000,1.10477,1.10476,1000000,2810000
2019-02-12 15:09:52.730000,1.10479,1.10477,1540000,4440000
2019-02-12 15:09:53.665000,1.10479,1.10477,1550000,2810000
2019-02-12 15:09:53.856000,1.10479,1.10478,1050000,1310000
2019-02-12 15:09:54.524000,1.10479,1.10476,1730000,4810000
2019-02-12 15:09:54.627000,1.10479,1.10476,1740000,3310000
2019-02-12 15:09:54.729000,1.10479,1.10476,1740000,2440000
2019-02-12 15:09:56.425000,1.10479,1.10477,1740000,1500000
2019-02-12 15:09:56.528000,1.10479,1.10477,1730000,2250000
2019-02-12 15:09:56.731000,1.10479,1.10478,1250000,1120000
2019-02-12 15:09:56.833000,1.10479,1.10477,1250000,1870000
2019-02-12 15:09:57.180000,1.1048,1.10478,1300000,1120000
2019-02-12 15:09:57.333000,1.1048,1.10478,1000000,1310000
2019-02-12 15:09:57.695000,1.1048,1.10479,1300000,1000000
2019-02-12 15:10:01.511000,1.10481,1.10479,1540000,2440000
2019-02-12 15:10:01.613000,1.10481,1.10479,1550000,1690000
2019-02-12 15:10:02.864000,1.10481,1.10479,1540000,1250000
2019-02-12 15:10:03.002000,1.10482,1.1048,2300000,1000000
2019-02-12 15:10:03.053000,1.10482,1.1048,1050000,4060000
2019-02-12 15:10:04.117000,1.10484,1.10483,1170000,2810000
2019-02-12 15:10:04.219000,1.10486,1.10483,1550000,3190000
2019-02-12 15:10:04.340000,1.10486,1.10483,1550000,3190000
2019-02-12 15:10:04.761000,1.10486,1.10484,1550000,1000000
2019-02-12 15:10:05.498000,1.10486,1.10483,1740000,3190000
2019-02-12 15:10:06.016000,1.10486,1.10484,1740000,1000000
2019-02-12 15:10:06.221000,1.10486,1.10483,1740000,3190000
2019-02-12 15:10:06.369000,1.10486,1.10484,1740000,1000000
2019-02-12 15:10:06.471000,1.10486,1.10483,1300000,3190000
2019-02-12 15:10:07.263000,1.10486,1.10485,1300000,1000000
2019-02-12 15:10:07.366000,1.10487,1.10485,1050000,1750000
2019-02-12 15:10:07.782000,1.10487,1.10485,1740000,1500000
2019-02-12 15:10:07.884000,1.10487,1.10485,1730000,1500000
2019-02-12 15:10:08.088000,1.10487,1.10485,1740000,1500000
2019-02-12 15:10:08.973000,1.10487,1.10485,1050000,1690000
2019-02-12 15:10:09.987000,1.10487,1.10484,1740000,2940000
2019-02-12 15:10:10.685000,1.10487,1.10485,1050000,1370000
2019-02-12 15:10:10.788000,1.10487,1.10485,1050000,1750000
2019-02-12 15:10:12.059000,1.10487,1.10485,1300000,1000000
2019-02-12 15:10:12.226000,1.10487,1.10485,1300000,1120000
2019-02-12 15:10:13.823000,1.10487,1.10485,1730000,1500000
2019-02-12 15:10:14.208000,1.10487,1.10485,1740000,1120000
2019-02-12 15:10:17.257000,1.10487,1.10485,1730000,2250000
2019-02-12 15:10:17.445000,1.10488,1.10485,3050000,1370000
2019-02-12 15:10:22.401000,1.10488,1.10485,2620000,1250000
2019-02-12 15:10:22.692000,1.10488,1.10485,3940000,1690000
2019-02-12 15:10:22.794000,1.10487,1.10485,1000000,1690000
2019-02-12 15:10:22.896000,1.10487,1.10485,1000000,1750000
2019-02-12 15:10:25.279000,1.10487,1.10485,1000000,1250000
2019-02-12 15:10:25.331000,1.10486,1.10483,1690000,4310000
2019-02-12 15:10:25.435000,1.10484,1.10481,2810000,2560000
2019-02-12 15:10:25.537000,1.10484,1.10481,4060000,2560000
2019-02-12 15:10:25.648000,1.10483,1.10481,1870000,1690000
2019-02-12 15:10:25.750000,1.10481,1.10479,1310000,2620000
2019-02-12 15:10:27.654000,1.10481,1.10479,3620000,1120000
2019-02-12 15:10:28.682000,1.10479,1.10478,1000000,1500000
2019-02-12 15:10:28.828000,1.1048,1.10479,3190000,1000000
2019-02-12 15:10:29.612000,1.10481,1.10479,2060000,1000000
2019-02-12 15:10:30.031000,1.10481,1.1048,1500000,1500000
2019-02-12 15:10:30.365000,1.10481,1.10479,1500000,2060000
2019-02-12 15:10:30.973000,1.10481,1.10479,2500000,1120000
2019-02-12 15:10:33.203000,1.10481,1.10479,1120000,1870000
2019-02-12 15:10:34.884000,1.10481,1.1048,1000000,1500000
2019-02-12 15:10:35.037000,1.10482,1.10479,3000000,1120000
2019-02-12 15:10:35.275000,1.10482,1.1048,2250000,1500000
2019-02-12 15:10:35.479000,1.10482,1.10481,1870000,1000000
2019-02-12 15:10:35.530000,1.10482,1.10479,1870000,2810000
2019-02-12 15:10:35.582000,1.10482,1.10481,1870000,1120000
2019-02-12 15:10:35.795000,1.10484,1.10482,3870000,1690000
2019-02-12 15:10:35.897000,1.10484,1.10482,1870000,2060000
2019-02-12 15:10:36.204000,1.10485,1.10482,3750000,2870000
2019-02-12 15:10:36.544000,1.10485,1.10484,1000000,1000000
2019-02-12 15:10:37.106000,1.10485,1.10483,1000000,1310000
2019-02-12 15:10:37.207000,1.10486,1.10483,3190000,1310000
2019-02-12 15:10:44.104000,1.10487,1.10483,5440000,1870000
2019-02-12 15:10:44.735000,1.10487,1.10484,5440000,1500000
2019-02-12 15:10:45.154000,1.10487,1.10484,5190000,1250000
2019-02-12 15:10:45.732000,1.10486,1.10483,2060000,2060000
2019-02-12 15:10:54.921000,1.10485,1.10483,1690000,1120000
2019-02-12 15:10:55.404000,1.10485,1.10482,2250000,4120000
2019-02-12 15:10:56.134000,1.10485,1.10482,1000000,4370000
2019-02-12 15:11:01.393000,1.10486,1.10484,1000000,1250000
2019-02-12 15:11:01.569000,1.10485,1.10483,1000000,1870000
2019-02-12 15:11:02.135000,1.10486,1.10482,3750000,5560000
2019-02-12 15:11:02.498000,1.10485,1.10483,1000000,1120000
2019-02-12 15:11:02.601000,1.10486,1.10483,3000000,1120000
2019-02-12 15:11:02.788000,1.10486,1.10483,3120000,1120000
2019-02-12 15:11:04.691000,1.10485,1.10482,2810000,5440000
2019-02-12 15:11:04.844000,1.10483,1.10482,1000000,1120000
2019-02-12 15:11:04.946000,1.10483,1.1048,1500000,4120000
2019-02-12 15:11:05.572000,1.10482,1.1048,1000000,1250000
2019-02-12 15:11:07.048000,1.10482,1.10479,1870000,1500000
2019-02-12 15:11:07.326000,1.10481,1.10479,1000000,1500000
2019-02-12 15:11:09.090000,1.1048,1.10478,1000000,1310000
2019-02-12 15:11:13.434000,1.10481,1.10478,3560000,2440000
2019-02-12 15:11:15.316000,1.10481,1.10478,3310000,1690000
2019-02-12 15:11:20.827000,1.1048,1.10477,4310000,2440000
2019-02-12 15:11:20.929000,1.10479,1.10477,4310000,1000000
2019-02-12 15:11:24.648000,1.10479,1.10478,1120000,1000000
2019-02-12 15:11:25.065000,1.1048,1.10478,7690000,1000000
2019-02-12 15:11:29.311000,1.10481,1.10479,2250000,1250000
2019-02-12 15:11:29.566000,1.10482,1.1048,1000000,4370000
2019-02-12 15:11:29.668000,1.10483,1.1048,3000000,4370000
2019-02-12 15:11:30.790000,1.10483,1.10481,1000000,3370000
2019-02-12 15:11:30.842000,1.10485,1.10482,1310000,4310000
2019-02-12 15:11:30.944000,1.10485,1.10483,1310000,1000000
2019-02-12 15:11:31.209000,1.10486,1.10483,2810000,2810000
2019-02-12 15:11:31.860000,1.10486,1.10484,2810000,1000000
2019-02-12 15:11:31.962000,1.10486,1.10483,2810000,4310000
2019-02-12 15:11:32.115000,1.10486,1.10484,2060000,2250000
2019-02-12 15:11:32.265000,1.10486,1.10485,1120000,1000000
2019-02-12 15:11:32.368000,1.10487,1.10485,1500000,2500000
2019-02-12 15:11:32.575000,1.10488,1.10486,1000000,3370000
2019-02-12 15:11:33.057000,1.10487,1.10485,1310000,2250000
2019-02-12 15:11:34.145000,1.10487,1.10485,3250000,1000000
2019-02-12 15:11:34.291000,1.10487,1.10484,4000000,1120000
2019-02-12 15:11:35.509000,1.10487,1.10483,4500000,4310000
2019-02-12 15:11:35.662000,1.10484,1.10483,1250000,2250000
2019-02-12 15:11:35.764000,1.10484,1.10482,4370000,1000000
2019-02-12 15:11:36.225000,1.10484,1.10482,4310000,1000000
2019-02-12 15:11:36.432000,1.10485,1.10483,3310000,1000000
2019-02-12 15:11:36.534000,1.10486,1.10484,4500000,1000000
2019-02-12 15:11:37.343000,1.10486,1.10483,2940000,1690000
2019-02-12 15:11:37.445000,1.10486,1.10483,2440000,2060000
2019-02-12 15:11:38.486000,1.10486,1.10483,2250000,2120000
2019-02-12 15:11:39.170000,1.10487,1.10486,1000000,1250000
2019-02-12 15:11:39.287000,1.10488,1.10487,2250000,1000000
2019-02-12 15:11:39.391000,1.1049,1.10487,5620000,1750000
2019-02-12 15:11:39.595000,1.10489,1.10487,1120000,1750000
2019-02-12 15:11:41.207000,1.10491,1.10489,8060000,1000000
2019-02-12 15:11:41.310000,1.10492,1.1049,1500000,3940000
2019-02-12 15:11:41.412000,1.10493,1.10491,1000000,1250000
2019-02-12 15:11:41.588000,1.10493,1.1049,1000000,6620000
2019-02-12 15:11:42.873000,1.10493,1.10492,1000000,1000000
2019-02-12 15:11:42.975000,1.10493,1.10491,1000000,1250000
2019-02-12 15:11:43.603000,1.10493,1.10492,1000000,1000000
2019-02-12 15:11:45.501000,1.10494,1.10492,2440000,1000000
2019-02-12 15:11:47.825000,1.10494,1.10492,4060000,1000000
2019-02-12 15:11:48.218000,1.10494,1.10492,2810000,1000000
2019-02-12 15:11:49.894000,1.10494,1.10492,1000000,3690000
2019-02-12 15:11:50.929000,1.10494,1.10492,1250000,1120000
2019-02-12 15:11:51.210000,1.10495,1.10494,1500000,1000000
2019-02-12 15:11:51.312000,1.10497,1.10495,1000000,3370000
2019-02-12 15:11:51.414000,1.10499,1.10496,1690000,1310000
2019-02-12 15:11:54.318000,1.10499,1.10497,1250000,1000000
2019-02-12 15:11:59.768000,1.105,1.10498,2060000,1000000
2019-02-12 15:11:59.820000,1.10503,1.10501,2620000,1600000
2019-02-12 15:11:59.922000,1.10505,1.10503,1000000,1120000
2019-02-12 15:12:00.024000,1.10506,1.10504,3000000,1000000
2019-02-12 15:12:00.178000,1.10505,1.10504,1000000,1000000
2019-02-12 15:12:00.494000,1.10506,1.10504,2810000,1000000
2019-02-12 15:12:01.207000,1.10502,1.105,1000000,4870000
2019-02-12 15:12:01.342000,1.10503,1.105,3000000,1370000
2019-02-12 15:12:02.229000,1.10503,1.105,2440000,2060000
2019-02-12 15:12:02.562000,1.10504,1.10502,1500000,1690000
2019-02-12 15:12:02.934000,1.10505,1.10502,3560000,1690000
2019-02-12 15:12:03.570000,1.10504,1.10502,1750000,1000000
2019-02-12 15:12:03.673000,1.10504,1.10501,1250000,1500000
2019-02-12 15:12:03.815000,1.10505,1.10501,5620000,1690000
2019-02-12 15:12:11.250000,1.10503,1.10501,1000000,2440000
2019-02-12 15:12:12.343000,1.10503,1.10499,3620000,4690000
2019-02-12 15:12:17.532000,1.10501,1.10499,1000000,2060000
2019-02-12 15:12:18.156000,1.105,1.10498,1250000,1870000
2019-02-12 15:12:18.513000,1.105,1.10498,2500000,1000000
2019-02-12 15:12:21.662000,1.105,1.10497,4000000,2250000
2019-02-12 15:12:22.533000,1.105,1.10498,3620000,1000000
2019-02-12 15:12:23.758000,1.105,1.10498,3190000,1500000
2019-02-12 15:12:23.961000,1.105,1.10499,3190000,1500000
2019-02-12 15:12:26.152000,1.105,1.10498,2440000,1000000
2019-02-12 15:12:26.509000,1.105,1.10499,2440000,1000000
2019-02-12 15:12:26.786000,1.105,1.10497,2440000,4060000
2019-02-12 15:12:26.989000,1.105,1.10497,2440000,2940000
2019-02-12 15:12:27.091000,1.105,1.10497,2500000,2250000
2019-02-12 15:12:27.366000,1.10498,1.10496,1000000,1310000
2019-02-12 15:12:27.419000,1.10495,1.10493,1000000,2810000
2019-02-12 15:12:27.905000,1.10495,1.10492,2440000,1690000
2019-02-12 15:12:28.007000,1.10494,1.10491,2440000,3190000
2019-02-12 15:12:30.380000,1.10493,1.10491,1000000,1310000
2019-02-12 15:12:31.923000,1.10493,1.1049,1310000,3190000
2019-02-12 15:12:32.070000,1.10493,1.10491,2620000,1250000
2019-02-12 15:12:32.274000,1.10493,1.10491,4440000,1000000
2019-02-12 15:12:32.376000,1.10493,1.10491,3000000,1250000
2019-02-12 15:12:33.641000,1.10492,1.10491,1000000,1000000
2019-02-12 15:12:34.120000,1.10492,1.1049,4810000,3370000
2019-02-12 15:12:34.223000,1.10489,1.10486,1870000,4370000
2019-02-12 15:12:34.384000,1.10489,1.10486,1500000,3190000
2019-02-12 15:12:34.638000,1.10488,1.10486,1000000,1690000
2019-02-12 15:12:36.891000,1.10487,1.10485,2620000,1000000
2019-02-12 15:12:37.273000,1.10488,1.10486,2000000,1000000
2019-02-12 15:12:37.376000,1.10488,1.10486,1000000,1000000
2019-02-12 15:12:37.957000,1.10487,1.10485,2440000,1000000
2019-02-12 15:12:38.153000,1.10487,1.10484,1500000,3190000
2019-02-12 15:12:41.142000,1.10487,1.10485,1000000,1000000
2019-02-12 15:12:42.693000,1.10487,1.10484,1690000,3000000
2019-02-12 15:12:43.584000,1.10486,1.10484,1690000,1120000
2019-02-12 15:12:45.815000,1.10483,1.10482,1000000,2060000
2019-02-12 15:12:45.928000,1.10483,1.1048,1500000,2500000
2019-02-12 15:12:46.030000,1.10482,1.1048,1000000,1750000
2019-02-12 15:12:46.132000,1.10482,1.1048,1000000,2440000
2019-02-12 15:12:46.636000,1.10483,1.1048,2620000,1690000
2019-02-12 15:12:46.779000,1.10483,1.10481,2250000,1000000
2019-02-12 15:12:48.343000,1.10483,1.1048,2250000,2060000
2019-02-12 15:12:49.042000,1.10483,1.1048,4810000,2060000
2019-02-12 15:12:49.145000,1.10483,1.1048,3000000,2120000
2019-02-12 15:12:50.133000,1.10482,1.10481,1000000,1250000
2019-02-12 15:12:52.221000,1.10484,1.10483,1000000,1500000
2019-02-12 15:12:52.323000,1.10485,1.10483,3940000,1500000
2019-02-12 15:12:57.316000,1.10491,1.1049,1000000,1250000
2019-02-12 15:12:57.367000,1.10493,1.10491,1690000,2240000
2019-02-12 15:12:57.469000,1.10493,1.10491,1690000,2620000
2019-02-12 15:12:58.095000,1.10493,1.1049,3190000,2440000
2019-02-12 15:12:59.061000,1.1049,1.10488,2690000,2620000
2019-02-12 15:12:59.112000,1.10489,1.10487,1750000,1000000
2019-02-12 15:12:59.265000,1.10489,1.10486,1750000,2620000
2019-02-12 15:12:59.367000,1.10489,1.10486,1250000,3190000
2019-02-12 15:12:59.469000,1.10489,1.10487,1250000,1000000
2019-02-12 15:12:59.613000,1.10489,1.10486,1250000,3190000
2019-02-12 15:12:59.715000,1.10488,1.10486,2500000,1120000
2019-02-12 15:12:59.817000,1.10488,1.10486,1690000,1120000
2019-02-12 15:13:00.729000,1.10493,1.10492,2060000,1000000
2019-02-12 15:13:00.831000,1.10494,1.10493,1000000,1870000
2019-02-12 15:13:01.027000,1.10497,1.10494,4370000,1120000
2019-02-12 15:13:01.414000,1.10497,1.10494,1690000,2250000
2019-02-12 15:13:01.517000,1.10497,1.10494,2500000,1500000
2019-02-12 15:13:02.761000,1.10495,1.10493,1000000,1620000
2019-02-12 15:13:02.965000,1.10497,1.10494,4120000,1120000
2019-02-12 15:13:03.067000,1.10497,1.10494,2060000,1120000
2019-02-12 15:13:03.698000,1.10496,1.10493,1000000,4440000
2019-02-12 15:13:04.486000,1.10497,1.10494,2810000,1120000
2019-02-12 15:13:05.783000,1.10495,1.10493,1500000,2250000
2019-02-12 15:13:06.350000,1.10497,1.10496,3370000,2060000
2019-02-12 15:13:06.452000,1.10499,1.10496,3190000,3190000
2019-02-12 15:13:07.837000,1.10497,1.10495,1000000,2810000
2019-02-12 15:13:07.939000,1.10497,1.10494,2440000,2060000
2019-02-12 15:13:08.251000,1.10496,1.10494,1250000,1120000
2019-02-12 15:13:08.554000,1.10497,1.10494,2440000,2060000
2019-02-12 15:13:08.953000,1.10497,1.10495,1690000,1000000
2019-02-12 15:13:09.439000,1.10495,1.10494,1000000,1310000
2019-02-12 15:13:09.542000,1.10495,1.10493,1000000,1500000
2019-02-12 15:13:09.644000,1.10495,1.10493,1000000,1000000
2019-02-12 15:13:09.861000,1.10494,1.10492,1000000,5940000
2019-02-12 15:13:10.433000,1.10494,1.10491,1000000,2940000
2019-02-12 15:13:11.709000,1.10495,1.10493,1500000,2250000
2019-02-12 15:13:11.971000,1.10494,1.10492,1000000,2940000
2019-02-12 15:13:12.332000,1.10495,1.10492,2250000,3000000
2019-02-12 15:13:12.538000,1.10495,1.10493,1000000,1500000
2019-02-12 15:13:13.890000,1.10494,1.10492,1000000,2440000
2019-02-12 15:13:15.858000,1.10493,1.10491,1000000,2000000
2019-02-12 15:13:15.960000,1.10496,1.10494,1120000,1620000
2019-02-12 15:13:16.119000,1.10499,1.10498,1000000,1310000
2019-02-12 15:13:16.221000,1.10499,1.10497,3000000,1500000
2019-02-12 15:13:16.654000,1.105,1.10497,3000000,2500000
2019-02-12 15:13:17.014000,1.105,1.10497,3190000,2440000
2019-02-12 15:13:17.457000,1.10498,1.10496,1000000,2810000
2019-02-12 15:13:18.268000,1.10497,1.10495,1250000,1000000
2019-02-12 15:13:18.445000,1.10497,1.10494,1690000,3190000
2019-02-12 15:13:18.548000,1.10496,1.10493,1000000,2870000
2019-02-12 15:13:19.330000,1.10496,1.10493,1250000,2440000
2019-02-12 15:13:19.928000,1.10498,1.10496,5190000,1000000
2019-02-12 15:13:20.030000,1.10498,1.10496,1310000,1000000
2019-02-12 15:13:22.120000,1.10501,1.105,1500000,1250000
2019-02-12 15:13:22.222000,1.10502,1.10499,3000000,4370000
2019-02-12 15:13:22.326000,1.10502,1.10499,3750000,2120000
2019-02-12 15:13:22.702000,1.10502,1.10499,1690000,2060000
2019-02-12 15:13:22.960000,1.10502,1.10499,1000000,2120000
2019-02-12 15:13:23.901000,1.10501,1.10498,2810000,4060000
2019-02-12 15:13:24.003000,1.10499,1.10497,3060000,3000000
2019-02-12 15:13:24.107000,1.10497,1.10494,1000000,4370000
2019-02-12 15:13:24.216000,1.10497,1.10494,1690000,2810000
2019-02-12 15:13:24.540000,1.10496,1.10494,1000000,2810000
2019-02-12 15:13:25.251000,1.10497,1.10495,1250000,1000000
2019-02-12 15:13:26.755000,1.10498,1.10496,5120000,1000000
2019-02-12 15:13:26.908000,1.10498,1.10495,5120000,1000000
2019-02-12 15:13:29.698000,1.10498,1.10495,3370000,2060000
2019-02-12 15:13:29.906000,1.10498,1.10495,3750000,2870000
2019-02-12 15:13:30.345000,1.10497,1.10495,1000000,2870000
2019-02-12 15:13:30.448000,1.10497,1.10495,1000000,1310000
2019-02-12 15:13:31.274000,1.10498,1.10495,5250000,2870000
2019-02-12 15:13:31.560000,1.10498,1.10495,3940000,2060000
2019-02-12 15:13:31.859000,1.10498,1.10495,3750000,2870000
2019-02-12 15:13:32.482000,1.10497,1.10495,1000000,2870000
2019-02-12 15:13:33.397000,1.10497,1.10495,1120000,1310000
2019-02-12 15:13:34.499000,1.10498,1.10495,3560000,1690000
2019-02-12 15:13:35.125000,1.10496,1.10494,1690000,2250000
2019-02-12 15:13:35.968000,1.10495,1.10493,1000000,2190000
2019-02-12 15:13:36.070000,1.10495,1.10492,2440000,4810000
2019-02-12 15:13:36.199000,1.10495,1.10492,2440000,3560000
2019-02-12 15:13:36.982000,1.10494,1.10492,1250000,1500000
2019-02-12 15:13:37.303000,1.10493,1.10491,1500000,2060000
2019-02-12 15:13:47.389000,1.10493,1.1049,2250000,1690000
2019-02-12 15:13:47.689000,1.10493,1.1049,2250000,4000000
2019-02-12 15:13:47.842000,1.10493,1.1049,2440000,3190000
2019-02-12 15:13:48.804000,1.10493,1.10491,1500000,1250000
2019-02-12 15:13:48.906000,1.10492,1.1049,1000000,3000000
2019-02-12 15:13:49.231000,1.10492,1.1049,1000000,4000000
2019-02-12 15:13:49.333000,1.10492,1.1049,1000000,3190000
2019-02-12 15:13:50.122000,1.10492,1.1049,1000000,4000000
2019-02-12 15:13:50.474000,1.10492,1.1049,1000000,3190000
2019-02-12 15:13:50.862000,1.10492,1.1049,1000000,4000000
2019-02-12 15:13:50.964000,1.10493,1.1049,3000000,4000000
2019-02-12 15:13:52.056000,1.10493,1.1049,2440000,3940000
2019-02-12 15:13:52.206000,1.10493,1.1049,2250000,4000000
2019-02-12 15:13:57.518000,1.10493,1.1049,1500000,2250000
2019-02-12 15:13:57.620000,1.10493,1.1049,1500000,3250000
2019-02-12 15:13:57.968000,1.10493,1.1049,2440000,3190000
2019-02-12 15:13:58.172000,1.10493,1.1049,2250000,3250000
2019-02-12 15:13:58.430000,1.10493,1.1049,2440000,2440000
2019-02-12 15:13:58.846000,1.10493,1.1049,3000000,2870000
2019-02-12 15:14:06.738000,1.10492,1.1049,1000000,2190000
2019-02-12 15:14:06.840000,1.10491,1.10489,1000000,1750000
2019-02-12 15:14:07.118000,1.10488,1.10486,2440000,2620000
2019-02-12 15:14:07.221000,1.10486,1.10485,1310000,1000000
2019-02-12 15:14:07.543000,1.10487,1.10485,3000000,1250000
2019-02-12 15:14:10.082000,1.10486,1.10484,2440000,1120000
2019-02-12 15:14:10.962000,1.10486,1.10485,1000000,1250000
2019-02-12 15:14:11.064000,1.10487,1.10485,1870000,1000000
2019-02-12 15:14:12.964000,1.10487,1.10485,1000000,2500000
2019-02-12 15:14:14.847000,1.10488,1.10486,1120000,1250000
2019-02-12 15:14:18.509000,1.10488,1.10485,2060000,5060000
2019-02-12 15:14:19.308000,1.10487,1.10485,1000000,2120000
2019-02-12 15:14:19.443000,1.10487,1.10485,1250000,2620000
2019-02-12 15:14:19.697000,1.10486,1.10485,1000000,1120000
2019-02-12 15:14:19.799000,1.10487,1.10485,1690000,1120000
2019-02-12 15:14:20.838000,1.10486,1.10485,1000000,1250000
2019-02-12 15:14:20.941000,1.10486,1.10485,1000000,1000000
2019-02-12 15:14:21.044000,1.10487,1.10485,1500000,1250000
2019-02-12 15:14:21.499000,1.10486,1.10485,1000000,1500000
2019-02-12 15:14:22.415000,1.10487,1.10485,1500000,1250000
2019-02-12 15:14:22.518000,1.10487,1.10485,1500000,1250000
2019-02-12 15:14:22.619000,1.10487,1.10485,2250000,1250000
2019-02-12 15:14:25.819000,1.10487,1.10484,1000000,6370000
2019-02-12 15:14:26.369000,1.10487,1.10484,1000000,7000000
2019-02-12 15:14:31.820000,1.10488,1.10485,3370000,1750000
2019-02-12 15:14:34.384000,1.10487,1.10485,1000000,2120000
2019-02-12 15:14:35.690000,1.10487,1.10485,1000000,1250000
2019-02-12 15:14:39.548000,1.10487,1.10485,1000000,2500000
2019-02-12 15:14:39.962000,1.10487,1.10485,1000000,1690000
2019-02-12 15:14:40.064000,1.10487,1.10485,1000000,2500000
2019-02-12 15:14:42.706000,1.10488,1.10485,1870000,4370000
2019-02-12 15:14:44.470000,1.10488,1.10485,2810000,2060000
2019-02-12 15:14:44.658000,1.10488,1.10485,2620000,2870000
2019-02-12 15:14:49.708000,1.10487,1.10485,1000000,1250000
2019-02-12 15:14:55.562000,1.10488,1.10485,3750000,1250000
2019-02-12 15:14:55.837000,1.10487,1.10485,1000000,1350000
2019-02-12 15:14:56.946000,1.10488,1.10486,2620000,1250000
2019-02-12 15:14:57.049000,1.10488,1.10486,1870000,2060000
2019-02-12 15:14:59.044000,1.10488,1.10486,1500000,1750000
2019-02-12 15:14:59.165000,1.10488,1.10486,1000000,1250000
2019-02-12 15:14:59.268000,1.10492,1.1049,1000000,1500000
2019-02-12 15:14:59.687000,1.10489,1.10487,1690000,1000000
2019-02-12 15:14:59.789000,1.10488,1.10486,1000000,1310000
2019-02-12 15:14:59.992000,1.10488,1.10487,1000000,1000000
2019-02-12 15:15:00.148000,1.1049,1.10488,2250000,1500000
