time,ask,bid,ask_volume,bid_volume
2017-09-07 12:25:00.882000,1.08838,1.08836,2250000,1000000
2017-09-07 12:25:02.191000,1.08837,1.08834,2290000,1120000
2017-09-07 12:25:02.243000,1.08834,1.08832,2950000,2250000
2017-09-07 12:25:02.487000,1.08833,1.0883,1870000,1690000
2017-09-07 12:25:03.107000,1.08833,1.0883,1870000,2060000
2017-09-07 12:25:03.575000,1.0883,1.08829,1000000,2060000
2017-09-07 12:25:03.937000,1.08834,1.0883,4200000,1500000
2017-09-07 12:25:04.143000,1.08836,1.08832,8140000,1120000
2017-09-07 12:25:04.388000,1.08833,1.0883,1000000,2440000
2017-09-07 12:25:04.902000,1.08833,1.0883,1000000,1690000
2017-09-07 12:25:05.412000,1.08833,1.0883,1000000,1620000
2017-09-07 12:25:06.103000,1.08833,1.08829,1120000,3190000
2017-09-07 12:25:06.612000,1.08833,1.08829,1200000,2440000
2017-09-07 12:25:07.166000,1.08832,1.08829,1000000,2000000
2017-09-07 12:25:07.676000,1.08833,1.08829,2890000,1120000
2017-09-07 12:25:09.234000,1.08833,1.08829,1870000,2060000
2017-09-07 12:25:09.739000,1.08833,1.08829,1950000,2440000
2017-09-07 12:25:10.254000,1.08833,1.08829,1870000,3190000
2017-09-07 12:25:11.246000,1.08833,1.08829,1950000,3560000
2017-09-07 12:25:12.079000,1.08833,1.08829,1950000,2810000
2017-09-07 12:25:12.588000,1.08833,1.08829,2320000,2440000
2017-09-07 12:25:15.959000,1.08833,1.08829,1200000,3190000
2017-09-07 12:25:16.469000,1.08835,1.08832,1390000,1500000
2017-09-07 12:25:16.981000,1.08834,1.08831,4390000,1000000
2017-09-07 12:25:18.488000,1.08834,1.08831,3260000,2620000
2017-09-07 12:25:18.796000,1.08838,1.08834,3640000,2250000
2017-09-07 12:25:19.306000,1.08838,1.08835,1390000,1370000
2017-09-07 12:25:20.192000,1.08839,1.08835,4760000,1120000
2017-09-07 12:25:20.702000,1.08839,1.08835,4390000,1750000
2017-09-07 12:25:21.631000,1.08838,1.08835,1100000,1370000
2017-09-07 12:25:22.406000,1.08838,1.08835,3070000,1000000
2017-09-07 12:25:26.120000,1.08838,1.08835,1950000,1370000
2017-09-07 12:25:26.653000,1.08839,1.08835,5140000,1120000
2017-09-07 12:25:27.891000,1.08835,1.08832,4910000,1120000
2017-09-07 12:25:27.995000,1.08833,1.08829,1000000,3560000
2017-09-07 12:25:28.511000,1.08833,1.0883,1570000,1120000
2017-09-07 12:25:29.046000,1.08833,1.0883,1570000,1370000
2017-09-07 12:25:33.794000,1.08832,1.08831,1000000,1500000
2017-09-07 12:25:34.303000,1.08833,1.0883,1200000,1120000
2017-09-07 12:25:39.599000,1.08833,1.08829,1570000,3370000
2017-09-07 12:25:42.434000,1.08833,1.0883,1870000,1120000
2017-09-07 12:25:42.588000,1.08831,1.08829,2060000,1120000
2017-09-07 12:25:42.690000,1.08831,1.08829,5140000,1120000
2017-09-07 12:25:43.049000,1.08832,1.0883,1390000,1120000
2017-09-07 12:25:45.654000,1.08832,1.08828,2320000,3750000
2017-09-07 12:25:46.205000,1.08832,1.08828,4200000,3560000
2017-09-07 12:25:46.739000,1.0883,1.08827,2320000,1870000
2017-09-07 12:25:47.851000,1.08829,1.08826,1120000,4690000
2017-09-07 12:25:48.874000,1.0883,1.08827,1200000,2250000
2017-09-07 12:25:50.760000,1.08831,1.08828,2700000,1000000
2017-09-07 12:25:51.272000,1.08832,1.08828,1950000,6190000
2017-09-07 12:25:51.821000,1.08831,1.08828,1120000,4870000
2017-09-07 12:25:52.330000,1.08832,1.08828,2700000,2620000
2017-09-07 12:25:53.670000,1.08832,1.08829,1570000,1120000
2017-09-07 12:25:57.908000,1.08832,1.08828,2320000,3000000
2017-09-07 12:25:58.408000,1.0883,1.08829,1000000,8060000
2017-09-07 12:25:58.903000,1.08832,1.08829,2320000,2810000
2017-09-07 12:26:00.350000,1.08832,1.08829,1500000,5440000
2017-09-07 12:26:03.145000,1.08832,1.08829,1120000,1310000
2017-09-07 12:26:03.677000,1.0883,1.08828,1120000,1000000
2017-09-07 12:26:03.730000,1.08829,1.08825,2700000,2810000
2017-09-07 12:26:03.935000,1.08827,1.08825,1000000,1870000
2017-09-07 12:26:04.141000,1.08826,1.08823,1120000,1000000
2017-09-07 12:26:04.447000,1.08826,1.08823,1120000,2810000
2017-09-07 12:26:04.865000,1.08828,1.08825,1870000,1310000
2017-09-07 12:26:05.326000,1.08829,1.08826,1120000,2060000
2017-09-07 12:26:05.853000,1.08829,1.08826,1120000,3560000
2017-09-07 12:26:06.059000,1.08831,1.08828,3070000,1870000
2017-09-07 12:26:06.467000,1.08832,1.08828,4200000,2620000
2017-09-07 12:26:08.868000,1.08831,1.0883,1000000,1000000
2017-09-07 12:26:09.385000,1.08831,1.08828,1950000,2000000
2017-09-07 12:26:09.911000,1.0883,1.08829,1120000,1000000
2017-09-07 12:26:10.527000,1.08831,1.08828,1870000,1750000
2017-09-07 12:26:11.073000,1.08832,1.08829,1570000,1370000
2017-09-07 12:26:11.904000,1.08832,1.08828,3820000,4870000
2017-09-07 12:26:12.423000,1.08832,1.08828,2700000,3750000
2017-09-07 12:26:12.732000,1.08832,1.08828,3070000,3190000
2017-09-07 12:26:12.835000,1.08832,1.08829,1120000,1000000
2017-09-07 12:26:13.379000,1.08832,1.08828,3450000,3370000
2017-09-07 12:26:13.687000,1.08824,1.0882,2020000,2810000
2017-09-07 12:26:14.199000,1.08822,1.0882,1500000,2000000
2017-09-07 12:26:14.800000,1.08823,1.08821,1120000,1720000
2017-09-07 12:26:15.392000,1.08824,1.08821,1120000,2850000
2017-09-07 12:26:19.887000,1.08824,1.08821,1500000,3520000
2017-09-07 12:26:20.735000,1.08825,1.08821,1000000,9370000
2017-09-07 12:26:21.285000,1.08827,1.08823,5320000,1690000
2017-09-07 12:26:22.838000,1.08828,1.08823,7120000,2440000
2017-09-07 12:26:23.297000,1.08824,1.08823,1000000,1500000
2017-09-07 12:26:23.837000,1.08824,1.08821,1570000,1370000
2017-09-07 12:26:24.042000,1.08826,1.08821,2140000,5060000
2017-09-07 12:26:24.550000,1.08827,1.08822,5320000,2060000
2017-09-07 12:26:26.063000,1.08825,1.08822,1100000,1690000
2017-09-07 12:26:26.492000,1.08822,1.0882,2120000,4120000
2017-09-07 12:26:26.731000,1.08821,1.08819,1000000,1000000
2017-09-07 12:26:27.941000,1.08821,1.08819,1000000,1250000
2017-09-07 12:26:28.453000,1.08821,1.08818,1100000,2250000
2017-09-07 12:26:29.062000,1.0882,1.08818,1000000,1500000
2017-09-07 12:26:29.577000,1.08821,1.08818,1200000,1500000
2017-09-07 12:26:30.085000,1.0882,1.08818,1500000,1000000
2017-09-07 12:26:30.598000,1.08819,1.08818,1000000,1120000
2017-09-07 12:26:31.113000,1.08821,1.08818,3820000,1870000
2017-09-07 12:26:31.742000,1.08821,1.08818,2320000,2250000
2017-09-07 12:26:31.845000,1.08819,1.08818,1000000,1500000
2017-09-07 12:26:34.641000,1.0882,1.08818,1100000,2250000
2017-09-07 12:26:35.490000,1.08821,1.08818,1200000,2250000
2017-09-07 12:26:37.600000,1.08821,1.08818,1200000,2250000
2017-09-07 12:26:39.224000,1.08825,1.08822,2250000,2620000
2017-09-07 12:26:39.378000,1.08828,1.08825,3450000,1870000
2017-09-07 12:26:39.686000,1.08831,1.08828,1820000,1500000
2017-09-07 12:26:39.738000,1.08832,1.08829,1120000,2060000
2017-09-07 12:26:40.252000,1.08831,1.08829,1120000,1000000
2017-09-07 12:26:40.771000,1.08831,1.08828,2700000,3750000
2017-09-07 12:26:41.639000,1.0883,1.08827,1570000,3370000
2017-09-07 12:26:42.156000,1.08828,1.08826,2320000,1000000
2017-09-07 12:26:42.672000,1.08828,1.08825,3820000,1000000
2017-09-07 12:26:43.707000,1.08828,1.08824,3450000,2440000
2017-09-07 12:26:45.076000,1.08828,1.08824,3070000,2440000
2017-09-07 12:26:45.383000,1.08829,1.08828,3300000,1000000
2017-09-07 12:26:45.485000,1.08833,1.08829,3820000,2060000
2017-09-07 12:26:45.537000,1.08831,1.08829,1000000,1870000
2017-09-07 12:26:45.639000,1.08833,1.08831,1000000,1870000
2017-09-07 12:26:46.070000,1.0883,1.08827,1840000,1370000
2017-09-07 12:26:46.173000,1.08829,1.08826,2320000,1000000
2017-09-07 12:26:46.992000,1.08829,1.08826,2290000,12190000
2017-09-07 12:26:47.238000,1.08834,1.08831,1950000,1000000
2017-09-07 12:26:50.504000,1.08833,1.0883,1000000,2250000
2017-09-07 12:26:54.391000,1.08834,1.0883,3490000,3000000
2017-09-07 12:26:54.902000,1.08835,1.08832,2360000,1120000
2017-09-07 12:26:55.157000,1.08833,1.08831,1250000,1000000
2017-09-07 12:26:57.292000,1.08833,1.0883,1870000,3370000
2017-09-07 12:26:58.112000,1.08833,1.0883,1950000,2810000
2017-09-07 12:26:58.215000,1.0883,1.08828,1010000,2620000
2017-09-07 12:26:59.047000,1.08831,1.08827,4570000,2810000
2017-09-07 12:26:59.550000,1.08831,1.08827,4570000,4310000
2017-09-07 12:27:00.831000,1.08831,1.08827,3820000,4310000
2017-09-07 12:27:01.345000,1.08831,1.08827,4200000,2810000
2017-09-07 12:27:02.153000,1.08824,1.08822,1000000,1000000
2017-09-07 12:27:02.204000,1.08824,1.0882,4540000,1120000
2017-09-07 12:27:02.256000,1.08823,1.08821,3450000,1500000
2017-09-07 12:27:02.461000,1.08825,1.08822,2320000,1250000
2017-09-07 12:27:02.976000,1.08825,1.08822,2700000,1250000
2017-09-07 12:27:04.248000,1.08826,1.08822,2700000,2060000
2017-09-07 12:27:06.144000,1.08826,1.08823,1570000,1250000
2017-09-07 12:27:14.414000,1.08827,1.08823,1630000,1690000
2017-09-07 12:27:15.595000,1.08827,1.08823,1370000,1690000
2017-09-07 12:27:17.785000,1.08828,1.08824,3450000,1000000
2017-09-07 12:27:18.302000,1.08829,1.08825,2700000,3450000
2017-09-07 12:27:18.558000,1.0883,1.08827,1120000,1500000
2017-09-07 12:27:19.203000,1.08832,1.08828,4310000,1570000
2017-09-07 12:27:20.745000,1.08832,1.08828,3190000,3070000
2017-09-07 12:27:21.313000,1.08832,1.08829,2250000,1200000
2017-09-07 12:27:21.963000,1.08833,1.0883,1500000,1500000
2017-09-07 12:27:23.019000,1.08834,1.08831,2620000,1000000
2017-09-07 12:27:23.121000,1.08834,1.08831,1000000,1000000
2017-09-07 12:27:30.748000,1.08835,1.0883,9560000,6070000
2017-09-07 12:27:34.348000,1.08835,1.08831,9750000,1500000
2017-09-07 12:27:38.873000,1.08834,1.0883,2470000,1500000
2017-09-07 12:27:40.188000,1.08837,1.08834,1500000,3750000
2017-09-07 12:27:40.291000,1.08838,1.08835,1000000,4690000
2017-09-07 12:27:40.546000,1.08837,1.08833,1500000,2810000
2017-09-07 12:27:41.048000,1.08838,1.08833,2250000,6560000
2017-09-07 12:27:41.354000,1.08838,1.08836,2250000,1000000
2017-09-07 12:27:42.193000,1.08838,1.08834,1370000,3190000
2017-09-07 12:27:42.295000,1.08839,1.08835,2620000,2620000
2017-09-07 12:27:42.806000,1.08839,1.08836,1870000,1500000
2017-09-07 12:27:43.367000,1.0884,1.08836,4120000,3750000
2017-09-07 12:27:46.421000,1.0884,1.08836,1120000,4500000
2017-09-07 12:27:46.926000,1.0884,1.08836,1870000,3750000
2017-09-07 12:27:50.720000,1.0884,1.08836,1870000,3750000
2017-09-07 12:27:51.246000,1.0884,1.08836,1870000,4120000
2017-09-07 12:27:54.128000,1.08838,1.08836,1120000,3000000
2017-09-07 12:27:54.370000,1.08838,1.08834,2250000,3000000
2017-09-07 12:27:54.577000,1.08836,1.08833,1500000,2250000
2017-09-07 12:27:55.087000,1.08838,1.08834,3370000,1000000
2017-09-07 12:27:55.421000,1.08839,1.08836,1500000,1000000
2017-09-07 12:27:56.820000,1.0884,1.08836,3000000,2620000
2017-09-07 12:28:00.588000,1.0884,1.08836,2250000,3000000
2017-09-07 12:28:01.570000,1.0884,1.08837,1000000,1000000
2017-09-07 12:28:02.090000,1.08841,1.08837,1500000,2810000
2017-09-07 12:28:02.602000,1.08843,1.08838,4870000,2620000
2017-09-07 12:28:03.110000,1.08843,1.08839,2620000,1000000
2017-09-07 12:28:03.759000,1.08845,1.0884,4570000,4120000
2017-09-07 12:28:04.483000,1.08845,1.08841,1000000,3560000
2017-09-07 12:28:06.844000,1.08846,1.08842,3370000,1120000
2017-09-07 12:28:07.353000,1.08846,1.08842,1000000,2620000
2017-09-07 12:28:16.213000,1.08846,1.08843,1500000,1000000
2017-09-07 12:28:16.755000,1.08846,1.08842,2620000,2250000
2017-09-07 12:28:20.280000,1.08847,1.08842,7650000,2250000
2017-09-07 12:28:21.306000,1.08847,1.08843,4570000,2250000
2017-09-07 12:28:21.970000,1.08848,1.08843,2440000,3000000
2017-09-07 12:28:22.491000,1.08848,1.08843,2440000,3000000
2017-09-07 12:28:22.881000,1.08849,1.08846,1000000,1000000
2017-09-07 12:28:23.195000,1.08858,1.08855,1100000,1120000
2017-09-07 12:28:23.504000,1.0886,1.08857,4120000,2620000
2017-09-07 12:28:23.810000,1.08858,1.08855,1120000,2440000
2017-09-07 12:28:25.099000,1.08858,1.08854,3940000,2250000
2017-09-07 12:28:25.644000,1.08856,1.08854,1120000,1500000
2017-09-07 12:28:26.324000,1.08856,1.08853,1000000,1120000
2017-09-07 12:28:30.167000,1.08854,1.08852,4160000,1870000
2017-09-07 12:28:30.219000,1.08853,1.0885,1500000,2620000
2017-09-07 12:28:30.372000,1.08852,1.0885,2250000,1000000
2017-09-07 12:28:30.478000,1.08852,1.08848,2620000,1870000
2017-09-07 12:28:32.920000,1.08854,1.08851,1370000,2060000
2017-09-07 12:28:33.074000,1.08855,1.08852,1000000,1500000
2017-09-07 12:28:33.432000,1.08857,1.08853,1500000,1500000
2017-09-07 12:28:33.765000,1.08858,1.08855,1570000,1000000
2017-09-07 12:28:36.021000,1.08858,1.08854,3670000,1000000
2017-09-07 12:28:36.328000,1.08855,1.08852,1870000,2250000
2017-09-07 12:28:36.993000,1.08855,1.08852,2250000,1870000
2017-09-07 12:28:37.494000,1.08855,1.08852,1500000,2250000
2017-09-07 12:28:40.162000,1.08857,1.08852,1870000,2810000
2017-09-07 12:28:40.671000,1.08857,1.08853,2100000,2440000
2017-09-07 12:28:41.219000,1.08855,1.08852,1000000,2250000
2017-09-07 12:28:41.730000,1.08856,1.08852,1500000,2250000
2017-09-07 12:28:42.131000,1.08852,1.08851,1120000,1870000
2017-09-07 12:28:42.233000,1.08852,1.08849,2620000,1870000
2017-09-07 12:28:46.263000,1.08852,1.08849,1570000,2250000
2017-09-07 12:28:46.740000,1.08851,1.08848,1200000,2250000
2017-09-07 12:28:48.609000,1.0885,1.08847,1000000,2250000
2017-09-07 12:28:49.133000,1.0885,1.08847,1000000,2250000
2017-09-07 12:28:49.710000,1.0885,1.08847,1000000,2620000
2017-09-07 12:28:50.253000,1.0885,1.08847,1120000,1500000
2017-09-07 12:28:50.746000,1.08847,1.08846,1000000,1000000
2017-09-07 12:28:50.798000,1.08846,1.08845,1000000,1000000
2017-09-07 12:28:51.012000,1.08845,1.08843,1500000,1500000
2017-09-07 12:28:51.542000,1.08845,1.08843,1500000,1120000
2017-09-07 12:28:52.154000,1.08845,1.08843,1500000,1370000
2017-09-07 12:28:54.228000,1.08846,1.08843,1870000,4350000
2017-09-07 12:28:54.381000,1.0885,1.08846,1000000,5850000
2017-09-07 12:28:54.484000,1.08852,1.08847,1870000,3560000
2017-09-07 12:28:54.587000,1.08853,1.0885,1120000,1000000
2017-09-07 12:28:55.175000,1.08853,1.08849,1120000,4310000
2017-09-07 12:28:55.685000,1.08852,1.08848,2250000,2000000
2017-09-07 12:28:57.487000,1.08851,1.08848,1000000,2000000
2017-09-07 12:28:57.998000,1.08851,1.08849,1000000,1000000
2017-09-07 12:28:58.549000,1.08851,1.08847,1870000,1370000
2017-09-07 12:28:59.084000,1.0885,1.08846,1370000,4310000
2017-09-07 12:28:59.736000,1.08851,1.08847,1500000,1620000
2017-09-07 12:29:00.249000,1.08852,1.08848,2620000,3000000
2017-09-07 12:29:00.751000,1.08852,1.08848,3000000,3000000
2017-09-07 12:29:01.282000,1.08851,1.08848,1120000,3000000
2017-09-07 12:29:01.900000,1.08851,1.08848,1120000,2620000
2017-09-07 12:29:03.372000,1.08849,1.08845,1310000,2440000
2017-09-07 12:29:03.526000,1.08849,1.08845,2060000,1310000
2017-09-07 12:29:04.037000,1.08849,1.08845,1870000,1690000
2017-09-07 12:29:04.485000,1.0885,1.08846,1000000,2060000
2017-09-07 12:29:05.007000,1.0885,1.08846,1500000,1620000
2017-09-07 12:29:05.552000,1.08851,1.08847,1000000,1250000
2017-09-07 12:29:06.641000,1.08851,1.08847,1870000,1620000
2017-09-07 12:29:07.104000,1.08854,1.0885,1120000,1120000
2017-09-07 12:29:07.257000,1.08854,1.0885,1120000,1870000
2017-09-07 12:29:07.513000,1.08853,1.08849,1870000,1370000
2017-09-07 12:29:08.167000,1.08855,1.08851,1000000,1310000
2017-09-07 12:29:09.199000,1.08855,1.08851,1000000,1310000
2017-09-07 12:29:09.744000,1.08856,1.08851,1120000,1690000
2017-09-07 12:29:10.335000,1.08856,1.0885,5060000,2810000
2017-09-07 12:29:13.115000,1.08855,1.08849,2250000,2440000
2017-09-07 12:29:13.439000,1.08856,1.08851,1120000,1370000
2017-09-07 12:29:14.751000,1.08857,1.08852,1870000,2810000
2017-09-07 12:29:15.863000,1.08857,1.08854,1000000,2250000
2017-09-07 12:29:18.277000,1.08858,1.08853,1870000,1690000
2017-09-07 12:29:20.040000,1.08856,1.08852,1370000,3190000
2017-09-07 12:29:20.420000,1.08856,1.08855,1500000,1000000
2017-09-07 12:29:20.829000,1.08857,1.08854,1000000,1500000
2017-09-07 12:29:20.881000,1.08858,1.08857,3370000,1000000
2017-09-07 12:29:22.169000,1.0886,1.08858,3450000,1500000
2017-09-07 12:29:22.273000,1.08861,1.08857,3370000,1000000
2017-09-07 12:29:22.324000,1.08861,1.0886,1120000,1000000
2017-09-07 12:29:22.568000,1.08862,1.08861,1120000,1000000
2017-09-07 12:29:23.082000,1.08862,1.08861,1000000,1000000
2017-09-07 12:29:23.185000,1.08864,1.08862,1470000,1000000
2017-09-07 12:29:23.491000,1.08866,1.08864,1870000,1000000
2017-09-07 12:29:24.548000,1.08866,1.08864,1120000,1000000
2017-09-07 12:29:25.091000,1.08866,1.08864,1370000,1000000
2017-09-07 12:29:25.601000,1.08866,1.08865,1000000,1000000
2017-09-07 12:29:26.203000,1.08867,1.08866,2250000,1000000
2017-09-07 12:29:26.306000,1.08871,1.08868,2060000,1000000
2017-09-07 12:29:26.411000,1.08872,1.08871,1500000,1000000
2017-09-07 12:29:26.565000,1.08873,1.08872,1120000,1000000
2017-09-07 12:29:27.610000,1.08874,1.08873,1610000,1000000
2017-09-07 12:29:28.763000,1.08872,1.08871,1120000,1000000
2017-09-07 12:29:28.814000,1.0887,1.08869,2250000,1000000
2017-09-07 12:29:29.225000,1.08869,1.08868,1250000,1000000
2017-09-07 12:29:29.480000,1.08869,1.08865,1370000,1250000
2017-09-07 12:29:30.067000,1.08869,1.08866,1500000,1120000
2017-09-07 12:29:30.652000,1.08869,1.08867,1500000,1120000
2017-09-07 12:29:30.924000,1.08867,1.08865,1500000,1120000
2017-09-07 12:29:30.976000,1.08867,1.08864,1500000,1120000
2017-09-07 12:29:31.487000,1.08867,1.08863,1500000,1120000
2017-09-07 12:29:34.885000,1.08867,1.08862,1950000,1000000
2017-09-07 12:29:35.089000,1.08866,1.08861,1120000,3750000
2017-09-07 12:29:36.002000,1.08867,1.08861,2700000,4120000
2017-09-07 12:29:37.626000,1.08867,1.08861,1950000,4120000
2017-09-07 12:29:38.227000,1.08867,1.08862,1950000,1120000
2017-09-07 12:29:38.745000,1.08867,1.08862,1200000,1500000
2017-09-07 12:29:40.093000,1.08866,1.08862,1100000,1500000
2017-09-07 12:29:40.947000,1.08867,1.08862,3670000,1500000
2017-09-07 12:29:42.793000,1.08868,1.08863,2320000,1500000
2017-09-07 12:29:43.537000,1.08868,1.08863,1570000,1750000
2017-09-07 12:29:44.048000,1.08868,1.08863,1570000,1750000
2017-09-07 12:29:45.386000,1.08869,1.08862,3070000,6370000
2017-09-07 12:29:45.488000,1.08868,1.0886,1200000,2620000
2017-09-07 12:29:46.141000,1.08869,1.08862,1570000,1000000
2017-09-07 12:29:46.454000,1.08881,1.08876,1950000,1000000
2017-09-07 12:29:46.586000,1.08881,1.08876,1000000,1000000
2017-09-07 12:29:46.643000,1.08887,1.08876,1870000,2470000
2017-09-07 12:29:46.848000,1.08887,1.08876,3000000,1720000
2017-09-07 12:29:47.408000,1.08887,1.08874,3000000,1870000
2017-09-07 12:29:47.816000,1.08882,1.08872,1870000,1000000
2017-09-07 12:29:48.163000,1.08877,1.0887,2320000,1000000
2017-09-07 12:29:48.265000,1.08877,1.08867,1950000,1070000
2017-09-07 12:29:48.778000,1.08876,1.08866,1000000,3070000
2017-09-07 12:29:49.334000,1.08878,1.08868,2700000,1070000
2017-09-07 12:29:49.540000,1.08877,1.08872,1100000,1000000
2017-09-07 12:29:49.945000,1.0887,1.08864,1370000,1370000
2017-09-07 12:29:49.997000,1.0887,1.08863,1370000,1100000
2017-09-07 12:29:50.152000,1.08873,1.08861,1450000,1820000
2017-09-07 12:29:50.943000,1.08875,1.08864,1100000,1820000
2017-09-07 12:29:51.048000,1.08875,1.08865,2320000,1000000
2017-09-07 12:29:51.586000,1.0887,1.08862,1870000,1070000
2017-09-07 12:29:51.894000,1.08877,1.08865,1570000,1820000
2017-09-07 12:29:52.421000,1.08877,1.08867,1200000,1070000
2017-09-07 12:29:52.928000,1.08877,1.08866,1100000,1820000
2017-09-07 12:29:53.185000,1.0888,1.08868,1470000,1570000
2017-09-07 12:29:53.237000,1.08881,1.0887,3070000,1070000
2017-09-07 12:29:53.473000,1.08882,1.08871,1570000,1070000
2017-09-07 12:29:54.017000,1.08882,1.0887,1070000,1820000
2017-09-07 12:29:55.730000,1.08881,1.08869,1200000,1820000
2017-09-07 12:29:56.296000,1.08881,1.08871,1100000,1070000
2017-09-07 12:29:57.803000,1.08881,1.08871,1070000,1070000
2017-09-07 12:29:58.324000,1.08882,1.0887,1950000,1820000
2017-09-07 12:29:59.552000,1.08881,1.08869,1200000,1820000
2017-09-07 12:30:00.214000,1.08881,1.08869,1200000,1820000
2017-09-07 12:30:00.722000,1.08881,1.08869,1200000,1820000
2017-09-07 12:30:01.038000,1.08878,1.08866,1570000,1070000
2017-09-07 12:30:01.195000,1.08876,1.08865,1570000,1200000
2017-09-07 12:30:01.506000,1.08859,1.08853,1500000,1950000
2017-09-07 12:30:01.556000,1.08858,1.08853,1000000,1570000
2017-09-07 12:30:01.607000,1.08861,1.0885,1000000,1370000
2017-09-07 12:30:01.749000,1.08863,1.08851,1200000,1070000
2017-09-07 12:30:02.057000,1.08854,1.0885,1000000,1570000
2017-09-07 12:30:02.606000,1.08853,1.08847,1500000,1200000
2017-09-07 12:30:02.714000,1.08858,1.08848,1570000,2320000
2017-09-07 12:30:02.871000,1.08855,1.08846,1000000,1750000
2017-09-07 12:30:03.149000,1.08853,1.08844,1000000,2320000
2017-09-07 12:30:03.476000,1.08851,1.08844,1000000,1950000
2017-09-07 12:30:03.527000,1.08851,1.08841,1100000,1570000
2017-09-07 12:30:03.925000,1.08853,1.08843,1200000,1070000
2017-09-07 12:30:04.437000,1.08852,1.08842,1100000,1070000
2017-09-07 12:30:04.870000,1.08852,1.08843,1000000,1070000
2017-09-07 12:30:04.921000,1.08853,1.08842,1000000,1500000
2017-09-07 12:30:04.974000,1.08853,1.08844,1000000,1070000
2017-09-07 12:30:05.488000,1.08854,1.08841,1000000,1000000
2017-09-07 12:30:05.540000,1.08853,1.08844,1820000,1000000
2017-09-07 12:30:05.593000,1.08854,1.08844,1000000,1000000
2017-09-07 12:30:05.750000,1.08855,1.0884,1500000,1000000
2017-09-07 12:30:05.957000,1.08855,1.08842,1500000,1000000
2017-09-07 12:30:06.418000,1.08854,1.0884,1190000,1500000
2017-09-07 12:30:06.584000,1.08853,1.08841,1010000,1070000
2017-09-07 12:30:06.890000,1.08854,1.08845,1070000,1000000
2017-09-07 12:30:08.280000,1.08852,1.08845,1000000,1100000
2017-09-07 12:30:08.801000,1.08853,1.08845,1100000,1000000
2017-09-07 12:30:09.313000,1.08855,1.08845,1570000,1200000
2017-09-07 12:30:09.541000,1.08861,1.08847,1000000,1000000
2017-09-07 12:30:09.847000,1.0885,1.08846,1500000,1000000
2017-09-07 12:30:09.950000,1.08858,1.08846,2320000,1570000
2017-09-07 12:30:10.053000,1.08858,1.08846,1000000,1000000
2017-09-07 12:30:10.105000,1.08858,1.08847,1070000,1570000
2017-09-07 12:30:10.651000,1.08857,1.08847,3820000,1570000
2017-09-07 12:30:11.114000,1.08854,1.08846,1000000,1470000
2017-09-07 12:30:11.436000,1.08849,1.08841,1000000,2320000
2017-09-07 12:30:11.846000,1.08851,1.08842,1100000,1070000
2017-09-07 12:30:11.898000,1.08848,1.08841,1000000,1570000
2017-09-07 12:30:12.002000,1.0885,1.0884,1000000,1820000
2017-09-07 12:30:12.506000,1.0885,1.0884,1200000,1570000
2017-09-07 12:30:13.057000,1.0885,1.0884,1070000,1570000
2017-09-07 12:30:13.108000,1.08846,1.0884,1000000,1200000
2017-09-07 12:30:13.457000,1.08849,1.08841,1100000,1470000
2017-09-07 12:30:13.560000,1.08851,1.0884,5320000,1070000
2017-09-07 12:30:15.117000,1.0885,1.08839,1950000,3260000
2017-09-07 12:30:15.900000,1.08851,1.08846,1950000,1690000
2017-09-07 12:30:16.038000,1.08853,1.08846,1500000,1010000
2017-09-07 12:30:16.448000,1.08851,1.08844,1950000,1310000
2017-09-07 12:30:16.951000,1.0885,1.08843,1000000,2440000
2017-09-07 12:30:17.311000,1.08855,1.08849,1450000,2060000
2017-09-07 12:30:17.729000,1.0886,1.08854,1500000,1010000
2017-09-07 12:30:17.781000,1.0886,1.08854,1000000,1390000
2017-09-07 12:30:18.140000,1.08862,1.08856,1120000,1310000
2017-09-07 12:30:18.448000,1.08862,1.08855,1500000,5890000
2017-09-07 12:30:18.793000,1.08865,1.08859,1950000,2440000
2017-09-07 12:30:19.316000,1.08863,1.08858,1870000,2000000
2017-09-07 12:30:19.656000,1.08865,1.08859,3070000,1560000
2017-09-07 12:30:19.810000,1.08865,1.0886,1120000,2060000
2017-09-07 12:30:20.397000,1.08864,1.08859,1000000,2040000
2017-09-07 12:30:20.909000,1.08863,1.08861,1120000,1500000
2017-09-07 12:30:21.404000,1.08866,1.08863,1120000,1690000
2017-09-07 12:30:21.558000,1.08869,1.08863,3000000,2440000
2017-09-07 12:30:22.068000,1.08868,1.08862,1500000,2510000
2017-09-07 12:30:23.292000,1.08867,1.08862,1500000,2060000
2017-09-07 12:30:24.432000,1.08867,1.08862,1500000,2140000
2017-09-07 12:30:24.622000,1.08864,1.08861,1000000,1750000
2017-09-07 12:30:24.878000,1.08864,1.08861,1000000,1120000
2017-09-07 12:30:25.749000,1.08863,1.08858,2250000,5510000
2017-09-07 12:30:26.078000,1.08862,1.08858,1500000,2440000
2017-09-07 12:30:26.728000,1.08865,1.08863,1500000,1000000
2017-09-07 12:30:26.783000,1.08862,1.08857,1500000,4010000
2017-09-07 12:30:32.423000,1.08862,1.08857,1870000,2440000
2017-09-07 12:30:32.934000,1.08862,1.08859,1250000,1310000
2017-09-07 12:30:33.474000,1.08865,1.08859,1500000,3260000
2017-09-07 12:30:33.985000,1.08864,1.0886,1250000,1690000
2017-09-07 12:30:36.776000,1.0886,1.08855,1500000,4390000
2017-09-07 12:30:37.339000,1.08861,1.08857,1000000,1760000
2017-09-07 12:30:38.886000,1.08862,1.08857,2320000,4390000
2017-09-07 12:30:40.250000,1.08864,1.0886,1690000,1690000
2017-09-07 12:30:40.557000,1.08865,1.08861,1370000,2510000
2017-09-07 12:30:41.067000,1.08865,1.08861,1000000,2510000
2017-09-07 12:30:41.625000,1.08866,1.08861,2250000,2510000
2017-09-07 12:30:44.039000,1.08863,1.08861,1000000,1950000
2017-09-07 12:30:44.090000,1.08863,1.08859,1870000,2250000
2017-09-07 12:30:44.193000,1.08864,1.08862,1250000,1310000
2017-09-07 12:30:44.295000,1.08868,1.08863,2440000,1940000
2017-09-07 12:30:44.808000,1.08872,1.08867,1370000,1390000
2017-09-07 12:30:44.860000,1.08872,1.08867,1100000,1660000
2017-09-07 12:30:45.760000,1.0887,1.08867,2250000,1100000
2017-09-07 12:30:46.410000,1.0887,1.08865,4310000,1620000
2017-09-07 12:30:46.973000,1.08868,1.08864,1000000,1620000
2017-09-07 12:30:47.483000,1.08868,1.08864,1000000,1250000
2017-09-07 12:30:49.293000,1.08868,1.08863,1870000,1190000
2017-09-07 12:30:53.826000,1.08868,1.08862,2250000,2810000
2017-09-07 12:30:53.881000,1.08864,1.08861,3000000,1000000
2017-09-07 12:30:53.986000,1.08865,1.08861,1690000,1250000
2017-09-07 12:30:54.498000,1.08864,1.0886,1250000,1370000
2017-09-07 12:30:54.882000,1.0886,1.08858,1000000,1950000
2017-09-07 12:30:55.138000,1.08858,1.08855,1870000,1570000
2017-09-07 12:30:55.292000,1.0886,1.08856,1000000,1310000
2017-09-07 12:30:55.830000,1.08861,1.08857,2250000,1120000
2017-09-07 12:30:57.499000,1.08859,1.08857,1000000,1100000
2017-09-07 12:30:57.827000,1.08858,1.08854,2060000,1470000
2017-09-07 12:30:58.391000,1.08858,1.08854,2440000,1570000
2017-09-07 12:30:59.153000,1.0886,1.08857,1500000,1000000
2017-09-07 12:30:59.205000,1.08861,1.08857,2440000,1500000
2017-09-07 12:30:59.715000,1.08861,1.08857,1870000,1200000
2017-09-07 12:31:00.669000,1.08859,1.08856,2060000,1000000
2017-09-07 12:31:00.874000,1.08857,1.08853,1310000,7120000
2017-09-07 12:31:01.754000,1.08856,1.08851,1690000,2510000
2017-09-07 12:31:01.857000,1.08852,1.0885,1000000,1120000
2017-09-07 12:31:02.061000,1.08852,1.08847,2440000,1470000
2017-09-07 12:31:02.991000,1.08852,1.08847,3190000,1100000
2017-09-07 12:31:03.561000,1.08852,1.08847,1310000,2700000
2017-09-07 12:31:03.664000,1.08853,1.08848,1250000,1760000
2017-09-07 12:31:04.372000,1.08854,1.0885,2060000,1000000
2017-09-07 12:31:04.876000,1.08854,1.0885,1250000,1950000
2017-09-07 12:31:05.032000,1.08856,1.08851,1870000,1760000
2017-09-07 12:31:05.572000,1.08856,1.08851,1310000,2890000
2017-09-07 12:31:05.624000,1.08854,1.0885,1000000,3260000
2017-09-07 12:31:06.135000,1.08855,1.0885,2620000,2140000
2017-09-07 12:31:06.670000,1.08855,1.0885,1870000,3260000
2017-09-07 12:31:07.627000,1.08855,1.0885,2250000,3260000
2017-09-07 12:31:07.937000,1.08851,1.08846,2250000,2320000
2017-09-07 12:31:08.481000,1.08851,1.08845,2060000,1690000
2017-09-07 12:31:09.090000,1.08852,1.08846,5060000,2040000
2017-09-07 12:31:09.603000,1.08851,1.08848,1500000,1000000
2017-09-07 12:31:09.757000,1.08851,1.08845,1690000,4390000
2017-09-07 12:31:10.287000,1.0885,1.08845,1500000,1760000
2017-09-07 12:31:11.256000,1.08847,1.08844,1000000,1470000
2017-09-07 12:31:11.416000,1.08849,1.08844,1000000,1010000
2017-09-07 12:31:11.835000,1.08847,1.08843,2060000,1070000
2017-09-07 12:31:12.237000,1.08845,1.0884,1310000,2890000
2017-09-07 12:31:12.697000,1.08847,1.08841,2060000,1950000
2017-09-07 12:31:12.748000,1.08847,1.08841,1120000,2140000
2017-09-07 12:31:13.242000,1.08845,1.08841,1120000,1390000
2017-09-07 12:31:13.781000,1.08847,1.08842,1690000,2140000
2017-09-07 12:31:14.334000,1.08846,1.0884,2440000,1950000
2017-09-07 12:31:14.847000,1.08845,1.0884,1250000,4200000
2017-09-07 12:31:15.360000,1.08845,1.0884,1690000,1470000
2017-09-07 12:31:16.015000,1.08844,1.0884,1310000,1100000
2017-09-07 12:31:16.322000,1.08842,1.08837,2700000,2700000
2017-09-07 12:31:16.842000,1.08842,1.08838,1100000,1500000
2017-09-07 12:31:17.149000,1.0884,1.08836,2060000,1570000
2017-09-07 12:31:17.456000,1.08836,1.08834,1000000,1470000
2017-09-07 12:31:17.615000,1.08836,1.08833,1120000,1000000
2017-09-07 12:31:17.669000,1.08829,1.08824,5290000,1260000
2017-09-07 12:31:17.978000,1.08816,1.08814,1000000,7310000
2017-09-07 12:31:18.197000,1.0881,1.08806,1370000,1000000
2017-09-07 12:31:18.251000,1.08805,1.08802,1000000,1000000
2017-09-07 12:31:18.563000,1.08801,1.08793,1500000,1690000
2017-09-07 12:31:18.667000,1.08794,1.08791,1500000,1120000
2017-09-07 12:31:18.944000,1.08796,1.0879,1870000,2620000
2017-09-07 12:31:18.998000,1.08792,1.08789,3370000,2250000
2017-09-07 12:31:19.340000,1.08789,1.08788,1870000,1000000
2017-09-07 12:31:19.416000,1.08789,1.08785,2250000,1870000
2017-09-07 12:31:19.537000,1.08788,1.08784,1200000,1120000
2017-09-07 12:31:19.589000,1.08789,1.08784,1010000,1500000
2017-09-07 12:31:19.951000,1.08785,1.0878,1120000,1000000
2017-09-07 12:31:20.064000,1.08782,1.08777,1000000,2890000
2017-09-07 12:31:20.632000,1.08771,1.08766,1500000,1350000
2017-09-07 12:31:20.786000,1.08771,1.08768,1870000,1120000
2017-09-07 12:31:21.116000,1.08769,1.08766,1000000,1120000
2017-09-07 12:31:21.168000,1.08772,1.08767,1690000,1000000
2017-09-07 12:31:21.357000,1.08764,1.08759,1560000,3370000
2017-09-07 12:31:21.701000,1.08777,1.08773,3000000,1870000
2017-09-07 12:31:21.895000,1.08771,1.08767,1370000,1500000
2017-09-07 12:31:22.001000,1.0877,1.08765,1620000,1000000
2017-09-07 12:31:22.129000,1.08772,1.08765,1870000,1500000
2017-09-07 12:31:22.181000,1.08775,1.0877,3750000,1000000
2017-09-07 12:31:22.284000,1.08775,1.08769,2250000,1120000
2017-09-07 12:31:22.387000,1.08775,1.08771,1000000,1120000
2017-09-07 12:31:22.773000,1.08775,1.0877,1870000,5250000
2017-09-07 12:31:22.929000,1.08779,1.08773,2060000,1000000
2017-09-07 12:31:22.982000,1.0878,1.08774,1690000,2250000
2017-09-07 12:31:23.326000,1.08778,1.08772,1310000,1000000
2017-09-07 12:31:23.483000,1.08775,1.08769,1690000,3370000
2017-09-07 12:31:23.641000,1.08775,1.08768,2810000,1870000
2017-09-07 12:31:23.847000,1.08775,1.08768,1870000,2620000
2017-09-07 12:31:24.005000,1.08774,1.08768,1750000,2250000
2017-09-07 12:31:24.313000,1.08777,1.08772,2060000,1500000
2017-09-07 12:31:24.615000,1.08777,1.08774,1370000,1000000
2017-09-07 12:31:24.770000,1.08776,1.08771,1750000,1560000
2017-09-07 12:31:24.873000,1.08778,1.08772,2440000,2250000
2017-09-07 12:31:25.612000,1.08777,1.08772,1250000,1370000
2017-09-07 12:31:25.717000,1.08779,1.08771,3190000,5810000
2017-09-07 12:31:26.081000,1.08781,1.0878,1870000,1120000
2017-09-07 12:31:26.133000,1.08789,1.08786,9940000,1000000
2017-09-07 12:31:26.185000,1.08787,1.08786,1000000,1000000
2017-09-07 12:31:26.288000,1.08793,1.08789,3560000,1370000
2017-09-07 12:31:26.392000,1.08796,1.0879,3560000,1120000
2017-09-07 12:31:26.680000,1.08796,1.08791,1310000,1750000
2017-09-07 12:31:26.835000,1.08796,1.08791,1310000,1500000
2017-09-07 12:31:26.939000,1.08798,1.08794,1690000,1120000
2017-09-07 12:31:26.994000,1.088,1.08797,2060000,1500000
2017-09-07 12:31:27.192000,1.08799,1.08794,1870000,1500000
2017-09-07 12:31:27.245000,1.08799,1.08795,1440000,1120000
2017-09-07 12:31:27.303000,1.088,1.08795,1000000,2250000
2017-09-07 12:31:27.406000,1.08805,1.08801,1690000,1370000
2017-09-07 12:31:27.610000,1.08804,1.08798,2060000,1500000
2017-09-07 12:31:27.925000,1.08804,1.088,2440000,1500000
2017-09-07 12:31:28.235000,1.08807,1.08803,1010000,1120000
2017-09-07 12:31:28.339000,1.08809,1.08804,3190000,2250000
2017-09-07 12:31:28.840000,1.08811,1.08806,1870000,1870000
2017-09-07 12:31:29.047000,1.08806,1.08803,1000000,1310000
2017-09-07 12:31:29.098000,1.08805,1.08802,1120000,3750000
2017-09-07 12:31:29.549000,1.08806,1.08802,1250000,1310000
2017-09-07 12:31:29.601000,1.08809,1.08804,1250000,1500000
2017-09-07 12:31:29.652000,1.0881,1.08805,1190000,1120000
2017-09-07 12:31:29.704000,1.08812,1.08806,2620000,1370000
2017-09-07 12:31:29.891000,1.08814,1.08806,4310000,1750000
2017-09-07 12:31:29.943000,1.08814,1.08807,1690000,1750000
2017-09-07 12:31:30.201000,1.08813,1.08807,1620000,1870000
2017-09-07 12:31:30.634000,1.08814,1.08807,1000000,4870000
2017-09-07 12:31:30.943000,1.08812,1.08808,1570000,1000000
2017-09-07 12:31:30.997000,1.08812,1.08805,2890000,3750000
2017-09-07 12:31:31.328000,1.08814,1.08808,2060000,1370000
2017-09-07 12:31:31.637000,1.08811,1.08805,2250000,1750000
2017-09-07 12:31:31.933000,1.08811,1.08805,3000000,1000000
2017-09-07 12:31:31.989000,1.08807,1.08804,1000000,1120000
2017-09-07 12:31:32.295000,1.08804,1.088,1190000,3000000
2017-09-07 12:31:32.610000,1.08805,1.08801,1190000,1120000
2017-09-07 12:31:33.021000,1.08807,1.08802,1940000,1750000
2017-09-07 12:31:33.231000,1.08809,1.08803,2440000,2320000
2017-09-07 12:31:33.283000,1.08809,1.08804,1690000,1870000
2017-09-07 12:31:33.385000,1.08811,1.08804,3710000,1870000
2017-09-07 12:31:33.438000,1.0881,1.08804,1310000,2250000
2017-09-07 12:31:33.593000,1.0881,1.08806,1310000,1000000
2017-09-07 12:31:33.697000,1.08811,1.08806,1560000,1500000
2017-09-07 12:31:34.211000,1.0881,1.08806,2060000,1000000
2017-09-07 12:31:34.313000,1.0881,1.08804,2060000,1120000
2017-09-07 12:31:34.846000,1.0881,1.08804,1690000,1500000
2017-09-07 12:31:35.257000,1.08811,1.08806,1270000,1310000
2017-09-07 12:31:35.600000,1.08818,1.08812,1560000,1370000
2017-09-07 12:31:35.912000,1.0882,1.08814,1560000,1500000
2017-09-07 12:31:36.066000,1.08821,1.08815,2060000,1370000
2017-09-07 12:31:36.316000,1.08823,1.08819,2060000,1870000
2017-09-07 12:31:36.368000,1.08824,1.0882,1370000,1120000
2017-09-07 12:31:36.419000,1.08827,1.08821,1690000,3000000
2017-09-07 12:31:36.573000,1.08829,1.08823,2250000,1000000
2017-09-07 12:31:36.728000,1.08822,1.08821,1000000,1120000
2017-09-07 12:31:36.890000,1.08822,1.08817,1500000,1000000
2017-09-07 12:31:37.400000,1.08823,1.08816,6190000,3000000
2017-09-07 12:31:37.853000,1.08819,1.08817,1000000,1120000
2017-09-07 12:31:38.007000,1.0882,1.08815,1310000,1000000
2017-09-07 12:31:38.508000,1.08821,1.08814,2630000,1870000
2017-09-07 12:31:38.612000,1.08819,1.08814,2000000,1120000
2017-09-07 12:31:39.029000,1.08821,1.08818,2060000,1000000
2017-09-07 12:31:39.088000,1.0882,1.08815,1200000,2620000
2017-09-07 12:31:39.344000,1.08821,1.08817,1620000,1120000
2017-09-07 12:31:39.879000,1.08819,1.08815,1000000,3000000
2017-09-07 12:31:39.931000,1.08817,1.08814,2060000,1500000
2017-09-07 12:31:40.037000,1.08817,1.08812,2440000,1000000
2017-09-07 12:31:40.195000,1.08814,1.0881,1310000,1870000
2017-09-07 12:31:40.250000,1.0881,1.08808,1500000,1120000
2017-09-07 12:31:40.302000,1.0881,1.08807,1940000,1870000
2017-09-07 12:31:40.429000,1.08808,1.08804,1760000,1000000
2017-09-07 12:31:40.790000,1.0881,1.08807,2440000,1120000
2017-09-07 12:31:40.842000,1.0881,1.08808,1000000,1500000
2017-09-07 12:31:40.946000,1.08815,1.08808,1870000,1870000
2017-09-07 12:31:41.183000,1.08816,1.08811,1870000,1120000
2017-09-07 12:31:41.846000,1.08817,1.08812,2620000,1120000
2017-09-07 12:31:42.347000,1.08815,1.08812,1120000,1000000
2017-09-07 12:31:42.814000,1.08817,1.08814,2810000,1000000
2017-09-07 12:31:43.123000,1.0882,1.08819,1000000,1000000
2017-09-07 12:31:43.635000,1.08821,1.08818,1000000,1120000
2017-09-07 12:31:43.796000,1.08827,1.08823,1000000,1870000
2017-09-07 12:31:43.899000,1.08826,1.08821,1690000,2620000
2017-09-07 12:31:44.206000,1.08822,1.0882,1500000,1870000
2017-09-07 12:31:44.742000,1.08823,1.08821,2060000,1000000
2017-09-07 12:31:44.897000,1.08823,1.08821,2440000,1870000
2017-09-07 12:31:45.412000,1.08823,1.08821,2620000,1120000
2017-09-07 12:31:45.668000,1.08822,1.08819,1370000,1120000
2017-09-07 12:31:46.190000,1.08823,1.08819,1690000,1120000
2017-09-07 12:31:46.702000,1.08823,1.08818,1690000,1500000
2017-09-07 12:31:47.767000,1.08822,1.08817,3190000,1120000
2017-09-07 12:31:47.819000,1.08818,1.08816,1000000,1120000
2017-09-07 12:31:48.123000,1.08815,1.0881,1250000,1750000
2017-09-07 12:31:48.533000,1.08812,1.08807,1120000,1500000
2017-09-07 12:31:48.584000,1.08811,1.08806,1500000,1500000
2017-09-07 12:31:48.747000,1.0881,1.08804,2250000,1690000
2017-09-07 12:31:48.902000,1.08811,1.08809,1000000,1370000
2017-09-07 12:31:49.005000,1.08813,1.08808,1120000,1870000
2017-09-07 12:31:49.518000,1.08812,1.08807,1000000,1370000
2017-09-07 12:31:49.968000,1.08811,1.08806,2700000,1370000
2017-09-07 12:31:50.278000,1.08814,1.08809,1200000,1370000
2017-09-07 12:31:50.825000,1.08814,1.0881,1100000,1000000
2017-09-07 12:31:51.372000,1.08816,1.08811,2060000,1000000
2017-09-07 12:31:51.680000,1.08821,1.08815,3260000,1000000
2017-09-07 12:31:51.989000,1.08821,1.08815,1950000,1500000
2017-09-07 12:31:52.193000,1.08822,1.08816,1470000,1870000
2017-09-07 12:31:52.756000,1.08823,1.08818,3370000,1870000
2017-09-07 12:31:52.937000,1.08826,1.08819,1820000,1870000
2017-09-07 12:31:53.301000,1.08823,1.08817,3000000,1750000
2017-09-07 12:31:53.617000,1.08817,1.08815,1000000,1000000
2017-09-07 12:31:53.669000,1.08816,1.08809,1870000,3560000
2017-09-07 12:31:54.181000,1.08814,1.08809,1000000,1370000
2017-09-07 12:31:54.378000,1.08812,1.08808,1620000,1870000
2017-09-07 12:31:54.430000,1.0881,1.08806,1120000,1120000
2017-09-07 12:31:54.945000,1.08809,1.08804,1120000,1370000
2017-09-07 12:31:55.296000,1.08811,1.08806,1120000,1560000
2017-09-07 12:31:55.603000,1.08809,1.08804,1000000,2060000
2017-09-07 12:31:56.117000,1.08809,1.08806,1000000,1120000
2017-09-07 12:31:56.628000,1.0881,1.08806,1250000,1870000
2017-09-07 12:31:56.935000,1.08811,1.08806,1560000,2250000
2017-09-07 12:31:57.454000,1.08811,1.08806,1310000,2250000
2017-09-07 12:31:58.211000,1.08811,1.08805,1250000,1120000
2017-09-07 12:31:58.265000,1.08811,1.08804,1690000,2700000
2017-09-07 12:31:58.369000,1.08809,1.08803,1310000,2320000
2017-09-07 12:31:58.730000,1.08811,1.08809,1000000,1000000
2017-09-07 12:31:58.927000,1.08818,1.08814,1370000,1120000
2017-09-07 12:31:59.440000,1.08819,1.08813,2040000,1000000
2017-09-07 12:31:59.774000,1.08816,1.0881,1940000,1500000
2017-09-07 12:32:00.288000,1.08815,1.0881,1690000,1500000
2017-09-07 12:32:00.635000,1.08811,1.08808,1690000,1200000
2017-09-07 12:32:00.738000,1.0881,1.08805,2060000,1370000
2017-09-07 12:32:00.943000,1.08811,1.08805,1310000,3640000
2017-09-07 12:32:01.149000,1.08811,1.08806,1310000,1570000
2017-09-07 12:32:01.503000,1.08812,1.08809,1000000,1370000
2017-09-07 12:32:01.810000,1.08814,1.08811,1250000,1750000
2017-09-07 12:32:02.353000,1.08816,1.08811,2810000,1500000
2017-09-07 12:32:03.105000,1.08816,1.08811,1940000,1120000
2017-09-07 12:32:03.640000,1.08816,1.08811,1940000,1370000
2017-09-07 12:32:04.048000,1.08813,1.08807,2060000,1370000
2017-09-07 12:32:04.558000,1.08814,1.08809,2440000,1500000
2017-09-07 12:32:04.814000,1.08814,1.08808,1690000,1950000
2017-09-07 12:32:05.358000,1.08816,1.08811,2060000,1500000
2017-09-07 12:32:05.516000,1.08834,1.08827,1500000,2250000
2017-09-07 12:32:05.568000,1.08833,1.08831,1690000,1000000
2017-09-07 12:32:05.785000,1.08854,1.08849,2440000,1120000
2017-09-07 12:32:05.889000,1.08852,1.08845,3560000,1870000
2017-09-07 12:32:06.198000,1.08842,1.08841,1120000,1120000
2017-09-07 12:32:06.390000,1.08839,1.08835,3940000,1120000
2017-09-07 12:32:06.750000,1.08839,1.0883,1940000,2060000
2017-09-07 12:32:07.251000,1.08838,1.08832,2000000,1200000
2017-09-07 12:32:07.958000,1.08834,1.0883,1690000,1550000
2017-09-07 12:32:08.010000,1.08833,1.08827,1690000,1950000
2017-09-07 12:32:08.546000,1.08833,1.08827,1940000,1000000
2017-09-07 12:32:08.650000,1.08829,1.08826,1690000,1200000
2017-09-07 12:32:08.753000,1.08828,1.08823,1190000,1100000
2017-09-07 12:32:09.014000,1.08826,1.08819,2440000,1870000
2017-09-07 12:32:09.347000,1.0881,1.08807,1750000,1500000
2017-09-07 12:32:09.399000,1.0881,1.08804,3190000,2250000
2017-09-07 12:32:09.707000,1.08809,1.08802,2000000,4500000
2017-09-07 12:32:09.825000,1.08809,1.08806,1310000,1000000
2017-09-07 12:32:09.877000,1.08812,1.08809,1100000,2250000
2017-09-07 12:32:09.981000,1.08818,1.08812,1000000,1950000
2017-09-07 12:32:10.086000,1.08816,1.08814,1120000,1000000
2017-09-07 12:32:10.241000,1.08816,1.0881,1500000,3000000
2017-09-07 12:32:10.775000,1.08816,1.0881,1750000,2320000
2017-09-07 12:32:11.314000,1.08817,1.0881,3190000,3820000
2017-09-07 12:32:11.834000,1.08815,1.0881,1940000,1000000
2017-09-07 12:32:12.184000,1.08815,1.08811,1310000,1120000
2017-09-07 12:32:12.236000,1.08817,1.08814,1750000,1000000
2017-09-07 12:32:12.291000,1.08817,1.08814,1000000,1500000
2017-09-07 12:32:12.397000,1.0882,1.08815,1940000,1570000
2017-09-07 12:32:12.830000,1.0882,1.08814,2440000,1000000
2017-09-07 12:32:13.189000,1.08817,1.08811,2000000,3450000
2017-09-07 12:32:13.241000,1.08817,1.08811,2000000,1950000
2017-09-07 12:32:13.467000,1.08817,1.08813,1120000,1450000
2017-09-07 12:32:13.966000,1.08821,1.08815,2060000,1570000
2017-09-07 12:32:14.472000,1.08821,1.08816,1940000,1000000
2017-09-07 12:32:14.832000,1.08822,1.08819,1120000,2250000
2017-09-07 12:32:15.238000,1.08826,1.0882,2810000,2700000
2017-09-07 12:32:15.296000,1.08826,1.08825,1120000,2250000
2017-09-07 12:32:15.349000,1.08831,1.08826,4310000,1870000
2017-09-07 12:32:15.400000,1.08832,1.08827,1690000,1200000
2017-09-07 12:32:15.932000,1.08832,1.08826,2000000,1570000
2017-09-07 12:32:16.442000,1.08831,1.08826,2440000,1070000
2017-09-07 12:32:16.659000,1.0883,1.08825,2140000,1100000
2017-09-07 12:32:16.916000,1.08829,1.08823,6190000,1950000
2017-09-07 12:32:17.460000,1.08829,1.08823,1310000,1200000
2017-09-07 12:32:17.766000,1.08832,1.08829,1250000,1120000
2017-09-07 12:32:17.920000,1.08835,1.0883,1690000,1120000
2017-09-07 12:32:18.258000,1.08832,1.0883,1000000,1000000
2017-09-07 12:32:18.361000,1.0883,1.08825,1950000,1120000
2017-09-07 12:32:18.515000,1.08828,1.08823,2440000,1200000
2017-09-07 12:32:18.775000,1.08827,1.08826,1000000,1000000
2017-09-07 12:32:18.827000,1.0883,1.08826,1310000,1120000
2017-09-07 12:32:18.990000,1.08832,1.08828,1690000,1000000
2017-09-07 12:32:19.043000,1.08832,1.08825,1940000,2320000
2017-09-07 12:32:19.351000,1.08828,1.08824,2060000,1370000
2017-09-07 12:32:19.404000,1.08828,1.08822,2810000,2700000
2017-09-07 12:32:19.663000,1.08826,1.08821,2060000,1000000
2017-09-07 12:32:19.976000,1.08822,1.08817,1690000,1950000
2017-09-07 12:32:20.081000,1.0882,1.08815,1690000,1000000
2017-09-07 12:32:20.291000,1.08821,1.08816,2060000,1500000
2017-09-07 12:32:20.701000,1.08823,1.08819,1000000,1370000
2017-09-07 12:32:20.857000,1.08827,1.08822,1120000,2620000
2017-09-07 12:32:21.404000,1.08827,1.08822,1690000,1870000
2017-09-07 12:32:21.917000,1.08828,1.08823,2440000,1000000
2017-09-07 12:32:22.498000,1.08828,1.08826,1500000,1870000
2017-09-07 12:32:22.550000,1.08831,1.08829,2250000,1000000
2017-09-07 12:32:22.602000,1.08828,1.08826,1250000,1000000
2017-09-07 12:32:22.858000,1.08827,1.08821,1690000,1950000
2017-09-07 12:32:23.012000,1.08827,1.08821,1690000,1570000
2017-09-07 12:32:23.158000,1.08828,1.08823,3190000,1000000
2017-09-07 12:32:23.668000,1.08829,1.08823,1940000,1870000
2017-09-07 12:32:24.013000,1.08824,1.08822,1000000,1120000
2017-09-07 12:32:24.064000,1.08822,1.08816,1250000,2060000
2017-09-07 12:32:24.117000,1.08821,1.08815,1690000,1500000
2017-09-07 12:32:24.941000,1.08821,1.08814,2440000,3260000
2017-09-07 12:32:25.252000,1.08819,1.08813,2810000,1000000
2017-09-07 12:32:25.616000,1.08817,1.08811,3220000,1000000
2017-09-07 12:32:26.149000,1.08817,1.0881,3220000,1500000
2017-09-07 12:32:26.587000,1.08815,1.0881,2440000,1000000
2017-09-07 12:32:27.102000,1.08815,1.0881,1310000,1120000
2017-09-07 12:32:27.499000,1.08816,1.08811,2060000,1120000
2017-09-07 12:32:28.415000,1.08817,1.08812,2810000,1000000
2017-09-07 12:32:29.243000,1.08816,1.08811,1310000,1120000
2017-09-07 12:32:30.245000,1.08816,1.08812,1250000,1120000
2017-09-07 12:32:30.602000,1.08818,1.08812,1690000,3000000
2017-09-07 12:32:31.272000,1.08816,1.08811,1310000,4950000
2017-09-07 12:32:31.375000,1.08815,1.0881,2440000,1500000
2017-09-07 12:32:32.481000,1.08815,1.08811,1690000,1000000
2017-09-07 12:32:32.636000,1.08816,1.08811,1690000,1120000
2017-09-07 12:32:33.153000,1.08816,1.08809,2810000,1950000
2017-09-07 12:32:34.339000,1.08816,1.0881,1690000,3000000
2017-09-07 12:32:34.390000,1.08816,1.08812,1000000,1620000
2017-09-07 12:32:34.566000,1.08816,1.08811,1690000,1500000
2017-09-07 12:32:34.873000,1.08816,1.08811,1000000,1850000
2017-09-07 12:32:35.132000,1.0882,1.08811,3640000,5890000
2017-09-07 12:32:35.678000,1.08819,1.08812,1250000,2140000
2017-09-07 12:32:36.189000,1.0882,1.08815,1000000,2250000
2017-09-07 12:32:38.456000,1.08819,1.08813,1570000,1690000
2017-09-07 12:32:39.017000,1.0882,1.08813,2140000,2000000
2017-09-07 12:32:39.274000,1.08826,1.0882,3750000,3940000
2017-09-07 12:32:39.820000,1.08827,1.08822,1870000,1500000
2017-09-07 12:32:40.276000,1.08827,1.08822,2620000,1000000
2017-09-07 12:32:40.584000,1.08829,1.08824,2550000,1000000
2017-09-07 12:32:40.635000,1.08829,1.08824,1250000,1120000
2017-09-07 12:32:40.945000,1.0883,1.08823,4390000,1000000
2017-09-07 12:32:41.456000,1.0883,1.08824,5590000,1000000
2017-09-07 12:32:41.777000,1.0883,1.08828,2060000,1000000
2017-09-07 12:32:41.880000,1.08834,1.08828,1250000,3640000
2017-09-07 12:32:42.390000,1.08835,1.0883,2440000,1000000
2017-09-07 12:32:42.967000,1.08834,1.08829,2060000,1000000
2017-09-07 12:32:43.529000,1.08834,1.08829,1310000,1120000
2017-09-07 12:32:44.200000,1.08833,1.08829,1500000,1120000
2017-09-07 12:32:44.303000,1.08829,1.08828,1000000,1000000
2017-09-07 12:32:44.354000,1.08829,1.08825,1000000,1290000
2017-09-07 12:32:44.406000,1.08828,1.08824,1000000,2060000
2017-09-07 12:32:45.435000,1.08828,1.08823,1120000,2060000
2017-09-07 12:32:49.071000,1.08829,1.08824,2810000,1000000
2017-09-07 12:32:49.482000,1.0883,1.08828,1500000,1000000
2017-09-07 12:32:49.585000,1.08834,1.08829,1250000,2250000
2017-09-07 12:32:49.702000,1.08835,1.08831,2170000,1000000
2017-09-07 12:32:50.213000,1.08836,1.08831,2320000,1500000
2017-09-07 12:32:51.838000,1.08839,1.08834,1070000,2060000
2017-09-07 12:32:51.890000,1.0884,1.08834,2060000,2060000
2017-09-07 12:32:51.994000,1.08842,1.08837,2700000,1000000
2017-09-07 12:32:52.203000,1.08845,1.0884,1120000,4390000
2017-09-07 12:32:52.307000,1.08848,1.08843,1870000,1000000
2017-09-07 12:32:52.557000,1.08853,1.08846,2890000,1870000
2017-09-07 12:32:52.609000,1.08853,1.08848,2510000,1000000
2017-09-07 12:32:52.918000,1.08854,1.0885,1370000,1000000
2017-09-07 12:32:53.024000,1.08856,1.08852,1000000,1000000
2017-09-07 12:32:53.544000,1.08858,1.08853,1690000,1000000
2017-09-07 12:32:54.003000,1.08855,1.08852,1310000,1000000
2017-09-07 12:32:54.054000,1.08855,1.0885,1310000,1000000
2017-09-07 12:32:54.157000,1.08852,1.08847,1690000,3070000
2017-09-07 12:32:54.771000,1.08851,1.08847,1310000,1000000
2017-09-07 12:32:54.970000,1.08846,1.08841,2440000,1500000
2017-09-07 12:32:55.073000,1.08846,1.0884,2440000,1690000
2017-09-07 12:32:55.228000,1.08845,1.0884,2060000,1000000
2017-09-07 12:32:55.586000,1.0884,1.08836,1560000,1000000
2017-09-07 12:32:55.888000,1.08833,1.08828,1690000,1000000
2017-09-07 12:32:56.486000,1.08833,1.08827,1940000,1000000
2017-09-07 12:32:57.001000,1.08832,1.08828,2440000,1000000
2017-09-07 12:32:57.549000,1.08832,1.08827,2890000,1000000
2017-09-07 12:32:58.351000,1.08831,1.08827,1290000,1000000
2017-09-07 12:32:58.412000,1.0883,1.08824,1690000,2060000
2017-09-07 12:33:00.427000,1.0883,1.08827,1470000,1000000
2017-09-07 12:33:00.582000,1.08832,1.08828,1200000,1120000
2017-09-07 12:33:01.131000,1.08833,1.08829,1870000,1000000
2017-09-07 12:33:01.643000,1.08833,1.08828,1120000,1310000
2017-09-07 12:33:02.106000,1.08831,1.08825,1570000,1690000
2017-09-07 12:33:02.584000,1.08833,1.08828,2510000,1000000
2017-09-07 12:33:03.168000,1.08833,1.08828,1390000,1120000
2017-09-07 12:33:03.838000,1.08833,1.08828,1000000,2060000
2017-09-07 12:33:04.584000,1.08834,1.08828,2510000,2060000
2017-09-07 12:33:05.252000,1.08834,1.08829,1500000,1310000
2017-09-07 12:33:05.559000,1.08834,1.08833,1000000,1000000
2017-09-07 12:33:05.611000,1.08837,1.08833,1460000,1500000
2017-09-07 12:33:05.713000,1.0884,1.08834,2510000,1620000
2017-09-07 12:33:06.215000,1.08841,1.08836,3260000,1000000
2017-09-07 12:33:06.830000,1.08839,1.08834,1000000,2440000
2017-09-07 12:33:07.332000,1.08841,1.08839,2250000,1250000
2017-09-07 12:33:07.590000,1.08851,1.08848,1000000,1120000
2017-09-07 12:33:07.794000,1.08854,1.0885,1570000,1250000
2017-09-07 12:33:07.845000,1.08855,1.0885,3260000,1690000
2017-09-07 12:33:08.255000,1.08851,1.0885,1120000,1000000
2017-09-07 12:33:08.307000,1.08851,1.08848,3190000,1000000
2017-09-07 12:33:08.617000,1.08849,1.08845,1310000,1000000
2017-09-07 12:33:09.129000,1.0885,1.08845,1000000,2440000
2017-09-07 12:33:09.654000,1.08851,1.08845,1390000,1560000
2017-09-07 12:33:10.165000,1.08851,1.08845,1690000,1250000
2017-09-07 12:33:10.416000,1.08846,1.08844,1120000,2620000
2017-09-07 12:33:10.520000,1.08845,1.08841,1690000,1000000
2017-09-07 12:33:11.428000,1.08847,1.08844,1100000,1250000
2017-09-07 12:33:11.532000,1.0885,1.08845,2510000,1000000
2017-09-07 12:33:13.489000,1.08849,1.08844,1690000,3190000
2017-09-07 12:33:13.592000,1.08845,1.08843,1120000,3000000
2017-09-07 12:33:13.695000,1.08845,1.08841,1690000,1000000
2017-09-07 12:33:14.197000,1.08846,1.08841,1190000,2250000
2017-09-07 12:33:14.493000,1.08847,1.08842,1120000,2060000
2017-09-07 12:33:15.021000,1.08848,1.08843,1760000,1690000
2017-09-07 12:33:15.585000,1.0885,1.08844,1010000,3190000
2017-09-07 12:33:16.100000,1.0885,1.08845,1250000,1250000
2017-09-07 12:33:16.987000,1.08851,1.08845,2140000,1690000
2017-09-07 12:33:17.763000,1.08851,1.08845,2890000,1310000
2017-09-07 12:33:18.122000,1.08846,1.08842,1250000,1500000
2017-09-07 12:33:18.468000,1.08845,1.0884,1690000,1120000
2017-09-07 12:33:19.584000,1.08846,1.08839,3260000,1250000
2017-09-07 12:33:20.184000,1.08845,1.08839,1390000,1690000
2017-09-07 12:33:21.100000,1.08845,1.08839,1390000,1690000
2017-09-07 12:33:21.675000,1.08844,1.08839,1500000,1310000
2017-09-07 12:33:23.027000,1.08842,1.08838,1120000,1690000
2017-09-07 12:33:23.219000,1.0884,1.08835,1120000,1690000
2017-09-07 12:33:25.290000,1.08835,1.08834,1000000,1000000
2017-09-07 12:33:25.403000,1.08823,1.08816,5250000,1000000
2017-09-07 12:33:25.454000,1.0882,1.08817,1500000,1000000
2017-09-07 12:33:25.506000,1.08819,1.08816,1500000,1000000
2017-09-07 12:33:25.813000,1.08822,1.08816,1120000,1250000
2017-09-07 12:33:26.175000,1.08817,1.08811,1370000,7870000
2017-09-07 12:33:26.278000,1.08811,1.08805,1370000,2440000
2017-09-07 12:33:26.446000,1.08811,1.08808,1560000,1120000
2017-09-07 12:33:26.497000,1.08814,1.08808,2060000,1370000
2017-09-07 12:33:26.548000,1.08815,1.08808,3190000,1370000
2017-09-07 12:33:26.805000,1.08811,1.08807,1000000,1620000
2017-09-07 12:33:26.857000,1.08811,1.08805,1560000,3750000
2017-09-07 12:33:27.225000,1.08809,1.08804,1000000,1000000
2017-09-07 12:33:27.747000,1.08808,1.08803,1000000,1250000
2017-09-07 12:33:27.980000,1.08806,1.08803,1000000,1250000
2017-09-07 12:33:28.087000,1.08798,1.08793,1370000,1690000
2017-09-07 12:33:28.139000,1.08798,1.08794,4500000,1870000
2017-09-07 12:33:28.295000,1.08798,1.08794,1190000,2250000
2017-09-07 12:33:28.347000,1.08798,1.08796,1250000,1000000
2017-09-07 12:33:28.525000,1.08804,1.08798,4120000,1000000
2017-09-07 12:33:28.628000,1.088,1.08797,2620000,1000000
2017-09-07 12:33:28.837000,1.08791,1.08787,1000000,2620000
2017-09-07 12:33:28.889000,1.08791,1.08787,1120000,2250000
2017-09-07 12:33:29.072000,1.08791,1.08784,2060000,1120000
2017-09-07 12:33:29.124000,1.08787,1.08784,1870000,1000000
2017-09-07 12:33:29.176000,1.08784,1.08781,1500000,1830000
2017-09-07 12:33:29.705000,1.08786,1.0878,2060000,1120000
2017-09-07 12:33:29.757000,1.08784,1.08779,1310000,1870000
2017-09-07 12:33:29.808000,1.08784,1.08778,1310000,1560000
2017-09-07 12:33:29.860000,1.0878,1.08776,1000000,2060000
2017-09-07 12:33:30.016000,1.0878,1.08774,1750000,1120000
2017-09-07 12:33:30.121000,1.08781,1.08775,2620000,1500000
2017-09-07 12:33:30.327000,1.08785,1.0878,1000000,2810000
2017-09-07 12:33:30.485000,1.08784,1.0878,1370000,1870000
2017-09-07 12:33:30.536000,1.08781,1.08775,3750000,2390000
2017-09-07 12:33:30.587000,1.08781,1.08778,2250000,2000000
2017-09-07 12:33:30.796000,1.08802,1.08798,1000000,1620000
2017-09-07 12:33:30.848000,1.08806,1.08799,2440000,2060000
2017-09-07 12:33:31.182000,1.08814,1.0881,3220000,1750000
2017-09-07 12:33:31.501000,1.08813,1.08809,2000000,1270000
2017-09-07 12:33:31.605000,1.08816,1.0881,1120000,1870000
2017-09-07 12:33:31.659000,1.08818,1.0881,1370000,3370000
2017-09-07 12:33:31.818000,1.0882,1.08814,2620000,1190000
2017-09-07 12:33:32.143000,1.08811,1.08805,1870000,1750000
2017-09-07 12:33:32.657000,1.08811,1.08806,1500000,1120000
2017-09-07 12:33:33.010000,1.08809,1.08803,2060000,3190000
2017-09-07 12:33:33.113000,1.08807,1.08801,1690000,1690000
2017-09-07 12:33:33.414000,1.08808,1.088,1500000,5440000
2017-09-07 12:33:33.830000,1.08811,1.08806,1190000,1370000
2017-09-07 12:33:33.933000,1.0882,1.08816,2060000,1000000
2017-09-07 12:33:33.987000,1.0882,1.08818,1000000,1370000
2017-09-07 12:33:34.260000,1.08833,1.08827,2250000,1000000
2017-09-07 12:33:34.363000,1.08829,1.08825,5810000,1120000
2017-09-07 12:33:34.530000,1.08828,1.0882,1990000,6190000
2017-09-07 12:33:34.583000,1.08825,1.0882,1000000,2810000
2017-09-07 12:33:35.040000,1.08831,1.08826,4500000,2810000
2017-09-07 12:33:35.143000,1.08833,1.08826,1690000,3190000
2017-09-07 12:33:35.602000,1.08836,1.08832,3000000,2810000
2017-09-07 12:33:35.955000,1.08849,1.08842,1310000,1870000
2017-09-07 12:33:36.008000,1.08847,1.08842,1000000,1870000
2017-09-07 12:33:36.128000,1.08845,1.08841,1120000,1310000
2017-09-07 12:33:36.180000,1.08842,1.08837,1000000,1310000
2017-09-07 12:33:36.487000,1.0884,1.08836,2060000,1000000
2017-09-07 12:33:36.942000,1.0884,1.08832,4310000,4690000
2017-09-07 12:33:37.046000,1.08836,1.08832,1250000,1000000
2017-09-07 12:33:37.456000,1.08836,1.08831,2060000,1910000
2017-09-07 12:33:37.509000,1.08836,1.0883,1940000,1120000
2017-09-07 12:33:37.561000,1.08838,1.08832,1690000,1500000
2017-09-07 12:33:37.665000,1.08842,1.08834,1940000,4690000
2017-09-07 12:33:38.268000,1.08839,1.08833,1310000,1090000
2017-09-07 12:33:38.627000,1.08839,1.08832,2440000,1690000
2017-09-07 12:33:38.679000,1.08839,1.08832,1250000,2810000
2017-09-07 12:33:39.274000,1.08839,1.08832,2000000,1690000
2017-09-07 12:33:39.379000,1.08836,1.0883,1690000,1250000
2017-09-07 12:33:39.433000,1.08834,1.08828,3190000,2620000
2017-09-07 12:33:39.774000,1.08832,1.08825,7090000,1000000
2017-09-07 12:33:40.084000,1.08829,1.08822,1940000,1270000
2017-09-07 12:33:40.475000,1.08835,1.08832,2620000,1370000
2017-09-07 12:33:40.527000,1.08839,1.08833,1120000,3190000
2017-09-07 12:33:40.630000,1.08835,1.08833,1000000,1000000
2017-09-07 12:33:40.682000,1.08835,1.08829,3940000,1250000
2017-09-07 12:33:40.734000,1.08833,1.08828,2060000,1500000
2017-09-07 12:33:41.231000,1.08832,1.08826,1370000,2060000
2017-09-07 12:33:41.540000,1.08834,1.08826,2850000,4690000
2017-09-07 12:33:42.012000,1.08837,1.08832,1620000,2060000
2017-09-07 12:33:42.371000,1.08835,1.08832,1560000,1000000
2017-09-07 12:33:42.422000,1.08835,1.08827,2810000,4310000
2017-09-07 12:33:42.474000,1.08837,1.08834,3190000,1120000
2017-09-07 12:33:42.526000,1.08839,1.08834,6190000,1310000
2017-09-07 12:33:42.696000,1.08845,1.08838,4310000,1310000
2017-09-07 12:33:43.112000,1.08845,1.08843,2250000,3750000
2017-09-07 12:33:43.350000,1.08849,1.08844,1750000,1500000
2017-09-07 12:33:43.504000,1.08847,1.08842,1000000,2620000
2017-09-07 12:33:43.715000,1.08849,1.08844,2060000,1000000
2017-09-07 12:33:44.023000,1.08858,1.08853,1000000,1870000
2017-09-07 12:33:44.075000,1.08859,1.08855,1370000,1000000
2017-09-07 12:33:44.419000,1.08861,1.08856,1370000,1000000
2017-09-07 12:33:44.522000,1.08857,1.08855,1500000,1000000
2017-09-07 12:33:44.574000,1.08856,1.0885,1310000,1870000
2017-09-07 12:33:44.626000,1.08854,1.08849,1870000,1000000
2017-09-07 12:33:44.811000,1.08854,1.08846,1870000,3370000
2017-09-07 12:33:44.862000,1.08854,1.08849,1870000,1120000
2017-09-07 12:33:44.965000,1.08856,1.0885,1120000,2250000
2017-09-07 12:33:45.067000,1.08858,1.08855,1190000,1000000
2017-09-07 12:33:45.119000,1.0886,1.08856,1500000,1120000
2017-09-07 12:33:45.171000,1.08858,1.08855,1370000,1120000
2017-09-07 12:33:45.222000,1.08856,1.08851,1120000,1370000
2017-09-07 12:33:45.384000,1.08853,1.08846,3450000,4310000
2017-09-07 12:33:45.447000,1.08852,1.08845,1120000,1870000
2017-09-07 12:33:45.653000,1.08849,1.08844,1000000,2620000
2017-09-07 12:33:46.076000,1.08849,1.08842,3370000,1000000
2017-09-07 12:33:46.333000,1.08846,1.08838,3370000,3750000
2017-09-07 12:33:46.724000,1.0884,1.08835,1120000,1500000
2017-09-07 12:33:47.036000,1.08835,1.08828,1120000,1120000
2017-09-07 12:33:47.387000,1.08837,1.08836,1870000,1000000
2017-09-07 12:33:47.439000,1.08843,1.08838,2620000,1620000
2017-09-07 12:33:47.644000,1.08845,1.08839,1500000,1000000
2017-09-07 12:33:48.151000,1.08848,1.0884,2440000,1120000
2017-09-07 12:33:48.768000,1.08847,1.08839,3370000,2250000
2017-09-07 12:33:50.743000,1.08848,1.08844,1120000,1870000
2017-09-07 12:33:50.846000,1.08851,1.08844,4120000,2810000
2017-09-07 12:33:50.898000,1.08847,1.08844,1000000,2620000
2017-09-07 12:33:51.052000,1.08845,1.0884,1250000,1000000
2017-09-07 12:33:51.567000,1.08845,1.08838,1310000,3260000
2017-09-07 12:33:52.083000,1.08846,1.0884,1750000,1000000
2017-09-07 12:33:54.422000,1.08845,1.08839,1500000,2250000
2017-09-07 12:33:55.095000,1.08842,1.08839,1000000,1500000
2017-09-07 12:33:56.312000,1.08842,1.08838,1500000,1120000
2017-09-07 12:33:56.364000,1.08841,1.08836,1500000,1120000
2017-09-07 12:33:56.902000,1.08841,1.08835,1690000,1000000
2017-09-07 12:33:57.158000,1.08842,1.08838,1500000,1500000
2017-09-07 12:33:57.496000,1.08847,1.08844,1120000,1000000
2017-09-07 12:33:57.548000,1.08849,1.08844,1310000,2320000
2017-09-07 12:33:58.427000,1.0885,1.08849,1870000,1500000
2017-09-07 12:33:58.480000,1.08852,1.0885,1000000,1120000
2017-09-07 12:33:58.584000,1.08851,1.08846,1370000,5330000
2017-09-07 12:33:58.688000,1.08851,1.08849,1370000,1000000
2017-09-07 12:33:58.740000,1.08852,1.08849,1000000,1000000
2017-09-07 12:33:59.078000,1.08852,1.08846,1310000,1310000
2017-09-07 12:33:59.130000,1.08853,1.08846,4390000,1000000
2017-09-07 12:33:59.235000,1.08853,1.08849,1120000,2620000
2017-09-07 12:33:59.756000,1.08855,1.0885,2250000,1120000
2017-09-07 12:34:00.485000,1.08854,1.0885,1370000,1870000
2017-09-07 12:34:00.588000,1.08856,1.08851,1250000,1500000
2017-09-07 12:34:00.641000,1.08857,1.08856,1000000,1000000
2017-09-07 12:34:00.693000,1.08864,1.08862,1500000,1120000
2017-09-07 12:34:00.797000,1.08866,1.08865,1200000,1000000
2017-09-07 12:34:00.849000,1.08876,1.08873,3000000,1000000
2017-09-07 12:34:00.902000,1.08879,1.08874,1120000,1870000
2017-09-07 12:34:01.104000,1.08882,1.08879,1010000,1870000
2017-09-07 12:34:01.310000,1.08877,1.08873,1000000,5440000
2017-09-07 12:34:01.643000,1.08871,1.08868,1750000,1690000
2017-09-07 12:34:01.952000,1.08867,1.08864,1870000,3000000
2017-09-07 12:34:02.006000,1.08863,1.08861,1500000,1310000
2017-09-07 12:34:02.059000,1.0886,1.08858,1370000,11060000
2017-09-07 12:34:02.227000,1.08855,1.08852,1120000,4120000
2017-09-07 12:34:02.686000,1.08858,1.08856,1500000,1000000
2017-09-07 12:34:02.897000,1.08858,1.08853,1370000,1590000
2017-09-07 12:34:03.408000,1.08858,1.08853,1370000,1250000
2017-09-07 12:34:03.739000,1.08848,1.08844,4500000,1250000
2017-09-07 12:34:03.948000,1.08839,1.08837,1000000,1120000
2017-09-07 12:34:04.204000,1.0884,1.08835,1120000,1690000
2017-09-07 12:34:04.259000,1.08837,1.08832,1120000,1000000
2017-09-07 12:34:04.318000,1.08836,1.08832,1000000,1690000
2017-09-07 12:34:04.369000,1.08839,1.08832,3370000,2060000
2017-09-07 12:34:04.472000,1.08839,1.08833,3750000,1690000
2017-09-07 12:34:04.784000,1.08841,1.08837,1120000,1190000
2017-09-07 12:34:04.938000,1.08845,1.08841,4500000,1250000
2017-09-07 12:34:05.040000,1.08847,1.08842,1870000,2140000
2017-09-07 12:34:05.143000,1.08851,1.08844,1390000,1500000
2017-09-07 12:34:05.371000,1.08847,1.0884,2250000,1010000
2017-09-07 12:34:05.426000,1.08847,1.0884,1120000,2060000
2017-09-07 12:34:05.529000,1.08837,1.08834,1000000,7690000
2017-09-07 12:34:05.826000,1.0884,1.08836,1000000,1000000
2017-09-07 12:34:05.879000,1.08837,1.08832,1500000,1310000
2017-09-07 12:34:05.931000,1.08837,1.08833,1870000,1000000
2017-09-07 12:34:06.238000,1.08839,1.08833,1500000,1120000
2017-09-07 12:34:06.417000,1.0884,1.08833,1000000,2810000
2017-09-07 12:34:06.468000,1.08841,1.08833,1000000,1120000
2017-09-07 12:34:06.727000,1.08841,1.08835,1000000,1000000
2017-09-07 12:34:07.042000,1.08844,1.08839,1370000,1190000
2017-09-07 12:34:07.146000,1.08845,1.08839,1500000,2620000
2017-09-07 12:34:07.742000,1.08846,1.08839,1870000,1690000
2017-09-07 12:34:07.846000,1.08844,1.08839,2250000,1690000
2017-09-07 12:34:07.949000,1.08841,1.08834,1120000,1000000
2017-09-07 12:34:08.154000,1.0884,1.08838,1000000,1000000
2017-09-07 12:34:08.287000,1.08841,1.08835,4870000,1000000
2017-09-07 12:34:08.338000,1.08841,1.08833,7120000,2250000
2017-09-07 12:34:08.595000,1.08835,1.08833,1000000,3000000
2017-09-07 12:34:09.408000,1.08837,1.08833,1000000,1000000
2017-09-07 12:34:09.696000,1.08836,1.08833,1500000,1000000
2017-09-07 12:34:09.748000,1.08834,1.0883,1000000,1120000
2017-09-07 12:34:09.853000,1.08828,1.08825,1000000,2620000
2017-09-07 12:34:09.957000,1.08826,1.08823,3750000,2250000
2017-09-07 12:34:10.154000,1.08825,1.08821,1120000,1000000
2017-09-07 12:34:10.218000,1.08822,1.08819,1120000,1870000
2017-09-07 12:34:10.270000,1.0882,1.08815,1540000,1000000
2017-09-07 12:34:10.373000,1.08818,1.08812,1120000,1310000
2017-09-07 12:34:10.527000,1.08817,1.08812,1420000,1000000
2017-09-07 12:34:10.686000,1.08815,1.0881,1870000,1000000
2017-09-07 12:34:11.089000,1.0881,1.08807,2100000,1000000
2017-09-07 12:34:11.430000,1.08806,1.08803,1500000,1000000
2017-09-07 12:34:11.588000,1.08809,1.08805,1500000,1000000
2017-09-07 12:34:11.743000,1.08814,1.08809,1120000,1500000
2017-09-07 12:34:11.955000,1.08816,1.08813,1490000,1000000
2017-09-07 12:34:12.065000,1.08815,1.0881,1000000,1560000
2017-09-07 12:34:12.168000,1.08817,1.08813,4310000,1000000
2017-09-07 12:34:12.324000,1.08817,1.08813,1000000,3190000
2017-09-07 12:34:12.627000,1.08818,1.08811,1940000,2060000
2017-09-07 12:34:12.781000,1.08812,1.08809,2250000,4130000
2017-09-07 12:34:13.104000,1.08818,1.08816,1120000,1000000
2017-09-07 12:34:13.155000,1.08818,1.08813,1120000,1500000
2017-09-07 12:34:13.257000,1.08817,1.08812,2620000,1000000
2017-09-07 12:34:13.528000,1.0881,1.08805,1000000,2250000
2017-09-07 12:34:13.675000,1.08815,1.0881,2470000,1000000
2017-09-07 12:34:13.778000,1.08816,1.0881,2060000,1120000
2017-09-07 12:34:14.122000,1.08812,1.08806,1750000,1500000
2017-09-07 12:34:14.176000,1.08811,1.08804,1750000,3190000
2017-09-07 12:34:14.280000,1.0881,1.08808,1000000,1500000
2017-09-07 12:34:14.332000,1.08813,1.08808,1000000,3000000
2017-09-07 12:34:14.590000,1.0881,1.08807,1000000,1870000
2017-09-07 12:34:14.933000,1.08813,1.08808,1120000,1870000
2017-09-07 12:34:15.036000,1.08816,1.08808,3940000,5060000
2017-09-07 12:34:15.088000,1.08816,1.08814,1190000,1000000
2017-09-07 12:34:15.140000,1.08817,1.08811,1120000,3190000
2017-09-07 12:34:15.297000,1.08817,1.0881,1000000,2440000
2017-09-07 12:34:15.612000,1.08815,1.08811,1120000,1000000
2017-09-07 12:34:15.664000,1.08815,1.08809,3750000,1000000
2017-09-07 12:34:15.766000,1.08815,1.08812,1120000,1000000
2017-09-07 12:34:15.868000,1.08815,1.0881,1000000,1370000
2017-09-07 12:34:16.406000,1.08817,1.08809,4310000,3370000
2017-09-07 12:34:16.508000,1.08816,1.08809,1120000,3000000
2017-09-07 12:34:17.031000,1.08817,1.08811,4500000,1120000
2017-09-07 12:34:17.388000,1.0881,1.08805,1500000,1940000
2017-09-07 12:34:17.868000,1.0881,1.08803,5440000,1310000
2017-09-07 12:34:17.974000,1.08812,1.08809,2440000,1120000
2017-09-07 12:34:18.078000,1.08814,1.08809,2440000,1000000
2017-09-07 12:34:18.613000,1.08816,1.08813,1620000,1000000
2017-09-07 12:34:18.999000,1.08813,1.08808,2620000,1380000
2017-09-07 12:34:19.209000,1.08815,1.0881,2060000,1120000
2017-09-07 12:34:19.583000,1.0882,1.08815,2810000,1500000
2017-09-07 12:34:19.654000,1.0882,1.08814,2060000,1120000
2017-09-07 12:34:19.808000,1.08816,1.0881,1870000,2620000
2017-09-07 12:34:20.145000,1.08811,1.08806,1500000,1000000
2017-09-07 12:34:20.197000,1.08813,1.08807,1500000,1870000
2017-09-07 12:34:20.699000,1.08816,1.08813,1500000,2250000
2017-09-07 12:34:20.812000,1.0882,1.08814,1500000,1870000
2017-09-07 12:34:21.118000,1.08819,1.08813,1370000,1750000
2017-09-07 12:34:21.425000,1.08822,1.08818,1870000,1500000
2017-09-07 12:34:21.739000,1.08807,1.08806,1120000,12750000
2017-09-07 12:34:21.865000,1.08805,1.08802,1870000,2060000
2017-09-07 12:34:21.955000,1.08807,1.08803,1300000,1500000
2017-09-07 12:34:22.081000,1.08808,1.08804,2240000,2620000
2017-09-07 12:34:22.629000,1.08807,1.08804,1500000,1000000
2017-09-07 12:34:23.004000,1.088,1.08797,3000000,1870000
2017-09-07 12:34:23.113000,1.08804,1.088,1120000,1100000
2017-09-07 12:34:23.232000,1.08804,1.08798,1000000,1190000
2017-09-07 12:34:23.718000,1.08807,1.08804,1100000,1500000
2017-09-07 12:34:23.928000,1.08821,1.08818,2620000,1120000
2017-09-07 12:34:24.063000,1.08823,1.08814,3370000,7120000
2017-09-07 12:34:24.115000,1.08819,1.08812,1870000,1870000
2017-09-07 12:34:24.474000,1.08813,1.08808,1250000,1500000
2017-09-07 12:34:24.579000,1.08811,1.08808,1500000,1000000
2017-09-07 12:34:24.632000,1.08812,1.08806,1000000,1120000
2017-09-07 12:34:24.819000,1.08811,1.08808,1120000,1000000
2017-09-07 12:34:24.873000,1.08811,1.08804,3000000,1120000
2017-09-07 12:34:25.028000,1.08811,1.08804,1870000,1120000
2017-09-07 12:34:25.132000,1.08812,1.08807,1120000,1000000
2017-09-07 12:34:25.470000,1.08808,1.08803,1120000,1370000
2017-09-07 12:34:25.522000,1.08812,1.08808,1370000,1390000
2017-09-07 12:34:25.676000,1.08812,1.08808,1500000,1760000
2017-09-07 12:34:25.927000,1.08814,1.08808,2250000,2620000
2017-09-07 12:34:26.134000,1.08814,1.08809,2000000,1370000
2017-09-07 12:34:26.475000,1.08822,1.08817,1240000,5250000
2017-09-07 12:34:26.528000,1.08821,1.08815,2620000,1500000
2017-09-07 12:34:26.579000,1.08818,1.08814,1310000,1000000
2017-09-07 12:34:26.633000,1.08817,1.08811,5060000,1120000
2017-09-07 12:34:26.736000,1.08815,1.08809,4120000,2810000
2017-09-07 12:34:27.076000,1.08811,1.08808,1120000,1500000
2017-09-07 12:34:27.435000,1.08813,1.08808,1500000,2890000
2017-09-07 12:34:27.619000,1.08814,1.08809,1120000,1200000
2017-09-07 12:34:27.734000,1.0882,1.08816,1500000,1000000
2017-09-07 12:34:27.786000,1.08817,1.08816,1000000,1000000
2017-09-07 12:34:27.940000,1.08819,1.08813,1750000,2250000
2017-09-07 12:34:28.043000,1.08815,1.0881,3750000,1000000
2017-09-07 12:34:28.190000,1.08813,1.08809,1120000,1000000
2017-09-07 12:34:28.241000,1.08809,1.08803,4870000,1500000
2017-09-07 12:34:28.344000,1.08811,1.08805,7500000,1500000
2017-09-07 12:34:28.398000,1.08811,1.08808,1870000,2250000
2017-09-07 12:34:28.449000,1.08815,1.0881,1750000,1310000
2017-09-07 12:34:28.605000,1.08814,1.0881,3940000,1000000
2017-09-07 12:34:28.781000,1.08813,1.08808,2060000,1870000
2017-09-07 12:34:28.835000,1.08815,1.08812,1000000,1000000
2017-09-07 12:34:28.886000,1.08819,1.08817,1310000,1000000
2017-09-07 12:34:28.989000,1.08824,1.08817,2440000,1000000
2017-09-07 12:34:29.041000,1.08824,1.08822,3940000,1000000
2017-09-07 12:34:29.217000,1.08824,1.08822,3000000,1000000
2017-09-07 12:34:29.321000,1.08822,1.0882,1000000,1000000
2017-09-07 12:34:29.372000,1.08822,1.08816,2060000,1000000
2017-09-07 12:34:29.426000,1.08826,1.0882,2810000,2140000
2017-09-07 12:34:29.478000,1.08826,1.08822,1870000,1000000
2017-09-07 12:34:29.531000,1.0883,1.08826,1370000,1000000
2017-09-07 12:34:29.773000,1.08842,1.08838,1370000,1000000
2017-09-07 12:34:29.928000,1.08843,1.08842,1000000,1000000
2017-09-07 12:34:29.980000,1.08845,1.08843,1000000,1000000
2017-09-07 12:34:30.033000,1.08845,1.08842,1370000,1000000
2017-09-07 12:34:30.088000,1.08846,1.08843,2620000,1000000
2017-09-07 12:34:30.140000,1.08844,1.08843,1000000,1000000
2017-09-07 12:34:30.391000,1.08851,1.08849,1800000,1000000
2017-09-07 12:34:30.443000,1.08851,1.08841,1690000,1870000
2017-09-07 12:34:30.499000,1.08859,1.08856,3940000,1000000
2017-09-07 12:34:30.772000,1.08877,1.08873,1000000,3370000
2017-09-07 12:34:30.824000,1.08878,1.08876,1000000,1000000
2017-09-07 12:34:31.069000,1.08879,1.08877,1500000,1500000
2017-09-07 12:34:31.121000,1.08882,1.08877,1500000,3000000
2017-09-07 12:34:31.173000,1.08885,1.08879,1370000,1370000
2017-09-07 12:34:31.487000,1.0889,1.08885,1120000,1500000
2017-09-07 12:34:31.539000,1.08892,1.08882,1370000,2620000
2017-09-07 12:34:31.668000,1.08895,1.0889,1870000,1000000
2017-09-07 12:34:31.727000,1.08891,1.08887,1500000,1000000
2017-09-07 12:34:31.779000,1.08887,1.08883,2250000,1120000
2017-09-07 12:34:32.107000,1.08895,1.08892,1500000,1000000
2017-09-07 12:34:32.211000,1.08888,1.08885,1000000,2120000
2017-09-07 12:34:32.262000,1.0889,1.08883,1370000,1000000
2017-09-07 12:34:32.319000,1.08887,1.08883,1190000,1500000
2017-09-07 12:34:32.620000,1.08885,1.08877,3370000,1390000
2017-09-07 12:34:32.672000,1.08883,1.08875,1120000,1310000
2017-09-07 12:34:32.724000,1.08879,1.08874,1000000,2060000
2017-09-07 12:34:32.776000,1.08874,1.08871,1500000,1240000
2017-09-07 12:34:32.939000,1.08878,1.0887,1120000,1120000
2017-09-07 12:34:33.009000,1.08878,1.08873,1870000,1000000
2017-09-07 12:34:33.060000,1.08876,1.08871,1000000,1120000
2017-09-07 12:34:33.112000,1.08874,1.08869,2250000,1120000
2017-09-07 12:34:33.421000,1.08882,1.08875,1870000,1000000
2017-09-07 12:34:33.475000,1.08883,1.08881,2620000,1000000
2017-09-07 12:34:33.559000,1.08883,1.08878,1120000,1500000
2017-09-07 12:34:33.611000,1.08885,1.08883,1870000,1190000
2017-09-07 12:34:33.663000,1.08882,1.08878,1500000,1000000
2017-09-07 12:34:33.854000,1.08883,1.0888,1500000,1190000
2017-09-07 12:34:34.009000,1.0889,1.08887,1000000,1000000
2017-09-07 12:34:34.061000,1.08888,1.08887,1000000,1000000
2017-09-07 12:34:34.216000,1.08882,1.08879,1000000,1200000
2017-09-07 12:34:34.421000,1.08882,1.08876,1190000,1120000
2017-09-07 12:34:34.574000,1.08882,1.08878,1000000,1000000
2017-09-07 12:34:34.626000,1.08882,1.08874,1000000,1750000
2017-09-07 12:34:34.677000,1.08884,1.08874,3750000,1750000
2017-09-07 12:34:34.732000,1.08882,1.08873,1310000,4390000
2017-09-07 12:34:34.863000,1.08878,1.08873,2810000,3450000
2017-09-07 12:34:35.171000,1.08872,1.08867,3750000,1470000
2017-09-07 12:34:35.274000,1.08872,1.08865,5060000,1870000
2017-09-07 12:34:35.561000,1.08873,1.08868,2060000,1500000
2017-09-07 12:34:35.925000,1.08881,1.08874,4500000,1870000
2017-09-07 12:34:35.976000,1.08881,1.08874,2620000,1940000
2017-09-07 12:34:36.079000,1.08883,1.08879,2620000,1100000
2017-09-07 12:34:36.131000,1.08884,1.08879,1310000,1200000
2017-09-07 12:34:36.184000,1.08885,1.08879,2620000,3820000
2017-09-07 12:34:36.287000,1.08893,1.08887,1370000,1750000
2017-09-07 12:34:36.340000,1.08901,1.08893,2620000,3750000
2017-09-07 12:34:36.490000,1.08896,1.08891,1370000,1200000
2017-09-07 12:34:36.577000,1.08899,1.08893,3190000,1000000
2017-09-07 12:34:36.628000,1.08901,1.0889,2060000,2250000
2017-09-07 12:34:36.782000,1.08896,1.08891,1370000,1000000
2017-09-07 12:34:36.833000,1.08893,1.08887,2440000,1120000
2017-09-07 12:34:36.951000,1.08893,1.08885,2440000,2250000
2017-09-07 12:34:37.003000,1.08885,1.08882,1370000,1000000
2017-09-07 12:34:37.054000,1.08885,1.08879,1370000,1500000
2017-09-07 12:34:37.105000,1.08884,1.08882,1690000,1000000
2017-09-07 12:34:37.361000,1.08887,1.0888,2060000,1000000
2017-09-07 12:34:37.488000,1.08884,1.08879,1190000,1120000
2017-09-07 12:34:37.591000,1.08886,1.08879,1310000,1160000
2017-09-07 12:34:37.643000,1.08887,1.08879,2810000,1350000
2017-09-07 12:34:37.695000,1.08887,1.08882,2440000,1000000
2017-09-07 12:34:37.998000,1.08885,1.08875,1120000,1370000
2017-09-07 12:34:38.112000,1.08884,1.08874,1870000,1000000
2017-09-07 12:34:38.466000,1.08884,1.08876,1000000,1370000
2017-09-07 12:34:38.775000,1.08885,1.08875,1500000,1870000
2017-09-07 12:34:38.878000,1.08886,1.08878,2620000,1310000
2017-09-07 12:34:39.103000,1.08884,1.08877,1870000,1500000
2017-09-07 12:34:39.411000,1.08882,1.08878,1120000,1000000
2017-09-07 12:34:39.755000,1.08886,1.08879,1500000,4540000
2017-09-07 12:34:39.807000,1.08885,1.08877,1120000,2250000
2017-09-07 12:34:39.961000,1.08884,1.0888,1620000,1500000
2017-09-07 12:34:40.281000,1.08897,1.08891,4120000,1160000
2017-09-07 12:34:40.423000,1.08895,1.08891,1000000,2290000
2017-09-07 12:34:40.495000,1.08896,1.08891,1120000,1160000
2017-09-07 12:34:40.803000,1.08894,1.08887,4500000,1120000
2017-09-07 12:34:40.854000,1.08894,1.08887,4120000,1370000
2017-09-07 12:34:40.906000,1.08895,1.08889,1120000,1100000
2017-09-07 12:34:41.057000,1.08896,1.08891,1000000,1000000
2017-09-07 12:34:41.109000,1.08898,1.08891,1120000,3040000
2017-09-07 12:34:41.371000,1.08893,1.08887,4310000,1120000
2017-09-07 12:34:41.576000,1.08891,1.08886,2060000,4870000
2017-09-07 12:34:41.730000,1.08884,1.08879,1000000,1950000
2017-09-07 12:34:41.782000,1.08884,1.08879,4500000,1950000
2017-09-07 12:34:41.833000,1.08884,1.0888,1750000,1000000
2017-09-07 12:34:41.884000,1.08886,1.08882,1000000,1310000
2017-09-07 12:34:42.146000,1.08876,1.0887,3750000,1500000
2017-09-07 12:34:42.197000,1.08875,1.0887,1870000,1500000
2017-09-07 12:34:42.300000,1.08875,1.08874,1120000,1000000
2017-09-07 12:34:42.352000,1.08881,1.08875,1120000,1000000
2017-09-07 12:34:42.529000,1.08889,1.08881,1000000,2250000
2017-09-07 12:34:42.581000,1.08889,1.08884,1000000,1190000
2017-09-07 12:34:42.633000,1.08887,1.08882,1000000,1190000
2017-09-07 12:34:42.787000,1.08882,1.08877,1000000,1120000
2017-09-07 12:34:42.839000,1.0888,1.0887,1150000,2440000
2017-09-07 12:34:43.006000,1.08877,1.0887,1000000,1120000
2017-09-07 12:34:43.058000,1.08877,1.08871,1000000,1190000
2017-09-07 12:34:43.110000,1.0888,1.08874,1000000,1190000
2017-09-07 12:34:43.161000,1.0888,1.08874,1370000,1000000
2017-09-07 12:34:43.264000,1.08885,1.08873,1750000,1500000
2017-09-07 12:34:43.366000,1.08884,1.08873,1560000,2810000
2017-09-07 12:34:43.712000,1.08882,1.08877,1500000,1500000
2017-09-07 12:34:43.814000,1.08888,1.08881,1540000,2250000
2017-09-07 12:34:44.075000,1.08891,1.08884,1000000,1120000
2017-09-07 12:34:44.127000,1.08894,1.08886,1050000,1000000
2017-09-07 12:34:44.231000,1.08896,1.08886,1870000,1000000
2017-09-07 12:34:44.515000,1.08894,1.08886,1310000,1000000
2017-09-07 12:34:44.618000,1.08896,1.08887,1000000,2620000
2017-09-07 12:34:44.828000,1.08899,1.08891,2620000,1500000
2017-09-07 12:34:45.193000,1.08894,1.0889,1310000,1870000
2017-09-07 12:34:45.245000,1.08898,1.08893,1000000,1370000
2017-09-07 12:34:45.297000,1.08898,1.08893,1000000,1750000
2017-09-07 12:34:45.348000,1.08902,1.08896,1370000,1000000
2017-09-07 12:34:45.569000,1.08901,1.08892,2620000,1370000
2017-09-07 12:34:45.911000,1.08894,1.08888,2250000,1370000
2017-09-07 12:34:46.248000,1.08897,1.08891,1500000,5060000
2017-09-07 12:34:46.300000,1.08898,1.08893,3000000,2250000
2017-09-07 12:34:46.351000,1.08899,1.08892,1500000,1500000
2017-09-07 12:34:46.504000,1.08908,1.08901,2250000,1870000
2017-09-07 12:34:46.606000,1.08908,1.08903,1440000,1130000
2017-09-07 12:34:46.659000,1.08909,1.08906,1250000,1000000
2017-09-07 12:34:46.868000,1.08912,1.08905,3750000,1000000
2017-09-07 12:34:46.924000,1.0891,1.08903,1870000,1500000
2017-09-07 12:34:46.978000,1.0891,1.08905,2250000,1750000
2017-09-07 12:34:47.038000,1.0891,1.08904,3370000,1120000
2017-09-07 12:34:47.152000,1.0891,1.08904,2250000,1750000
2017-09-07 12:34:47.429000,1.08911,1.08904,2440000,1500000
2017-09-07 12:34:47.583000,1.08909,1.08902,3000000,3750000
2017-09-07 12:34:47.637000,1.08909,1.08901,1870000,2700000
2017-09-07 12:34:47.766000,1.08909,1.08902,1500000,4870000
2017-09-07 12:34:47.818000,1.0891,1.08903,1370000,1500000
2017-09-07 12:34:47.874000,1.08906,1.08901,4500000,1120000
2017-09-07 12:34:47.927000,1.08902,1.08896,1000000,1690000
2017-09-07 12:34:48.172000,1.08904,1.08897,1370000,2250000
2017-09-07 12:34:48.629000,1.08904,1.08898,1500000,1000000
2017-09-07 12:34:48.685000,1.08907,1.08899,1120000,1690000
2017-09-07 12:34:48.839000,1.08911,1.08903,1880000,1690000
2017-09-07 12:34:48.890000,1.08912,1.08905,1120000,1000000
2017-09-07 12:34:49.018000,1.08908,1.08907,1000000,1000000
2017-09-07 12:34:49.101000,1.08907,1.08902,2060000,1000000
2017-09-07 12:34:49.154000,1.08907,1.08903,1000000,1000000
2017-09-07 12:34:49.205000,1.08907,1.08903,2250000,1000000
2017-09-07 12:34:49.386000,1.08902,1.08899,1000000,1000000
2017-09-07 12:34:49.440000,1.08894,1.08887,1120000,1000000
2017-09-07 12:34:49.492000,1.08894,1.0889,1120000,1000000
2017-09-07 12:34:49.817000,1.08896,1.0889,1000000,1370000
2017-09-07 12:34:49.868000,1.08892,1.08888,1000000,2250000
2017-09-07 12:34:49.971000,1.08887,1.08882,1500000,1120000
2017-09-07 12:34:50.023000,1.08884,1.0888,2250000,1000000
2017-09-07 12:34:50.252000,1.0888,1.08875,1000000,1000000
2017-09-07 12:34:50.303000,1.08881,1.08875,1870000,1000000
2017-09-07 12:34:50.355000,1.0888,1.08873,1370000,1000000
2017-09-07 12:34:50.638000,1.08874,1.08867,1120000,1120000
2017-09-07 12:34:50.690000,1.08875,1.08869,1370000,1500000
2017-09-07 12:34:50.744000,1.08873,1.08867,1000000,1120000
2017-09-07 12:34:50.848000,1.08866,1.08863,1000000,1500000
2017-09-07 12:34:50.900000,1.08865,1.08861,1000000,1870000
2017-09-07 12:34:50.952000,1.08866,1.08861,1870000,1500000
2017-09-07 12:34:51.003000,1.08866,1.08864,1120000,1000000
2017-09-07 12:34:51.173000,1.08874,1.08868,1450000,1000000
2017-09-07 12:34:51.276000,1.08875,1.08868,1000000,1190000
2017-09-07 12:34:51.432000,1.08869,1.08864,1500000,2620000
2017-09-07 12:34:51.484000,1.08866,1.08863,1120000,1000000
2017-09-07 12:34:51.797000,1.08871,1.08864,5250000,1690000
2017-09-07 12:34:52.099000,1.08858,1.08853,2250000,1690000
2017-09-07 12:34:52.235000,1.08858,1.08853,1500000,1120000
2017-09-07 12:34:52.287000,1.08856,1.08851,1000000,4500000
2017-09-07 12:34:52.338000,1.08853,1.08851,1500000,4500000
2017-09-07 12:34:52.390000,1.08849,1.08844,1000000,3000000
2017-09-07 12:34:52.493000,1.08848,1.08843,1000000,1120000
2017-09-07 12:34:52.818000,1.08848,1.08846,1500000,1000000
2017-09-07 12:34:52.873000,1.08856,1.08849,6190000,1120000
2017-09-07 12:34:52.930000,1.08864,1.08858,1120000,1190000
2017-09-07 12:34:53.115000,1.08864,1.08857,1120000,1000000
2017-09-07 12:34:53.167000,1.08869,1.08863,3190000,1000000
2017-09-07 12:34:53.219000,1.08869,1.08863,2620000,1000000
2017-09-07 12:34:53.271000,1.08872,1.08868,1750000,1000000
2017-09-07 12:34:53.322000,1.08872,1.08868,1000000,1000000
2017-09-07 12:34:53.426000,1.08876,1.08868,1650000,1000000
2017-09-07 12:34:53.655000,1.08883,1.08873,2320000,1370000
2017-09-07 12:34:53.778000,1.08885,1.08876,1500000,1000000
2017-09-07 12:34:53.831000,1.08882,1.08875,1500000,2250000
2017-09-07 12:34:54.088000,1.08879,1.08871,1000000,1000000
2017-09-07 12:34:54.228000,1.08877,1.0887,2440000,1370000
2017-09-07 12:34:54.432000,1.08878,1.08875,1000000,1500000
2017-09-07 12:34:54.484000,1.08882,1.08878,5620000,1000000
2017-09-07 12:34:54.535000,1.08882,1.08878,3190000,1000000
2017-09-07 12:34:54.637000,1.08884,1.08878,1500000,1000000
2017-09-07 12:34:54.790000,1.08882,1.08875,1190000,1870000
2017-09-07 12:34:54.944000,1.08874,1.08867,1870000,3260000
2017-09-07 12:34:55.048000,1.08874,1.08866,1500000,1120000
2017-09-07 12:34:55.099000,1.08874,1.08865,1500000,2060000
2017-09-07 12:34:55.316000,1.08873,1.08865,1500000,1870000
2017-09-07 12:34:55.369000,1.08867,1.08863,2250000,1000000
2017-09-07 12:34:55.430000,1.08867,1.0886,2620000,2250000
2017-09-07 12:34:55.482000,1.08867,1.08862,2250000,1310000
2017-09-07 12:34:55.533000,1.08867,1.08862,1000000,1310000
2017-09-07 12:34:55.636000,1.08869,1.08862,1500000,2810000
2017-09-07 12:34:55.977000,1.08872,1.08865,2060000,1750000
2017-09-07 12:34:56.486000,1.08876,1.08868,2250000,1000000
2017-09-07 12:34:56.537000,1.08875,1.08866,1940000,2620000
2017-09-07 12:34:56.945000,1.08873,1.08867,1000000,3000000
2017-09-07 12:34:56.996000,1.08876,1.08868,2810000,1750000
2017-09-07 12:34:57.137000,1.08874,1.08868,3750000,1000000
2017-09-07 12:34:57.188000,1.08872,1.08866,1940000,1000000
2017-09-07 12:34:57.239000,1.08874,1.08868,2140000,4500000
2017-09-07 12:34:57.291000,1.08878,1.08872,2000000,1500000
2017-09-07 12:34:57.342000,1.08877,1.08872,1000000,1120000
2017-09-07 12:34:57.394000,1.08876,1.08871,2620000,1370000
2017-09-07 12:34:57.751000,1.08876,1.08867,2770000,4420000
2017-09-07 12:34:57.803000,1.08873,1.08866,1000000,1990000
2017-09-07 12:34:57.855000,1.08871,1.08866,2250000,1120000
2017-09-07 12:34:58.213000,1.08868,1.08866,1000000,1000000
2017-09-07 12:34:58.267000,1.08868,1.08862,1370000,1500000
2017-09-07 12:34:58.476000,1.08866,1.08863,2620000,1000000
2017-09-07 12:34:58.731000,1.0886,1.08855,1870000,2620000
2017-09-07 12:34:59.003000,1.0886,1.08853,1120000,1870000
2017-09-07 12:34:59.055000,1.08861,1.08853,1190000,1870000
2017-09-07 12:34:59.327000,1.08864,1.08859,1500000,1870000
2017-09-07 12:34:59.379000,1.08863,1.08859,3750000,1500000
2017-09-07 12:34:59.508000,1.08866,1.0886,1620000,2620000
2017-09-07 12:34:59.766000,1.08864,1.08859,2810000,3670000
2017-09-07 12:35:00.139000,1.08864,1.08861,1310000,1120000
2017-09-07 12:35:00.347000,1.08862,1.08858,1000000,2770000
2017-09-07 12:35:00.501000,1.08861,1.08855,1500000,1500000
2017-09-07 12:35:00.695000,1.0886,1.08854,2060000,3370000
2017-09-07 12:35:00.746000,1.08864,1.0886,1690000,1000000
2017-09-07 12:35:00.849000,1.08865,1.0886,3930000,1000000
2017-09-07 12:35:00.955000,1.08866,1.0886,2810000,1500000
2017-09-07 12:35:01.494000,1.08866,1.0886,1250000,1500000
2017-09-07 12:35:01.649000,1.08867,1.08862,2170000,3750000
2017-09-07 12:35:01.700000,1.08864,1.0886,1750000,1000000
2017-09-07 12:35:01.841000,1.08868,1.08865,1870000,1000000
2017-09-07 12:35:01.892000,1.08864,1.08859,2620000,1120000
2017-09-07 12:35:02.046000,1.08859,1.08855,1500000,1690000
2017-09-07 12:35:02.253000,1.08863,1.08856,1690000,1500000
2017-09-07 12:35:02.304000,1.08862,1.08854,1650000,2060000
2017-09-07 12:35:02.635000,1.08852,1.08848,1500000,1120000
2017-09-07 12:35:03.019000,1.08855,1.0885,1000000,2620000
2017-09-07 12:35:03.228000,1.08857,1.0885,1870000,1250000
2017-09-07 12:35:03.280000,1.08853,1.08849,1310000,1500000
2017-09-07 12:35:03.333000,1.08857,1.0885,3560000,1120000
2017-09-07 12:35:03.441000,1.08859,1.08853,1310000,1500000
2017-09-07 12:35:03.493000,1.08858,1.08853,1000000,1500000
2017-09-07 12:35:03.687000,1.08856,1.08853,1000000,1000000
2017-09-07 12:35:03.993000,1.08851,1.08847,1000000,1120000
2017-09-07 12:35:04.044000,1.0885,1.08846,1500000,2620000
2017-09-07 12:35:04.147000,1.08847,1.08842,1250000,1500000
2017-09-07 12:35:04.357000,1.08844,1.08836,2060000,1870000
2017-09-07 12:35:04.667000,1.08846,1.0884,3940000,1000000
2017-09-07 12:35:04.979000,1.08846,1.08844,1000000,2250000
2017-09-07 12:35:05.642000,1.08845,1.08843,1250000,1000000
2017-09-07 12:35:05.694000,1.08853,1.08849,1690000,1000000
2017-09-07 12:35:05.797000,1.08853,1.08846,3190000,2620000
2017-09-07 12:35:06.263000,1.08851,1.08845,1120000,1500000
2017-09-07 12:35:06.519000,1.0885,1.08844,1870000,1500000
2017-09-07 12:35:06.829000,1.08857,1.08853,1540000,1500000
2017-09-07 12:35:06.947000,1.08862,1.08856,1500000,2250000
2017-09-07 12:35:07.051000,1.08858,1.08854,2250000,1370000
2017-09-07 12:35:07.102000,1.08857,1.08852,2810000,1120000
2017-09-07 12:35:07.155000,1.08855,1.08851,1120000,1000000
2017-09-07 12:35:07.310000,1.08858,1.08853,4310000,1000000
2017-09-07 12:35:07.414000,1.08857,1.08853,1560000,1370000
2017-09-07 12:35:07.643000,1.08851,1.08845,1250000,3000000
2017-09-07 12:35:07.898000,1.08854,1.08848,4910000,1120000
2017-09-07 12:35:08.052000,1.08855,1.08847,3940000,1120000
2017-09-07 12:35:08.472000,1.08851,1.08845,1250000,2250000
2017-09-07 12:35:08.780000,1.08845,1.08841,3560000,1120000
2017-09-07 12:35:09.063000,1.08829,1.08823,1370000,2060000
2017-09-07 12:35:09.117000,1.08831,1.08828,1000000,1000000
2017-09-07 12:35:09.168000,1.08835,1.08828,2810000,2250000
2017-09-07 12:35:09.219000,1.08841,1.08835,7300000,1750000
2017-09-07 12:35:09.271000,1.08837,1.08835,1250000,1500000
2017-09-07 12:35:09.502000,1.08843,1.08836,4310000,2250000
2017-09-07 12:35:09.554000,1.08839,1.08833,2000000,1450000
2017-09-07 12:35:09.656000,1.08839,1.08834,1120000,2620000
2017-09-07 12:35:09.707000,1.08843,1.08834,1560000,3000000
2017-09-07 12:35:10.206000,1.0884,1.08834,1050000,1370000
2017-09-07 12:35:10.514000,1.08845,1.08838,1310000,2620000
2017-09-07 12:35:10.924000,1.08845,1.08838,1310000,1870000
2017-09-07 12:35:11.029000,1.08841,1.08836,1120000,1690000
2017-09-07 12:35:11.342000,1.08833,1.08831,2440000,1000000
2017-09-07 12:35:11.525000,1.0884,1.08833,3370000,1870000
2017-09-07 12:35:11.577000,1.08837,1.08833,2620000,1500000
2017-09-07 12:35:11.682000,1.08836,1.0883,2000000,1120000
2017-09-07 12:35:11.737000,1.08823,1.08819,1120000,2440000
2017-09-07 12:35:12.087000,1.08837,1.08834,3190000,1000000
2017-09-07 12:35:12.139000,1.08835,1.08828,1500000,2060000
2017-09-07 12:35:12.241000,1.0883,1.08826,2620000,1690000
2017-09-07 12:35:12.345000,1.08829,1.08825,1500000,1000000
2017-09-07 12:35:12.398000,1.08831,1.08821,2060000,1870000
2017-09-07 12:35:12.555000,1.0883,1.08824,1190000,1120000
2017-09-07 12:35:12.658000,1.0883,1.08823,1190000,1870000
2017-09-07 12:35:12.715000,1.0883,1.08823,1000000,2060000
2017-09-07 12:35:12.772000,1.0883,1.08825,1000000,1500000
2017-09-07 12:35:12.826000,1.08835,1.08826,2440000,4870000
2017-09-07 12:35:12.965000,1.08833,1.08827,1000000,1000000
2017-09-07 12:35:13.091000,1.08834,1.08827,2060000,2250000
2017-09-07 12:35:13.445000,1.08838,1.0883,3940000,1870000
2017-09-07 12:35:13.591000,1.08829,1.08826,1000000,4310000
2017-09-07 12:35:13.694000,1.08829,1.08822,2060000,1500000
2017-09-07 12:35:13.798000,1.08828,1.0882,2440000,1120000
2017-09-07 12:35:13.901000,1.08823,1.08819,1000000,1500000
2017-09-07 12:35:13.953000,1.08825,1.08819,1310000,1000000
2017-09-07 12:35:14.085000,1.08825,1.08818,1560000,1500000
2017-09-07 12:35:14.395000,1.08828,1.08822,1870000,1000000
2017-09-07 12:35:14.581000,1.0883,1.08822,1000000,1000000
2017-09-07 12:35:14.633000,1.08831,1.08825,1000000,1500000
2017-09-07 12:35:14.993000,1.08833,1.08826,1120000,1870000
2017-09-07 12:35:15.366000,1.08832,1.08825,1620000,1750000
2017-09-07 12:35:15.956000,1.08832,1.08825,1500000,2250000
2017-09-07 12:35:16.482000,1.08833,1.08825,2440000,1750000
2017-09-07 12:35:16.700000,1.08833,1.08828,1000000,1120000
2017-09-07 12:35:16.904000,1.08837,1.08834,1870000,1000000
2017-09-07 12:35:17.085000,1.08844,1.08838,1310000,1370000
2017-09-07 12:35:17.188000,1.08845,1.08839,1620000,2620000
2017-09-07 12:35:17.336000,1.08844,1.08836,1310000,1750000
2017-09-07 12:35:18.030000,1.08844,1.08836,1120000,1870000
2017-09-07 12:35:18.185000,1.08844,1.08836,2250000,1120000
2017-09-07 12:35:18.287000,1.0884,1.08834,1120000,1870000
2017-09-07 12:35:18.794000,1.0884,1.08834,1500000,1500000
2017-09-07 12:35:18.846000,1.08835,1.08833,2250000,1000000
2017-09-07 12:35:18.897000,1.08834,1.0883,1120000,1000000
2017-09-07 12:35:19.204000,1.08832,1.08829,1000000,1000000
2017-09-07 12:35:19.475000,1.08834,1.08829,2250000,1120000
2017-09-07 12:35:19.784000,1.08834,1.08827,3370000,3000000
2017-09-07 12:35:20.330000,1.08832,1.08827,1000000,1000000
2017-09-07 12:35:20.687000,1.08829,1.08826,1000000,1120000
2017-09-07 12:35:21.208000,1.08831,1.08824,3940000,1370000
2017-09-07 12:35:21.510000,1.08834,1.08829,1120000,1370000
2017-09-07 12:35:21.827000,1.08838,1.0883,1690000,2510000
2017-09-07 12:35:21.982000,1.08835,1.08831,1000000,1120000
2017-09-07 12:35:22.173000,1.08835,1.0883,4310000,1000000
2017-09-07 12:35:22.247000,1.08831,1.0883,1000000,1000000
2017-09-07 12:35:22.453000,1.08838,1.08835,1000000,1000000
2017-09-07 12:35:22.505000,1.08838,1.08835,1000000,1120000
2017-09-07 12:35:22.558000,1.08841,1.08835,1370000,1120000
2017-09-07 12:35:22.838000,1.08846,1.08838,1500000,1880000
2017-09-07 12:35:22.890000,1.08846,1.0884,1120000,1120000
2017-09-07 12:35:23.202000,1.08852,1.08849,3190000,1000000
2017-09-07 12:35:23.353000,1.08852,1.08845,4120000,2060000
2017-09-07 12:35:23.872000,1.08849,1.08845,1500000,1000000
2017-09-07 12:35:24.026000,1.08846,1.08841,1500000,1690000
2017-09-07 12:35:24.078000,1.08846,1.08841,1690000,1120000
2017-09-07 12:35:24.180000,1.08841,1.0884,1000000,1000000
2017-09-07 12:35:24.231000,1.08843,1.08838,3190000,1000000
2017-09-07 12:35:24.386000,1.08843,1.08842,1120000,1000000
2017-09-07 12:35:24.634000,1.08849,1.08845,1250000,1870000
2017-09-07 12:35:24.687000,1.08848,1.08843,1000000,2250000
2017-09-07 12:35:24.741000,1.08846,1.08841,3000000,1000000
2017-09-07 12:35:25.296000,1.08846,1.08839,1870000,1750000
2017-09-07 12:35:25.606000,1.08846,1.08838,3370000,3000000
2017-09-07 12:35:25.760000,1.08846,1.08842,1120000,1120000
2017-09-07 12:35:25.813000,1.08846,1.08843,1120000,2250000
2017-09-07 12:35:26.040000,1.08846,1.08841,1500000,1500000
2017-09-07 12:35:26.193000,1.08847,1.08845,1120000,1000000
2017-09-07 12:35:26.401000,1.08849,1.08845,1000000,1310000
2017-09-07 12:35:26.830000,1.08851,1.08846,1120000,4120000
2017-09-07 12:35:26.933000,1.08853,1.08848,1120000,1750000
2017-09-07 12:35:27.284000,1.0885,1.08848,1000000,1500000
2017-09-07 12:35:27.388000,1.08849,1.08844,1000000,1010000
2017-09-07 12:35:27.493000,1.08849,1.08846,1000000,2250000
2017-09-07 12:35:27.915000,1.08851,1.08845,1120000,1500000
2017-09-07 12:35:28.018000,1.08848,1.08844,1000000,1010000
2017-09-07 12:35:28.747000,1.08847,1.08844,1000000,1690000
2017-09-07 12:35:29.105000,1.08849,1.08845,1000000,1500000
2017-09-07 12:35:29.570000,1.08845,1.08843,1000000,1310000
2017-09-07 12:35:29.878000,1.08831,1.0883,1000000,11060000
2017-09-07 12:35:29.930000,1.0883,1.08827,1000000,10870000
2017-09-07 12:35:30.159000,1.08831,1.08829,1000000,1370000
2017-09-07 12:35:30.261000,1.08835,1.08833,1120000,1870000
2017-09-07 12:35:30.364000,1.08837,1.08835,1250000,1000000
2017-09-07 12:35:30.620000,1.08834,1.08831,1500000,1120000
2017-09-07 12:35:31.150000,1.08835,1.08831,1000000,1120000
2017-09-07 12:35:31.253000,1.08833,1.08831,1000000,1000000
2017-09-07 12:35:31.519000,1.08831,1.08827,1000000,1870000
2017-09-07 12:35:31.570000,1.08827,1.08826,1000000,1870000
2017-09-07 12:35:31.724000,1.08824,1.08819,1310000,1500000
2017-09-07 12:35:31.827000,1.08824,1.08823,1000000,1120000
2017-09-07 12:35:31.878000,1.08827,1.08823,1500000,1500000
2017-09-07 12:35:32.203000,1.08828,1.08826,1250000,1000000
2017-09-07 12:35:32.306000,1.0883,1.08826,1000000,2250000
2017-09-07 12:35:32.664000,1.0883,1.08827,1000000,2620000
2017-09-07 12:35:33.047000,1.08828,1.08826,1000000,1000000
2017-09-07 12:35:33.099000,1.08828,1.08825,1000000,1000000
2017-09-07 12:35:33.150000,1.0883,1.08824,2250000,1000000
2017-09-07 12:35:33.526000,1.08827,1.08821,1560000,3000000
2017-09-07 12:35:33.834000,1.08813,1.0881,1000000,1500000
2017-09-07 12:35:34.343000,1.08813,1.08809,1000000,1500000
2017-09-07 12:35:34.948000,1.08811,1.08808,1000000,1130000
2017-09-07 12:35:35.261000,1.08813,1.08809,1000000,1120000
2017-09-07 12:35:35.313000,1.08814,1.0881,1000000,1500000
2017-09-07 12:35:35.468000,1.08816,1.08811,1500000,1120000
2017-09-07 12:35:35.780000,1.08813,1.0881,1000000,1000000
2017-09-07 12:35:35.884000,1.08815,1.08811,1000000,1120000
2017-09-07 12:35:35.935000,1.08816,1.08811,1120000,1750000
2017-09-07 12:35:36.489000,1.08818,1.08812,1000000,1370000
2017-09-07 12:35:37,1.0882,1.08814,1250000,2620000
2017-09-07 12:35:37.315000,1.08817,1.08811,1500000,3940000
2017-09-07 12:35:37.367000,1.08816,1.08811,1500000,1120000
2017-09-07 12:35:37.524000,1.08819,1.08814,2440000,2250000
2017-09-07 12:35:37.883000,1.08821,1.08815,1310000,1370000
2017-09-07 12:35:37.939000,1.08822,1.08816,1690000,1250000
2017-09-07 12:35:37.996000,1.08817,1.08814,1120000,2440000
2017-09-07 12:35:38.048000,1.08817,1.08812,5250000,1000000
2017-09-07 12:35:38.152000,1.08814,1.08811,1750000,1000000
2017-09-07 12:35:38.256000,1.08815,1.08811,1690000,1500000
2017-09-07 12:35:38.308000,1.08818,1.08814,2810000,1000000
2017-09-07 12:35:38.500000,1.08821,1.08816,1000000,2250000
2017-09-07 12:35:38.552000,1.0882,1.08816,1120000,1000000
2017-09-07 12:35:39.127000,1.0882,1.08815,1870000,1120000
2017-09-07 12:35:39.433000,1.08811,1.08807,3000000,1500000
2017-09-07 12:35:39.688000,1.08814,1.08808,3190000,1690000
2017-09-07 12:35:39.772000,1.08811,1.08807,2060000,1120000
2017-09-07 12:35:40.233000,1.08811,1.08806,1000000,2060000
2017-09-07 12:35:40.720000,1.08816,1.08811,1120000,1120000
2017-09-07 12:35:40.823000,1.08818,1.08811,3450000,1870000
2017-09-07 12:35:40.926000,1.08817,1.08811,1870000,1120000
2017-09-07 12:35:41.273000,1.08824,1.08818,1000000,1750000
2017-09-07 12:35:41.430000,1.08825,1.08821,1000000,1500000
2017-09-07 12:35:41.957000,1.08825,1.08821,1000000,1120000
2017-09-07 12:35:42.060000,1.08827,1.08821,1690000,1120000
2017-09-07 12:35:42.214000,1.08831,1.08826,2440000,1120000
2017-09-07 12:35:42.265000,1.08831,1.08826,1250000,1120000
2017-09-07 12:35:42.636000,1.08818,1.08817,1690000,1000000
2017-09-07 12:35:42.792000,1.08815,1.08811,1120000,2440000
2017-09-07 12:35:42.845000,1.08813,1.08809,1000000,1310000
2017-09-07 12:35:42.897000,1.08813,1.08808,1120000,1120000
2017-09-07 12:35:42.949000,1.08814,1.08808,1500000,1870000
2017-09-07 12:35:43.166000,1.08818,1.08812,1500000,1370000
2017-09-07 12:35:43.273000,1.08818,1.08815,1120000,1000000
2017-09-07 12:35:43.582000,1.08818,1.08815,1750000,1000000
2017-09-07 12:35:43.761000,1.08817,1.08811,1500000,1120000
2017-09-07 12:35:44.323000,1.08815,1.08811,3000000,1870000
2017-09-07 12:35:44.560000,1.0881,1.08805,1310000,1870000
2017-09-07 12:35:44.768000,1.08809,1.08805,3940000,1000000
2017-09-07 12:35:45.079000,1.08805,1.08802,2000000,1000000
2017-09-07 12:35:45.279000,1.08799,1.08794,2250000,3000000
2017-09-07 12:35:45.796000,1.08799,1.08796,1250000,1370000
2017-09-07 12:35:45.955000,1.08804,1.08798,2440000,1120000
2017-09-07 12:35:46.319000,1.08804,1.08798,1250000,3000000
2017-09-07 12:35:46.660000,1.08806,1.088,2060000,1870000
2017-09-07 12:35:46.815000,1.08808,1.08803,1250000,1000000
2017-09-07 12:35:46.867000,1.08805,1.08802,1250000,4120000
2017-09-07 12:35:46.970000,1.08809,1.08803,1310000,2620000
2017-09-07 12:35:47.022000,1.08813,1.08809,1500000,1370000
2017-09-07 12:35:47.125000,1.08816,1.08812,1310000,1120000
2017-09-07 12:35:47.770000,1.0882,1.08816,1370000,1310000
2017-09-07 12:35:47.873000,1.08821,1.08817,1000000,1750000
2017-09-07 12:35:48.419000,1.08822,1.08818,1870000,1500000
2017-09-07 12:35:48.954000,1.08822,1.08818,2060000,1000000
2017-09-07 12:35:49.462000,1.08822,1.08818,1120000,1870000
2017-09-07 12:35:49.976000,1.08821,1.08818,1000000,1000000
2017-09-07 12:35:50.526000,1.08823,1.08818,2440000,1120000
2017-09-07 12:35:50.663000,1.08825,1.0882,2060000,2250000
2017-09-07 12:35:50.717000,1.0883,1.08828,1310000,1000000
2017-09-07 12:35:50.887000,1.08827,1.08824,1000000,2440000
2017-09-07 12:35:50.952000,1.08827,1.08822,1690000,1500000
2017-09-07 12:35:51.004000,1.08828,1.08823,2810000,1120000
2017-09-07 12:35:51.158000,1.0883,1.08826,2250000,1500000
2017-09-07 12:35:51.426000,1.08833,1.08827,1500000,1370000
2017-09-07 12:35:51.943000,1.08833,1.08827,2250000,1370000
2017-09-07 12:35:52.110000,1.08828,1.08826,1000000,1000000
2017-09-07 12:35:52.264000,1.08826,1.08821,1690000,1000000
2017-09-07 12:35:52.521000,1.08828,1.08822,1370000,1000000
2017-09-07 12:35:52.840000,1.08822,1.08817,1250000,2250000
2017-09-07 12:35:53.147000,1.08821,1.08815,1250000,1870000
2017-09-07 12:35:53.690000,1.08819,1.08814,3560000,2400000
2017-09-07 12:35:53.741000,1.08819,1.08813,4310000,3340000
2017-09-07 12:35:53.794000,1.0882,1.08815,1560000,1000000
2017-09-07 12:35:54.162000,1.08821,1.08818,1690000,1000000
2017-09-07 12:35:54.318000,1.08822,1.08819,1310000,1120000
2017-09-07 12:35:54.625000,1.08822,1.08818,2060000,1000000
2017-09-07 12:35:54.677000,1.08821,1.08814,2810000,3560000
2017-09-07 12:35:54.833000,1.0882,1.08814,2440000,1870000
2017-09-07 12:35:55.038000,1.08821,1.08814,1870000,2250000
2017-09-07 12:35:55.346000,1.08817,1.08813,1000000,1000000
2017-09-07 12:35:55.518000,1.08811,1.08808,1000000,1310000
2017-09-07 12:35:55.826000,1.08818,1.08813,1500000,2060000
2017-09-07 12:35:55.929000,1.08822,1.08816,1000000,1750000
2017-09-07 12:35:56.070000,1.08824,1.08819,1200000,2250000
2017-09-07 12:35:56.377000,1.08822,1.08817,1120000,1000000
2017-09-07 12:35:56.831000,1.08825,1.0882,4310000,1870000
2017-09-07 12:35:56.933000,1.08825,1.08821,1000000,1370000
2017-09-07 12:35:57.138000,1.08831,1.08826,3750000,1870000
2017-09-07 12:35:57.190000,1.08831,1.08828,5250000,1370000
2017-09-07 12:35:57.241000,1.08834,1.08828,1690000,1370000
2017-09-07 12:35:57.344000,1.08835,1.08827,4690000,1750000
2017-09-07 12:35:57.470000,1.08834,1.08827,1690000,1750000
2017-09-07 12:35:57.985000,1.08833,1.08827,2250000,1500000
2017-09-07 12:35:58.036000,1.08827,1.08825,1370000,1120000
2017-09-07 12:35:58.088000,1.08828,1.08824,1120000,3150000
2017-09-07 12:35:58.353000,1.08833,1.08826,1190000,2810000
2017-09-07 12:35:58.507000,1.08834,1.08827,4500000,1120000
2017-09-07 12:35:58.621000,1.08832,1.08826,1190000,1500000
2017-09-07 12:35:58.724000,1.08833,1.08827,1690000,2250000
2017-09-07 12:35:58.775000,1.08833,1.08829,1000000,1370000
2017-09-07 12:35:58.931000,1.08834,1.08827,4500000,2440000
2017-09-07 12:35:59.443000,1.08834,1.08826,5440000,3370000
2017-09-07 12:36:01.004000,1.08831,1.08828,1000000,1000000
2017-09-07 12:36:01.524000,1.08832,1.08828,1690000,1000000
2017-09-07 12:36:01.627000,1.08832,1.08828,2060000,1000000
2017-09-07 12:36:02.048000,1.08834,1.08828,4310000,1120000
2017-09-07 12:36:02.305000,1.08833,1.08832,1000000,1000000
2017-09-07 12:36:02.358000,1.08837,1.08832,1540000,4310000
2017-09-07 12:36:02.410000,1.08837,1.08833,1050000,1370000
2017-09-07 12:36:02.461000,1.0884,1.08834,2810000,1690000
2017-09-07 12:36:02.513000,1.08841,1.08838,5060000,1000000
2017-09-07 12:36:02.859000,1.0885,1.08844,2440000,1120000
2017-09-07 12:36:03.409000,1.0885,1.08846,1310000,1120000
2017-09-07 12:36:03.563000,1.08852,1.08847,1500000,1000000
2017-09-07 12:36:04.101000,1.08852,1.08848,2620000,1000000
2017-09-07 12:36:04.824000,1.08852,1.0885,2810000,1000000
2017-09-07 12:36:04.876000,1.08855,1.0885,2060000,2620000
2017-09-07 12:36:05.182000,1.08857,1.08851,1560000,1370000
2017-09-07 12:36:05.234000,1.08856,1.0885,2440000,3370000
2017-09-07 12:36:05.286000,1.08853,1.0885,2250000,1370000
2017-09-07 12:36:05.390000,1.08852,1.08848,2060000,1120000
2017-09-07 12:36:05.594000,1.08851,1.08848,2000000,1000000
2017-09-07 12:36:05.699000,1.08846,1.08842,2250000,1870000
2017-09-07 12:36:05.852000,1.08843,1.08838,1500000,3560000
2017-09-07 12:36:06.005000,1.0884,1.08836,2060000,1120000
2017-09-07 12:36:06.244000,1.08839,1.08834,1310000,1120000
2017-09-07 12:36:06.347000,1.08837,1.08832,1000000,2060000
2017-09-07 12:36:06.887000,1.08836,1.08832,1000000,1000000
2017-09-07 12:36:07.599000,1.08837,1.08832,2440000,1000000
2017-09-07 12:36:07.934000,1.0884,1.08835,1570000,1120000
2017-09-07 12:36:08.242000,1.08849,1.08845,1000000,1310000
2017-09-07 12:36:08.461000,1.08849,1.08843,1870000,1120000
2017-09-07 12:36:08.513000,1.08849,1.08845,1000000,1000000
2017-09-07 12:36:08.821000,1.08854,1.08851,1000000,1750000
2017-09-07 12:36:08.873000,1.08859,1.08853,1500000,2250000
2017-09-07 12:36:09.137000,1.08861,1.08857,1000000,1000000
2017-09-07 12:36:09.648000,1.08863,1.08857,2060000,1370000
2017-09-07 12:36:10.156000,1.08864,1.08859,3560000,1000000
2017-09-07 12:36:10.617000,1.08865,1.08861,2440000,1000000
