time,ask,bid,ask_volume,bid_volume
2022-05-11 14:25:00.001000,1.30195,1.30189,1670000,1320000
2022-05-11 14:25:00.103000,1.30195,1.30189,1810000,1320000
2022-05-11 14:25:00.154000,1.30196,1.30189,2340000,2360000
2022-05-11 14:25:00.539000,1.30196,1.30189,2340000,2340000
2022-05-11 14:25:01.408000,1.30197,1.30188,1800000,2520000
2022-05-11 14:25:01.664000,1.30197,1.30191,1200000,1460000
2022-05-11 14:25:02.368000,1.30198,1.30193,1500000,1320000
2022-05-11 14:25:02.775000,1.302,1.30195,1200000,1440000
2022-05-11 14:25:02.827000,1.30203,1.30197,4500000,1440000
2022-05-11 14:25:02.929000,1.30204,1.30198,1200000,1440000
2022-05-11 14:25:03.031000,1.302,1.30195,1200000,1200000
2022-05-11 14:25:03.134000,1.302,1.30194,1200000,1200000
2022-05-11 14:25:03.236000,1.30201,1.30194,1800000,2340000
2022-05-11 14:25:03.338000,1.30201,1.30194,1800000,2520000
2022-05-11 14:25:03.468000,1.30202,1.30195,6840000,1440000
2022-05-11 14:25:05.557000,1.30204,1.30199,5240000,1340000
2022-05-11 14:25:05.660000,1.30207,1.30201,1500000,1920000
2022-05-11 14:25:05.762000,1.30207,1.302,1200000,2780000
2022-05-11 14:25:05.864000,1.30209,1.30202,2780000,1460000
2022-05-11 14:25:06.271000,1.30209,1.30203,1200000,1460000
2022-05-11 14:25:06.424000,1.3021,1.30205,1200000,1320000
2022-05-11 14:25:06.527000,1.3021,1.30204,1200000,1440000
2022-05-11 14:25:07.664000,1.30209,1.302,8640000,1200000
2022-05-11 14:25:07.766000,1.30207,1.302,3830000,1200000
2022-05-11 14:25:07.868000,1.30208,1.30201,2540000,1440000
2022-05-11 14:25:07.970000,1.30208,1.30202,1200000,1440000
2022-05-11 14:25:08.072000,1.30211,1.30208,2840000,1200000
2022-05-11 14:25:08.175000,1.30215,1.30207,2030000,1200000
2022-05-11 14:25:08.531000,1.30214,1.30208,3190000,1200000
2022-05-11 14:25:08.684000,1.3021,1.30203,2400000,2340000
2022-05-11 14:25:08.786000,1.3021,1.30204,1340000,1200000
2022-05-11 14:25:09.602000,1.30214,1.30207,1200000,1200000
2022-05-11 14:25:09.704000,1.30215,1.30208,2240000,1440000
2022-05-11 14:25:11.151000,1.30216,1.30208,1340000,1440000
2022-05-11 14:25:11.920000,1.30215,1.30208,2940000,1200000
2022-05-11 14:25:12.135000,1.30212,1.30206,1920000,1200000
2022-05-11 14:25:12.241000,1.30215,1.30208,2240000,1920000
2022-05-11 14:25:12.292000,1.30216,1.30209,1800000,3860000
2022-05-11 14:25:12.344000,1.30219,1.30213,8720000,1200000
2022-05-11 14:25:13.157000,1.30217,1.30212,3860000,1200000
2022-05-11 14:25:13.208000,1.30215,1.30208,2480000,2640000
2022-05-11 14:25:13.310000,1.30214,1.30208,1340000,1320000
2022-05-11 14:25:13.616000,1.30212,1.30207,1200000,1200000
2022-05-11 14:25:14.386000,1.30213,1.30207,1340000,1200000
2022-05-11 14:25:14.793000,1.30213,1.30208,1340000,1200000
2022-05-11 14:25:17.370000,1.30213,1.30207,3010000,1200000
2022-05-11 14:25:17.642000,1.30213,1.30206,3680000,1440000
2022-05-11 14:25:17.794000,1.30213,1.30206,3840000,1440000
2022-05-11 14:25:18.048000,1.30213,1.30206,2400000,1920000
2022-05-11 14:25:18.201000,1.30211,1.30203,1200000,2340000
2022-05-11 14:25:18.304000,1.30211,1.30204,2780000,1440000
2022-05-11 14:25:18.945000,1.30211,1.30205,1200000,1440000
2022-05-11 14:25:18.997000,1.30214,1.30208,2710000,1200000
2022-05-11 14:25:19.100000,1.30215,1.30208,2400000,1440000
2022-05-11 14:25:19.202000,1.30217,1.30209,1340000,1440000
2022-05-11 14:25:20.410000,1.30215,1.30208,3170000,1200000
2022-05-11 14:25:20.512000,1.30213,1.30207,2780000,1200000
2022-05-11 14:25:20.766000,1.30213,1.30207,2940000,1200000
2022-05-11 14:25:21.291000,1.30213,1.30207,2400000,1200000
2022-05-11 14:25:21.394000,1.30212,1.30206,1800000,1200000
2022-05-11 14:25:21.496000,1.30212,1.30206,1920000,1200000
2022-05-11 14:25:23.472000,1.30211,1.30205,1800000,1440000
2022-05-11 14:25:24.989000,1.30207,1.30202,2100000,1520000
2022-05-11 14:25:25.092000,1.30207,1.30199,1210000,1800000
2022-05-11 14:25:25.244000,1.30207,1.30202,1200000,1200000
2022-05-11 14:25:26.402000,1.30207,1.302,3540000,2770000
2022-05-11 14:25:26.556000,1.30207,1.30202,2700000,1440000
2022-05-11 14:25:26.658000,1.30205,1.302,1500000,1200000
2022-05-11 14:25:26.760000,1.30205,1.30199,1670000,1200000
2022-05-11 14:25:29.813000,1.30199,1.30193,4500000,1920000
2022-05-11 14:25:29.864000,1.30197,1.30191,1200000,2700000
2022-05-11 14:25:29.967000,1.30196,1.3019,1200000,1200000
2022-05-11 14:25:30.069000,1.30196,1.30191,1200000,1200000
2022-05-11 14:25:30.425000,1.30197,1.30189,1200000,1200000
2022-05-11 14:25:31.720000,1.30196,1.30191,1200000,1200000
2022-05-11 14:25:31.822000,1.30197,1.30191,1200000,2340000
2022-05-11 14:25:32.229000,1.30199,1.30191,2240000,1440000
2022-05-11 14:25:32.945000,1.30197,1.30192,12600000,1200000
2022-05-11 14:25:32.997000,1.30184,1.30181,2270000,1800000
2022-05-11 14:25:33.100000,1.30183,1.30177,3240000,2700000
2022-05-11 14:25:33.203000,1.30185,1.3018,1500000,1920000
2022-05-11 14:25:34.459000,1.30185,1.3018,1200000,1440000
2022-05-11 14:25:34.663000,1.30185,1.30181,1200000,1200000
2022-05-11 14:25:35.277000,1.30193,1.3019,2400000,1200000
2022-05-11 14:25:35.379000,1.30197,1.30192,1340000,1200000
2022-05-11 14:25:35.633000,1.30196,1.3019,1440000,1200000
2022-05-11 14:25:35.685000,1.30194,1.3019,1200000,1200000
2022-05-11 14:25:35.838000,1.30195,1.30191,1200000,1200000
2022-05-11 14:25:35.940000,1.30195,1.30192,1200000,1200000
2022-05-11 14:25:36.097000,1.30197,1.30191,1200000,1200000
2022-05-11 14:25:38.094000,1.30193,1.30191,1500000,1200000
2022-05-11 14:25:38.146000,1.3019,1.30185,2780000,1800000
2022-05-11 14:25:38.248000,1.30189,1.30184,3860000,1200000
2022-05-11 14:25:38.503000,1.30188,1.30183,1440000,1200000
2022-05-11 14:25:39.121000,1.30189,1.30185,1200000,1200000
2022-05-11 14:25:39.341000,1.30189,1.30183,2290000,1200000
2022-05-11 14:25:41.086000,1.30189,1.30184,2290000,1200000
2022-05-11 14:25:41.500000,1.30188,1.30183,2340000,1200000
2022-05-11 14:25:41.602000,1.30187,1.30183,1880000,1200000
2022-05-11 14:25:42.060000,1.30188,1.30183,1340000,1200000
2022-05-11 14:25:43.337000,1.30188,1.30185,1340000,1200000
2022-05-11 14:25:44.166000,1.30186,1.30184,1200000,1200000
2022-05-11 14:25:44.217000,1.30181,1.30179,1880000,1700000
2022-05-11 14:25:44.269000,1.3018,1.30175,1880000,1200000
2022-05-11 14:25:44.320000,1.30179,1.30174,1340000,1200000
2022-05-11 14:25:44.422000,1.3018,1.30175,2040000,1200000
2022-05-11 14:25:44.778000,1.3018,1.30176,1340000,1200000
2022-05-11 14:25:45.846000,1.30179,1.30175,1340000,1200000
2022-05-11 14:25:46.051000,1.30179,1.30176,1340000,1200000
2022-05-11 14:25:46.153000,1.3018,1.30176,1340000,1200000
2022-05-11 14:25:46.306000,1.30181,1.30176,1340000,1200000
2022-05-11 14:25:46.426000,1.30181,1.30177,1200000,1200000
2022-05-11 14:25:46.736000,1.30181,1.30177,2040000,1200000
2022-05-11 14:25:48.199000,1.30181,1.30177,1340000,1200000
2022-05-11 14:25:48.442000,1.30182,1.3018,1800000,1440000
2022-05-11 14:25:48.544000,1.30186,1.30182,1880000,1200000
2022-05-11 14:25:50.115000,1.30184,1.30179,1940000,1200000
2022-05-11 14:25:50.269000,1.30182,1.30177,2630000,1200000
2022-05-11 14:25:50.371000,1.30182,1.30178,2700000,1440000
2022-05-11 14:25:50.423000,1.30187,1.30183,2700000,1200000
2022-05-11 14:25:50.525000,1.30188,1.30184,1200000,1200000
2022-05-11 14:25:50.779000,1.30191,1.30185,2110000,1200000
2022-05-11 14:25:50.983000,1.3019,1.30185,7280000,1200000
2022-05-11 14:25:51.086000,1.30188,1.30183,1340000,1200000
2022-05-11 14:25:51.493000,1.30188,1.30184,1340000,1200000
2022-05-11 14:25:53.162000,1.30184,1.30178,1880000,1800000
2022-05-11 14:25:53.264000,1.30183,1.30179,3380000,1200000
2022-05-11 14:25:53.570000,1.30183,1.30176,1340000,2520000
2022-05-11 14:25:53.672000,1.30183,1.3018,1340000,1200000
2022-05-11 14:25:53.774000,1.30181,1.30177,1880000,1200000
2022-05-11 14:25:53.876000,1.3018,1.30177,2110000,1200000
2022-05-11 14:25:55.958000,1.30182,1.30177,3140000,1200000
2022-05-11 14:25:56.934000,1.30184,1.30179,4640000,1800000
2022-05-11 14:25:57.240000,1.30185,1.3018,2040000,1200000
2022-05-11 14:25:57.448000,1.30185,1.3018,1880000,1200000
2022-05-11 14:25:58.888000,1.30185,1.30181,3420000,1200000
2022-05-11 14:25:58.973000,1.30183,1.30178,2520000,1200000
2022-05-11 14:25:59.632000,1.30185,1.3018,3840000,1200000
2022-05-11 14:25:59.683000,1.30185,1.3018,2780000,1200000
2022-05-11 14:25:59.786000,1.30185,1.30181,1880000,1200000
2022-05-11 14:26:00.342000,1.30185,1.30182,1200000,1200000
2022-05-11 14:26:00.445000,1.30185,1.30181,1320000,1200000
2022-05-11 14:26:00.547000,1.30186,1.3018,1320000,1200000
2022-05-11 14:26:01.208000,1.30186,1.30181,1880000,1200000
2022-05-11 14:26:01.259000,1.30189,1.30185,1200000,1200000
2022-05-11 14:26:01.362000,1.30189,1.30184,1880000,1200000
2022-05-11 14:26:01.464000,1.30186,1.30181,1440000,1200000
2022-05-11 14:26:01.617000,1.30186,1.30181,1920000,1200000
2022-05-11 14:26:01.719000,1.30186,1.30181,1440000,1200000
2022-05-11 14:26:02.618000,1.30186,1.30182,1440000,1200000
2022-05-11 14:26:02.720000,1.30193,1.30188,1440000,1200000
2022-05-11 14:26:02.822000,1.30195,1.3019,4140000,1200000
2022-05-11 14:26:02.925000,1.30196,1.30191,1200000,1200000
2022-05-11 14:26:03.078000,1.302,1.30196,1440000,1200000
2022-05-11 14:26:03.231000,1.30201,1.30197,1440000,1200000
2022-05-11 14:26:03.993000,1.302,1.30194,2060000,1200000
2022-05-11 14:26:04.095000,1.302,1.30195,1880000,1200000
2022-05-11 14:26:04.197000,1.302,1.30194,2960000,1200000
2022-05-11 14:26:04.299000,1.302,1.30194,4320000,1200000
2022-05-11 14:26:04.453000,1.30198,1.30192,3650000,1200000
2022-05-11 14:26:05.509000,1.30198,1.30192,2750000,1200000
2022-05-11 14:26:05.662000,1.30198,1.30192,2570000,1200000
2022-05-11 14:26:06.279000,1.30198,1.30192,3170000,1200000
2022-05-11 14:26:06.723000,1.30198,1.30193,2040000,1200000
2022-05-11 14:26:06.825000,1.302,1.30192,2040000,1200000
2022-05-11 14:26:06.978000,1.30199,1.30194,1800000,1200000
2022-05-11 14:26:07.412000,1.30198,1.30193,5640000,1200000
2022-05-11 14:26:07.515000,1.30196,1.30191,1440000,1800000
2022-05-11 14:26:07.617000,1.30196,1.30191,2040000,1200000
2022-05-11 14:26:07.871000,1.30196,1.30191,1440000,1200000
2022-05-11 14:26:07.923000,1.30196,1.30193,1440000,1200000
2022-05-11 14:26:08.329000,1.30197,1.30193,1440000,1200000
2022-05-11 14:26:08.432000,1.30197,1.30192,2060000,1200000
2022-05-11 14:26:08.788000,1.30197,1.30192,1440000,1200000
2022-05-11 14:26:08.890000,1.30197,1.30193,1340000,1200000
2022-05-11 14:26:08.992000,1.30197,1.30192,1440000,1200000
2022-05-11 14:26:09.095000,1.30194,1.30191,5270000,1200000
2022-05-11 14:26:09.146000,1.30196,1.30192,1880000,1200000
2022-05-11 14:26:09.248000,1.30196,1.30192,2040000,1200000
2022-05-11 14:26:09.351000,1.30194,1.30186,2060000,1800000
2022-05-11 14:26:09.402000,1.30195,1.3019,1570000,1200000
2022-05-11 14:26:09.504000,1.30195,1.30191,1200000,1200000
2022-05-11 14:26:09.810000,1.30197,1.3019,1440000,1200000
2022-05-11 14:26:09.912000,1.30196,1.30192,1440000,1200000
2022-05-11 14:26:10.669000,1.30198,1.30192,1800000,1200000
2022-05-11 14:26:11.270000,1.30198,1.30193,1800000,1200000
2022-05-11 14:26:12.108000,1.30198,1.30193,6540000,1200000
2022-05-11 14:26:12.312000,1.30193,1.30189,1880000,1800000
2022-05-11 14:26:12.364000,1.30192,1.30188,1800000,1200000
2022-05-11 14:26:12.466000,1.30191,1.30185,7460000,1200000
2022-05-11 14:26:12.569000,1.30189,1.30185,2940000,1200000
2022-05-11 14:26:13.404000,1.3019,1.30184,5840000,1920000
2022-05-11 14:26:13.456000,1.30194,1.30189,1320000,1200000
2022-05-11 14:26:15.613000,1.30194,1.30189,2940000,1200000
2022-05-11 14:26:15.664000,1.3019,1.30185,4970000,1800000
2022-05-11 14:26:15.767000,1.30189,1.30184,2940000,1200000
2022-05-11 14:26:16.453000,1.30189,1.30184,1340000,1200000
2022-05-11 14:26:16.555000,1.30189,1.30184,2940000,1200000
2022-05-11 14:26:16.658000,1.30188,1.30184,2040000,1200000
2022-05-11 14:26:16.760000,1.30189,1.30183,2940000,1200000
2022-05-11 14:26:16.811000,1.30181,1.30176,1340000,2860000
2022-05-11 14:26:16.913000,1.30181,1.30176,1880000,1200000
2022-05-11 14:26:17.016000,1.3018,1.30176,1880000,1200000
2022-05-11 14:26:17.727000,1.30177,1.30175,1200000,1200000
2022-05-11 14:26:17.778000,1.30175,1.30171,1800000,1200000
2022-05-11 14:26:17.880000,1.30175,1.3017,1800000,1200000
2022-05-11 14:26:18.033000,1.30177,1.30173,3140000,1200000
2022-05-11 14:26:18.186000,1.3018,1.30174,1340000,1200000
2022-05-11 14:26:18.448000,1.3018,1.30175,1340000,1200000
2022-05-11 14:26:18.550000,1.3018,1.30176,1340000,1200000
2022-05-11 14:26:18.703000,1.30181,1.30176,1340000,1440000
2022-05-11 14:26:19.403000,1.30182,1.30178,1800000,1340000
2022-05-11 14:26:19.454000,1.30187,1.30183,1200000,1200000
2022-05-11 14:26:19.658000,1.30187,1.30184,1200000,1200000
2022-05-11 14:26:19.913000,1.30185,1.3018,1800000,1200000
2022-05-11 14:26:20.553000,1.30183,1.30179,1920000,1200000
2022-05-11 14:26:20.807000,1.30183,1.30181,1200000,1200000
2022-05-11 14:26:20.910000,1.30186,1.3018,1200000,1200000
2022-05-11 14:26:21.119000,1.30184,1.30179,2480000,1200000
2022-05-11 14:26:21.221000,1.30184,1.30179,1340000,1200000
2022-05-11 14:26:21.324000,1.30184,1.3018,1200000,1200000
2022-05-11 14:26:21.425000,1.30184,1.30181,1200000,1200000
2022-05-11 14:26:23.118000,1.3018,1.30176,2240000,1200000
2022-05-11 14:26:23.170000,1.30178,1.30175,1200000,1200000
2022-05-11 14:26:23.897000,1.30174,1.30172,1320000,1200000
2022-05-11 14:26:23.949000,1.30172,1.30168,1320000,2030000
2022-05-11 14:26:24.152000,1.30171,1.30167,1320000,1200000
2022-05-11 14:26:25.382000,1.30171,1.30168,1200000,1200000
2022-05-11 14:26:25.941000,1.30174,1.30169,4500000,1440000
2022-05-11 14:26:26.044000,1.30176,1.30171,1440000,1200000
2022-05-11 14:26:26.249000,1.30176,1.30172,1440000,1200000
2022-05-11 14:26:27.435000,1.30179,1.30175,2340000,1200000
2022-05-11 14:26:27.742000,1.30179,1.30174,1880000,1200000
2022-05-11 14:26:27.844000,1.30178,1.30174,1340000,1200000
2022-05-11 14:26:28.784000,1.30178,1.30175,1200000,1200000
2022-05-11 14:26:29.267000,1.30178,1.30176,1200000,1200000
2022-05-11 14:26:30.219000,1.30178,1.30174,1440000,1200000
2022-05-11 14:26:30.797000,1.30178,1.30175,1200000,1200000
2022-05-11 14:26:30.971000,1.30179,1.30173,1200000,1200000
2022-05-11 14:26:31.175000,1.30177,1.30173,1880000,1200000
2022-05-11 14:26:31.430000,1.30174,1.30169,3840000,1200000
2022-05-11 14:26:31.533000,1.30171,1.30167,1320000,1200000
2022-05-11 14:26:31.737000,1.30172,1.30168,1200000,1200000
2022-05-11 14:26:31.788000,1.30177,1.30172,2700000,1440000
2022-05-11 14:26:31.840000,1.30177,1.30174,1800000,1200000
2022-05-11 14:26:31.942000,1.3018,1.30176,1340000,1200000
2022-05-11 14:26:32.095000,1.3018,1.30175,1340000,1200000
2022-05-11 14:26:32.452000,1.30177,1.30173,1880000,1200000
2022-05-11 14:26:32.554000,1.30177,1.30172,1200000,1200000
2022-05-11 14:26:32.656000,1.30172,1.30168,1320000,1980000
2022-05-11 14:26:32.911000,1.30169,1.30164,1570000,1200000
2022-05-11 14:26:32.962000,1.30167,1.30163,1880000,1700000
2022-05-11 14:26:33.065000,1.30168,1.30161,1880000,1200000
2022-05-11 14:26:33.167000,1.30168,1.30162,1200000,1200000
2022-05-11 14:26:33.270000,1.3017,1.30167,3300000,1200000
2022-05-11 14:26:33.396000,1.30172,1.30166,1880000,1200000
2022-05-11 14:26:33.600000,1.30169,1.30167,1200000,1200000
2022-05-11 14:26:33.702000,1.3017,1.30165,1200000,1200000
2022-05-11 14:26:34.363000,1.30168,1.30165,2060000,1200000
2022-05-11 14:26:34.466000,1.30168,1.30164,2960000,1200000
2022-05-11 14:26:34.568000,1.30168,1.30164,2780000,1200000
2022-05-11 14:26:34.671000,1.30168,1.30164,2520000,1200000
2022-05-11 14:26:34.773000,1.30169,1.30167,1200000,1200000
2022-05-11 14:26:34.824000,1.30171,1.30167,1320000,1200000
2022-05-11 14:26:35.231000,1.30172,1.30167,2060000,1200000
2022-05-11 14:26:35.333000,1.30171,1.30167,1320000,1200000
2022-05-11 14:26:35.489000,1.30171,1.30167,1320000,1200000
2022-05-11 14:26:35.592000,1.3017,1.30167,1920000,1200000
2022-05-11 14:26:35.643000,1.30169,1.30165,1440000,1200000
2022-05-11 14:26:35.695000,1.30168,1.30163,2960000,1200000
2022-05-11 14:26:36.175000,1.30168,1.30164,2060000,1200000
2022-05-11 14:26:36.278000,1.30168,1.30164,1440000,1200000
2022-05-11 14:26:36.380000,1.30171,1.30166,2520000,1200000
2022-05-11 14:26:36.482000,1.30171,1.30167,2060000,1200000
2022-05-11 14:26:36.787000,1.30172,1.30167,2060000,1200000
2022-05-11 14:26:36.889000,1.30172,1.30168,1340000,1200000
2022-05-11 14:26:36.992000,1.30174,1.30172,1800000,1200000
2022-05-11 14:26:37.043000,1.30178,1.30174,1200000,1200000
2022-05-11 14:26:37.146000,1.30178,1.30175,1200000,1200000
2022-05-11 14:26:37.654000,1.30178,1.30174,1200000,1440000
2022-05-11 14:26:38.214000,1.30178,1.30175,1200000,1200000
2022-05-11 14:26:38.265000,1.3018,1.30175,1880000,1200000
2022-05-11 14:26:38.469000,1.30181,1.30176,1880000,1200000
2022-05-11 14:26:40.104000,1.30181,1.30177,1440000,1200000
2022-05-11 14:26:40.206000,1.30181,1.30177,1920000,1200000
2022-05-11 14:26:40.358000,1.30181,1.30177,1440000,1200000
2022-05-11 14:26:40.613000,1.3018,1.30176,1320000,1200000
2022-05-11 14:26:40.715000,1.3018,1.30175,5660000,1200000
2022-05-11 14:26:40.817000,1.3018,1.30175,1880000,1200000
2022-05-11 14:26:41.122000,1.3018,1.30176,1440000,1200000
2022-05-11 14:26:41.548000,1.3018,1.30176,1460000,1200000
2022-05-11 14:26:41.861000,1.3018,1.30176,1440000,1200000
2022-05-11 14:26:42.370000,1.30181,1.30176,1200000,1440000
2022-05-11 14:26:42.681000,1.30182,1.30176,1200000,1200000
2022-05-11 14:26:43.551000,1.3018,1.30176,1440000,1200000
2022-05-11 14:26:43.653000,1.30179,1.30174,1920000,1200000
2022-05-11 14:26:43.755000,1.30178,1.30175,1200000,1200000
2022-05-11 14:26:43.857000,1.30178,1.30174,2340000,1200000
2022-05-11 14:26:44.481000,1.30178,1.30174,7020000,1200000
2022-05-11 14:26:44.583000,1.30178,1.30174,3240000,1200000
2022-05-11 14:26:45.227000,1.30178,1.30175,1200000,1200000
2022-05-11 14:26:45.330000,1.30178,1.30174,2340000,1200000
2022-05-11 14:26:45.432000,1.30178,1.30175,1440000,1200000
2022-05-11 14:26:46.165000,1.30178,1.30174,1800000,1200000
2022-05-11 14:26:46.267000,1.30177,1.30171,1320000,1500000
2022-05-11 14:26:46.369000,1.30177,1.30171,3860000,1500000
2022-05-11 14:26:46.472000,1.30171,1.30168,1320000,1200000
2022-05-11 14:26:46.574000,1.30171,1.30168,1340000,1200000
2022-05-11 14:26:46.676000,1.30171,1.30165,2060000,1800000
2022-05-11 14:26:48.617000,1.30171,1.30168,1920000,1200000
2022-05-11 14:26:48.719000,1.30171,1.30168,1440000,1200000
2022-05-11 14:26:48.873000,1.30173,1.3017,1800000,1200000
2022-05-11 14:26:48.975000,1.30176,1.30171,2060000,1200000
2022-05-11 14:26:49.077000,1.30176,1.30172,2060000,1200000
2022-05-11 14:26:49.341000,1.30176,1.30169,1320000,1200000
2022-05-11 14:26:49.392000,1.30172,1.30168,1340000,1200000
2022-05-11 14:26:49.495000,1.30172,1.30168,1800000,1200000
2022-05-11 14:26:50.097000,1.30173,1.3017,3860000,1200000
2022-05-11 14:26:50.199000,1.30173,1.30168,3860000,1200000
2022-05-11 14:26:50.657000,1.30172,1.30168,1340000,1200000
2022-05-11 14:26:51.404000,1.30172,1.30168,2060000,1200000
2022-05-11 14:26:52.121000,1.30172,1.30168,2060000,1200000
2022-05-11 14:26:52.265000,1.30172,1.30168,2060000,1200000
2022-05-11 14:26:52.367000,1.30174,1.30168,3860000,1200000
2022-05-11 14:26:53.191000,1.30172,1.30168,2060000,1200000
2022-05-11 14:26:53.242000,1.30172,1.30168,1340000,1200000
2022-05-11 14:26:53.344000,1.30173,1.30169,2060000,1200000
2022-05-11 14:26:53.446000,1.30175,1.30169,5890000,1200000
2022-05-11 14:26:53.498000,1.30175,1.30172,1920000,1200000
2022-05-11 14:26:53.600000,1.30175,1.30169,1920000,1340000
2022-05-11 14:26:53.702000,1.30176,1.3017,1320000,1200000
2022-05-11 14:26:54.270000,1.30177,1.30171,1920000,1340000
2022-05-11 14:26:54.913000,1.30176,1.30171,1920000,1800000
2022-05-11 14:26:54.970000,1.30173,1.30168,2960000,1800000
2022-05-11 14:26:55.072000,1.30174,1.30168,3860000,1200000
2022-05-11 14:26:55.225000,1.30175,1.30169,1920000,1800000
2022-05-11 14:26:55.327000,1.30178,1.30171,1920000,2240000
2022-05-11 14:26:55.429000,1.30179,1.3017,1920000,3300000
2022-05-11 14:26:55.737000,1.30179,1.30173,1920000,1340000
2022-05-11 14:26:56.403000,1.30179,1.30176,1920000,1200000
2022-05-11 14:26:56.613000,1.30179,1.30176,1200000,1200000
2022-05-11 14:26:57.660000,1.30176,1.3017,1320000,4400000
2022-05-11 14:26:57.763000,1.30175,1.30172,4090000,1200000
2022-05-11 14:26:57.865000,1.30177,1.30172,2060000,1200000
2022-05-11 14:26:58.497000,1.30178,1.30172,2960000,1200000
2022-05-11 14:27:00.239000,1.30174,1.3017,1320000,1200000
2022-05-11 14:27:00.341000,1.30173,1.30168,2060000,1200000
2022-05-11 14:27:00.444000,1.30171,1.30168,1320000,1200000
2022-05-11 14:27:00.698000,1.30174,1.30167,2340000,1200000
2022-05-11 14:27:00.750000,1.30173,1.30171,2340000,1200000
2022-05-11 14:27:01.005000,1.30175,1.3017,1340000,1200000
2022-05-11 14:27:01.209000,1.30173,1.30168,4740000,1200000
2022-05-11 14:27:01.311000,1.30172,1.30168,1800000,1200000
2022-05-11 14:27:02.303000,1.30172,1.30168,2060000,1200000
2022-05-11 14:27:02.354000,1.30173,1.3017,3420000,1200000
2022-05-11 14:27:02.508000,1.30175,1.3017,6560000,1200000
2022-05-11 14:27:02.610000,1.30179,1.30173,3860000,1200000
2022-05-11 14:27:02.713000,1.30179,1.30172,3860000,2240000
2022-05-11 14:27:02.815000,1.30179,1.30175,2060000,1200000
2022-05-11 14:27:02.967000,1.30179,1.30172,2060000,2240000
2022-05-11 14:27:03.222000,1.30179,1.30176,1920000,1200000
2022-05-11 14:27:03.897000,1.30179,1.30176,1200000,1200000
2022-05-11 14:27:04.151000,1.3018,1.30172,1920000,1340000
2022-05-11 14:27:04.253000,1.30179,1.30173,1920000,1340000
2022-05-11 14:27:04.355000,1.30179,1.30176,1920000,1200000
2022-05-11 14:27:04.698000,1.30176,1.30172,5870000,1800000
2022-05-11 14:27:04.852000,1.30175,1.30172,1320000,1200000
2022-05-11 14:27:06.437000,1.30174,1.30172,6610000,1200000
2022-05-11 14:27:06.488000,1.30173,1.30169,6540000,1200000
2022-05-11 14:27:06.591000,1.30173,1.30168,8570000,1200000
2022-05-11 14:27:06.642000,1.30171,1.30166,9240000,1200000
2022-05-11 14:27:06.694000,1.30167,1.30164,5480000,3600000
2022-05-11 14:27:06.745000,1.30164,1.30158,1320000,2100000
2022-05-11 14:27:06.848000,1.30164,1.30158,1320000,1200000
2022-05-11 14:27:06.899000,1.30164,1.3016,1320000,1200000
2022-05-11 14:27:07.001000,1.30164,1.30157,2960000,1200000
2022-05-11 14:27:07.357000,1.30163,1.30156,1320000,1320000
2022-05-11 14:27:08.430000,1.30162,1.30156,1320000,1200000
2022-05-11 14:27:08.532000,1.30161,1.30154,1320000,1320000
2022-05-11 14:27:09.056000,1.30162,1.30159,1320000,1200000
2022-05-11 14:27:09.463000,1.30164,1.30155,3860000,1200000
2022-05-11 14:27:09.616000,1.30161,1.30154,3970000,1800000
2022-05-11 14:27:09.667000,1.3016,1.30155,3860000,1200000
2022-05-11 14:27:10.435000,1.30159,1.30154,1200000,1200000
2022-05-11 14:27:10.537000,1.30158,1.30153,1800000,1200000
2022-05-11 14:27:10.639000,1.30157,1.30153,1320000,1200000
2022-05-11 14:27:11.549000,1.3016,1.30156,1320000,1200000
2022-05-11 14:27:11.651000,1.30163,1.30154,3420000,1200000
2022-05-11 14:27:11.753000,1.30163,1.30158,8590000,1200000
2022-05-11 14:27:11.855000,1.30159,1.30155,7670000,1200000
2022-05-11 14:27:11.907000,1.30158,1.30151,2540000,2600000
2022-05-11 14:27:12.009000,1.30156,1.30151,4320000,1200000
2022-05-11 14:27:13.074000,1.30155,1.30149,1500000,1200000
2022-05-11 14:27:13.125000,1.30153,1.30147,4500000,1200000
2022-05-11 14:27:13.176000,1.30151,1.30146,1800000,1200000
2022-05-11 14:27:13.279000,1.3015,1.30145,3860000,1200000
2022-05-11 14:27:13.381000,1.30149,1.30144,1920000,1200000
2022-05-11 14:27:13.508000,1.30148,1.30144,2520000,1200000
2022-05-11 14:27:14.180000,1.30148,1.30143,6300000,1500000
2022-05-11 14:27:14.433000,1.30146,1.30143,1800000,1200000
2022-05-11 14:27:14.536000,1.30147,1.30142,2820000,1200000
2022-05-11 14:27:14.638000,1.30148,1.30142,5890000,1200000
2022-05-11 14:27:14.791000,1.30148,1.30142,7920000,1200000
2022-05-11 14:27:14.943000,1.30148,1.30142,4320000,1200000
2022-05-11 14:27:16.411000,1.30147,1.30143,1320000,1200000
2022-05-11 14:27:17.703000,1.30147,1.30143,1320000,1200000
2022-05-11 14:27:17.805000,1.30147,1.30143,1320000,1200000
2022-05-11 14:27:18.122000,1.30148,1.30143,2960000,1200000
2022-05-11 14:27:18.225000,1.30148,1.30143,2960000,1200000
2022-05-11 14:27:19.127000,1.30147,1.30143,1320000,1200000
2022-05-11 14:27:19.229000,1.30148,1.30143,3420000,1200000
2022-05-11 14:27:19.941000,1.30154,1.30151,1200000,1200000
2022-05-11 14:27:20.044000,1.30162,1.30157,9260000,1200000
2022-05-11 14:27:20.197000,1.30161,1.30158,1200000,1200000
2022-05-11 14:27:20.300000,1.30163,1.30158,1200000,1200000
2022-05-11 14:27:20.402000,1.30162,1.30161,1200000,1200000
2022-05-11 14:27:20.555000,1.30162,1.3016,1200000,1200000
2022-05-11 14:27:20.860000,1.30162,1.30159,1200000,1500000
2022-05-11 14:27:20.962000,1.3017,1.30165,5220000,1200000
2022-05-11 14:27:21.116000,1.30171,1.30165,5220000,1200000
2022-05-11 14:27:21.218000,1.30171,1.30166,4320000,1200000
2022-05-11 14:27:21.320000,1.30172,1.30168,1440000,1200000
2022-05-11 14:27:21.574000,1.30173,1.30168,2520000,1200000
2022-05-11 14:27:21.676000,1.30173,1.30168,2960000,1200000
2022-05-11 14:27:22.391000,1.30173,1.30168,2520000,1200000
2022-05-11 14:27:22.443000,1.30162,1.30161,1200000,1200000
2022-05-11 14:27:22.545000,1.30162,1.3016,1200000,1200000
2022-05-11 14:27:23.257000,1.30162,1.30159,1200000,1200000
2022-05-11 14:27:24.534000,1.30162,1.30158,1440000,1200000
2022-05-11 14:27:24.840000,1.30162,1.30159,1200000,1200000
2022-05-11 14:27:26.115000,1.30163,1.30159,1200000,1200000
2022-05-11 14:27:26.268000,1.30157,1.30155,1320000,1200000
2022-05-11 14:27:26.370000,1.30159,1.30155,1920000,1200000
2022-05-11 14:27:26.422000,1.3016,1.30156,2780000,1200000
2022-05-11 14:27:27.459000,1.30162,1.30157,5220000,1200000
2022-05-11 14:27:27.511000,1.30162,1.30159,1440000,1200000
2022-05-11 14:27:28.616000,1.3016,1.30155,1210000,2030000
2022-05-11 14:27:28.668000,1.30162,1.30159,2520000,1200000
2022-05-11 14:27:28.773000,1.30162,1.30158,1440000,1200000
2022-05-11 14:27:28.877000,1.30162,1.30159,1200000,1200000
2022-05-11 14:27:29.631000,1.30162,1.30161,1200000,1200000
2022-05-11 14:27:29.733000,1.30171,1.30167,1320000,1200000
2022-05-11 14:27:29.836000,1.30173,1.30169,2340000,1200000
2022-05-11 14:27:29.938000,1.30175,1.30171,1320000,1200000
2022-05-11 14:27:30.345000,1.30177,1.30173,2240000,1200000
2022-05-11 14:27:30.396000,1.30183,1.30178,1320000,1200000
2022-05-11 14:27:30.498000,1.30183,1.30179,1320000,1200000
2022-05-11 14:27:30.651000,1.30187,1.30183,1440000,1200000
2022-05-11 14:27:30.754000,1.30189,1.30185,1440000,1200000
2022-05-11 14:27:31.059000,1.3019,1.30184,4760000,1200000
2022-05-11 14:27:31.415000,1.3019,1.30184,7920000,1200000
2022-05-11 14:27:31.517000,1.30191,1.30185,1320000,1200000
2022-05-11 14:27:32.311000,1.30192,1.30185,2960000,1200000
2022-05-11 14:27:32.464000,1.30192,1.30186,1320000,1200000
2022-05-11 14:27:33.596000,1.3019,1.30184,5660000,1200000
2022-05-11 14:27:34.339000,1.3019,1.30184,2520000,1200000
2022-05-11 14:27:34.542000,1.30196,1.30192,2340000,1200000
2022-05-11 14:27:34.645000,1.30198,1.30191,1440000,1200000
2022-05-11 14:27:35.756000,1.30198,1.30192,1920000,1200000
2022-05-11 14:27:35.858000,1.30197,1.30192,2520000,1200000
2022-05-11 14:27:35.960000,1.30193,1.30184,3860000,2100000
2022-05-11 14:27:36.012000,1.3019,1.30184,5960000,1800000
2022-05-11 14:27:36.114000,1.3019,1.30184,6120000,1800000
2022-05-11 14:27:36.216000,1.3019,1.30184,2520000,1800000
2022-05-11 14:27:36.752000,1.30191,1.30187,1800000,1800000
2022-05-11 14:27:36.803000,1.30195,1.3019,1460000,1200000
2022-05-11 14:27:36.906000,1.30195,1.3019,2520000,1200000
2022-05-11 14:27:37.008000,1.30195,1.3019,2360000,1200000
2022-05-11 14:27:37.110000,1.30195,1.3019,1440000,1200000
2022-05-11 14:27:37.239000,1.30195,1.3019,1920000,1200000
2022-05-11 14:27:37.341000,1.30195,1.3019,1440000,1200000
2022-05-11 14:27:38.116000,1.30195,1.30191,1200000,1200000
2022-05-11 14:27:38.817000,1.30198,1.30192,2060000,1200000
2022-05-11 14:27:40.141000,1.30197,1.30192,1460000,1200000
2022-05-11 14:27:40.494000,1.30192,1.30187,1460000,1200000
2022-05-11 14:27:40.546000,1.3019,1.30186,2340000,1200000
2022-05-11 14:27:40.698000,1.3019,1.30186,2520000,1200000
2022-05-11 14:27:41.125000,1.3019,1.30184,2520000,5400000
2022-05-11 14:27:41.379000,1.3019,1.30183,1920000,3600000
2022-05-11 14:27:41.583000,1.30189,1.30184,1440000,1200000
2022-05-11 14:27:41.736000,1.30189,1.30184,1920000,1200000
2022-05-11 14:27:41.888000,1.30189,1.30184,1440000,1200000
2022-05-11 14:27:42.092000,1.30189,1.30184,1920000,1200000
2022-05-11 14:27:42.194000,1.30189,1.30184,1440000,1200000
2022-05-11 14:27:42.978000,1.3019,1.30183,1920000,1200000
2022-05-11 14:27:43.192000,1.30189,1.30184,1440000,1200000
2022-05-11 14:27:43.393000,1.30185,1.30183,3680000,1200000
2022-05-11 14:27:43.445000,1.30183,1.30177,1920000,1800000
2022-05-11 14:27:43.497000,1.30182,1.30175,3860000,2400000
2022-05-11 14:27:43.650000,1.30181,1.30175,1920000,1800000
2022-05-11 14:27:43.752000,1.30181,1.30175,1920000,1200000
2022-05-11 14:27:43.854000,1.30181,1.30175,1920000,1200000
2022-05-11 14:27:44.322000,1.30185,1.30183,1200000,1200000
2022-05-11 14:27:44.374000,1.30189,1.30185,1800000,1200000
2022-05-11 14:27:44.425000,1.3019,1.30187,1800000,1200000
2022-05-11 14:27:44.476000,1.30193,1.30189,1440000,1200000
2022-05-11 14:27:44.579000,1.30194,1.3019,1200000,1200000
2022-05-11 14:27:44.630000,1.30196,1.3019,2340000,1200000
2022-05-11 14:27:44.732000,1.30196,1.3019,1460000,1200000
2022-05-11 14:27:44.910000,1.30196,1.3019,1920000,1200000
2022-05-11 14:27:45.101000,1.30196,1.3019,1920000,1200000
2022-05-11 14:27:46.331000,1.30191,1.30186,1800000,1200000
2022-05-11 14:27:46.433000,1.30193,1.30187,3420000,2030000
2022-05-11 14:27:46.485000,1.30194,1.30188,2340000,1200000
2022-05-11 14:27:46.587000,1.30195,1.30189,1440000,1200000
2022-05-11 14:27:46.689000,1.30195,1.3019,1320000,1200000
2022-05-11 14:27:46.792000,1.30197,1.30191,1460000,1800000
2022-05-11 14:27:47.663000,1.30196,1.30191,1920000,1200000
2022-05-11 14:27:48.271000,1.30196,1.30191,1440000,1200000
2022-05-11 14:27:49.889000,1.30198,1.3019,1440000,1200000
2022-05-11 14:27:49.992000,1.30198,1.30192,2060000,1800000
2022-05-11 14:27:51.125000,1.30199,1.30193,2060000,2030000
2022-05-11 14:27:51.227000,1.30205,1.30199,1920000,1200000
2022-05-11 14:27:51.331000,1.30205,1.30198,2340000,1800000
2022-05-11 14:27:51.535000,1.30205,1.30199,1440000,1200000
2022-05-11 14:27:53.305000,1.30206,1.302,1440000,1200000
2022-05-11 14:27:53.407000,1.30207,1.302,2340000,2100000
2022-05-11 14:27:53.509000,1.30208,1.30202,1920000,1200000
2022-05-11 14:27:53.611000,1.30209,1.30204,1440000,1200000
2022-05-11 14:27:53.713000,1.3021,1.30206,1320000,1200000
2022-05-11 14:27:56.391000,1.3021,1.30207,1200000,1200000
2022-05-11 14:27:56.443000,1.30215,1.30208,4140000,1880000
2022-05-11 14:27:56.494000,1.30215,1.3021,1440000,1200000
2022-05-11 14:27:56.596000,1.30215,1.30209,1920000,1200000
2022-05-11 14:27:56.698000,1.30214,1.30206,1440000,1200000
2022-05-11 14:27:56.800000,1.30213,1.30207,1460000,1200000
2022-05-11 14:27:56.903000,1.30214,1.30206,1200000,1670000
2022-05-11 14:27:57.923000,1.30213,1.30208,1340000,1200000
2022-05-11 14:27:58.076000,1.30212,1.30208,1200000,1200000
2022-05-11 14:28:00.062000,1.30214,1.30208,1440000,1200000
2022-05-11 14:28:00.164000,1.30214,1.30209,1200000,1200000
2022-05-11 14:28:00.266000,1.30215,1.30209,1200000,1440000
2022-05-11 14:28:00.419000,1.30215,1.30209,1460000,1200000
2022-05-11 14:28:00.521000,1.30215,1.30208,2360000,1800000
2022-05-11 14:28:01.220000,1.30216,1.3021,2780000,1200000
2022-05-11 14:28:01.604000,1.30216,1.30209,3260000,1800000
2022-05-11 14:28:01.706000,1.30216,1.30208,1460000,1200000
2022-05-11 14:28:02.625000,1.30216,1.30212,1800000,2220000
2022-05-11 14:28:02.676000,1.3022,1.30216,1200000,1200000
2022-05-11 14:28:02.728000,1.30222,1.30216,1320000,1200000
2022-05-11 14:28:02.881000,1.30221,1.30216,1200000,1200000
2022-05-11 14:28:05.981000,1.30221,1.30215,2040000,1440000
2022-05-11 14:28:06.387000,1.30221,1.30215,1340000,1440000
2022-05-11 14:28:06.490000,1.30221,1.30216,1200000,1440000
2022-05-11 14:28:06.541000,1.30225,1.30217,3720000,1200000
2022-05-11 14:28:06.592000,1.30223,1.30215,1320000,1880000
2022-05-11 14:28:06.745000,1.30222,1.30216,2060000,1200000
2022-05-11 14:28:08.434000,1.30222,1.30217,1880000,1200000
2022-05-11 14:28:08.890000,1.30225,1.30219,2060000,1200000
2022-05-11 14:28:08.993000,1.30226,1.30217,2960000,1440000
2022-05-11 14:28:09.146000,1.30224,1.30217,1920000,1440000
2022-05-11 14:28:09.248000,1.30224,1.30216,1320000,1200000
2022-05-11 14:28:09.451000,1.30224,1.30221,1800000,1440000
2022-05-11 14:28:09.503000,1.30228,1.30222,1320000,1440000
2022-05-11 14:28:09.605000,1.30232,1.30225,2940000,1440000
2022-05-11 14:28:10.084000,1.30232,1.30225,3240000,1440000
2022-05-11 14:28:10.237000,1.30232,1.30226,1200000,1440000
2022-05-11 14:28:10.339000,1.30232,1.30225,1200000,1440000
2022-05-11 14:28:10.882000,1.30232,1.30225,3260000,1200000
2022-05-11 14:28:11.392000,1.30232,1.30225,3240000,1440000
2022-05-11 14:28:11.544000,1.30232,1.30225,2520000,1440000
2022-05-11 14:28:12.029000,1.30232,1.30224,1200000,1920000
2022-05-11 14:28:12.182000,1.30231,1.30225,1320000,1440000
2022-05-11 14:28:12.689000,1.30232,1.30228,1200000,1440000
2022-05-11 14:28:12.791000,1.30233,1.30228,1200000,1440000
2022-05-11 14:28:12.893000,1.30237,1.30234,1800000,1440000
2022-05-11 14:28:12.945000,1.30239,1.30232,4140000,1210000
2022-05-11 14:28:12.996000,1.30235,1.3023,1200000,2700000
2022-05-11 14:28:13.048000,1.30234,1.30228,1200000,1920000
2022-05-11 14:28:13.150000,1.30239,1.30233,1200000,2340000
2022-05-11 14:28:13.253000,1.3024,1.30232,1200000,1920000
2022-05-11 14:28:13.355000,1.3024,1.30233,3240000,2520000
2022-05-11 14:28:13.660000,1.3024,1.30235,1200000,1920000
2022-05-11 14:28:13.712000,1.30246,1.30241,1800000,1200000
2022-05-11 14:28:13.814000,1.30246,1.3024,1200000,2340000
2022-05-11 14:28:13.866000,1.30246,1.30242,1200000,1200000
2022-05-11 14:28:13.968000,1.30247,1.30242,1200000,1200000
2022-05-11 14:28:14.073000,1.30248,1.30242,1440000,1200000
2022-05-11 14:28:14.278000,1.30246,1.3024,1200000,2340000
2022-05-11 14:28:14.742000,1.30246,1.30241,1200000,1200000
2022-05-11 14:28:14.844000,1.30248,1.30241,2940000,2340000
2022-05-11 14:28:15.302000,1.30248,1.30241,3300000,2520000
2022-05-11 14:28:15.354000,1.30249,1.30242,3600000,2520000
2022-05-11 14:28:15.456000,1.30249,1.30241,1200000,1440000
2022-05-11 14:28:15.559000,1.30248,1.30242,3840000,1440000
2022-05-11 14:28:15.712000,1.30248,1.30242,2400000,1920000
2022-05-11 14:28:15.814000,1.30248,1.30242,2780000,1440000
2022-05-11 14:28:15.985000,1.30245,1.30239,1440000,1440000
2022-05-11 14:28:16.190000,1.30245,1.30239,1200000,1920000
2022-05-11 14:28:16.292000,1.30245,1.30239,1440000,1440000
2022-05-11 14:28:16.534000,1.30241,1.30236,2340000,1200000
2022-05-11 14:28:16.637000,1.30241,1.30235,4760000,1200000
2022-05-11 14:28:16.688000,1.30239,1.30233,1920000,1200000
2022-05-11 14:28:17.083000,1.30238,1.30232,1440000,1200000
2022-05-11 14:28:17.592000,1.30238,1.30232,1200000,1920000
2022-05-11 14:28:17.985000,1.30236,1.30232,9980000,1200000
2022-05-11 14:28:18.037000,1.30232,1.30226,2960000,2100000
2022-05-11 14:28:18.089000,1.30232,1.30226,3860000,1200000
2022-05-11 14:28:18.191000,1.30231,1.30224,1920000,2940000
2022-05-11 14:28:18.293000,1.30231,1.30225,1440000,1320000
2022-05-11 14:28:18.611000,1.30231,1.30224,2520000,2340000
2022-05-11 14:28:20.178000,1.30232,1.30223,2340000,2360000
2022-05-11 14:28:21.787000,1.30231,1.30224,2340000,2340000
2022-05-11 14:28:21.934000,1.30231,1.30224,1800000,2520000
2022-05-11 14:28:22.143000,1.3023,1.30223,1200000,3400000
2022-05-11 14:28:22.656000,1.30225,1.30221,1200000,1340000
2022-05-11 14:28:22.707000,1.30224,1.30218,1200000,1690000
2022-05-11 14:28:23.043000,1.30224,1.30218,1200000,1920000
2022-05-11 14:28:23.147000,1.30224,1.30218,1200000,1440000
2022-05-11 14:28:23.250000,1.30227,1.3022,2400000,2520000
2022-05-11 14:28:23.353000,1.30227,1.3022,1880000,2590000
2022-05-11 14:28:23.455000,1.30232,1.30229,1200000,1920000
2022-05-11 14:28:23.507000,1.30235,1.3023,1200000,2520000
2022-05-11 14:28:23.558000,1.30237,1.3023,2700000,2520000
2022-05-11 14:28:23.915000,1.30238,1.30232,1200000,1920000
2022-05-11 14:28:24.017000,1.30239,1.30232,1800000,2520000
2022-05-11 14:28:24.120000,1.30239,1.30232,2240000,2340000
2022-05-11 14:28:24.596000,1.30239,1.30232,2240000,2520000
2022-05-11 14:28:24.698000,1.30239,1.30232,1800000,3190000
2022-05-11 14:28:25.162000,1.30239,1.30232,2240000,2360000
2022-05-11 14:28:25.468000,1.30239,1.30232,2240000,2340000
2022-05-11 14:28:25.621000,1.30238,1.30232,1200000,1440000
2022-05-11 14:28:25.825000,1.30236,1.30229,4040000,2360000
2022-05-11 14:28:25.928000,1.30234,1.30229,1200000,1320000
2022-05-11 14:28:26.031000,1.30233,1.30228,1200000,1200000
2022-05-11 14:28:26.235000,1.30231,1.30226,1200000,1440000
2022-05-11 14:28:26.299000,1.3023,1.30223,1800000,4600000
2022-05-11 14:28:26.515000,1.3023,1.30223,1200000,2520000
2022-05-11 14:28:27.028000,1.3023,1.30224,1200000,1440000
2022-05-11 14:28:27.130000,1.30229,1.30222,2240000,2340000
2022-05-11 14:28:29.364000,1.30229,1.30222,3300000,1440000
2022-05-11 14:28:29.568000,1.30227,1.30221,10880000,1440000
2022-05-11 14:28:29.619000,1.30224,1.30218,1800000,1200000
2022-05-11 14:28:29.772000,1.30223,1.30216,1800000,2340000
2022-05-11 14:28:29.891000,1.30219,1.30216,10880000,1200000
2022-05-11 14:28:29.942000,1.30213,1.30208,1200000,2340000
2022-05-11 14:28:30.045000,1.30213,1.30207,1800000,1440000
2022-05-11 14:28:30.249000,1.30213,1.30207,1200000,1920000
2022-05-11 14:28:30.352000,1.30213,1.30208,1200000,2750000
2022-05-11 14:28:31.662000,1.30213,1.30208,1200000,3420000
2022-05-11 14:28:31.714000,1.30218,1.30215,1340000,1200000
2022-05-11 14:28:31.817000,1.3022,1.30214,1200000,2220000
2022-05-11 14:28:31.919000,1.30219,1.30213,1200000,2220000
2022-05-11 14:28:32.225000,1.3022,1.30213,1800000,2750000
2022-05-11 14:28:32.531000,1.30219,1.30212,2240000,2340000
2022-05-11 14:28:32.633000,1.30219,1.30213,1200000,1440000
2022-05-11 14:28:32.952000,1.3022,1.30213,2240000,2520000
2022-05-11 14:28:33.941000,1.3022,1.30213,1200000,2960000
2022-05-11 14:28:34.145000,1.3022,1.30214,1200000,1440000
2022-05-11 14:28:35.070000,1.30217,1.30212,1200000,1200000
2022-05-11 14:28:35.173000,1.30213,1.30207,1800000,1440000
2022-05-11 14:28:35.791000,1.30214,1.30207,1200000,2750000
2022-05-11 14:28:36.101000,1.30213,1.30208,1200000,2570000
2022-05-11 14:28:36.203000,1.30213,1.30208,1200000,2750000
2022-05-11 14:28:36.458000,1.30213,1.30207,1800000,1440000
2022-05-11 14:28:37.300000,1.30213,1.30208,1200000,1920000
2022-05-11 14:28:37.453000,1.30213,1.30208,1200000,1200000
2022-05-11 14:28:37.809000,1.30213,1.30206,1800000,2360000
2022-05-11 14:28:39.704000,1.30213,1.30206,3140000,2340000
2022-05-11 14:28:40.148000,1.3021,1.30204,2240000,1440000
2022-05-11 14:28:40.250000,1.3021,1.30203,1800000,1440000
2022-05-11 14:28:40.765000,1.30206,1.302,2240000,1800000
2022-05-11 14:28:40.867000,1.30205,1.302,1500000,1200000
2022-05-11 14:28:42.307000,1.30206,1.302,1200000,2340000
2022-05-11 14:28:42.410000,1.30207,1.302,2470000,3240000
2022-05-11 14:28:42.573000,1.30205,1.302,1200000,1200000
2022-05-11 14:28:46.028000,1.30202,1.302,1200000,1200000
2022-05-11 14:28:46.079000,1.30201,1.30196,1440000,1340000
2022-05-11 14:28:46.131000,1.302,1.30194,1200000,1200000
2022-05-11 14:28:46.233000,1.302,1.30193,1200000,2960000
2022-05-11 14:28:46.960000,1.302,1.30193,1340000,2520000
2022-05-11 14:28:47.012000,1.30197,1.30191,1500000,1200000
2022-05-11 14:28:47.114000,1.30197,1.30189,1200000,3420000
2022-05-11 14:28:47.945000,1.30194,1.3019,2240000,1440000
2022-05-11 14:28:48.098000,1.30195,1.3019,2240000,1440000
2022-05-11 14:28:49.004000,1.30196,1.3019,1340000,3600000
2022-05-11 14:28:49.157000,1.30196,1.3019,1200000,3600000
2022-05-11 14:28:49.209000,1.30198,1.30191,1200000,2960000
2022-05-11 14:28:49.565000,1.30199,1.30193,2470000,1440000
2022-05-11 14:28:49.870000,1.302,1.30194,1340000,3680000
2022-05-11 14:28:49.922000,1.30205,1.30198,2570000,1440000
2022-05-11 14:28:50.024000,1.30205,1.30199,2470000,1440000
2022-05-11 14:28:50.859000,1.30202,1.30197,1200000,2520000
2022-05-11 14:28:50.961000,1.30199,1.30193,1200000,1920000
2022-05-11 14:28:51.064000,1.30198,1.30192,1200000,1440000
2022-05-11 14:28:51.167000,1.30197,1.3019,2710000,2520000
2022-05-11 14:28:51.269000,1.30195,1.3019,1340000,1440000
2022-05-11 14:28:51.603000,1.30194,1.3019,1200000,1440000
2022-05-11 14:28:51.909000,1.30196,1.3019,1340000,2700000
2022-05-11 14:28:52.011000,1.30196,1.3019,1570000,1620000
2022-05-11 14:28:52.165000,1.30195,1.3019,2340000,1440000
2022-05-11 14:28:55.154000,1.30196,1.3019,1800000,1620000
2022-05-11 14:28:55.308000,1.30197,1.3019,1880000,3860000
2022-05-11 14:28:55.410000,1.30197,1.3019,1800000,4040000
2022-05-11 14:28:58.330000,1.30197,1.3019,2110000,3860000
2022-05-11 14:28:58.432000,1.30197,1.3019,2570000,3140000
2022-05-11 14:28:59.044000,1.30198,1.30189,2710000,2700000
2022-05-11 14:28:59.147000,1.30189,1.30185,1320000,2100000
2022-05-11 14:28:59.249000,1.30189,1.30183,1320000,1440000
2022-05-11 14:28:59.557000,1.30194,1.30189,1870000,2340000
2022-05-11 14:28:59.608000,1.30197,1.30191,2480000,1200000
2022-05-11 14:28:59.660000,1.302,1.30194,1800000,2240000
2022-05-11 14:28:59.713000,1.30203,1.30196,1200000,3190000
2022-05-11 14:28:59.866000,1.30204,1.30198,1200000,1200000
2022-05-11 14:28:59.969000,1.30206,1.30199,2780000,1440000
2022-05-11 14:29:00.122000,1.30205,1.30199,1200000,1200000
2022-05-11 14:29:01.911000,1.30202,1.30198,1200000,1500000
2022-05-11 14:29:01.963000,1.302,1.30193,2820000,1440000
2022-05-11 14:29:02.066000,1.30199,1.30192,1880000,2340000
2022-05-11 14:29:02.168000,1.30198,1.30192,1320000,1440000
2022-05-11 14:29:03.427000,1.30199,1.30192,3680000,2220000
2022-05-11 14:29:03.529000,1.30199,1.30192,1800000,2220000
2022-05-11 14:29:04.121000,1.30198,1.30192,1200000,2220000
2022-05-11 14:29:04.553000,1.30198,1.30192,1320000,1440000
2022-05-11 14:29:04.655000,1.30197,1.30192,1200000,1440000
2022-05-11 14:29:05.490000,1.30197,1.30191,1320000,1440000
2022-05-11 14:29:05.642000,1.30197,1.30191,1200000,1920000
2022-05-11 14:29:06.899000,1.30198,1.30191,1800000,3190000
2022-05-11 14:29:07.002000,1.30199,1.30192,1800000,2220000
2022-05-11 14:29:07.154000,1.30198,1.30192,1200000,1920000
2022-05-11 14:29:07.206000,1.30197,1.30191,1320000,1440000
2022-05-11 14:29:07.533000,1.30198,1.30191,2940000,1920000
2022-05-11 14:29:08.962000,1.30198,1.30191,1800000,3190000
2022-05-11 14:29:09.064000,1.30197,1.30191,1800000,1920000
2022-05-11 14:29:09.166000,1.30197,1.30191,2340000,1440000
2022-05-11 14:29:09.319000,1.30192,1.30187,2340000,1500000
2022-05-11 14:29:09.371000,1.30189,1.30185,1880000,1200000
2022-05-11 14:29:09.422000,1.30188,1.30182,3420000,2840000
2022-05-11 14:29:09.525000,1.30187,1.30181,1200000,1200000
2022-05-11 14:29:09.576000,1.30186,1.3018,1440000,3240000
2022-05-11 14:29:09.678000,1.30187,1.30179,1920000,1880000
2022-05-11 14:29:10.297000,1.30187,1.30182,1880000,1440000
2022-05-11 14:29:10.399000,1.30189,1.30184,1320000,1440000
2022-05-11 14:29:10.603000,1.30189,1.30186,1200000,1320000
2022-05-11 14:29:10.655000,1.30193,1.30186,1320000,3850000
2022-05-11 14:29:10.707000,1.30195,1.3019,1880000,1440000
2022-05-11 14:29:10.817000,1.30197,1.30192,1690000,1200000
2022-05-11 14:29:10.922000,1.30197,1.3019,1880000,2520000
2022-05-11 14:29:11.024000,1.30197,1.30191,1460000,1440000
2022-05-11 14:29:11.631000,1.30196,1.3019,1460000,1440000
2022-05-11 14:29:11.734000,1.3019,1.30185,1440000,2100000
2022-05-11 14:29:11.786000,1.3019,1.30184,1460000,2570000
2022-05-11 14:29:11.888000,1.30189,1.30183,1460000,2040000
2022-05-11 14:29:12.041000,1.30189,1.30183,1460000,1440000
2022-05-11 14:29:12.515000,1.3019,1.30184,1880000,2520000
2022-05-11 14:29:12.617000,1.3019,1.30181,2060000,2340000
2022-05-11 14:29:12.669000,1.3019,1.30183,3720000,1920000
2022-05-11 14:29:13.025000,1.30189,1.30182,1460000,3190000
2022-05-11 14:29:13.434000,1.30189,1.30182,1320000,2960000
2022-05-11 14:29:13.715000,1.3019,1.30181,1460000,2960000
2022-05-11 14:29:14.202000,1.30189,1.30182,1320000,3720000
2022-05-11 14:29:14.304000,1.30195,1.30187,4620000,2060000
2022-05-11 14:29:14.407000,1.30197,1.30189,1920000,2060000
2022-05-11 14:29:14.510000,1.30197,1.3019,1320000,3400000
2022-05-11 14:29:15.131000,1.30197,1.3019,1200000,4520000
2022-05-11 14:29:16.196000,1.30199,1.30192,3720000,1920000
2022-05-11 14:29:16.349000,1.30199,1.30192,4760000,1440000
2022-05-11 14:29:18.455000,1.30195,1.30189,1920000,1200000
2022-05-11 14:29:18.506000,1.30195,1.30188,1460000,1340000
2022-05-11 14:29:18.557000,1.30196,1.30188,2780000,2290000
2022-05-11 14:29:18.711000,1.30196,1.30189,2780000,1920000
2022-05-11 14:29:19.067000,1.30193,1.30188,2060000,1500000
2022-05-11 14:29:19.119000,1.30192,1.30185,2060000,2640000
2022-05-11 14:29:19.221000,1.30192,1.30185,2060000,1440000
2022-05-11 14:29:20.175000,1.30192,1.30186,1440000,1880000
2022-05-11 14:29:20.226000,1.30194,1.30187,2780000,1920000
2022-05-11 14:29:20.379000,1.30195,1.30188,1880000,2340000
2022-05-11 14:29:20.482000,1.30194,1.30186,2780000,1300000
2022-05-11 14:29:20.584000,1.30192,1.30184,2060000,3700000
2022-05-11 14:29:22.437000,1.30191,1.30185,2060000,1200000
2022-05-11 14:29:22.591000,1.3019,1.30184,2780000,1200000
2022-05-11 14:29:22.693000,1.3019,1.30184,8360000,1200000
2022-05-11 14:29:23.349000,1.3019,1.30184,4580000,1200000
2022-05-11 14:29:25.430000,1.3019,1.30185,1440000,1200000
2022-05-11 14:29:25.911000,1.3019,1.30184,1880000,1320000
2022-05-11 14:29:26.838000,1.3019,1.30184,2960000,1200000
2022-05-11 14:29:26.941000,1.30189,1.30182,2780000,1340000
2022-05-11 14:29:27.100000,1.30189,1.30182,2960000,1340000
2022-05-11 14:29:29.423000,1.30183,1.30179,2520000,1880000
2022-05-11 14:29:29.526000,1.30181,1.30174,2960000,2400000
2022-05-11 14:29:29.781000,1.30181,1.30174,2340000,3070000
2022-05-11 14:29:29.883000,1.30181,1.30176,1200000,1500000
2022-05-11 14:29:30.198000,1.30183,1.30176,3420000,1500000
2022-05-11 14:29:30.548000,1.30183,1.30176,3420000,1500000
2022-05-11 14:29:30.650000,1.3018,1.30175,1320000,1200000
2022-05-11 14:29:30.753000,1.3018,1.30174,2060000,1340000
2022-05-11 14:29:30.957000,1.30177,1.3017,1880000,1200000
2022-05-11 14:29:31.060000,1.30172,1.30167,1920000,1500000
2022-05-11 14:29:31.162000,1.30172,1.30166,2060000,1200000
2022-05-11 14:29:31.727000,1.30172,1.30164,1440000,1200000
2022-05-11 14:29:31.830000,1.30171,1.30164,2780000,2340000
2022-05-11 14:29:32.495000,1.30171,1.30165,1200000,1440000
2022-05-11 14:29:32.597000,1.30172,1.30167,1440000,1200000
2022-05-11 14:29:33.829000,1.30173,1.30168,1800000,3420000
2022-05-11 14:29:33.932000,1.30177,1.30172,1200000,1200000
2022-05-11 14:29:34.034000,1.30178,1.30172,1440000,1440000
2022-05-11 14:29:34.137000,1.30178,1.30172,1200000,2520000
2022-05-11 14:29:34.527000,1.30178,1.30172,1440000,1440000
2022-05-11 14:29:35.062000,1.30179,1.30174,1320000,1200000
2022-05-11 14:29:35.164000,1.30179,1.30172,2340000,1920000
2022-05-11 14:29:35.267000,1.30179,1.30172,1800000,1920000
2022-05-11 14:29:37.232000,1.30179,1.30173,1440000,1440000
2022-05-11 14:29:37.334000,1.30173,1.30169,1920000,1800000
2022-05-11 14:29:37.386000,1.30171,1.30165,1440000,1320000
2022-05-11 14:29:37.437000,1.30165,1.30161,1800000,2240000
2022-05-11 14:29:37.540000,1.30165,1.3016,1800000,5480000
2022-05-11 14:29:37.642000,1.30167,1.3016,1920000,6680000
2022-05-11 14:29:37.693000,1.30167,1.3016,1920000,5920000
2022-05-11 14:29:37.846000,1.30165,1.3016,1440000,3600000
2022-05-11 14:29:37.898000,1.30163,1.30159,2520000,3600000
2022-05-11 14:29:38,1.30159,1.30153,1440000,1210000
2022-05-11 14:29:38.306000,1.30159,1.30152,1200000,2220000
2022-05-11 14:29:39.094000,1.30161,1.30153,3860000,2220000
2022-05-11 14:29:39.811000,1.30161,1.30153,3860000,1670000
2022-05-11 14:29:39.913000,1.30162,1.30152,3860000,2220000
2022-05-11 14:29:40.672000,1.30161,1.30152,1320000,1670000
2022-05-11 14:29:40.724000,1.30158,1.3015,2060000,4030000
2022-05-11 14:29:40.775000,1.30156,1.30148,3860000,2570000
2022-05-11 14:29:40.928000,1.30156,1.30148,3680000,1440000
2022-05-11 14:29:41.205000,1.30155,1.30148,1200000,1440000
2022-05-11 14:29:41.714000,1.30153,1.30146,1920000,1320000
2022-05-11 14:29:41.817000,1.30154,1.30147,1440000,1500000
2022-05-11 14:29:41.919000,1.30155,1.30147,2520000,1920000
2022-05-11 14:29:42.021000,1.30155,1.30147,2520000,1440000
2022-05-11 14:29:42.339000,1.30155,1.30147,1440000,1440000
2022-05-11 14:29:42.444000,1.30156,1.30148,3240000,1920000
2022-05-11 14:29:42.547000,1.30164,1.30162,1200000,1200000
2022-05-11 14:29:42.598000,1.30167,1.30164,1200000,1440000
2022-05-11 14:29:42.650000,1.30166,1.3016,2340000,2700000
2022-05-11 14:29:42.753000,1.30166,1.30159,1440000,1200000
2022-05-11 14:29:42.855000,1.30166,1.30159,5220000,1200000
2022-05-11 14:29:43.110000,1.30166,1.30159,1440000,2220000
2022-05-11 14:29:43.262000,1.30167,1.30158,1440000,1440000
2022-05-11 14:29:45.172000,1.30165,1.30158,2340000,1200000
2022-05-11 14:29:45.426000,1.30166,1.30157,5220000,1200000
2022-05-11 14:29:45.528000,1.30165,1.30158,4320000,1200000
2022-05-11 14:29:45.630000,1.30165,1.30158,4140000,1200000
2022-05-11 14:29:45.807000,1.30166,1.30158,1440000,1440000
2022-05-11 14:29:46.490000,1.30166,1.30159,2340000,1200000
2022-05-11 14:29:46.592000,1.30165,1.30158,1200000,1440000
2022-05-11 14:29:46.745000,1.30166,1.30158,1440000,1440000
2022-05-11 14:29:47.013000,1.30166,1.30159,1920000,1500000
2022-05-11 14:29:47.123000,1.30166,1.30159,1440000,1670000
2022-05-11 14:29:47.279000,1.30166,1.30159,2040000,1670000
2022-05-11 14:29:47.433000,1.30166,1.30159,1880000,1670000
2022-05-11 14:29:47.535000,1.30165,1.30158,5060000,1200000
2022-05-11 14:29:47.738000,1.3016,1.30154,1200000,2110000
2022-05-11 14:29:47.841000,1.30164,1.30157,1440000,1200000
2022-05-11 14:29:47.994000,1.30164,1.30157,1200000,1920000
2022-05-11 14:29:48.521000,1.30164,1.30157,1200000,1440000
2022-05-11 14:29:49.844000,1.3016,1.30154,1200000,1620000
2022-05-11 14:29:49.896000,1.3016,1.30153,1200000,1440000
2022-05-11 14:29:49.998000,1.30161,1.30154,1440000,1200000
2022-05-11 14:29:51.096000,1.30159,1.30154,1200000,1200000
2022-05-11 14:29:51.148000,1.3017,1.30163,6000000,2060000
2022-05-11 14:29:51.200000,1.3017,1.30166,1340000,1440000
2022-05-11 14:29:51.302000,1.30173,1.30166,2700000,1440000
2022-05-11 14:29:53.435000,1.30174,1.30165,4740000,1200000
2022-05-11 14:29:53.538000,1.30173,1.30166,3300000,1460000
2022-05-11 14:29:53.651000,1.30173,1.30166,3300000,1200000
2022-05-11 14:29:54.264000,1.30173,1.30166,3140000,1460000
2022-05-11 14:29:54.797000,1.30172,1.30166,1320000,1200000
2022-05-11 14:29:54.899000,1.30174,1.30165,7200000,1200000
2022-05-11 14:29:55.492000,1.30162,1.30156,1200000,2700000
2022-05-11 14:29:55.543000,1.30161,1.30155,1440000,1340000
2022-05-11 14:29:55.748000,1.30163,1.30155,1800000,2110000
2022-05-11 14:29:55.850000,1.30163,1.30156,1200000,1440000
2022-05-11 14:29:56.155000,1.30163,1.30157,1200000,1200000
2022-05-11 14:29:56.258000,1.30164,1.30157,1800000,1670000
2022-05-11 14:29:56.563000,1.30165,1.30158,3600000,1200000
2022-05-11 14:29:57.400000,1.30165,1.30156,1200000,1200000
2022-05-11 14:29:57.502000,1.30166,1.30159,1800000,1200000
2022-05-11 14:29:57.604000,1.30166,1.30158,1200000,2540000
2022-05-11 14:29:57.706000,1.30165,1.30158,2700000,1500000
2022-05-11 14:29:58.703000,1.30165,1.30157,3600000,1340000
2022-05-11 14:29:58.805000,1.30165,1.30158,1800000,1200000
2022-05-11 14:29:59.117000,1.30165,1.3016,1800000,1200000
2022-05-11 14:29:59.220000,1.30169,1.30162,1800000,1500000
2022-05-11 14:29:59.271000,1.30171,1.30164,3600000,1200000
2022-05-11 14:29:59.373000,1.30172,1.30165,1200000,1200000
2022-05-11 14:29:59.628000,1.30171,1.30165,1800000,1200000
2022-05-11 14:29:59.679000,1.3017,1.30163,4500000,1200000
2022-05-11 14:29:59.805000,1.3017,1.30164,1340000,1200000
2022-05-11 14:29:59.908000,1.30172,1.30165,2400000,1200000
2022-05-11 14:29:59.959000,1.30171,1.30163,1800000,1200000
2022-05-11 14:30:00.061000,1.30171,1.30163,2400000,1200000
2022-05-11 14:30:00.112000,1.30171,1.30164,2240000,1200000
2022-05-11 14:30:00.164000,1.30173,1.30165,5400000,1800000
2022-05-11 14:30:00.266000,1.30178,1.30174,1800000,1200000
2022-05-11 14:30:00.373000,1.30181,1.30174,1800000,1200000
2022-05-11 14:30:00.628000,1.30181,1.30175,1200000,1200000
2022-05-11 14:30:00.680000,1.30183,1.30179,2240000,1800000
2022-05-11 14:30:00.783000,1.30189,1.30181,1800000,1200000
2022-05-11 14:30:00.885000,1.30189,1.3018,1800000,1200000
2022-05-11 14:30:01.091000,1.30188,1.30182,1200000,1200000
2022-05-11 14:30:01.142000,1.3019,1.30183,3600000,1200000
2022-05-11 14:30:01.295000,1.3019,1.30184,1800000,1200000
2022-05-11 14:30:01.398000,1.3019,1.30183,1800000,1200000
2022-05-11 14:30:01.500000,1.30189,1.30182,1200000,1200000
2022-05-11 14:30:01.653000,1.3019,1.30183,3600000,1200000
2022-05-11 14:30:02.061000,1.3019,1.30182,1200000,1800000
2022-05-11 14:30:02.112000,1.3019,1.30186,1800000,1500000
2022-05-11 14:30:02.163000,1.30195,1.30192,1200000,1200000
2022-05-11 14:30:02.265000,1.30196,1.30192,1200000,1200000
2022-05-11 14:30:02.368000,1.3019,1.30187,1200000,1200000
2022-05-11 14:30:02.547000,1.3019,1.30183,1800000,1800000
2022-05-11 14:30:03.252000,1.30192,1.30183,1800000,1200000
2022-05-11 14:30:03.354000,1.3019,1.30183,1200000,1500000
2022-05-11 14:30:03.456000,1.30191,1.30184,1200000,1200000
2022-05-11 14:30:03.558000,1.3019,1.30183,1200000,1200000
2022-05-11 14:30:04.534000,1.30189,1.30182,1200000,1200000
2022-05-11 14:30:04.738000,1.30182,1.3018,1800000,1500000
2022-05-11 14:30:04.789000,1.30182,1.30175,4500000,1500000
2022-05-11 14:30:04.880000,1.30181,1.30177,2700000,1500000
2022-05-11 14:30:04.931000,1.30181,1.30174,1800000,1200000
2022-05-11 14:30:05.633000,1.30174,1.30167,5400000,3600000
2022-05-11 14:30:05.685000,1.30172,1.30166,1800000,1200000
2022-05-11 14:30:05.787000,1.30172,1.30165,1800000,1200000
2022-05-11 14:30:06.156000,1.30172,1.30164,1800000,1200000
2022-05-11 14:30:06.258000,1.30171,1.30166,1200000,1200000
2022-05-11 14:30:06.360000,1.30168,1.30163,1800000,1200000
2022-05-11 14:30:06.412000,1.30168,1.3016,1200000,1500000
2022-05-11 14:30:06.464000,1.30169,1.30163,1200000,1200000
2022-05-11 14:30:06.566000,1.3017,1.30163,1800000,1200000
2022-05-11 14:30:06.769000,1.3017,1.30164,1200000,1200000
2022-05-11 14:30:07.721000,1.30173,1.3017,1800000,1200000
2022-05-11 14:30:07.823000,1.30176,1.3017,1200000,1200000
2022-05-11 14:30:07.874000,1.30177,1.30172,1200000,1200000
2022-05-11 14:30:07.977000,1.30177,1.30171,1200000,1200000
2022-05-11 14:30:08.079000,1.30176,1.30171,1200000,1200000
2022-05-11 14:30:08.181000,1.30173,1.30168,1200000,1330000
2022-05-11 14:30:08.233000,1.30171,1.30165,1200000,2340000
2022-05-11 14:30:08.386000,1.30173,1.30169,1800000,2340000
2022-05-11 14:30:08.489000,1.30175,1.30168,1440000,2030000
2022-05-11 14:30:08.540000,1.30173,1.30167,1800000,1200000
2022-05-11 14:30:08.795000,1.30172,1.30166,1200000,1200000
2022-05-11 14:30:09.101000,1.30173,1.30168,1800000,1200000
2022-05-11 14:30:09.203000,1.30174,1.30168,1200000,1200000
2022-05-11 14:30:10.099000,1.30174,1.30167,1200000,2340000
2022-05-11 14:30:10.201000,1.30174,1.30168,1200000,1200000
2022-05-11 14:30:10.624000,1.30171,1.30167,1670000,1200000
2022-05-11 14:30:10.676000,1.30171,1.30165,2340000,1200000
2022-05-11 14:30:10.727000,1.3017,1.30163,1200000,2340000
2022-05-11 14:30:10.829000,1.3017,1.30164,1200000,1200000
2022-05-11 14:30:11.412000,1.30173,1.30169,1800000,1200000
2022-05-11 14:30:11.463000,1.30175,1.30169,1340000,1500000
2022-05-11 14:30:11.617000,1.30176,1.30171,1200000,1200000
2022-05-11 14:30:11.770000,1.30177,1.30172,1200000,1200000
2022-05-11 14:30:11.872000,1.30178,1.30173,1200000,1200000
2022-05-11 14:30:11.975000,1.30179,1.30173,1200000,1440000
2022-05-11 14:30:12.077000,1.30179,1.30172,2240000,1800000
2022-05-11 14:30:12.688000,1.30178,1.30171,1200000,2340000
2022-05-11 14:30:12.878000,1.30173,1.30167,1340000,1980000
2022-05-11 14:30:13.087000,1.30176,1.3017,1940000,1200000
2022-05-11 14:30:13.190000,1.30175,1.30167,2240000,1200000
2022-05-11 14:30:13.241000,1.30173,1.30166,3140000,2340000
2022-05-11 14:30:14.010000,1.30172,1.30166,1200000,1320000
2022-05-11 14:30:14.367000,1.30167,1.30163,1200000,1200000
2022-05-11 14:30:14.470000,1.3016,1.30158,1320000,1500000
2022-05-11 14:30:14.572000,1.3016,1.30154,1200000,1200000
2022-05-11 14:30:14.675000,1.3016,1.30155,1200000,1320000
2022-05-11 14:30:14.879000,1.3016,1.30154,1200000,1440000
2022-05-11 14:30:15.138000,1.3016,1.30155,1200000,1320000
2022-05-11 14:30:15.241000,1.30158,1.30153,1800000,1200000
2022-05-11 14:30:15.292000,1.30157,1.3015,1200000,1880000
2022-05-11 14:30:15.343000,1.30158,1.30152,1880000,1200000
2022-05-11 14:30:15.446000,1.30155,1.3015,1200000,1330000
2022-05-11 14:30:15.498000,1.30155,1.30148,1200000,2340000
2022-05-11 14:30:15.600000,1.30155,1.30147,1200000,1440000
2022-05-11 14:30:15.753000,1.30155,1.3015,1200000,1440000
2022-05-11 14:30:15.805000,1.30157,1.3015,1200000,2340000
2022-05-11 14:30:15.909000,1.30158,1.30151,1340000,1320000
2022-05-11 14:30:16.012000,1.30159,1.30152,1200000,2090000
2022-05-11 14:30:16.115000,1.30159,1.30154,1200000,1320000
2022-05-11 14:30:17.435000,1.30162,1.30157,1200000,1200000
2022-05-11 14:30:17.537000,1.30168,1.30163,1800000,1440000
2022-05-11 14:30:17.640000,1.30169,1.30162,2240000,1670000
2022-05-11 14:30:17.945000,1.30169,1.30164,1200000,1920000
2022-05-11 14:30:18.048000,1.30171,1.30165,3600000,2360000
2022-05-11 14:30:18.099000,1.30176,1.30171,1200000,1920000
2022-05-11 14:30:18.151000,1.30177,1.30173,1800000,1440000
2022-05-11 14:30:18.203000,1.3018,1.30173,1200000,1440000
2022-05-11 14:30:19.220000,1.30182,1.30173,1800000,1320000
2022-05-11 14:30:19.373000,1.30182,1.30174,3600000,2660000
2022-05-11 14:30:19.832000,1.30176,1.30171,3860000,1800000
2022-05-11 14:30:19.883000,1.30173,1.30166,2700000,2380000
2022-05-11 14:30:20.088000,1.30175,1.30166,1200000,1880000
2022-05-11 14:30:20.190000,1.30174,1.30167,1200000,2360000
2022-05-11 14:30:20.394000,1.30177,1.30169,2340000,1670000
2022-05-11 14:30:20.760000,1.30174,1.30167,1200000,2090000
2022-05-11 14:30:20.862000,1.30175,1.30168,1200000,2220000
2022-05-11 14:30:20.964000,1.30176,1.30169,1200000,1740000
2022-05-11 14:30:21.350000,1.30175,1.30169,1200000,1200000
2022-05-11 14:30:22.516000,1.30176,1.30169,1200000,1200000
2022-05-11 14:30:22.569000,1.30177,1.3017,1200000,1320000
2022-05-11 14:30:22.773000,1.30175,1.3017,1200000,1200000
2022-05-11 14:30:23.400000,1.30172,1.30167,1200000,1800000
2022-05-11 14:30:23.503000,1.30171,1.30166,1200000,1200000
2022-05-11 14:30:23.605000,1.30172,1.30168,1200000,1200000
2022-05-11 14:30:23.657000,1.30174,1.30168,1200000,1200000
2022-05-11 14:30:23.759000,1.30174,1.30169,1200000,1200000
2022-05-11 14:30:23.912000,1.30175,1.30169,1200000,1320000
2022-05-11 14:30:24.065000,1.30175,1.3017,1200000,1200000
2022-05-11 14:30:25.169000,1.30172,1.30167,1200000,1200000
2022-05-11 14:30:25.271000,1.30167,1.30163,1200000,1200000
2022-05-11 14:30:25.608000,1.30167,1.30161,1200000,1200000
2022-05-11 14:30:26.149000,1.30165,1.3016,1200000,1780000
2022-05-11 14:30:26.251000,1.30165,1.3016,1200000,1200000
2022-05-11 14:30:26.628000,1.30165,1.30159,2700000,1200000
2022-05-11 14:30:26.731000,1.30163,1.30159,1200000,1200000
2022-05-11 14:30:26.884000,1.30165,1.30159,2700000,1320000
2022-05-11 14:30:26.986000,1.30165,1.3016,1200000,1200000
2022-05-11 14:30:27.284000,1.30166,1.30164,1200000,1440000
2022-05-11 14:30:27.336000,1.30173,1.30167,2240000,1200000
2022-05-11 14:30:27.590000,1.30173,1.30166,3680000,1200000
2022-05-11 14:30:27.642000,1.30171,1.30165,1940000,1200000
2022-05-11 14:30:27.744000,1.30165,1.30162,1200000,1200000
2022-05-11 14:30:27.796000,1.30172,1.30165,3320000,1200000
2022-05-11 14:30:27.847000,1.30175,1.30167,8780000,1320000
2022-05-11 14:30:27.899000,1.30175,1.3017,2240000,1440000
2022-05-11 14:30:28.052000,1.30175,1.30169,1320000,1200000
2022-05-11 14:30:28.420000,1.30175,1.30168,1880000,1200000
2022-05-11 14:30:28.573000,1.30175,1.30168,11060000,1200000
2022-05-11 14:30:28.624000,1.30173,1.30166,1320000,1200000
2022-05-11 14:30:28.727000,1.30173,1.30165,10160000,1200000
2022-05-11 14:30:28.778000,1.30166,1.30164,1200000,1200000
2022-05-11 14:30:29.372000,1.30173,1.30169,1800000,1200000
2022-05-11 14:30:29.424000,1.30173,1.30167,1800000,1320000
2022-05-11 14:30:29.475000,1.30175,1.30169,5940000,1340000
2022-05-11 14:30:29.578000,1.30176,1.3017,9540000,1200000
2022-05-11 14:30:29.681000,1.3018,1.30172,13580000,1320000
2022-05-11 14:30:29.784000,1.30181,1.30173,5480000,1320000
2022-05-11 14:30:29.835000,1.30182,1.30175,5480000,1200000
2022-05-11 14:30:30.452000,1.30182,1.30174,9080000,1200000
2022-05-11 14:30:30.554000,1.30182,1.30175,7740000,1200000
2022-05-11 14:30:30.919000,1.30181,1.30174,1440000,1200000
2022-05-11 14:30:31.021000,1.3018,1.30173,2340000,1200000
2022-05-11 14:30:31.124000,1.3018,1.30172,3600000,1200000
2022-05-11 14:30:31.226000,1.30175,1.30169,1320000,1200000
2022-05-11 14:30:31.901000,1.30177,1.30171,9540000,1200000
2022-05-11 14:30:32.003000,1.30173,1.30167,1800000,1200000
2022-05-11 14:30:32.830000,1.30173,1.30169,1800000,1440000
2022-05-11 14:30:32.881000,1.30177,1.30169,5400000,1440000
2022-05-11 14:30:32.933000,1.30176,1.30167,1320000,1200000
2022-05-11 14:30:33.035000,1.30177,1.30168,9980000,1200000
2022-05-11 14:30:33.086000,1.30178,1.30172,1200000,1200000
2022-05-11 14:30:33.239000,1.30179,1.30172,2780000,1200000
2022-05-11 14:30:33.341000,1.30181,1.30173,1200000,1320000
2022-05-11 14:30:33.494000,1.3018,1.30173,4040000,1200000
2022-05-11 14:30:33.647000,1.3018,1.30174,5480000,1200000
2022-05-11 14:30:33.749000,1.30178,1.30172,9980000,1200000
2022-05-11 14:30:33.902000,1.3018,1.30171,1200000,1440000
2022-05-11 14:30:34.004000,1.3018,1.30174,1320000,1200000
2022-05-11 14:30:34.167000,1.3018,1.30173,1880000,1200000
2022-05-11 14:30:34.320000,1.30181,1.30175,1500000,1200000
2022-05-11 14:30:34.422000,1.30183,1.30174,10140000,1200000
2022-05-11 14:30:34.778000,1.3018,1.30172,2040000,1640000
2022-05-11 14:30:34.880000,1.30178,1.30172,3600000,1200000
2022-05-11 14:30:35.643000,1.3018,1.30171,2240000,1200000
2022-05-11 14:30:35.745000,1.30178,1.30172,3600000,1320000
2022-05-11 14:30:35.847000,1.30179,1.30172,1340000,1320000
2022-05-11 14:30:36.177000,1.3018,1.30173,4280000,1200000
2022-05-11 14:30:36.432000,1.30182,1.30174,1800000,1200000
2022-05-11 14:30:36.534000,1.30181,1.30175,1200000,1200000
2022-05-11 14:30:37.471000,1.30178,1.30173,5400000,1330000
2022-05-11 14:30:38.233000,1.30176,1.30168,1880000,1800000
2022-05-11 14:30:38.285000,1.30175,1.30169,2040000,1200000
2022-05-11 14:30:38.387000,1.30174,1.30166,6080000,1200000
2022-05-11 14:30:39.768000,1.30173,1.30168,1800000,1200000
2022-05-11 14:30:39.871000,1.30177,1.3017,9980000,1200000
2022-05-11 14:30:39.973000,1.30178,1.30172,1800000,1440000
2022-05-11 14:30:40.075000,1.3018,1.30172,1920000,1440000
2022-05-11 14:30:40.177000,1.30182,1.30177,6300000,1200000
2022-05-11 14:30:40.228000,1.30184,1.30177,1440000,1200000
2022-05-11 14:30:40.331000,1.30184,1.30178,1320000,1200000
2022-05-11 14:30:40.382000,1.30183,1.30176,1320000,1200000
2022-05-11 14:30:40.636000,1.30182,1.30174,3860000,1870000
2022-05-11 14:30:40.942000,1.3018,1.3017,2240000,1920000
2022-05-11 14:30:41.044000,1.30179,1.30171,1440000,1440000
2022-05-11 14:30:42.382000,1.30178,1.30171,1800000,1440000
2022-05-11 14:30:44.384000,1.30177,1.30174,1200000,1440000
2022-05-11 14:30:44.436000,1.3018,1.30174,1200000,1440000
2022-05-11 14:30:44.690000,1.30181,1.30175,1200000,1200000
2022-05-11 14:30:44.741000,1.30183,1.30176,2240000,1200000
2022-05-11 14:30:44.793000,1.30181,1.30175,1340000,1440000
2022-05-11 14:30:45.047000,1.30181,1.30174,2780000,2340000
2022-05-11 14:30:45.159000,1.30181,1.30176,1200000,1200000
2022-05-11 14:30:45.262000,1.30183,1.30175,1440000,1440000
2022-05-11 14:30:45.572000,1.30182,1.30177,1200000,1440000
2022-05-11 14:30:45.674000,1.30184,1.30179,1200000,1440000
2022-05-11 14:30:45.776000,1.30184,1.30177,2520000,1780000
2022-05-11 14:30:45.827000,1.30182,1.30176,1440000,1440000
2022-05-11 14:30:45.930000,1.30181,1.30175,1800000,1200000
2022-05-11 14:30:46.083000,1.30181,1.30173,1340000,1200000
2022-05-11 14:30:46.298000,1.3018,1.30174,2060000,1200000
2022-05-11 14:30:46.400000,1.30182,1.30176,1920000,2100000
2022-05-11 14:30:46.452000,1.30182,1.30178,1440000,1200000
2022-05-11 14:30:46.869000,1.30184,1.30181,1440000,1200000
2022-05-11 14:30:46.971000,1.30185,1.3018,1440000,1200000
2022-05-11 14:30:47.512000,1.30185,1.30181,1440000,1200000
2022-05-11 14:30:48.943000,1.30182,1.30176,2060000,2240000
2022-05-11 14:30:48.994000,1.30181,1.30173,1320000,2230000
2022-05-11 14:30:49.097000,1.3018,1.30174,1320000,1800000
2022-05-11 14:30:49.351000,1.3018,1.30174,1320000,1800000
2022-05-11 14:30:50.086000,1.30178,1.30173,1920000,1200000
2022-05-11 14:30:50.188000,1.30178,1.30172,2060000,1500000
2022-05-11 14:30:50.291000,1.30178,1.30172,2060000,1200000
2022-05-11 14:30:50.596000,1.30177,1.30171,1320000,1200000
2022-05-11 14:30:50.698000,1.30177,1.3017,2960000,1800000
2022-05-11 14:30:51.483000,1.30177,1.3017,2060000,2100000
2022-05-11 14:30:51.738000,1.30177,1.3017,2060000,2030000
2022-05-11 14:30:52.348000,1.30177,1.3017,1920000,2630000
2022-05-11 14:30:53.260000,1.30179,1.30173,1320000,1200000
2022-05-11 14:30:53.362000,1.30178,1.30171,2060000,1800000
2022-05-11 14:30:53.464000,1.30178,1.30173,1920000,1200000
2022-05-11 14:30:53.681000,1.30178,1.30171,2060000,2110000
2022-05-11 14:30:53.783000,1.30179,1.3017,2960000,1200000
2022-05-11 14:30:53.936000,1.30178,1.30173,2060000,1200000
2022-05-11 14:30:54.037000,1.30178,1.30173,2060000,1200000
2022-05-11 14:30:54.241000,1.30179,1.30173,1320000,1800000
2022-05-11 14:30:54.837000,1.30177,1.30171,2060000,1200000
2022-05-11 14:30:54.939000,1.30175,1.3017,1320000,1200000
2022-05-11 14:30:54.990000,1.30172,1.30166,1320000,2230000
2022-05-11 14:30:55.092000,1.30171,1.30166,1320000,1200000
2022-05-11 14:30:55.397000,1.30172,1.30166,1320000,1200000
2022-05-11 14:30:55.500000,1.30173,1.30169,1800000,1200000
2022-05-11 14:30:55.603000,1.30178,1.30171,1320000,1200000
2022-05-11 14:30:55.756000,1.30177,1.30171,1320000,1200000
2022-05-11 14:30:55.866000,1.30177,1.30171,1320000,1200000
2022-05-11 14:30:55.968000,1.30173,1.30165,1800000,2520000
2022-05-11 14:30:56.019000,1.30172,1.30165,1320000,1330000
2022-05-11 14:30:57.098000,1.30174,1.30168,1800000,1340000
2022-05-11 14:30:57.200000,1.30178,1.3017,2960000,2320000
2022-05-11 14:30:57.354000,1.30178,1.30171,2060000,1200000
2022-05-11 14:30:57.405000,1.30179,1.30173,1320000,1200000
2022-05-11 14:30:57.806000,1.3018,1.30173,1320000,1200000
2022-05-11 14:30:57.909000,1.30181,1.30173,1320000,1200000
2022-05-11 14:30:58.077000,1.30183,1.30175,3420000,1200000
2022-05-11 14:30:58.280000,1.30181,1.30172,1320000,1340000
2022-05-11 14:30:58.383000,1.3018,1.30172,2060000,1870000
2022-05-11 14:30:58.586000,1.30179,1.30173,1320000,1200000
2022-05-11 14:30:59.462000,1.3018,1.30173,2060000,1200000
2022-05-11 14:31:00.021000,1.30182,1.30175,5660000,1200000
2022-05-11 14:31:00.123000,1.30181,1.30174,1320000,1200000
2022-05-11 14:31:00.619000,1.30182,1.30176,2060000,1500000
2022-05-11 14:31:00.773000,1.30182,1.30175,1920000,1340000
2022-05-11 14:31:00.876000,1.30181,1.30174,1320000,1330000
2022-05-11 14:31:00.978000,1.30181,1.30173,1920000,1200000
2022-05-11 14:31:01.233000,1.30183,1.30174,2520000,1340000
2022-05-11 14:31:01.335000,1.30183,1.30176,3860000,1200000
2022-05-11 14:31:01.437000,1.30183,1.30176,2060000,1200000
2022-05-11 14:31:02.098000,1.30185,1.30178,1920000,1740000
2022-05-11 14:31:02.251000,1.30188,1.30182,8180000,1200000
2022-05-11 14:31:02.353000,1.30189,1.30182,5660000,1200000
2022-05-11 14:31:02.455000,1.30191,1.30185,2520000,1200000
2022-05-11 14:31:02.558000,1.30192,1.30182,2060000,2900000
2022-05-11 14:31:02.660000,1.3019,1.30183,2060000,1500000
2022-05-11 14:31:02.762000,1.3019,1.30183,9260000,1200000
2022-05-11 14:31:02.864000,1.30189,1.30181,2060000,1340000
2022-05-11 14:31:02.966000,1.30189,1.30181,2060000,1880000
2022-05-11 14:31:03.308000,1.30189,1.30182,1920000,2100000
2022-05-11 14:31:03.411000,1.30196,1.30189,1920000,1500000
2022-05-11 14:31:03.920000,1.30192,1.30185,2520000,2860000
2022-05-11 14:31:04.022000,1.30191,1.30184,1320000,1500000
2022-05-11 14:31:04.125000,1.30195,1.30189,1320000,1200000
2022-05-11 14:31:04.228000,1.30195,1.30189,1320000,1500000
2022-05-11 14:31:04.330000,1.30195,1.30188,2960000,1800000
2022-05-11 14:31:04.432000,1.30193,1.30188,1920000,1200000
2022-05-11 14:31:04.991000,1.30193,1.30188,1440000,1200000
2022-05-11 14:31:05.593000,1.30196,1.30189,2060000,1200000
2022-05-11 14:31:05.746000,1.30196,1.30189,2960000,1200000
2022-05-11 14:31:06.102000,1.30197,1.30191,1320000,1200000
2022-05-11 14:31:06.259000,1.30197,1.3019,1320000,1330000
2022-05-11 14:31:06.513000,1.30198,1.30191,2060000,1200000
2022-05-11 14:31:07.367000,1.30198,1.30191,2060000,1200000
2022-05-11 14:31:07.759000,1.302,1.30197,1200000,3900000
2022-05-11 14:31:07.861000,1.30206,1.30199,2520000,1200000
2022-05-11 14:31:08.014000,1.30206,1.30199,2520000,1200000
2022-05-11 14:31:08.167000,1.30206,1.30198,1920000,3440000
2022-05-11 14:31:09.162000,1.30207,1.302,3420000,1200000
2022-05-11 14:31:09.213000,1.30207,1.302,2700000,1200000
2022-05-11 14:31:09.264000,1.30207,1.30199,3860000,2100000
2022-05-11 14:31:09.366000,1.30207,1.30199,6560000,1200000
2022-05-11 14:31:09.519000,1.30206,1.30199,2520000,1200000
2022-05-11 14:31:09.825000,1.30205,1.30198,1320000,1200000
2022-05-11 14:31:10.084000,1.30206,1.30199,1320000,1200000
2022-05-11 14:31:10.339000,1.30205,1.30198,2060000,1330000
2022-05-11 14:31:11.050000,1.30207,1.30199,11060000,1340000
2022-05-11 14:31:11.152000,1.30207,1.30199,2060000,2240000
2022-05-11 14:31:11.254000,1.30209,1.30201,4760000,1340000
2022-05-11 14:31:11.407000,1.30208,1.30198,2060000,2240000
2022-05-11 14:31:11.521000,1.30207,1.30199,2060000,2240000
2022-05-11 14:31:11.629000,1.30207,1.302,2060000,1200000
2022-05-11 14:31:11.731000,1.30209,1.30202,7020000,1200000
2022-05-11 14:31:11.833000,1.3021,1.30202,5660000,1340000
2022-05-11 14:31:11.935000,1.3021,1.30203,3860000,1200000
2022-05-11 14:31:12.038000,1.30212,1.30206,1920000,1500000
2022-05-11 14:31:12.242000,1.30214,1.30206,5220000,1200000
2022-05-11 14:31:12.344000,1.30214,1.30206,4760000,1200000
2022-05-11 14:31:12.496000,1.30214,1.30208,4320000,1200000
2022-05-11 14:31:12.649000,1.30216,1.30208,2060000,1500000
2022-05-11 14:31:12.751000,1.30217,1.3021,4760000,2700000
2022-05-11 14:31:12.854000,1.30217,1.30212,3600000,2780000
2022-05-11 14:31:12.956000,1.30217,1.30213,3600000,1200000
2022-05-11 14:31:13.109000,1.30219,1.30214,4140000,1200000
2022-05-11 14:31:13.211000,1.3022,1.30215,5040000,1200000
2022-05-11 14:31:13.313000,1.3022,1.30215,1920000,1200000
2022-05-11 14:31:13.415000,1.3022,1.30215,1440000,1200000
2022-05-11 14:31:13.517000,1.30221,1.30214,1920000,1200000
2022-05-11 14:31:13.870000,1.3022,1.30215,1440000,1200000
2022-05-11 14:31:14.023000,1.30222,1.30216,1440000,1200000
2022-05-11 14:31:14.125000,1.30222,1.30216,1920000,1200000
2022-05-11 14:31:14.227000,1.30221,1.30215,1320000,1800000
2022-05-11 14:31:14.340000,1.30218,1.30212,1920000,2030000
2022-05-11 14:31:14.442000,1.3022,1.30212,1920000,2030000
2022-05-11 14:31:14.493000,1.30219,1.30215,1440000,1200000
2022-05-11 14:31:15.001000,1.30221,1.30215,1440000,1200000
2022-05-11 14:31:15.839000,1.30223,1.30216,2520000,4440000
2022-05-11 14:31:16.307000,1.30226,1.30222,1200000,1200000
2022-05-11 14:31:16.410000,1.3023,1.30224,1440000,1200000
2022-05-11 14:31:16.512000,1.30231,1.30222,2520000,2030000
2022-05-11 14:31:16.614000,1.30231,1.30224,2960000,2240000
2022-05-11 14:31:16.716000,1.30231,1.30224,2960000,2240000
2022-05-11 14:31:17.503000,1.30233,1.30227,1920000,2030000
2022-05-11 14:31:17.605000,1.30233,1.30226,2520000,1500000
2022-05-11 14:31:17.707000,1.30233,1.30225,2060000,1200000
2022-05-11 14:31:17.860000,1.30226,1.30221,1920000,1200000
2022-05-11 14:31:17.912000,1.30223,1.30218,1440000,2230000
2022-05-11 14:31:17.963000,1.30223,1.30217,2960000,1800000
2022-05-11 14:31:18.066000,1.30221,1.30214,1440000,2470000
2022-05-11 14:31:18.117000,1.30222,1.30216,2520000,1200000
2022-05-11 14:31:18.219000,1.30221,1.30215,1920000,1200000
2022-05-11 14:31:18.321000,1.30223,1.30216,2520000,1500000
2022-05-11 14:31:18.577000,1.30222,1.30215,2520000,1800000
2022-05-11 14:31:18.882000,1.30222,1.30215,4760000,1800000
2022-05-11 14:31:19.035000,1.3022,1.30215,4320000,1200000
2022-05-11 14:31:19.086000,1.30217,1.30213,1200000,1200000
2022-05-11 14:31:19.138000,1.30218,1.3021,3860000,1500000
2022-05-11 14:31:19.291000,1.30217,1.3021,2520000,3440000
2022-05-11 14:31:19.342000,1.30219,1.30214,3600000,1200000
2022-05-11 14:31:19.444000,1.30221,1.30215,2220000,1800000
2022-05-11 14:31:19.597000,1.30221,1.30215,1440000,1800000
2022-05-11 14:31:20.170000,1.30221,1.30217,1200000,1200000
2022-05-11 14:31:20.272000,1.30222,1.30219,1200000,1500000
2022-05-11 14:31:20.426000,1.30222,1.3022,1200000,1200000
2022-05-11 14:31:21.124000,1.30221,1.30216,1200000,1500000
2022-05-11 14:31:21.671000,1.30221,1.30215,1440000,2030000
2022-05-11 14:31:21.850000,1.30221,1.30215,1440000,3000000
2022-05-11 14:31:23.783000,1.30216,1.30214,5040000,1800000
2022-05-11 14:31:23.834000,1.30215,1.30208,3860000,1800000
2022-05-11 14:31:23.937000,1.30215,1.30207,3860000,1200000
2022-05-11 14:31:24.242000,1.30217,1.30207,4760000,1500000
2022-05-11 14:31:24.344000,1.30217,1.3021,1320000,1500000
2022-05-11 14:31:24.446000,1.3022,1.30215,2060000,1200000
2022-05-11 14:31:24.751000,1.3022,1.30215,2060000,1200000
2022-05-11 14:31:25.006000,1.30219,1.30215,2060000,1200000
2022-05-11 14:31:25.109000,1.30219,1.30215,1320000,1200000
2022-05-11 14:31:25.211000,1.30218,1.30214,2960000,1200000
2022-05-11 14:31:28.472000,1.30218,1.30215,1920000,1200000
2022-05-11 14:31:30.621000,1.30221,1.30215,8820000,1800000
2022-05-11 14:31:30.724000,1.30221,1.30215,1440000,1800000
2022-05-11 14:31:30.826000,1.30221,1.30215,1920000,1800000
2022-05-11 14:31:30.928000,1.30222,1.30217,1200000,5720000
2022-05-11 14:31:31.030000,1.30226,1.30218,2060000,1640000
2022-05-11 14:31:31.081000,1.30222,1.30218,1200000,1670000
2022-05-11 14:31:31.234000,1.30222,1.30219,1200000,1200000
2022-05-11 14:31:31.336000,1.30222,1.3022,1200000,1200000
2022-05-11 14:31:31.388000,1.30228,1.30222,1320000,1200000
2022-05-11 14:31:31.490000,1.30228,1.30221,1320000,1200000
2022-05-11 14:31:31.541000,1.30227,1.30219,2960000,1550000
2022-05-11 14:31:31.643000,1.30221,1.30218,1200000,1200000
2022-05-11 14:31:31.796000,1.30222,1.30219,1200000,1500000
2022-05-11 14:31:31.848000,1.30226,1.30219,2060000,1500000
2022-05-11 14:31:31.950000,1.30222,1.30219,1200000,1200000
2022-05-11 14:31:32.153000,1.30229,1.30221,9720000,1200000
2022-05-11 14:31:32.255000,1.30229,1.30222,2520000,1200000
2022-05-11 14:31:32.357000,1.30225,1.30218,2060000,1930000
2022-05-11 14:31:32.459000,1.30221,1.30218,1200000,1200000
2022-05-11 14:31:32.866000,1.30221,1.30217,1200000,1200000
2022-05-11 14:31:33.247000,1.30227,1.30221,2780000,1200000
2022-05-11 14:31:33.400000,1.30229,1.30223,1320000,1200000
2022-05-11 14:31:33.909000,1.30229,1.30222,5220000,1200000
2022-05-11 14:31:34.011000,1.30227,1.30221,1320000,1200000
2022-05-11 14:31:34.113000,1.30222,1.30215,1200000,1330000
2022-05-11 14:31:34.216000,1.30221,1.30217,1200000,1200000
2022-05-11 14:31:34.318000,1.30226,1.30219,1320000,1200000
2022-05-11 14:31:34.370000,1.30222,1.30219,1200000,1200000
2022-05-11 14:31:34.675000,1.30227,1.30219,2060000,1200000
2022-05-11 14:31:35.155000,1.30223,1.30215,2960000,3140000
2022-05-11 14:31:35.815000,1.30221,1.30213,1320000,1200000
2022-05-11 14:31:35.867000,1.30221,1.30211,2060000,2230000
2022-05-11 14:31:35.969000,1.3022,1.30213,1320000,1200000
2022-05-11 14:31:36.122000,1.30221,1.30215,1320000,1200000
2022-05-11 14:31:36.224000,1.30224,1.30218,1800000,2780000
2022-05-11 14:31:36.327000,1.30226,1.30219,1920000,1200000
2022-05-11 14:31:36.429000,1.30225,1.30218,1320000,1800000
2022-05-11 14:31:36.683000,1.30225,1.30219,1320000,1200000
2022-05-11 14:31:36.785000,1.30226,1.30219,1920000,1200000
2022-05-11 14:31:37.120000,1.30226,1.30219,1920000,1200000
2022-05-11 14:31:37.171000,1.30229,1.30222,2520000,1200000
2022-05-11 14:31:37.274000,1.30226,1.3022,1320000,1200000
2022-05-11 14:31:37.613000,1.30226,1.30219,1320000,1800000
2022-05-11 14:31:37.817000,1.30228,1.30222,5660000,1200000
2022-05-11 14:31:37.919000,1.30227,1.30221,1320000,1800000
2022-05-11 14:31:37.971000,1.30224,1.30217,1320000,2450000
2022-05-11 14:31:38.073000,1.30222,1.30215,1200000,1800000
2022-05-11 14:31:38.175000,1.30222,1.30215,2060000,1800000
2022-05-11 14:31:38.379000,1.30222,1.30215,2060000,1800000
2022-05-11 14:31:38.794000,1.30223,1.30216,1920000,1200000
2022-05-11 14:31:38.901000,1.30224,1.30216,2060000,2230000
2022-05-11 14:31:39.003000,1.30223,1.30216,1920000,1780000
2022-05-11 14:31:39.106000,1.30222,1.30215,1920000,2240000
2022-05-11 14:31:39.411000,1.30224,1.30216,5660000,1340000
2022-05-11 14:31:39.512000,1.30224,1.30218,1320000,1200000
2022-05-11 14:31:39.614000,1.30224,1.30216,1320000,1200000
2022-05-11 14:31:39.716000,1.3022,1.30213,1920000,4180000
2022-05-11 14:31:39.819000,1.30222,1.30214,2960000,1340000
2022-05-11 14:31:39.921000,1.30222,1.30214,2060000,1340000
2022-05-11 14:31:40.023000,1.30222,1.30214,2060000,1340000
2022-05-11 14:31:40.384000,1.30222,1.30215,1920000,2240000
2022-05-11 14:31:40.587000,1.3022,1.30212,2060000,1570000
2022-05-11 14:31:40.930000,1.3022,1.30212,2290000,1340000
2022-05-11 14:31:41.137000,1.30221,1.30211,5890000,1340000
2022-05-11 14:31:41.395000,1.3022,1.30212,2290000,1340000
2022-05-11 14:31:41.668000,1.3022,1.30212,2290000,1340000
2022-05-11 14:31:41.771000,1.30221,1.30212,1320000,1200000
2022-05-11 14:31:42.157000,1.30221,1.30212,1320000,1200000
2022-05-11 14:31:42.259000,1.30221,1.30212,1320000,1200000
2022-05-11 14:31:42.361000,1.30221,1.30214,1320000,1200000
2022-05-11 14:31:42.464000,1.30223,1.30215,2060000,1340000
2022-05-11 14:31:42.566000,1.30223,1.30216,1920000,1340000
2022-05-11 14:31:42.820000,1.30224,1.30217,2060000,1200000
2022-05-11 14:31:42.923000,1.30224,1.30217,2060000,1800000
2022-05-11 14:31:43.533000,1.30224,1.30217,1920000,1340000
2022-05-11 14:31:43.686000,1.30223,1.30216,2960000,1200000
2022-05-11 14:31:43.788000,1.30222,1.30214,1920000,2680000
2022-05-11 14:31:43.941000,1.3022,1.30212,2060000,2820000
2022-05-11 14:31:44.043000,1.3022,1.30212,2060000,1800000
2022-05-11 14:31:44.314000,1.30219,1.30211,1460000,3890000
2022-05-11 14:31:44.417000,1.30218,1.30211,1460000,2230000
2022-05-11 14:31:44.523000,1.3022,1.30213,3420000,1200000
2022-05-11 14:31:44.675000,1.30221,1.30213,2960000,1340000
2022-05-11 14:31:44.777000,1.30218,1.30211,1320000,2380000
2022-05-11 14:31:44.880000,1.30218,1.30211,1320000,1200000
2022-05-11 14:31:45.928000,1.30215,1.30208,2060000,1200000
2022-05-11 14:31:46.030000,1.30215,1.30207,2060000,1800000
2022-05-11 14:31:46.183000,1.30216,1.30208,2960000,1500000
2022-05-11 14:31:46.286000,1.30216,1.30209,1460000,1500000
2022-05-11 14:31:46.388000,1.30218,1.30214,1340000,1200000
2022-05-11 14:31:46.490000,1.30221,1.30214,2060000,1200000
2022-05-11 14:31:46.592000,1.30219,1.30211,2060000,4700000
2022-05-11 14:31:46.847000,1.30219,1.30211,2060000,2100000
2022-05-11 14:31:46.899000,1.30221,1.30214,6560000,1500000
2022-05-11 14:31:47.001000,1.30218,1.30211,1920000,3490000
2022-05-11 14:31:47.103000,1.30218,1.3021,2060000,1500000
2022-05-11 14:31:47.206000,1.30214,1.30208,1920000,1200000
2022-05-11 14:31:47.310000,1.30214,1.30207,1920000,1800000
2022-05-11 14:31:47.465000,1.30216,1.30209,1320000,1500000
2022-05-11 14:31:47.567000,1.30217,1.3021,1880000,1440000
2022-05-11 14:31:47.618000,1.30218,1.30212,1320000,1200000
2022-05-11 14:31:49.167000,1.30218,1.30212,1320000,1200000
2022-05-11 14:31:49.830000,1.30218,1.30212,1320000,1200000
2022-05-11 14:31:50.104000,1.30216,1.3021,1320000,1330000
2022-05-11 14:31:50.207000,1.30213,1.30206,2960000,1200000
2022-05-11 14:31:50.360000,1.30214,1.30205,1320000,1200000
2022-05-11 14:31:51.175000,1.30212,1.30205,1320000,1200000
2022-05-11 14:31:51.277000,1.30212,1.30206,1320000,1550000
2022-05-11 14:31:51.380000,1.3021,1.30205,1920000,1500000
2022-05-11 14:31:51.432000,1.3021,1.30204,2960000,1570000
2022-05-11 14:31:51.483000,1.30206,1.30202,1320000,1200000
2022-05-11 14:31:51.585000,1.30205,1.30199,1320000,1800000
2022-05-11 14:31:51.688000,1.30207,1.302,3860000,1330000
2022-05-11 14:31:52.247000,1.30207,1.302,3860000,1500000
2022-05-11 14:31:52.349000,1.30209,1.30202,2060000,1200000
2022-05-11 14:31:53.793000,1.30208,1.302,2960000,2900000
2022-05-11 14:31:53.997000,1.30205,1.30199,1320000,1800000
2022-05-11 14:31:54.099000,1.30205,1.30198,1320000,2450000
2022-05-11 14:31:54.924000,1.30205,1.30198,1320000,2570000
2022-05-11 14:31:55.236000,1.30207,1.302,2520000,1340000
2022-05-11 14:31:55.288000,1.30208,1.302,2060000,1670000
2022-05-11 14:31:55.390000,1.30206,1.30199,1880000,2570000
2022-05-11 14:31:55.492000,1.30207,1.302,1320000,1200000
2022-05-11 14:31:55.746000,1.30209,1.30199,1440000,3240000
2022-05-11 14:31:55.848000,1.30208,1.302,1920000,2780000
2022-05-11 14:31:55.950000,1.30211,1.30204,2520000,1340000
2022-05-11 14:31:56.052000,1.30213,1.30206,1320000,1200000
2022-05-11 14:31:56.595000,1.30212,1.30205,1320000,1340000
2022-05-11 14:31:56.800000,1.30208,1.30202,1880000,2080000
2022-05-11 14:31:56.851000,1.30207,1.302,1320000,3000000
2022-05-11 14:31:56.953000,1.30207,1.302,1320000,2340000
2022-05-11 14:31:57.057000,1.30208,1.302,2060000,2710000
2022-05-11 14:31:57.159000,1.30208,1.30199,1320000,2570000
2022-05-11 14:31:57.261000,1.30207,1.30199,1320000,1800000
2022-05-11 14:31:57.992000,1.30204,1.30198,1320000,1200000
2022-05-11 14:31:58.094000,1.30199,1.30194,1320000,2240000
2022-05-11 14:31:58.146000,1.30198,1.30191,1920000,3370000
2022-05-11 14:31:58.350000,1.30197,1.30189,2060000,1340000
2022-05-11 14:31:58.554000,1.30197,1.30189,3860000,1340000
2022-05-11 14:31:59.065000,1.30197,1.3019,1320000,1200000
2022-05-11 14:31:59.116000,1.30198,1.3019,2960000,2570000
2022-05-11 14:31:59.218000,1.30198,1.3019,1920000,3290000
2022-05-11 14:31:59.575000,1.30196,1.3019,1920000,1500000
2022-05-11 14:31:59.686000,1.30196,1.30189,2960000,1200000
2022-05-11 14:31:59.892000,1.30196,1.30188,2060000,1340000
2022-05-11 14:32:00.096000,1.30193,1.30187,1320000,2450000
2022-05-11 14:32:00.198000,1.30189,1.30181,2060000,1340000
2022-05-11 14:32:00.300000,1.30188,1.30181,2060000,1800000
2022-05-11 14:32:00.402000,1.30188,1.30181,2060000,1800000
2022-05-11 14:32:00.505000,1.3019,1.30182,4500000,2540000
2022-05-11 14:32:00.607000,1.30188,1.30181,1320000,1200000
2022-05-11 14:32:00.709000,1.30188,1.30181,1320000,1500000
2022-05-11 14:32:00.811000,1.30191,1.30186,2700000,1340000
2022-05-11 14:32:00.914000,1.30194,1.30188,1320000,1200000
2022-05-11 14:32:00.965000,1.30196,1.30189,1320000,1200000
2022-05-11 14:32:01.423000,1.30198,1.30191,2520000,1500000
2022-05-11 14:32:01.576000,1.30198,1.30191,1440000,2030000
2022-05-11 14:32:01.679000,1.302,1.30193,1920000,3370000
2022-05-11 14:32:01.985000,1.30201,1.30194,2060000,1330000
2022-05-11 14:32:02.087000,1.30205,1.30197,2960000,1200000
2022-05-11 14:32:02.189000,1.30205,1.30197,2060000,2230000
2022-05-11 14:32:02.291000,1.30205,1.30197,2340000,2990000
2022-05-11 14:32:02.400000,1.30205,1.30197,2520000,2540000
2022-05-11 14:32:02.502000,1.30205,1.30198,2060000,1800000
2022-05-11 14:32:02.756000,1.30206,1.30197,1440000,2230000
2022-05-11 14:32:02.858000,1.30205,1.30198,1920000,2230000
2022-05-11 14:32:03.010000,1.30205,1.30198,1440000,1800000
2022-05-11 14:32:03.112000,1.30205,1.30198,1920000,1800000
2022-05-11 14:32:03.288000,1.30205,1.30198,1440000,1800000
2022-05-11 14:32:03.407000,1.30207,1.30205,1800000,1800000
2022-05-11 14:32:03.459000,1.30212,1.30207,1320000,1200000
2022-05-11 14:32:03.612000,1.30214,1.30206,2040000,1800000
2022-05-11 14:32:03.663000,1.30216,1.30208,1920000,1200000
2022-05-11 14:32:03.816000,1.30216,1.30207,1920000,1800000
2022-05-11 14:32:04.172000,1.30216,1.30207,2520000,1200000
2022-05-11 14:32:04.325000,1.30215,1.30206,1920000,1800000
2022-05-11 14:32:04.427000,1.30213,1.30207,1920000,1200000
2022-05-11 14:32:05.543000,1.30215,1.30207,5220000,1200000
2022-05-11 14:32:05.645000,1.30215,1.30207,4140000,1200000
2022-05-11 14:32:05.950000,1.30216,1.30207,2780000,1800000
2022-05-11 14:32:06.053000,1.30215,1.30208,2960000,1200000
2022-05-11 14:32:06.256000,1.30215,1.30209,1920000,1200000
2022-05-11 14:32:06.777000,1.30216,1.30209,2960000,1320000
2022-05-11 14:32:06.930000,1.30215,1.30209,1920000,1200000
2022-05-11 14:32:07.032000,1.30215,1.30208,3860000,1200000
2022-05-11 14:32:07.134000,1.30214,1.30208,1320000,1200000
2022-05-11 14:32:07.522000,1.30214,1.30208,1320000,1800000
2022-05-11 14:32:08.288000,1.30214,1.30208,2960000,1200000
2022-05-11 14:32:08.390000,1.3021,1.30203,3860000,1800000
2022-05-11 14:32:08.492000,1.30209,1.30203,1320000,1200000
2022-05-11 14:32:08.594000,1.30209,1.30202,2060000,1800000
2022-05-11 14:32:08.697000,1.30206,1.302,3420000,1200000
2022-05-11 14:32:08.748000,1.30204,1.30197,4760000,1800000
2022-05-11 14:32:08.799000,1.30204,1.30197,1440000,1800000
2022-05-11 14:32:09.003000,1.30204,1.30197,1920000,1800000
2022-05-11 14:32:09.105000,1.30207,1.30202,1320000,1200000
2022-05-11 14:32:09.259000,1.30209,1.30202,3420000,1320000
2022-05-11 14:32:09.361000,1.30212,1.30206,1240000,1800000
2022-05-11 14:32:09.413000,1.30214,1.30209,1440000,1200000
2022-05-11 14:32:09.515000,1.30215,1.30206,2520000,1200000
2022-05-11 14:32:09.617000,1.30214,1.30207,4760000,1200000
2022-05-11 14:32:09.973000,1.30215,1.30206,2960000,1200000
2022-05-11 14:32:10.187000,1.30214,1.30207,2960000,1800000
2022-05-11 14:32:10.289000,1.30211,1.30206,2060000,1200000
2022-05-11 14:32:10.341000,1.3021,1.30203,2060000,3130000
2022-05-11 14:32:10.608000,1.30211,1.30205,1440000,1800000
2022-05-11 14:32:10.710000,1.30212,1.30206,1340000,1440000
2022-05-11 14:32:11.697000,1.30213,1.30207,1200000,2520000
2022-05-11 14:32:11.749000,1.30215,1.30208,1340000,2360000
2022-05-11 14:32:12.346000,1.30217,1.30214,2240000,1200000
2022-05-11 14:32:12.397000,1.30222,1.30215,1500000,1440000
2022-05-11 14:32:12.449000,1.30221,1.30218,1200000,4580000
2022-05-11 14:32:12.551000,1.30226,1.30223,1570000,2360000
2022-05-11 14:32:12.653000,1.30228,1.30223,1500000,1200000
2022-05-11 14:32:12.704000,1.30229,1.30222,1200000,1200000
2022-05-11 14:32:12.756000,1.30228,1.30222,1800000,1440000
2022-05-11 14:32:12.909000,1.30227,1.3022,1340000,1200000
2022-05-11 14:32:13.575000,1.30229,1.30222,1800000,2340000
2022-05-11 14:32:13.626000,1.30231,1.30222,2240000,2520000
2022-05-11 14:32:13.830000,1.30228,1.30223,1200000,1200000
2022-05-11 14:32:13.932000,1.30229,1.30222,4040000,2340000
2022-05-11 14:32:14.085000,1.30228,1.30222,1880000,1200000
2022-05-11 14:32:14.238000,1.30227,1.30221,1800000,1200000
2022-05-11 14:32:14.340000,1.30227,1.30221,2400000,1200000
2022-05-11 14:32:14.493000,1.3023,1.30221,4040000,2340000
2022-05-11 14:32:14.709000,1.30227,1.30221,1200000,2340000
2022-05-11 14:32:14.814000,1.30226,1.3022,1340000,1440000
2022-05-11 14:32:14.917000,1.30224,1.30219,1340000,1200000
2022-05-11 14:32:15.274000,1.30225,1.30216,2240000,2340000
2022-05-11 14:32:15.376000,1.30233,1.30226,2400000,1920000
2022-05-11 14:32:15.478000,1.30231,1.30225,2240000,1500000
2022-05-11 14:32:15.529000,1.30231,1.30225,1340000,1200000
2022-05-11 14:32:16.038000,1.30231,1.30225,1200000,1920000
2022-05-11 14:32:16.140000,1.30232,1.30224,2240000,1200000
2022-05-11 14:32:17.126000,1.30233,1.30228,2700000,2340000
2022-05-11 14:32:17.177000,1.30235,1.30228,4140000,2340000
2022-05-11 14:32:17.279000,1.30233,1.30228,1340000,1200000
2022-05-11 14:32:17.382000,1.30231,1.30227,1800000,1200000
2022-05-11 14:32:17.967000,1.30231,1.30225,1800000,1440000
2022-05-11 14:32:18.531000,1.30232,1.30225,1200000,2820000
2022-05-11 14:32:18.633000,1.30232,1.30225,2400000,1440000
2022-05-11 14:32:19.548000,1.30232,1.30226,1200000,1200000
2022-05-11 14:32:19.701000,1.30233,1.30226,2780000,2570000
2022-05-11 14:32:19.854000,1.30232,1.30226,2040000,1200000
2022-05-11 14:32:19.956000,1.30231,1.30225,2240000,1800000
2022-05-11 14:32:20.645000,1.30232,1.30226,1800000,1200000
2022-05-11 14:32:20.748000,1.30233,1.30226,4280000,2570000
2022-05-11 14:32:21.003000,1.30233,1.30226,1800000,2750000
2022-05-11 14:32:21.786000,1.30233,1.30226,2480000,2570000
2022-05-11 14:32:21.888000,1.30232,1.30225,2940000,1440000
2022-05-11 14:32:22.427000,1.30226,1.30221,1320000,1200000
2022-05-11 14:32:22.529000,1.30224,1.30218,4140000,1200000
2022-05-11 14:32:22.733000,1.30224,1.30218,5640000,1200000
2022-05-11 14:32:22.987000,1.30224,1.30218,1340000,2340000
2022-05-11 14:32:23.394000,1.30224,1.30218,3860000,1200000
2022-05-11 14:32:23.497000,1.30223,1.30218,3840000,1200000
2022-05-11 14:32:23.548000,1.30223,1.30215,1880000,1800000
2022-05-11 14:32:23.818000,1.3022,1.30215,2060000,1800000
2022-05-11 14:32:23.920000,1.30218,1.3021,1320000,1800000
2022-05-11 14:32:24.022000,1.30217,1.30211,2960000,1200000
2022-05-11 14:32:24.604000,1.30217,1.30211,2960000,1200000
2022-05-11 14:32:25.984000,1.30217,1.30211,1880000,1440000
2022-05-11 14:32:26.087000,1.30217,1.30211,1920000,1200000
2022-05-11 14:32:26.585000,1.30218,1.30211,3860000,2340000
2022-05-11 14:32:26.788000,1.30219,1.3021,3860000,1800000
2022-05-11 14:32:26.890000,1.30219,1.3021,3860000,2340000
2022-05-11 14:32:27.205000,1.30218,1.30211,3860000,1800000
2022-05-11 14:32:27.411000,1.30218,1.30211,2960000,1800000
2022-05-11 14:32:27.564000,1.30217,1.30211,1320000,1800000
2022-05-11 14:32:27.615000,1.3022,1.30214,1880000,2340000
2022-05-11 14:32:27.717000,1.3022,1.30215,1440000,1200000
2022-05-11 14:32:27.870000,1.30218,1.30213,1460000,1200000
2022-05-11 14:32:27.922000,1.30218,1.30211,2960000,1800000
2022-05-11 14:32:28.024000,1.30218,1.30211,3860000,1800000
2022-05-11 14:32:28.126000,1.30218,1.30211,3860000,1800000
2022-05-11 14:32:29.098000,1.30219,1.3021,4760000,2340000
2022-05-11 14:32:29.200000,1.30218,1.30212,2340000,1440000
2022-05-11 14:32:29.779000,1.30218,1.30213,1440000,1200000
2022-05-11 14:32:30.247000,1.30217,1.30211,2960000,1200000
2022-05-11 14:32:30.350000,1.30217,1.30211,2780000,1200000
2022-05-11 14:32:30.706000,1.30219,1.30214,1200000,1440000
2022-05-11 14:32:30.808000,1.30218,1.30211,2240000,6550000
2022-05-11 14:32:30.859000,1.30218,1.30211,3860000,1800000
2022-05-11 14:32:30.962000,1.30217,1.30211,1920000,1800000
2022-05-11 14:32:31.216000,1.30217,1.3021,3860000,1800000
2022-05-11 14:32:31.420000,1.30215,1.30209,2060000,1200000
2022-05-11 14:32:31.522000,1.30215,1.30209,2780000,1200000
2022-05-11 14:32:31.828000,1.30216,1.3021,1880000,1440000
2022-05-11 14:32:31.930000,1.30216,1.30209,2060000,1800000
2022-05-11 14:32:32.032000,1.30216,1.30209,7460000,1800000
2022-05-11 14:32:32.134000,1.30214,1.30209,1320000,1200000
2022-05-11 14:32:33.159000,1.30212,1.30207,2040000,1200000
2022-05-11 14:32:33.312000,1.30212,1.30207,1200000,1200000
2022-05-11 14:32:33.516000,1.30212,1.30205,4760000,1800000
2022-05-11 14:32:33.821000,1.30211,1.30205,1320000,1800000
2022-05-11 14:32:34.024000,1.30209,1.30202,3860000,2780000
2022-05-11 14:32:34.127000,1.30207,1.30201,1320000,1800000
2022-05-11 14:32:35.754000,1.30208,1.30201,3680000,1800000
2022-05-11 14:32:35.855000,1.30208,1.30201,3860000,1800000
2022-05-11 14:32:37.152000,1.30208,1.30202,2060000,1200000
2022-05-11 14:32:37.254000,1.3021,1.30206,1440000,1200000
2022-05-11 14:32:37.356000,1.30212,1.30207,1320000,1200000
2022-05-11 14:32:37.459000,1.30208,1.30203,1320000,1800000
2022-05-11 14:32:38.063000,1.30209,1.30207,1200000,1200000
2022-05-11 14:32:38.114000,1.30212,1.30207,2060000,1200000
2022-05-11 14:32:38.764000,1.30215,1.3021,1880000,1200000
2022-05-11 14:32:38.815000,1.30214,1.30208,1320000,1800000
2022-05-11 14:32:39.059000,1.30214,1.30207,3860000,1800000
2022-05-11 14:32:39.162000,1.30212,1.30206,2060000,1200000
2022-05-11 14:32:39.264000,1.30212,1.30205,3860000,1800000
2022-05-11 14:32:39.366000,1.30209,1.30203,2520000,2240000
2022-05-11 14:32:40.037000,1.30207,1.30201,1320000,1800000
2022-05-11 14:32:40.140000,1.30205,1.302,1320000,1200000
2022-05-11 14:32:40.395000,1.30205,1.30199,1320000,1800000
2022-05-11 14:32:41.191000,1.30205,1.30199,1320000,1800000
2022-05-11 14:32:41.315000,1.30205,1.30199,1320000,1800000
2022-05-11 14:32:41.417000,1.30206,1.302,1880000,1320000
2022-05-11 14:32:41.570000,1.30207,1.30199,2060000,1200000
2022-05-11 14:32:41.891000,1.30205,1.30199,1320000,1800000
2022-05-11 14:32:41.942000,1.30204,1.30199,2060000,1200000
2022-05-11 14:32:41.994000,1.30204,1.30197,5220000,1800000
2022-05-11 14:32:42.102000,1.302,1.30194,2060000,1500000
2022-05-11 14:32:42.204000,1.302,1.30194,2060000,1200000
2022-05-11 14:32:42.560000,1.302,1.30194,2060000,1200000
2022-05-11 14:32:42.662000,1.302,1.30194,2060000,1200000
2022-05-11 14:32:42.764000,1.302,1.30194,2060000,1200000
2022-05-11 14:32:42.917000,1.302,1.30194,2060000,1200000
2022-05-11 14:32:43.019000,1.302,1.30194,2060000,1200000
2022-05-11 14:32:43.122000,1.30202,1.30198,1800000,1200000
2022-05-11 14:32:43.224000,1.30204,1.30199,1320000,1200000
2022-05-11 14:32:46.028000,1.30201,1.30197,1320000,1200000
2022-05-11 14:32:46.130000,1.30199,1.30193,1320000,1800000
2022-05-11 14:32:46.232000,1.30199,1.30194,1440000,1320000
2022-05-11 14:32:46.335000,1.302,1.30195,1440000,1320000
2022-05-11 14:32:46.437000,1.302,1.30195,1920000,1200000
2022-05-11 14:32:46.539000,1.30201,1.30194,1440000,1200000
2022-05-11 14:32:46.899000,1.30202,1.30197,1440000,1200000
2022-05-11 14:32:47.001000,1.30203,1.30198,1440000,1200000
2022-05-11 14:32:47.307000,1.30204,1.30198,1440000,1440000
2022-05-11 14:32:47.409000,1.30204,1.30199,1920000,1200000
2022-05-11 14:32:48.353000,1.30204,1.30199,1440000,1200000
2022-05-11 14:32:48.405000,1.30207,1.302,4760000,2340000
2022-05-11 14:32:48.543000,1.30207,1.302,2520000,2360000
2022-05-11 14:32:48.656000,1.30207,1.302,2520000,2340000
2022-05-11 14:32:48.961000,1.30207,1.302,2520000,1880000
2022-05-11 14:32:49.069000,1.30207,1.302,2520000,2340000
2022-05-11 14:32:49.259000,1.30208,1.302,1920000,1210000
2022-05-11 14:32:49.412000,1.3021,1.30206,1320000,1200000
2022-05-11 14:32:49.514000,1.30212,1.30205,1920000,1880000
2022-05-11 14:32:49.617000,1.30212,1.30206,1920000,1200000
2022-05-11 14:32:49.719000,1.3021,1.30203,3420000,1200000
2022-05-11 14:32:49.822000,1.30207,1.30201,3420000,1200000
2022-05-11 14:32:49.924000,1.30206,1.302,1920000,1200000
2022-05-11 14:32:50.077000,1.30206,1.30201,1440000,1620000
2022-05-11 14:32:50.180000,1.30208,1.30201,2960000,2110000
2022-05-11 14:32:50.282000,1.30207,1.30201,2520000,1200000
2022-05-11 14:32:50.639000,1.30206,1.30199,1920000,2340000
2022-05-11 14:32:50.741000,1.30205,1.30199,1920000,1200000
2022-05-11 14:32:51.301000,1.30205,1.30199,1880000,1440000
2022-05-11 14:32:51.632000,1.30205,1.30199,1920000,1440000
2022-05-11 14:32:51.979000,1.30205,1.302,1320000,1440000
2022-05-11 14:32:52.030000,1.30206,1.30202,1880000,1200000
2022-05-11 14:32:52.335000,1.30206,1.30201,1320000,1440000
2022-05-11 14:32:52.438000,1.30205,1.302,1920000,1200000
2022-05-11 14:32:52.540000,1.30205,1.30199,2060000,1200000
2022-05-11 14:32:52.998000,1.30204,1.30198,1320000,1800000
2022-05-11 14:32:53.100000,1.30204,1.30197,1920000,2340000
2022-05-11 14:32:53.202000,1.30204,1.30198,1920000,1200000
2022-05-11 14:32:53.355000,1.30203,1.30197,1920000,1200000
2022-05-11 14:32:53.457000,1.30204,1.30198,2060000,1800000
2022-05-11 14:32:53.559000,1.30204,1.30199,1920000,1200000
2022-05-11 14:32:53.611000,1.30202,1.30196,1320000,2770000
2022-05-11 14:32:53.713000,1.30201,1.30195,1320000,1800000
2022-05-11 14:32:53.815000,1.30201,1.30195,1320000,1800000
2022-05-11 14:32:54.928000,1.30203,1.30198,2340000,1200000
2022-05-11 14:32:56.246000,1.30202,1.30195,2060000,3680000
2022-05-11 14:32:56.348000,1.30203,1.30197,2360000,1440000
2022-05-11 14:32:56.653000,1.30207,1.30201,2240000,1670000
2022-05-11 14:32:56.705000,1.30209,1.30204,1200000,1670000
2022-05-11 14:32:56.807000,1.30209,1.30204,1320000,1200000
2022-05-11 14:32:57.265000,1.30209,1.30203,1920000,2340000
2022-05-11 14:32:57.316000,1.30211,1.30205,2060000,1200000
2022-05-11 14:32:57.723000,1.30209,1.30203,2060000,1800000
2022-05-11 14:32:57.825000,1.3021,1.30202,2060000,1800000
2022-05-11 14:32:57.927000,1.3021,1.30202,2060000,1800000
2022-05-11 14:32:58.149000,1.30211,1.30206,2520000,1200000
2022-05-11 14:32:58.251000,1.30211,1.30206,1440000,1200000
2022-05-11 14:32:58.353000,1.30211,1.30205,1460000,1440000
2022-05-11 14:32:58.759000,1.30211,1.30206,1440000,1200000
2022-05-11 14:32:59.566000,1.30211,1.30207,1200000,1200000
2022-05-11 14:32:59.820000,1.30211,1.30208,1200000,1440000
2022-05-11 14:32:59.922000,1.30218,1.30211,2520000,1440000
2022-05-11 14:33:00.024000,1.30219,1.30214,2820000,1200000
2022-05-11 14:33:00.126000,1.3022,1.30214,2780000,1440000
2022-05-11 14:33:00.229000,1.30221,1.30215,1320000,1440000
2022-05-11 14:33:00.280000,1.30223,1.30216,2060000,1920000
2022-05-11 14:33:00.382000,1.30225,1.30216,2060000,1440000
2022-05-11 14:33:01.078000,1.30224,1.30217,2060000,1440000
2022-05-11 14:33:01.281000,1.30223,1.30217,1320000,1200000
2022-05-11 14:33:01.383000,1.30223,1.30217,1320000,1200000
2022-05-11 14:33:01.486000,1.30223,1.30216,1880000,1200000
2022-05-11 14:33:01.588000,1.30223,1.30217,1200000,2110000
2022-05-11 14:33:01.690000,1.30225,1.30217,5640000,1670000
2022-05-11 14:33:01.792000,1.30225,1.30219,4580000,1200000
2022-05-11 14:33:01.895000,1.30225,1.30218,1880000,1200000
2022-05-11 14:33:02.004000,1.30225,1.30218,2040000,1200000
2022-05-11 14:33:02.106000,1.30225,1.30218,1340000,2340000
2022-05-11 14:33:02.209000,1.3023,1.30222,1200000,1200000
2022-05-11 14:33:02.311000,1.30231,1.30222,1880000,1200000
2022-05-11 14:33:02.527000,1.30231,1.30223,2940000,2220000
2022-05-11 14:33:03.035000,1.30231,1.30224,1320000,1440000
2022-05-11 14:33:03.419000,1.30233,1.30229,2700000,1200000
2022-05-11 14:33:03.471000,1.30237,1.30228,6300000,2220000
2022-05-11 14:33:03.573000,1.30236,1.30229,4090000,1200000
2022-05-11 14:33:03.675000,1.30238,1.30232,1800000,2220000
2022-05-11 14:33:03.778000,1.30242,1.30234,5480000,1440000
2022-05-11 14:33:04.083000,1.30241,1.30235,4140000,1200000
2022-05-11 14:33:04.134000,1.30243,1.3024,1200000,1200000
2022-05-11 14:33:04.186000,1.30247,1.3024,1880000,1200000
2022-05-11 14:33:04.288000,1.30247,1.30239,1920000,1670000
2022-05-11 14:33:04.390000,1.30246,1.30237,2040000,1200000
2022-05-11 14:33:04.492000,1.30244,1.30237,2780000,1200000
2022-05-11 14:33:04.594000,1.30245,1.30236,2940000,1200000
2022-05-11 14:33:05.001000,1.30243,1.30236,1340000,1440000
2022-05-11 14:33:05.154000,1.30241,1.30233,9540000,1420000
2022-05-11 14:33:05.358000,1.30241,1.30234,1340000,1460000
2022-05-11 14:33:05.460000,1.30242,1.30234,1880000,1440000
2022-05-11 14:33:05.561000,1.30242,1.30234,1340000,1460000
2022-05-11 14:33:05.663000,1.30242,1.30234,1880000,1440000
2022-05-11 14:33:05.766000,1.30243,1.30238,5840000,1440000
2022-05-11 14:33:05.817000,1.30249,1.30242,1500000,1440000
2022-05-11 14:33:05.970000,1.30246,1.3024,1880000,1200000
2022-05-11 14:33:06.225000,1.30245,1.30236,6840000,1440000
2022-05-11 14:33:06.429000,1.30243,1.30237,1200000,1200000
2022-05-11 14:33:06.633000,1.30241,1.30234,1200000,2090000
2022-05-11 14:33:06.846000,1.30241,1.30235,1800000,1880000
2022-05-11 14:33:06.948000,1.30242,1.30235,1200000,1880000
2022-05-11 14:33:07,1.30244,1.30238,1800000,1320000
2022-05-11 14:33:07.102000,1.30244,1.30237,1800000,1320000
2022-05-11 14:33:07.207000,1.30242,1.30233,1200000,1440000
2022-05-11 14:33:08.106000,1.30241,1.30233,3420000,2570000
2022-05-11 14:33:08.209000,1.30239,1.3023,1440000,1440000
