time,ask,bid,ask_volume,bid_volume
2018-10-11 14:25:00.462000,1.12347,1.12346,1000000,1500000
2018-10-11 14:25:01.179000,1.12348,1.12347,1120000,1000000
2018-10-11 14:25:01.686000,1.12349,1.12348,1120000,1500000
2018-10-11 14:25:01.789000,1.12349,1.12346,2250000,1690000
2018-10-11 14:25:02.325000,1.12349,1.12346,2060000,3000000
2018-10-11 14:25:02.877000,1.12348,1.12346,1120000,1500000
2018-10-11 14:25:03.244000,1.12347,1.12344,1870000,2810000
2018-10-11 14:25:03.811000,1.12347,1.12344,1500000,2810000
2018-10-11 14:25:04.325000,1.12347,1.12345,1870000,1250000
2018-10-11 14:25:04.816000,1.12345,1.12344,1250000,1000000
2018-10-11 14:25:05.338000,1.12345,1.12343,1620000,1000000
2018-10-11 14:25:06.985000,1.12343,1.12342,1310000,1500000
2018-10-11 14:25:07.244000,1.12345,1.12343,2700000,2810000
2018-10-11 14:25:07.373000,1.12346,1.12344,1120000,1690000
2018-10-11 14:25:07.914000,1.12346,1.12344,1120000,1690000
2018-10-11 14:25:08.492000,1.12348,1.12347,1120000,2440000
2018-10-11 14:25:08.544000,1.12349,1.12348,1100000,1000000
2018-10-11 14:25:09.090000,1.1235,1.12347,2440000,2440000
2018-10-11 14:25:10.602000,1.1235,1.12348,1690000,1000000
2018-10-11 14:25:11.141000,1.1235,1.12347,2440000,1120000
2018-10-11 14:25:11.673000,1.1235,1.12348,1190000,2620000
2018-10-11 14:25:12.225000,1.12351,1.12348,4310000,2620000
2018-10-11 14:25:14.505000,1.12351,1.1235,1500000,2250000
2018-10-11 14:25:14.559000,1.12355,1.12353,1000000,3040000
2018-10-11 14:25:14.831000,1.12359,1.12358,1000000,1000000
2018-10-11 14:25:15.295000,1.12359,1.12356,2810000,1690000
2018-10-11 14:25:15.731000,1.1236,1.12357,2510000,2250000
2018-10-11 14:25:16.298000,1.1236,1.12358,1000000,2810000
2018-10-11 14:25:17.818000,1.1236,1.12357,1620000,3190000
2018-10-11 14:25:18.157000,1.12361,1.12358,1870000,1690000
2018-10-11 14:25:18.664000,1.12361,1.12358,2060000,2250000
2018-10-11 14:25:19.962000,1.1236,1.12358,1310000,1120000
2018-10-11 14:25:20.481000,1.1236,1.12357,2060000,1500000
2018-10-11 14:25:21.021000,1.1236,1.12357,1310000,6040000
2018-10-11 14:25:22.455000,1.12361,1.12358,1690000,2810000
2018-10-11 14:25:22.969000,1.12361,1.12358,1690000,4310000
2018-10-11 14:25:23.829000,1.12359,1.12356,2810000,1690000
2018-10-11 14:25:24.854000,1.1236,1.12357,3940000,1120000
2018-10-11 14:25:25.369000,1.1236,1.12358,1310000,1120000
2018-10-11 14:25:27.150000,1.12362,1.1236,1370000,1250000
2018-10-11 14:25:27.256000,1.12363,1.1236,2440000,1370000
2018-10-11 14:25:27.594000,1.12362,1.12359,2810000,1120000
2018-10-11 14:25:28.615000,1.12361,1.12357,2060000,7690000
2018-10-11 14:25:29.525000,1.12362,1.12361,1200000,1690000
2018-10-11 14:25:29.631000,1.12364,1.12361,2060000,3190000
2018-10-11 14:25:33.489000,1.12365,1.12362,3190000,1620000
2018-10-11 14:25:33.542000,1.12368,1.12367,1000000,1870000
2018-10-11 14:25:33.695000,1.12371,1.12367,6190000,3000000
2018-10-11 14:25:34.171000,1.12369,1.12366,1870000,3190000
2018-10-11 14:25:34.388000,1.1237,1.12367,2620000,3560000
2018-10-11 14:25:34.442000,1.1237,1.12367,1000000,6190000
2018-10-11 14:25:34.959000,1.12372,1.12369,1870000,1690000
2018-10-11 14:25:35.951000,1.12373,1.12372,1000000,1000000
2018-10-11 14:25:36.368000,1.12376,1.12373,3560000,2250000
2018-10-11 14:25:36.608000,1.12374,1.12372,1870000,2510000
2018-10-11 14:25:37.038000,1.12375,1.12372,2060000,1690000
2018-10-11 14:25:37.585000,1.12376,1.12373,2620000,5810000
2018-10-11 14:25:38.248000,1.12376,1.12374,1120000,1500000
2018-10-11 14:25:38.302000,1.12379,1.12375,3940000,5810000
2018-10-11 14:25:38.752000,1.12377,1.12374,3560000,1370000
2018-10-11 14:25:39.073000,1.12375,1.12372,2810000,1800000
2018-10-11 14:25:39.531000,1.12373,1.1237,1560000,2620000
2018-10-11 14:25:42.026000,1.12372,1.12369,1620000,2810000
2018-10-11 14:25:42.344000,1.1237,1.12368,2060000,1000000
2018-10-11 14:25:42.860000,1.12369,1.12366,1620000,3560000
2018-10-11 14:25:43.361000,1.12369,1.12367,1310000,1000000
2018-10-11 14:25:43.718000,1.12371,1.12369,1390000,2250000
2018-10-11 14:25:44.229000,1.12373,1.1237,3940000,1370000
2018-10-11 14:25:44.886000,1.12372,1.1237,1370000,1000000
2018-10-11 14:25:45.301000,1.12374,1.12371,2810000,1870000
2018-10-11 14:25:45.354000,1.12374,1.12371,3190000,1870000
2018-10-11 14:25:45.776000,1.12371,1.1237,1310000,1000000
2018-10-11 14:25:46.040000,1.1237,1.12368,2810000,1500000
2018-10-11 14:25:46.322000,1.12373,1.1237,2440000,2440000
2018-10-11 14:25:46.825000,1.12372,1.12369,1560000,3750000
2018-10-11 14:25:47.164000,1.1237,1.12369,3940000,1000000
2018-10-11 14:25:47.340000,1.12369,1.12366,3560000,2440000
2018-10-11 14:25:47.997000,1.1237,1.12367,6260000,1500000
2018-10-11 14:25:48.212000,1.1237,1.12367,3190000,2060000
2018-10-11 14:25:48.728000,1.12372,1.12369,5890000,1370000
2018-10-11 14:25:49.303000,1.12372,1.12369,5890000,1000000
2018-10-11 14:25:50.951000,1.12373,1.1237,5510000,1250000
2018-10-11 14:25:51.269000,1.12377,1.12374,1250000,5810000
2018-10-11 14:25:52.186000,1.12379,1.12376,3190000,1620000
2018-10-11 14:25:52.340000,1.12378,1.12376,2060000,1000000
2018-10-11 14:25:53.198000,1.12377,1.12375,1620000,2250000
2018-10-11 14:25:53.973000,1.12378,1.12375,2060000,3750000
2018-10-11 14:25:54.798000,1.12379,1.12377,2890000,1000000
2018-10-11 14:25:55.320000,1.12379,1.12376,3640000,2060000
2018-10-11 14:25:56.366000,1.12379,1.12376,1310000,3940000
2018-10-11 14:25:56.710000,1.12377,1.12375,1760000,1000000
2018-10-11 14:25:57.026000,1.12379,1.12376,1870000,3190000
2018-10-11 14:25:58.246000,1.12381,1.1238,3820000,1250000
2018-10-11 14:25:58.433000,1.12384,1.12381,4760000,2060000
2018-10-11 14:25:58.539000,1.12384,1.12381,2810000,2440000
2018-10-11 14:26:00.071000,1.12383,1.12381,2060000,1120000
2018-10-11 14:26:00.333000,1.1238,1.12377,2810000,2250000
2018-10-11 14:26:00.884000,1.12378,1.12376,1000000,3190000
2018-10-11 14:26:02.568000,1.12378,1.12376,1870000,1120000
2018-10-11 14:26:03.133000,1.12378,1.12376,1500000,1000000
2018-10-11 14:26:03.377000,1.12374,1.12372,4540000,2320000
2018-10-11 14:26:03.777000,1.12373,1.1237,5920000,1690000
2018-10-11 14:26:04.272000,1.12373,1.12371,1500000,1310000
2018-10-11 14:26:04.929000,1.12373,1.1237,1120000,2810000
2018-10-11 14:26:05.358000,1.12372,1.1237,1120000,1120000
2018-10-11 14:26:05.519000,1.12369,1.12368,2810000,1120000
2018-10-11 14:26:05.803000,1.12367,1.12365,1000000,1690000
2018-10-11 14:26:06.362000,1.12366,1.12364,1000000,1690000
2018-10-11 14:26:07.199000,1.12365,1.12363,1310000,1120000
2018-10-11 14:26:07.588000,1.12363,1.12361,1370000,4310000
2018-10-11 14:26:09.779000,1.1236,1.12359,1500000,1120000
2018-10-11 14:26:09.831000,1.1236,1.12358,3260000,1000000
2018-10-11 14:26:10.045000,1.12357,1.12355,1000000,6190000
2018-10-11 14:26:10.324000,1.12354,1.12352,1500000,1120000
2018-10-11 14:26:10.845000,1.12353,1.12351,1120000,1120000
2018-10-11 14:26:11.676000,1.12355,1.12354,2700000,1000000
2018-10-11 14:26:11.781000,1.12357,1.12354,2890000,1370000
2018-10-11 14:26:12.345000,1.12358,1.12355,2700000,2810000
2018-10-11 14:26:12.653000,1.12359,1.12356,2250000,2810000
2018-10-11 14:26:15.030000,1.12362,1.12361,1500000,1000000
2018-10-11 14:26:15.133000,1.12365,1.12363,1870000,1000000
2018-10-11 14:26:15.646000,1.12365,1.12362,1000000,2060000
2018-10-11 14:26:15.755000,1.12364,1.12362,1310000,1500000
2018-10-11 14:26:15.864000,1.12366,1.12365,3450000,1250000
2018-10-11 14:26:16.010000,1.12369,1.12367,1870000,1690000
2018-10-11 14:26:16.152000,1.12371,1.12369,1120000,1120000
2018-10-11 14:26:16.697000,1.12372,1.12369,3640000,1620000
2018-10-11 14:26:17.699000,1.12373,1.1237,1690000,3190000
2018-10-11 14:26:17.751000,1.12374,1.12372,3070000,2310000
2018-10-11 14:26:17.948000,1.12376,1.12374,1250000,2620000
2018-10-11 14:26:18.001000,1.12378,1.12376,1870000,1250000
2018-10-11 14:26:18.156000,1.1238,1.12377,3560000,2250000
2018-10-11 14:26:18.682000,1.12379,1.12376,3000000,1310000
2018-10-11 14:26:18.898000,1.12379,1.12376,2250000,1250000
2018-10-11 14:26:19.063000,1.12379,1.12376,4390000,1370000
2018-10-11 14:26:19.619000,1.12378,1.12376,1370000,1000000
2018-10-11 14:26:19.887000,1.12376,1.12374,1120000,1690000
2018-10-11 14:26:20.011000,1.12375,1.12373,3940000,1100000
2018-10-11 14:26:20.064000,1.12373,1.1237,1870000,2440000
2018-10-11 14:26:22.536000,1.12374,1.12372,2250000,1120000
2018-10-11 14:26:22.589000,1.12375,1.12373,1100000,3560000
2018-10-11 14:26:22.642000,1.12376,1.12373,1120000,4310000
2018-10-11 14:26:22.800000,1.12375,1.12372,2060000,1690000
2018-10-11 14:26:23.316000,1.12375,1.12372,2060000,1690000
2018-10-11 14:26:24.215000,1.12375,1.12372,1310000,2250000
2018-10-11 14:26:24.322000,1.12373,1.1237,4160000,1250000
2018-10-11 14:26:26.441000,1.12372,1.1237,1870000,1120000
2018-10-11 14:26:26.550000,1.12373,1.1237,4570000,1560000
2018-10-11 14:26:26.758000,1.12372,1.1237,1120000,1310000
2018-10-11 14:26:27.167000,1.12369,1.12368,1000000,1870000
2018-10-11 14:26:27.274000,1.12369,1.12366,2810000,1690000
2018-10-11 14:26:27.331000,1.1237,1.12366,6670000,2440000
2018-10-11 14:26:27.384000,1.12368,1.12366,1690000,1000000
2018-10-11 14:26:27.923000,1.12366,1.12365,1120000,1250000
2018-10-11 14:26:28.186000,1.12371,1.12367,4570000,3560000
2018-10-11 14:26:28.474000,1.12369,1.12366,1000000,2440000
2018-10-11 14:26:29.001000,1.12369,1.12366,1870000,1690000
2018-10-11 14:26:30.177000,1.12369,1.12366,1120000,2060000
2018-10-11 14:26:30.596000,1.12371,1.12369,2320000,1690000
2018-10-11 14:26:30.800000,1.12373,1.1237,5890000,1310000
2018-10-11 14:26:31.860000,1.12373,1.1237,7570000,1560000
2018-10-11 14:26:32.373000,1.12372,1.1237,1120000,1120000
2018-10-11 14:26:33.007000,1.12371,1.12368,1870000,2440000
2018-10-11 14:26:33.372000,1.12369,1.12367,1000000,2440000
2018-10-11 14:26:33.525000,1.12371,1.12368,4950000,1690000
2018-10-11 14:26:33.682000,1.12373,1.1237,1000000,3190000
2018-10-11 14:26:34.220000,1.12374,1.12371,2890000,1870000
2018-10-11 14:26:34.653000,1.12372,1.1237,1370000,1690000
2018-10-11 14:26:35.517000,1.12372,1.12369,2510000,2250000
2018-10-11 14:26:36.483000,1.1237,1.12368,1870000,1500000
2018-10-11 14:26:37.093000,1.1237,1.12368,1690000,1870000
2018-10-11 14:26:37.646000,1.12371,1.12368,2060000,2440000
2018-10-11 14:26:39.703000,1.12372,1.12369,4390000,2060000
2018-10-11 14:26:40.058000,1.12373,1.12371,1000000,1310000
2018-10-11 14:26:40.563000,1.12373,1.12371,1370000,1310000
2018-10-11 14:26:40.826000,1.12374,1.12371,3000000,2440000
2018-10-11 14:26:40.955000,1.12376,1.12374,2810000,1870000
2018-10-11 14:26:41.061000,1.12378,1.12375,3820000,2440000
2018-10-11 14:26:41.721000,1.12379,1.12376,3640000,1620000
2018-10-11 14:26:42.085000,1.12377,1.12375,2290000,3750000
2018-10-11 14:26:42.243000,1.12374,1.12372,3600000,1760000
2018-10-11 14:26:42.301000,1.12375,1.12373,2700000,3190000
2018-10-11 14:26:42.837000,1.12377,1.12374,3640000,1370000
2018-10-11 14:26:43.149000,1.12374,1.12373,2440000,1870000
2018-10-11 14:26:43.522000,1.12374,1.12371,1310000,1690000
2018-10-11 14:26:44.037000,1.12373,1.1237,2060000,2810000
2018-10-11 14:26:44.553000,1.12372,1.12369,2060000,3560000
2018-10-11 14:26:44.990000,1.12373,1.12369,3260000,5060000
2018-10-11 14:26:45.150000,1.12374,1.12373,3070000,1000000
2018-10-11 14:26:45.310000,1.12376,1.12373,2060000,1620000
2018-10-11 14:26:45.709000,1.12374,1.12372,1310000,1120000
2018-10-11 14:26:46.404000,1.12374,1.12371,2810000,2250000
2018-10-11 14:26:46.926000,1.12376,1.12374,1310000,1120000
2018-10-11 14:26:47.242000,1.12375,1.12372,1690000,1870000
2018-10-11 14:26:47.745000,1.12376,1.12372,4390000,3940000
2018-10-11 14:26:48.424000,1.12373,1.12372,1310000,1500000
2018-10-11 14:26:48.973000,1.12374,1.12372,1000000,2810000
2018-10-11 14:26:49.333000,1.12376,1.12373,5140000,1870000
2018-10-11 14:26:49.867000,1.12377,1.12374,3450000,2810000
2018-10-11 14:26:50.394000,1.12377,1.12374,1870000,3940000
2018-10-11 14:26:50.712000,1.12375,1.12372,4310000,2810000
2018-10-11 14:26:51.171000,1.12373,1.12371,6040000,1120000
2018-10-11 14:26:51.277000,1.12373,1.12369,8140000,2060000
2018-10-11 14:26:51.383000,1.12372,1.12369,1310000,2620000
2018-10-11 14:26:51.631000,1.12373,1.1237,1390000,6750000
2018-10-11 14:26:51.683000,1.12373,1.1237,1760000,6750000
2018-10-11 14:26:52.155000,1.12374,1.12371,1570000,3190000
2018-10-11 14:26:52.468000,1.12374,1.12371,3370000,2810000
2018-10-11 14:26:52.521000,1.12374,1.12371,2620000,3190000
2018-10-11 14:26:52.914000,1.12376,1.12374,3070000,1000000
2018-10-11 14:26:53.069000,1.12377,1.12374,1690000,3370000
2018-10-11 14:26:53.199000,1.12378,1.12375,4010000,1690000
2018-10-11 14:26:53.302000,1.12379,1.12375,2890000,4500000
2018-10-11 14:26:53.966000,1.12378,1.12375,1620000,3370000
2018-10-11 14:26:54.388000,1.12377,1.12373,5440000,4500000
2018-10-11 14:26:55.205000,1.12374,1.12372,1310000,2250000
2018-10-11 14:26:55.741000,1.12376,1.12373,2700000,2060000
2018-10-11 14:26:56.001000,1.12378,1.12376,2140000,1000000
2018-10-11 14:26:56.565000,1.12379,1.12376,3260000,3190000
2018-10-11 14:26:57.135000,1.12379,1.12376,2510000,1310000
2018-10-11 14:26:57.652000,1.12379,1.12376,4760000,1250000
2018-10-11 14:26:57.993000,1.12376,1.12374,1120000,1500000
2018-10-11 14:26:58.404000,1.12375,1.12372,4120000,3940000
2018-10-11 14:26:59.154000,1.12375,1.12374,1870000,1000000
2018-10-11 14:26:59.258000,1.12377,1.12374,5140000,1120000
2018-10-11 14:26:59.764000,1.12377,1.12374,1760000,1120000
2018-10-11 14:27:00.342000,1.12377,1.12374,2140000,1870000
2018-10-11 14:27:00.858000,1.12378,1.12375,2060000,1500000
2018-10-11 14:27:01.204000,1.12378,1.12374,4760000,3750000
2018-10-11 14:27:01.708000,1.12377,1.12374,1760000,2440000
2018-10-11 14:27:02.020000,1.12374,1.12371,1000000,5890000
2018-10-11 14:27:02.553000,1.12375,1.12372,4310000,1620000
2018-10-11 14:27:03.085000,1.12375,1.12372,2060000,1870000
2018-10-11 14:27:04.222000,1.12375,1.12372,2810000,2810000
2018-10-11 14:27:04.990000,1.12376,1.12374,1120000,1690000
2018-10-11 14:27:05.508000,1.12378,1.12375,3640000,1870000
2018-10-11 14:27:06.001000,1.12378,1.12376,1120000,2060000
2018-10-11 14:27:07.339000,1.1238,1.12377,4120000,1690000
2018-10-11 14:27:07.530000,1.12382,1.12379,3640000,2060000
2018-10-11 14:27:07.789000,1.12382,1.1238,1870000,1620000
2018-10-11 14:27:08.016000,1.12382,1.12379,2440000,2060000
2018-10-11 14:27:08.524000,1.12381,1.12379,1560000,1120000
2018-10-11 14:27:09.264000,1.12382,1.12379,3560000,3940000
2018-10-11 14:27:09.317000,1.12382,1.1238,2620000,3560000
2018-10-11 14:27:09.444000,1.12384,1.12381,2060000,1690000
2018-10-11 14:27:09.985000,1.12385,1.12382,3190000,1500000
2018-10-11 14:27:10.089000,1.12385,1.12382,3560000,1870000
2018-10-11 14:27:10.633000,1.12385,1.12383,1120000,1310000
2018-10-11 14:27:10.972000,1.12387,1.12384,4120000,1190000
2018-10-11 14:27:11.129000,1.1239,1.12387,2250000,3560000
2018-10-11 14:27:11.656000,1.12392,1.12388,3560000,4690000
2018-10-11 14:27:12.369000,1.12392,1.12388,3370000,8140000
2018-10-11 14:27:12.473000,1.12393,1.1239,2620000,5060000
2018-10-11 14:27:12.733000,1.12397,1.12394,2250000,2810000
2018-10-11 14:27:13.114000,1.12398,1.12396,1500000,2810000
2018-10-11 14:27:13.717000,1.12399,1.12396,2440000,1500000
2018-10-11 14:27:14.495000,1.124,1.12396,4310000,8440000
2018-10-11 14:27:14.838000,1.12399,1.12396,1870000,3260000
2018-10-11 14:27:15.166000,1.12399,1.12397,2060000,1500000
2018-10-11 14:27:15.904000,1.12398,1.12396,1620000,1000000
2018-10-11 14:27:16.229000,1.12398,1.12394,4310000,3190000
2018-10-11 14:27:16.785000,1.12397,1.12395,1620000,1000000
2018-10-11 14:27:17.306000,1.12397,1.12395,1500000,1120000
2018-10-11 14:27:17.861000,1.12397,1.12394,2060000,1120000
2018-10-11 14:27:18.392000,1.12397,1.12393,5140000,2440000
2018-10-11 14:27:18.808000,1.12393,1.12392,1000000,1310000
2018-10-11 14:27:19.314000,1.12394,1.12391,4390000,1000000
2018-10-11 14:27:20.060000,1.12392,1.1239,1620000,1500000
2018-10-11 14:27:20.652000,1.1239,1.12388,1310000,1120000
2018-10-11 14:27:20.814000,1.12388,1.12387,1000000,1310000
2018-10-11 14:27:21.243000,1.12387,1.12385,1000000,1310000
2018-10-11 14:27:21.691000,1.12384,1.12382,1250000,1370000
2018-10-11 14:27:22.008000,1.12383,1.1238,2700000,2810000
2018-10-11 14:27:22.513000,1.12383,1.12381,1690000,1000000
2018-10-11 14:27:23.113000,1.12384,1.12381,3560000,1620000
2018-10-11 14:27:23.649000,1.12384,1.12381,1690000,2810000
2018-10-11 14:27:24.562000,1.12385,1.12382,4570000,2810000
2018-10-11 14:27:25.016000,1.12387,1.12385,1760000,1500000
2018-10-11 14:27:25.225000,1.12389,1.12386,1690000,1120000
2018-10-11 14:27:25.772000,1.12388,1.12386,1620000,1000000
2018-10-11 14:27:26.694000,1.12389,1.12386,2440000,1870000
2018-10-11 14:27:27.229000,1.12387,1.12385,1120000,1310000
2018-10-11 14:27:27.660000,1.12385,1.12383,1310000,2250000
2018-10-11 14:27:28.041000,1.12386,1.12383,5510000,1690000
2018-10-11 14:27:28.434000,1.12387,1.12386,1570000,1000000
2018-10-11 14:27:28.957000,1.12389,1.12386,4760000,1310000
2018-10-11 14:27:30.326000,1.12389,1.12386,3640000,1000000
2018-10-11 14:27:30.577000,1.12389,1.12387,1120000,1310000
2018-10-11 14:27:31.113000,1.1239,1.12387,2440000,1250000
2018-10-11 14:27:32.034000,1.12388,1.12386,2060000,2620000
2018-10-11 14:27:32.571000,1.12387,1.12385,1500000,1310000
2018-10-11 14:27:32.678000,1.12389,1.12387,1100000,1000000
2018-10-11 14:27:32.968000,1.12391,1.12389,2440000,1120000
2018-10-11 14:27:33.526000,1.12391,1.12389,2440000,1000000
2018-10-11 14:27:34.093000,1.12391,1.12388,3190000,1870000
2018-10-11 14:27:34.305000,1.12385,1.12384,2850000,1000000
2018-10-11 14:27:34.811000,1.12385,1.12383,1310000,1120000
2018-10-11 14:27:35.157000,1.12384,1.12381,4390000,3000000
2018-10-11 14:27:36.087000,1.12384,1.12381,3260000,2440000
2018-10-11 14:27:38.040000,1.12384,1.12382,1560000,1000000
2018-10-11 14:27:38.597000,1.12384,1.12381,6860000,1310000
2018-10-11 14:27:38.756000,1.12383,1.1238,3940000,1120000
2018-10-11 14:27:38.916000,1.1238,1.12378,3190000,1120000
2018-10-11 14:27:39.388000,1.12381,1.1238,1120000,1690000
2018-10-11 14:27:39.937000,1.12383,1.12381,1370000,1250000
2018-10-11 14:27:40.271000,1.12384,1.12381,3640000,2060000
2018-10-11 14:27:41.077000,1.12383,1.12381,1000000,1620000
2018-10-11 14:27:41.130000,1.12382,1.1238,1310000,5250000
2018-10-11 14:27:41.288000,1.12381,1.12378,1620000,4690000
2018-10-11 14:27:43.056000,1.1238,1.12377,1310000,2250000
2018-10-11 14:27:43.267000,1.12379,1.12376,1560000,1500000
2018-10-11 14:27:43.397000,1.12379,1.12376,1250000,1500000
2018-10-11 14:27:43.950000,1.12379,1.12376,1310000,1500000
2018-10-11 14:27:45.445000,1.12377,1.12375,1310000,1370000
2018-10-11 14:27:45.947000,1.12378,1.12376,1120000,1310000
2018-10-11 14:27:46.503000,1.12378,1.12376,1370000,1250000
2018-10-11 14:27:46.609000,1.12379,1.12376,5140000,1310000
2018-10-11 14:27:47.833000,1.12377,1.12376,1310000,1000000
2018-10-11 14:27:48.122000,1.12375,1.12373,2810000,1120000
2018-10-11 14:27:48.226000,1.12376,1.12374,1200000,1690000
2018-10-11 14:27:48.331000,1.12379,1.12376,6260000,2060000
2018-10-11 14:27:49.343000,1.12378,1.12375,2060000,2250000
2018-10-11 14:27:49.711000,1.12378,1.12376,1310000,1120000
2018-10-11 14:27:50.213000,1.12377,1.12375,1760000,1000000
2018-10-11 14:27:50.850000,1.12375,1.12374,1250000,1120000
2018-10-11 14:27:51.185000,1.12375,1.12372,5060000,1690000
2018-10-11 14:27:51.236000,1.12375,1.12373,2060000,1120000
2018-10-11 14:27:51.660000,1.12376,1.12375,1570000,1000000
2018-10-11 14:27:52.177000,1.12377,1.12375,1370000,1500000
2018-10-11 14:27:52.487000,1.12374,1.12373,1250000,1120000
2018-10-11 14:27:52.642000,1.12374,1.12371,1620000,2440000
2018-10-11 14:27:53.003000,1.12371,1.12369,1690000,1500000
2018-10-11 14:27:53.534000,1.12372,1.1237,1310000,1120000
2018-10-11 14:27:54.025000,1.12373,1.12372,2620000,1000000
2018-10-11 14:27:54.233000,1.12379,1.12376,4690000,2060000
2018-10-11 14:27:54.738000,1.12379,1.12376,1870000,3190000
2018-10-11 14:27:55.225000,1.12378,1.12376,3190000,1500000
2018-10-11 14:27:55.459000,1.12377,1.12375,1370000,1000000
2018-10-11 14:27:56.686000,1.12378,1.12376,5620000,1120000
2018-10-11 14:27:56.855000,1.12379,1.12376,1500000,2060000
2018-10-11 14:27:57.169000,1.12381,1.1238,1870000,1120000
2018-10-11 14:27:57.294000,1.12382,1.12381,1000000,1000000
2018-10-11 14:27:57.563000,1.12385,1.12382,6190000,1120000
2018-10-11 14:27:58.116000,1.12385,1.12382,3190000,1000000
2018-10-11 14:27:58.827000,1.12384,1.12382,1310000,1120000
2018-10-11 14:27:59.520000,1.12384,1.12382,1620000,1000000
2018-10-11 14:28:00.043000,1.12384,1.12381,2440000,1000000
2018-10-11 14:28:00.226000,1.12385,1.12382,4690000,1870000
2018-10-11 14:28:00.757000,1.12385,1.12382,2440000,1500000
2018-10-11 14:28:01.297000,1.12385,1.12382,2440000,1120000
2018-10-11 14:28:01.833000,1.12384,1.12381,5440000,1120000
2018-10-11 14:28:01.937000,1.12381,1.1238,1000000,1120000
2018-10-11 14:28:02.263000,1.12383,1.12382,1500000,1310000
2018-10-11 14:28:02.316000,1.12384,1.12382,1500000,1310000
2018-10-11 14:28:02.680000,1.12384,1.12381,5060000,1000000
2018-10-11 14:28:03.231000,1.12382,1.12379,4310000,3940000
2018-10-11 14:28:05.070000,1.12383,1.12381,1120000,2060000
2018-10-11 14:28:06.725000,1.12384,1.1238,4310000,5440000
2018-10-11 14:28:07.081000,1.12385,1.12383,1120000,2440000
2018-10-11 14:28:07.138000,1.12387,1.12384,3000000,2810000
2018-10-11 14:28:07.299000,1.12389,1.12386,1690000,2810000
2018-10-11 14:28:07.535000,1.1239,1.12387,1250000,1870000
2018-10-11 14:28:07.694000,1.12392,1.12389,3820000,2810000
2018-10-11 14:28:08.234000,1.12393,1.1239,2440000,2810000
2018-10-11 14:28:08.393000,1.12395,1.12393,5620000,2750000
2018-10-11 14:28:08.447000,1.12398,1.12395,1870000,2810000
2018-10-11 14:28:08.599000,1.12396,1.12395,2250000,2620000
2018-10-11 14:28:08.920000,1.12394,1.12393,2620000,1000000
2018-10-11 14:28:09.461000,1.12394,1.12392,1500000,1310000
2018-10-11 14:28:09.892000,1.12393,1.12391,1370000,1000000
2018-10-11 14:28:10.217000,1.12399,1.12398,1120000,1250000
2018-10-11 14:28:10.755000,1.12399,1.12397,1620000,1500000
2018-10-11 14:28:11.302000,1.12399,1.12396,2250000,2060000
2018-10-11 14:28:11.617000,1.12398,1.12395,2440000,1690000
2018-10-11 14:28:11.943000,1.12398,1.12395,2250000,3560000
2018-10-11 14:28:12.537000,1.12399,1.12396,1500000,5510000
2018-10-11 14:28:13.241000,1.124,1.12399,1120000,2060000
2018-10-11 14:28:13.298000,1.12404,1.12401,2510000,1690000
2018-10-11 14:28:13.783000,1.12404,1.12402,1000000,2890000
2018-10-11 14:28:14.332000,1.12405,1.12402,1620000,4690000
2018-10-11 14:28:14.818000,1.12404,1.12401,2440000,2250000
2018-10-11 14:28:15.083000,1.12402,1.12399,1620000,4390000
2018-10-11 14:28:15.291000,1.12402,1.124,1000000,1620000
2018-10-11 14:28:15.810000,1.12404,1.12402,1120000,1560000
2018-10-11 14:28:16.223000,1.12398,1.12397,1690000,3000000
2018-10-11 14:28:16.329000,1.12394,1.12391,4910000,1250000
2018-10-11 14:28:16.383000,1.12397,1.12394,3300000,2440000
2018-10-11 14:28:16.705000,1.12384,1.12382,2620000,1870000
2018-10-11 14:28:17.246000,1.12385,1.12382,3000000,1870000
2018-10-11 14:28:17.945000,1.12384,1.12382,1690000,1120000
2018-10-11 14:28:18.641000,1.12384,1.12381,3190000,2060000
2018-10-11 14:28:19.156000,1.12384,1.12381,1310000,3560000
2018-10-11 14:28:19.526000,1.12384,1.12381,2440000,2440000
2018-10-11 14:28:20.108000,1.12383,1.1238,2440000,2060000
2018-10-11 14:28:20.438000,1.12378,1.12376,2060000,1120000
2018-10-11 14:28:20.491000,1.12378,1.12375,3190000,3370000
2018-10-11 14:28:20.649000,1.12378,1.12376,1000000,1310000
2018-10-11 14:28:21.271000,1.12376,1.12374,2500000,5060000
2018-10-11 14:28:21.444000,1.12378,1.12375,3940000,2060000
2018-10-11 14:28:21.767000,1.12376,1.12374,1000000,2060000
2018-10-11 14:28:22.189000,1.12376,1.12373,2440000,2060000
2018-10-11 14:28:22.759000,1.12376,1.12373,1690000,2060000
2018-10-11 14:28:22.813000,1.12377,1.12375,1120000,1690000
2018-10-11 14:28:23.162000,1.12383,1.12381,1500000,1250000
2018-10-11 14:28:23.559000,1.12384,1.12381,3190000,2060000
2018-10-11 14:28:24.256000,1.12382,1.1238,1000000,3940000
2018-10-11 14:28:24.509000,1.12385,1.12383,1100000,1690000
2018-10-11 14:28:24.562000,1.12387,1.12386,3370000,1250000
2018-10-11 14:28:24.615000,1.12388,1.12386,2250000,1310000
2018-10-11 14:28:25.166000,1.1239,1.12387,2440000,2810000
2018-10-11 14:28:25.526000,1.12387,1.12386,1500000,1870000
2018-10-11 14:28:26.050000,1.12387,1.12385,1690000,1000000
2018-10-11 14:28:26.580000,1.12387,1.12384,2440000,1370000
2018-10-11 14:28:27.094000,1.12387,1.12384,2440000,1120000
2018-10-11 14:28:27.433000,1.12388,1.12385,2620000,2060000
2018-10-11 14:28:27.649000,1.12389,1.12386,2890000,2060000
2018-10-11 14:28:28.012000,1.12391,1.12388,5140000,2060000
2018-10-11 14:28:29.343000,1.1239,1.12387,2440000,3940000
2018-10-11 14:28:29.847000,1.12389,1.12386,2440000,2060000
2018-10-11 14:28:30.255000,1.12387,1.12385,1690000,1120000
2018-10-11 14:28:30.624000,1.12384,1.12382,2060000,2620000
2018-10-11 14:28:30.715000,1.12384,1.12381,2810000,3190000
2018-10-11 14:28:31.232000,1.12384,1.1238,4310000,4310000
2018-10-11 14:28:31.784000,1.12384,1.12381,2250000,2060000
2018-10-11 14:28:32.929000,1.12384,1.12382,1120000,2060000
2018-10-11 14:28:33.439000,1.12384,1.12381,3190000,2060000
2018-10-11 14:28:33.864000,1.12383,1.1238,3560000,1500000
2018-10-11 14:28:34.015000,1.12382,1.12379,1250000,4390000
2018-10-11 14:28:35.171000,1.12383,1.1238,2810000,2810000
2018-10-11 14:28:35.682000,1.12382,1.1238,1500000,1250000
2018-10-11 14:28:36.230000,1.12382,1.12379,3940000,1310000
2018-10-11 14:28:36.732000,1.12381,1.12378,3190000,2060000
2018-10-11 14:28:37.297000,1.12381,1.12378,3000000,2060000
2018-10-11 14:28:38.022000,1.12379,1.12377,2060000,1500000
2018-10-11 14:28:38.289000,1.12378,1.12376,1500000,1690000
2018-10-11 14:28:38.811000,1.12378,1.12376,1000000,2060000
2018-10-11 14:28:39.879000,1.12378,1.12375,1690000,3560000
2018-10-11 14:28:40.412000,1.12375,1.12373,2440000,2320000
2018-10-11 14:28:40.518000,1.12374,1.12372,1250000,2620000
2018-10-11 14:28:40.990000,1.12372,1.1237,1190000,1500000
2018-10-11 14:28:41.044000,1.12372,1.12369,2810000,1690000
2018-10-11 14:28:41.151000,1.12372,1.1237,1120000,2440000
2018-10-11 14:28:41.373000,1.12375,1.12373,3640000,1120000
2018-10-11 14:28:41.488000,1.12374,1.12371,1690000,3560000
2018-10-11 14:28:42.016000,1.12375,1.12371,5440000,3000000
2018-10-11 14:28:42.327000,1.12375,1.12373,2250000,1310000
2018-10-11 14:28:42.681000,1.12382,1.12379,3940000,1950000
2018-10-11 14:28:42.741000,1.12381,1.12378,2060000,2250000
2018-10-11 14:28:43.217000,1.12379,1.12376,3940000,1120000
2018-10-11 14:28:43.888000,1.12379,1.12376,1870000,2060000
2018-10-11 14:28:43.992000,1.12379,1.12376,1500000,2060000
2018-10-11 14:28:44.494000,1.1238,1.12378,2250000,1000000
2018-10-11 14:28:45.036000,1.12381,1.12377,4310000,4310000
2018-10-11 14:28:45.297000,1.12379,1.12376,2060000,2440000
2018-10-11 14:28:45.731000,1.12378,1.12375,3070000,2810000
2018-10-11 14:28:45.979000,1.12378,1.12377,2250000,1250000
2018-10-11 14:28:46.138000,1.1238,1.12378,1000000,2060000
2018-10-11 14:28:46.496000,1.12385,1.12382,3190000,1000000
2018-10-11 14:28:47.037000,1.12385,1.12382,3190000,1870000
2018-10-11 14:28:47.547000,1.12384,1.12381,2060000,3000000
2018-10-11 14:28:48.168000,1.12381,1.1238,1500000,1950000
2018-10-11 14:28:48.686000,1.12381,1.12379,1120000,2810000
2018-10-11 14:28:49.117000,1.1238,1.12377,2060000,1500000
2018-10-11 14:28:49.658000,1.12378,1.12376,1000000,3450000
2018-10-11 14:28:49.710000,1.12378,1.12376,1120000,2700000
2018-10-11 14:28:49.814000,1.1238,1.12377,4310000,1870000
2018-10-11 14:28:50.343000,1.12382,1.12379,6190000,1000000
2018-10-11 14:28:50.447000,1.12382,1.12379,3190000,1370000
2018-10-11 14:28:50.837000,1.12384,1.12382,1690000,1120000
2018-10-11 14:28:51.175000,1.12381,1.12379,1870000,1310000
2018-10-11 14:28:51.491000,1.12385,1.12383,1250000,1870000
2018-10-11 14:28:51.884000,1.12387,1.12384,1870000,2810000
2018-10-11 14:28:52.388000,1.12389,1.12386,2440000,2060000
2018-10-11 14:28:52.738000,1.12388,1.12386,1870000,1250000
2018-10-11 14:28:53.038000,1.12386,1.12384,1310000,1120000
2018-10-11 14:28:53.143000,1.12385,1.12382,1620000,3190000
2018-10-11 14:28:53.894000,1.12382,1.12381,1690000,1120000
2018-10-11 14:28:54.115000,1.12385,1.12382,2440000,3000000
2018-10-11 14:28:54.483000,1.12386,1.12383,1690000,2620000
2018-10-11 14:28:55.032000,1.12384,1.12381,1620000,6640000
2018-10-11 14:28:55.204000,1.12385,1.12382,2810000,1310000
2018-10-11 14:28:55.464000,1.12384,1.12381,1620000,5060000
2018-10-11 14:28:55.624000,1.12384,1.12382,1120000,2060000
2018-10-11 14:28:55.712000,1.12385,1.12383,2250000,1000000
2018-10-11 14:28:56.256000,1.12386,1.12384,1870000,1000000
2018-10-11 14:28:56.465000,1.12389,1.12386,3940000,1620000
2018-10-11 14:28:57.429000,1.12387,1.12385,2440000,1870000
2018-10-11 14:28:57.906000,1.12386,1.12384,1620000,1120000
2018-10-11 14:28:58.414000,1.12385,1.12382,1690000,2810000
2018-10-11 14:28:59.042000,1.12384,1.12382,1250000,1870000
2018-10-11 14:28:59.515000,1.12384,1.12381,2060000,1000000
2018-10-11 14:28:59.569000,1.12382,1.1238,5440000,1000000
2018-10-11 14:28:59.676000,1.12382,1.12379,1620000,4690000
2018-10-11 14:29:00.096000,1.12383,1.12381,2620000,1250000
2018-10-11 14:29:00.661000,1.12383,1.1238,2620000,3190000
2018-10-11 14:29:01.782000,1.12381,1.1238,1120000,1000000
2018-10-11 14:29:02.035000,1.12383,1.12381,1870000,1870000
2018-10-11 14:29:02.595000,1.12384,1.12382,1120000,1310000
2018-10-11 14:29:03.181000,1.12384,1.12382,2810000,1000000
2018-10-11 14:29:04.230000,1.12384,1.12382,2060000,1120000
2018-10-11 14:29:04.735000,1.12384,1.12382,2060000,1000000
2018-10-11 14:29:05.839000,1.12384,1.12382,1310000,1120000
2018-10-11 14:29:06.473000,1.12385,1.12382,1120000,3940000
2018-10-11 14:29:07.445000,1.12386,1.12383,2810000,1000000
2018-10-11 14:29:07.840000,1.12384,1.12381,2810000,3000000
2018-10-11 14:29:07.894000,1.12384,1.1238,3190000,5440000
2018-10-11 14:29:08.382000,1.12384,1.12381,3370000,2440000
2018-10-11 14:29:08.693000,1.12382,1.1238,2440000,3000000
2018-10-11 14:29:09.017000,1.12381,1.12379,1870000,1250000
2018-10-11 14:29:09.561000,1.12381,1.12378,2060000,3190000
2018-10-11 14:29:09.931000,1.12382,1.1238,2620000,1250000
2018-10-11 14:29:10.507000,1.12384,1.1238,3940000,4310000
2018-10-11 14:29:12.158000,1.12382,1.1238,2810000,1000000
2018-10-11 14:29:12.270000,1.12381,1.12378,2620000,2440000
2018-10-11 14:29:12.575000,1.1238,1.12377,3560000,1310000
2018-10-11 14:29:13.093000,1.1238,1.12377,3560000,1310000
2018-10-11 14:29:14.205000,1.1238,1.12378,1870000,1250000
2018-10-11 14:29:14.313000,1.12383,1.12381,1000000,1690000
2018-10-11 14:29:14.825000,1.12384,1.12382,1370000,1120000
2018-10-11 14:29:16.798000,1.12382,1.1238,2810000,1870000
2018-10-11 14:29:16.962000,1.12381,1.12379,1870000,1120000
2018-10-11 14:29:17.512000,1.12381,1.12378,2060000,4500000
2018-10-11 14:29:18.042000,1.1238,1.12377,3560000,1500000
2018-10-11 14:29:18.599000,1.1238,1.12377,4310000,1120000
2018-10-11 14:29:19.103000,1.12378,1.12375,1310000,5060000
2018-10-11 14:29:19.696000,1.12379,1.12377,1120000,1690000
2018-10-11 14:29:20.822000,1.12378,1.12376,2440000,1120000
2018-10-11 14:29:21.323000,1.12378,1.12375,2440000,1500000
2018-10-11 14:29:21.805000,1.12374,1.12373,1250000,1870000
2018-10-11 14:29:21.860000,1.12374,1.12371,5060000,1120000
2018-10-11 14:29:22.364000,1.12372,1.1237,2140000,1120000
2018-10-11 14:29:22.956000,1.1237,1.12368,2810000,1870000
2018-10-11 14:29:23.488000,1.12372,1.12369,4760000,1000000
2018-10-11 14:29:24.011000,1.12372,1.12369,1570000,2440000
2018-10-11 14:29:24.063000,1.12377,1.12375,1950000,1310000
2018-10-11 14:29:24.116000,1.12377,1.12374,1760000,2060000
2018-10-11 14:29:24.168000,1.12377,1.12374,2060000,3000000
2018-10-11 14:29:24.831000,1.12378,1.12375,1120000,3190000
2018-10-11 14:29:25.149000,1.12378,1.12375,5060000,1000000
2018-10-11 14:29:25.693000,1.12379,1.12376,1690000,1500000
2018-10-11 14:29:26.196000,1.12379,1.12377,1310000,1000000
2018-10-11 14:29:26.525000,1.12382,1.12379,4200000,1310000
2018-10-11 14:29:26.686000,1.12381,1.12378,1620000,5060000
2018-10-11 14:29:27.189000,1.12382,1.1238,2510000,1000000
2018-10-11 14:29:27.293000,1.12383,1.1238,2060000,1870000
2018-10-11 14:29:27.421000,1.12382,1.1238,1370000,1000000
2018-10-11 14:29:27.632000,1.12383,1.1238,2060000,3000000
2018-10-11 14:29:28.945000,1.12382,1.12379,1870000,3190000
2018-10-11 14:29:29.454000,1.12381,1.12378,2060000,1690000
2018-10-11 14:29:29.773000,1.12379,1.12376,1620000,4310000
2018-10-11 14:29:30.308000,1.12381,1.12379,3260000,1000000
2018-10-11 14:29:30.476000,1.12384,1.12382,1870000,1690000
2018-10-11 14:29:30.661000,1.12383,1.12381,1370000,1310000
2018-10-11 14:29:31.139000,1.12381,1.12379,1370000,1250000
2018-10-11 14:29:31.263000,1.12383,1.12381,1100000,2810000
2018-10-11 14:29:31.772000,1.12384,1.12381,1500000,2810000
2018-10-11 14:29:32.275000,1.12385,1.12382,1620000,3190000
2018-10-11 14:29:32.811000,1.12384,1.12381,2060000,3190000
2018-10-11 14:29:33.348000,1.12384,1.12381,2060000,4500000
2018-10-11 14:29:34.576000,1.12384,1.12381,1310000,3940000
2018-10-11 14:29:35.096000,1.12387,1.12386,1000000,2440000
2018-10-11 14:29:35.149000,1.12389,1.12385,2810000,5140000
2018-10-11 14:29:35.692000,1.12391,1.12388,3190000,1120000
2018-10-11 14:29:36.136000,1.12391,1.12389,1000000,1370000
2018-10-11 14:29:36.297000,1.12393,1.12391,1310000,1120000
2018-10-11 14:29:36.571000,1.12392,1.1239,1370000,1500000
2018-10-11 14:29:36.735000,1.1239,1.12387,1310000,1500000
2018-10-11 14:29:36.936000,1.12388,1.12386,1000000,1370000
2018-10-11 14:29:37.442000,1.12389,1.12386,2060000,1500000
2018-10-11 14:29:37.954000,1.1239,1.12387,3190000,1120000
2018-10-11 14:29:38.478000,1.1239,1.12388,1120000,2250000
2018-10-11 14:29:39.014000,1.1239,1.12387,3560000,1500000
2018-10-11 14:29:40.050000,1.12389,1.12387,1870000,1870000
2018-10-11 14:29:40.543000,1.12387,1.12386,1000000,1000000
2018-10-11 14:29:40.810000,1.1239,1.12387,1690000,1870000
2018-10-11 14:29:41.321000,1.1239,1.12387,1310000,3000000
2018-10-11 14:29:41.891000,1.12389,1.12387,1620000,1000000
2018-10-11 14:29:42.155000,1.12387,1.12385,1310000,3000000
2018-10-11 14:29:42.657000,1.12387,1.12385,1690000,1120000
2018-10-11 14:29:43.194000,1.12386,1.12384,1620000,1500000
2018-10-11 14:29:43.435000,1.12386,1.12383,2060000,3000000
2018-10-11 14:29:44.002000,1.12385,1.12382,1620000,3940000
2018-10-11 14:29:44.567000,1.12382,1.12381,3000000,1120000
2018-10-11 14:29:45.088000,1.12383,1.12381,1120000,1690000
2018-10-11 14:29:46.056000,1.12384,1.12381,1310000,3190000
2018-10-11 14:29:46.458000,1.12387,1.12384,3260000,2440000
2018-10-11 14:29:48.187000,1.12388,1.12387,1870000,1000000
2018-10-11 14:29:48.453000,1.12387,1.12384,1620000,2620000
2018-10-11 14:29:48.814000,1.12386,1.12383,1560000,1500000
2018-10-11 14:29:49.382000,1.12385,1.12383,1620000,1120000
2018-10-11 14:29:49.892000,1.12386,1.12384,1100000,1500000
2018-10-11 14:29:50.500000,1.12386,1.12384,1310000,1500000
2018-10-11 14:29:50.661000,1.12388,1.12386,1370000,1000000
2018-10-11 14:29:50.764000,1.12388,1.12385,1120000,3940000
2018-10-11 14:29:51.710000,1.12387,1.12386,1120000,1120000
2018-10-11 14:29:51.864000,1.12386,1.12384,1370000,1120000
2018-10-11 14:29:53.058000,1.12386,1.12383,1620000,2250000
2018-10-11 14:29:54.780000,1.12385,1.12383,1370000,1000000
2018-10-11 14:29:55.381000,1.12385,1.12382,2060000,1500000
2018-10-11 14:29:55.789000,1.12387,1.12385,1950000,2250000
2018-10-11 14:29:56.106000,1.12389,1.12388,1310000,1000000
2018-10-11 14:29:56.378000,1.12391,1.12388,3560000,1500000
2018-10-11 14:29:57.923000,1.12391,1.12388,2060000,1870000
2018-10-11 14:29:58.271000,1.12392,1.1239,2250000,1000000
2018-10-11 14:29:58.884000,1.12392,1.1239,1120000,1120000
2018-10-11 14:29:59.250000,1.12394,1.12392,5510000,1120000
2018-10-11 14:29:59.585000,1.12398,1.12395,4010000,1250000
2018-10-11 14:30:00.101000,1.12395,1.12394,1500000,3820000
2018-10-11 14:30:00.408000,1.12394,1.12391,2060000,1310000
2018-10-11 14:30:00.957000,1.12396,1.12395,1100000,1000000
2018-10-11 14:30:01.021000,1.12398,1.12396,3260000,1000000
2018-10-11 14:30:01.317000,1.12397,1.12394,2060000,1000000
2018-10-11 14:30:01.741000,1.12394,1.12393,2810000,1000000
2018-10-11 14:30:01.977000,1.12392,1.1239,1500000,3190000
2018-10-11 14:30:02.105000,1.12394,1.12391,3190000,2060000
2018-10-11 14:30:02.677000,1.12392,1.1239,2620000,1100000
2018-10-11 14:30:02.987000,1.12387,1.12385,2250000,1000000
2018-10-11 14:30:03.252000,1.12386,1.12383,1120000,2440000
2018-10-11 14:30:03.308000,1.12387,1.12386,1100000,1250000
2018-10-11 14:30:03.412000,1.12389,1.12387,2510000,1120000
2018-10-11 14:30:03.919000,1.1239,1.12387,3000000,3190000
2018-10-11 14:30:04.395000,1.12388,1.12387,1870000,1000000
2018-10-11 14:30:04.885000,1.12387,1.12386,1500000,1500000
2018-10-11 14:30:05.164000,1.12389,1.12387,1250000,1120000
2018-10-11 14:30:05.689000,1.12388,1.12386,1690000,1870000
2018-10-11 14:30:06.053000,1.12387,1.12385,1620000,1000000
2018-10-11 14:30:06.207000,1.12386,1.12384,1620000,1000000
2018-10-11 14:30:06.416000,1.12385,1.12382,2060000,1690000
2018-10-11 14:30:06.469000,1.12385,1.12382,1120000,3190000
2018-10-11 14:30:08.047000,1.12386,1.12383,2060000,2250000
2018-10-11 14:30:09.051000,1.12382,1.12381,1120000,4200000
2018-10-11 14:30:09.212000,1.12381,1.12379,1620000,1500000
2018-10-11 14:30:09.264000,1.12379,1.12377,1190000,1870000
2018-10-11 14:30:09.477000,1.1238,1.12377,4950000,2060000
2018-10-11 14:30:09.617000,1.12382,1.12381,1100000,1310000
2018-10-11 14:30:10.136000,1.12384,1.12381,2440000,2060000
2018-10-11 14:30:10.189000,1.12384,1.12381,2440000,2440000
2018-10-11 14:30:10.661000,1.12384,1.12381,1690000,2060000
2018-10-11 14:30:11.131000,1.12387,1.12386,3000000,1690000
2018-10-11 14:30:11.242000,1.12389,1.12386,1690000,3560000
2018-10-11 14:30:11.614000,1.12387,1.12384,2060000,2810000
2018-10-11 14:30:11.720000,1.12388,1.12385,3000000,3560000
2018-10-11 14:30:12.076000,1.12387,1.12385,1690000,1120000
2018-10-11 14:30:12.880000,1.12387,1.12383,2440000,5140000
2018-10-11 14:30:13.432000,1.12386,1.12383,2060000,2250000
2018-10-11 14:30:13.948000,1.12384,1.12382,2060000,1120000
2018-10-11 14:30:15.295000,1.12384,1.12381,2060000,1310000
2018-10-11 14:30:15.824000,1.12384,1.12381,1870000,3190000
2018-10-11 14:30:16.609000,1.12384,1.12381,1870000,3560000
2018-10-11 14:30:16.768000,1.12381,1.12379,1690000,3070000
2018-10-11 14:30:17.291000,1.12384,1.12381,4390000,3190000
2018-10-11 14:30:17.834000,1.12384,1.12381,2810000,3190000
2018-10-11 14:30:18.152000,1.12381,1.1238,1310000,1000000
2018-10-11 14:30:18.258000,1.12381,1.12378,1870000,1690000
2018-10-11 14:30:18.803000,1.12381,1.12378,1870000,2440000
2018-10-11 14:30:20.485000,1.12381,1.12378,1870000,1690000
2018-10-11 14:30:21.406000,1.12379,1.12377,2810000,1120000
2018-10-11 14:30:21.674000,1.12378,1.12375,3000000,3190000
2018-10-11 14:30:21.781000,1.12378,1.12376,1000000,2060000
2018-10-11 14:30:22.045000,1.12376,1.12375,2250000,2620000
2018-10-11 14:30:22.097000,1.12375,1.12373,1120000,1250000
2018-10-11 14:30:22.238000,1.12376,1.12374,1870000,1190000
2018-10-11 14:30:22.503000,1.12379,1.12375,3640000,4690000
2018-10-11 14:30:22.613000,1.12384,1.12382,1570000,1870000
2018-10-11 14:30:22.959000,1.12381,1.1238,1000000,3820000
2018-10-11 14:30:23.012000,1.12381,1.12379,1620000,1000000
2018-10-11 14:30:23.517000,1.1238,1.12378,1120000,1120000
2018-10-11 14:30:24.033000,1.1238,1.12377,2810000,2250000
2018-10-11 14:30:24.490000,1.12381,1.12378,1120000,3190000
2018-10-11 14:30:24.799000,1.12385,1.12382,2440000,1120000
2018-10-11 14:30:25.420000,1.12385,1.12383,1500000,1120000
2018-10-11 14:30:25.929000,1.12384,1.12382,1190000,1870000
2018-10-11 14:30:26.249000,1.12385,1.12383,1250000,2620000
2018-10-11 14:30:26.771000,1.12386,1.12383,3560000,2620000
2018-10-11 14:30:27.245000,1.12385,1.12382,2440000,2250000
2018-10-11 14:30:27.766000,1.12385,1.12383,2890000,1500000
2018-10-11 14:30:28.101000,1.12384,1.12381,1620000,3000000
2018-10-11 14:30:29.027000,1.12383,1.1238,2810000,3000000
2018-10-11 14:30:29.467000,1.12384,1.12382,3260000,1870000
2018-10-11 14:30:29.833000,1.12384,1.1238,4390000,7500000
2018-10-11 14:30:30.253000,1.12384,1.12382,2890000,1000000
2018-10-11 14:30:30.759000,1.12384,1.12381,2890000,2620000
2018-10-11 14:30:31.267000,1.12385,1.12383,1760000,1500000
2018-10-11 14:30:31.832000,1.12385,1.12382,1370000,3940000
2018-10-11 14:30:32.312000,1.12387,1.12386,2700000,2060000
2018-10-11 14:30:32.418000,1.12388,1.12386,1120000,1500000
2018-10-11 14:30:32.943000,1.12389,1.12386,3260000,2620000
2018-10-11 14:30:33.050000,1.12387,1.12384,3640000,4120000
2018-10-11 14:30:33.574000,1.12386,1.12384,1870000,1000000
2018-10-11 14:30:34.088000,1.12386,1.12383,2620000,2810000
2018-10-11 14:30:34.618000,1.12386,1.12383,4010000,2250000
2018-10-11 14:30:34.725000,1.12386,1.12383,1000000,3190000
2018-10-11 14:30:34.936000,1.12386,1.12383,2320000,3940000
2018-10-11 14:30:35.446000,1.12386,1.12383,2320000,2810000
2018-10-11 14:30:35.604000,1.12385,1.12381,3560000,4690000
2018-10-11 14:30:36.126000,1.12383,1.12381,1370000,1310000
2018-10-11 14:30:36.674000,1.12384,1.12381,2810000,1690000
2018-10-11 14:30:37.462000,1.12384,1.1238,4760000,3940000
2018-10-11 14:30:38.057000,1.12384,1.1238,4760000,4310000
2018-10-11 14:30:40.013000,1.12383,1.12381,1690000,1000000
2018-10-11 14:30:40.068000,1.12381,1.1238,1500000,1000000
2018-10-11 14:30:40.121000,1.12381,1.12378,2810000,2620000
2018-10-11 14:30:40.226000,1.12382,1.1238,3640000,1120000
2018-10-11 14:30:40.826000,1.12383,1.1238,2620000,2440000
2018-10-11 14:30:41.006000,1.12384,1.12381,2440000,1620000
2018-10-11 14:30:41.923000,1.12385,1.12382,4390000,2060000
2018-10-11 14:30:44.045000,1.12385,1.12382,2060000,2060000
2018-10-11 14:30:44.149000,1.12385,1.12382,1310000,2250000
2018-10-11 14:30:44.361000,1.12385,1.12382,2810000,1120000
2018-10-11 14:30:45.467000,1.12384,1.12381,2060000,2440000
2018-10-11 14:30:46.798000,1.12384,1.12381,2060000,3560000
2018-10-11 14:30:47.310000,1.12384,1.12382,2060000,1000000
2018-10-11 14:30:48.255000,1.12384,1.12381,2060000,2810000
2018-10-11 14:30:48.767000,1.12384,1.12381,2810000,2440000
2018-10-11 14:30:49.287000,1.12385,1.12382,4390000,1870000
2018-10-11 14:30:49.863000,1.12385,1.12382,3640000,2250000
2018-10-11 14:30:50.133000,1.12385,1.12382,4310000,1500000
2018-10-11 14:30:51.546000,1.12384,1.12381,2060000,1500000
2018-10-11 14:30:51.866000,1.12384,1.12381,2440000,1500000
2018-10-11 14:30:54.088000,1.12385,1.12382,4760000,1500000
2018-10-11 14:30:55.649000,1.12383,1.12381,1120000,1310000
2018-10-11 14:30:56.170000,1.12383,1.1238,1000000,5060000
2018-10-11 14:30:58.313000,1.12384,1.12381,1310000,2440000
2018-10-11 14:30:58.861000,1.12386,1.12383,5440000,1120000
2018-10-11 14:30:59.189000,1.12389,1.12387,1310000,1120000
2018-10-11 14:30:59.713000,1.12389,1.12388,1310000,1000000
2018-10-11 14:30:59.924000,1.12388,1.12386,1310000,1870000
2018-10-11 14:30:59.978000,1.12387,1.12385,1000000,1120000
2018-10-11 14:31:00.032000,1.12388,1.12386,4760000,1120000
2018-10-11 14:31:00.244000,1.12387,1.12385,2440000,1120000
2018-10-11 14:31:00.790000,1.12386,1.12384,1620000,1000000
2018-10-11 14:31:01.415000,1.12386,1.12384,1620000,1000000
2018-10-11 14:31:02.338000,1.12385,1.12383,1120000,1120000
2018-10-11 14:31:02.734000,1.12384,1.12382,2810000,1000000
2018-10-11 14:31:03.352000,1.12383,1.12381,2060000,1500000
2018-10-11 14:31:03.897000,1.12384,1.12381,4390000,1620000
2018-10-11 14:31:04.950000,1.12382,1.1238,1250000,1370000
2018-10-11 14:31:05.057000,1.12381,1.12378,2810000,1500000
2018-10-11 14:31:05.866000,1.12381,1.12379,2810000,1870000
2018-10-11 14:31:05.920000,1.12383,1.12381,1350000,3560000
2018-10-11 14:31:06.077000,1.12385,1.12384,1000000,1120000
2018-10-11 14:31:06.601000,1.12387,1.12384,1500000,1620000
2018-10-11 14:31:06.966000,1.12388,1.12387,1310000,1000000
2018-10-11 14:31:07.499000,1.12388,1.12386,1000000,1310000
2018-10-11 14:31:08.048000,1.12389,1.12386,4310000,2060000
2018-10-11 14:31:08.412000,1.12387,1.12385,1620000,1500000
2018-10-11 14:31:09.130000,1.12388,1.12386,6260000,1120000
2018-10-11 14:31:09.645000,1.12388,1.12385,1500000,3560000
2018-10-11 14:31:09.966000,1.12387,1.12385,1370000,1000000
2018-10-11 14:31:10.020000,1.12388,1.12386,2440000,1120000
2018-10-11 14:31:10.177000,1.12387,1.12385,1310000,1120000
2018-10-11 14:31:10.683000,1.12386,1.12384,1620000,1000000
2018-10-11 14:31:11.097000,1.12385,1.12382,2060000,1500000
2018-10-11 14:31:11.616000,1.12383,1.12381,1310000,1120000
2018-10-11 14:31:12.119000,1.12391,1.12389,1910000,1870000
2018-10-11 14:31:12.620000,1.12394,1.12393,1000000,1000000
2018-10-11 14:31:12.786000,1.12399,1.12396,1760000,3190000
2018-10-11 14:31:13.022000,1.12397,1.12395,1310000,1120000
2018-10-11 14:31:13.418000,1.12398,1.12395,3940000,2250000
2018-10-11 14:31:13.621000,1.12396,1.12393,2060000,1500000
2018-10-11 14:31:13.674000,1.12395,1.12393,1620000,1000000
2018-10-11 14:31:13.932000,1.12396,1.12394,2510000,1120000
2018-10-11 14:31:14.478000,1.12397,1.12394,2060000,2250000
2018-10-11 14:31:14.790000,1.12399,1.12396,2890000,1870000
2018-10-11 14:31:15.324000,1.12399,1.12396,1690000,2810000
2018-10-11 14:31:15.966000,1.124,1.12397,4010000,1500000
2018-10-11 14:31:17.466000,1.12399,1.12396,2250000,2810000
2018-10-11 14:31:18.015000,1.12398,1.12395,2440000,4310000
2018-10-11 14:31:18.620000,1.12397,1.12394,1500000,2060000
2018-10-11 14:31:19.265000,1.12398,1.12396,2140000,1000000
2018-10-11 14:31:19.771000,1.12398,1.12396,1000000,2060000
2018-10-11 14:31:20.627000,1.12399,1.12397,1000000,1310000
2018-10-11 14:31:20.992000,1.12402,1.124,1760000,1870000
2018-10-11 14:31:21.361000,1.12402,1.12399,2440000,2440000
2018-10-11 14:31:21.921000,1.12402,1.124,1000000,1870000
2018-10-11 14:31:22.081000,1.12403,1.12401,1100000,2810000
2018-10-11 14:31:22.498000,1.12405,1.12403,1250000,1120000
2018-10-11 14:31:23.028000,1.12405,1.12402,1500000,2060000
2018-10-11 14:31:23.557000,1.12405,1.12402,1500000,2810000
2018-10-11 14:31:24.388000,1.12405,1.12402,1190000,1870000
2018-10-11 14:31:25.146000,1.12405,1.12403,1250000,1120000
2018-10-11 14:31:25.305000,1.12406,1.12405,1120000,1000000
2018-10-11 14:31:25.359000,1.1241,1.12408,2140000,1000000
2018-10-11 14:31:25.664000,1.12408,1.12406,1120000,1620000
2018-10-11 14:31:26.260000,1.12409,1.12406,2890000,2810000
2018-10-11 14:31:26.904000,1.12407,1.12405,1120000,2440000
2018-10-11 14:31:27.239000,1.1241,1.12407,2890000,1120000
2018-10-11 14:31:29.179000,1.1241,1.12407,1500000,4310000
2018-10-11 14:31:29.522000,1.12415,1.12413,2510000,1000000
2018-10-11 14:31:30.045000,1.12416,1.12414,1000000,3640000
2018-10-11 14:31:30.648000,1.12417,1.12414,2620000,2140000
2018-10-11 14:31:31.196000,1.12418,1.12415,1870000,2140000
2018-10-11 14:31:31.694000,1.12417,1.12414,2440000,2250000
2018-10-11 14:31:32.236000,1.12417,1.12413,3190000,5330000
2018-10-11 14:31:32.894000,1.12412,1.1241,1000000,1390000
2018-10-11 14:31:33.052000,1.12421,1.12419,1200000,1690000
2018-10-11 14:31:33.106000,1.12427,1.12424,1870000,2810000
2018-10-11 14:31:33.159000,1.12425,1.12423,1390000,1500000
2018-10-11 14:31:33.362000,1.12426,1.12424,1870000,2810000
2018-10-11 14:31:33.628000,1.12425,1.12423,1370000,1250000
2018-10-11 14:31:34.176000,1.12425,1.12421,2810000,4310000
2018-10-11 14:31:35.003000,1.12426,1.12424,3070000,1000000
2018-10-11 14:31:35.057000,1.12429,1.12426,1690000,3190000
2018-10-11 14:31:35.593000,1.12431,1.12428,2440000,1120000
2018-10-11 14:31:35.855000,1.12427,1.12426,1500000,3450000
2018-10-11 14:31:35.990000,1.12425,1.12422,1120000,8140000
2018-10-11 14:31:36.149000,1.12425,1.12422,1500000,3560000
2018-10-11 14:31:36.309000,1.12425,1.12424,1120000,3370000
2018-10-11 14:31:36.414000,1.12429,1.12426,1760000,3190000
2018-10-11 14:31:36.956000,1.12426,1.12425,1870000,1120000
2018-10-11 14:31:37.134000,1.12425,1.12422,4350000,1690000
2018-10-11 14:31:37.692000,1.12424,1.12421,2250000,2060000
2018-10-11 14:31:38.309000,1.12424,1.12421,2250000,2060000
2018-10-11 14:31:38.678000,1.12423,1.1242,1500000,2810000
2018-10-11 14:31:39.085000,1.12424,1.12421,1120000,2810000
2018-10-11 14:31:39.621000,1.12424,1.12421,1500000,5060000
2018-10-11 14:31:40.129000,1.12425,1.12421,3640000,3190000
2018-10-11 14:31:40.672000,1.12425,1.12421,3000000,4690000
2018-10-11 14:31:41.200000,1.12425,1.12421,3000000,6190000
2018-10-11 14:31:41.661000,1.12426,1.12423,1870000,2060000
2018-10-11 14:31:41.978000,1.12428,1.12425,2250000,2810000
2018-10-11 14:31:42.292000,1.12424,1.12421,1500000,3940000
2018-10-11 14:31:42.345000,1.12424,1.12421,1500000,4310000
2018-10-11 14:31:42.726000,1.12424,1.12421,1500000,2440000
2018-10-11 14:31:43.276000,1.12424,1.12421,2250000,2060000
2018-10-11 14:31:43.867000,1.12421,1.1242,1250000,3370000
2018-10-11 14:31:44.024000,1.12419,1.12416,6040000,1690000
2018-10-11 14:31:44.532000,1.12418,1.12415,1370000,4310000
2018-10-11 14:31:45.079000,1.12412,1.1241,1540000,1000000
2018-10-11 14:31:45.132000,1.12413,1.12411,3750000,2060000
2018-10-11 14:31:45.185000,1.12413,1.12411,3750000,1120000
2018-10-11 14:31:45.701000,1.12413,1.12412,1120000,1000000
2018-10-11 14:31:46.213000,1.12415,1.12412,1370000,3940000
2018-10-11 14:31:46.712000,1.12416,1.12413,2250000,1620000
2018-10-11 14:31:47.253000,1.12415,1.12413,1120000,1250000
2018-10-11 14:31:47.779000,1.12412,1.12411,1350000,1870000
2018-10-11 14:31:48.319000,1.12412,1.1241,1370000,1250000
2018-10-11 14:31:50.591000,1.12411,1.12408,2060000,3370000
2018-10-11 14:31:51.092000,1.1241,1.12407,2060000,3190000
2018-10-11 14:31:52.834000,1.1241,1.12407,1370000,3940000
2018-10-11 14:31:53.389000,1.1241,1.12407,4010000,1310000
2018-10-11 14:31:53.758000,1.12406,1.12405,1500000,1120000
2018-10-11 14:31:53.965000,1.12406,1.12403,3450000,2060000
2018-10-11 14:31:54.447000,1.12406,1.12403,4200000,1250000
2018-10-11 14:31:54.611000,1.12405,1.12402,1570000,2440000
2018-10-11 14:31:55.124000,1.12407,1.12404,4570000,2810000
2018-10-11 14:31:55.242000,1.12408,1.12405,2320000,3560000
2018-10-11 14:31:55.348000,1.12407,1.12404,3750000,2810000
2018-10-11 14:31:55.847000,1.1241,1.12408,8890000,1000000
2018-10-11 14:31:56.185000,1.12408,1.12406,1370000,1120000
2018-10-11 14:31:56.598000,1.12406,1.12404,1870000,2810000
2018-10-11 14:31:57.307000,1.12405,1.12402,2060000,3190000
2018-10-11 14:31:57.839000,1.12404,1.12401,2620000,2440000
2018-10-11 14:31:58.157000,1.124,1.12398,1870000,2060000
2018-10-11 14:31:58.592000,1.124,1.12397,2060000,2810000
2018-10-11 14:31:58.644000,1.12399,1.12396,2060000,3000000
2018-10-11 14:31:59.529000,1.12397,1.12395,1120000,2060000
2018-10-11 14:31:59.636000,1.12395,1.12393,1500000,2440000
2018-10-11 14:31:59.975000,1.12394,1.12391,1370000,4310000
2018-10-11 14:32:00.135000,1.12394,1.12392,1000000,2060000
2018-10-11 14:32:00.442000,1.12393,1.1239,2250000,2810000
2018-10-11 14:32:00.948000,1.12393,1.1239,2250000,1690000
2018-10-11 14:32:01.683000,1.12393,1.1239,2250000,1250000
2018-10-11 14:32:02.215000,1.12392,1.12388,3000000,3940000
2018-10-11 14:32:02.479000,1.12389,1.12387,1120000,2440000
2018-10-11 14:32:02.608000,1.12387,1.12386,1000000,1100000
2018-10-11 14:32:02.716000,1.12389,1.12387,1000000,1310000
2018-10-11 14:32:02.980000,1.12392,1.12388,5140000,2440000
2018-10-11 14:32:04.222000,1.12392,1.12389,1500000,2060000
2018-10-11 14:32:04.590000,1.12395,1.12393,1500000,1690000
2018-10-11 14:32:04.821000,1.12398,1.12395,3450000,2810000
2018-10-11 14:32:05.039000,1.12397,1.12394,2810000,2250000
2018-10-11 14:32:05.244000,1.12397,1.12394,1870000,2060000
2018-10-11 14:32:05.709000,1.12395,1.12393,1690000,1500000
2018-10-11 14:32:05.853000,1.12394,1.12392,2250000,1250000
2018-10-11 14:32:06.345000,1.12393,1.1239,1870000,4310000
2018-10-11 14:32:07.623000,1.1239,1.12388,2290000,1120000
2018-10-11 14:32:07.731000,1.12389,1.12387,1250000,1870000
2018-10-11 14:32:08.270000,1.12387,1.12386,1000000,1120000
2018-10-11 14:32:08.322000,1.12387,1.12385,1370000,1000000
2018-10-11 14:32:08.863000,1.12387,1.12384,1370000,3190000
2018-10-11 14:32:09.021000,1.12388,1.12384,5320000,3190000
2018-10-11 14:32:09.433000,1.1239,1.12387,2890000,1870000
2018-10-11 14:32:09.805000,1.12387,1.12385,1500000,1870000
2018-10-11 14:32:10.356000,1.12388,1.12386,1000000,2060000
2018-10-11 14:32:10.895000,1.1239,1.12387,2700000,2060000
2018-10-11 14:32:11.440000,1.12389,1.12386,2060000,3000000
2018-10-11 14:32:11.995000,1.12387,1.12385,1690000,1000000
2018-10-11 14:32:12.048000,1.12387,1.12384,1690000,3560000
2018-10-11 14:32:12.310000,1.12388,1.12387,2250000,2440000
2018-10-11 14:32:12.529000,1.12392,1.12389,2700000,1620000
2018-10-11 14:32:12.990000,1.12394,1.12392,2890000,1120000
2018-10-11 14:32:13.362000,1.12393,1.12391,1500000,1000000
2018-10-11 14:32:13.676000,1.12399,1.12397,1390000,1500000
2018-10-11 14:32:13.978000,1.12399,1.12396,4690000,1250000
2018-10-11 14:32:14.365000,1.12395,1.12392,2810000,2810000
2018-10-11 14:32:14.681000,1.12394,1.12391,1870000,3560000
2018-10-11 14:32:14.908000,1.12396,1.12393,6820000,2060000
2018-10-11 14:32:15.445000,1.12396,1.12394,1000000,1870000
2018-10-11 14:32:15.947000,1.12397,1.12394,1870000,3560000
2018-10-11 14:32:16.493000,1.12397,1.12395,1000000,1690000
2018-10-11 14:32:17.203000,1.12397,1.12395,1120000,1690000
2018-10-11 14:32:17.709000,1.12397,1.12394,1870000,1310000
2018-10-11 14:32:18.033000,1.12396,1.12393,2440000,1500000
2018-10-11 14:32:18.447000,1.12396,1.12393,1570000,2440000
2018-10-11 14:32:18.988000,1.12396,1.12394,1000000,1620000
2018-10-11 14:32:19.522000,1.12397,1.12394,3000000,1620000
2018-10-11 14:32:20.079000,1.12396,1.12394,1250000,1370000
2018-10-11 14:32:20.141000,1.12395,1.12392,1870000,1310000
2018-10-11 14:32:20.631000,1.12395,1.12393,1120000,1310000
2018-10-11 14:32:21.223000,1.12395,1.12392,1310000,5060000
2018-10-11 14:32:21.644000,1.12396,1.12393,2250000,1690000
2018-10-11 14:32:22.169000,1.12397,1.12394,3190000,1870000
2018-10-11 14:32:22.490000,1.12394,1.12391,2620000,3560000
2018-10-11 14:32:23.079000,1.12394,1.12391,1870000,2810000
2018-10-11 14:32:23.635000,1.12395,1.12393,4500000,1190000
2018-10-11 14:32:23.688000,1.12396,1.12394,1000000,4310000
2018-10-11 14:32:24.136000,1.12398,1.12396,1120000,1690000
2018-10-11 14:32:25.102000,1.12398,1.12395,2810000,4690000
2018-10-11 14:32:25.156000,1.12397,1.12394,1370000,3560000
2018-10-11 14:32:26.378000,1.12396,1.12393,1000000,2060000
2018-10-11 14:32:26.431000,1.12394,1.12392,1000000,4390000
2018-10-11 14:32:26.982000,1.12394,1.12391,2620000,2440000
2018-10-11 14:32:28.144000,1.12394,1.12392,1000000,1620000
2018-10-11 14:32:28.351000,1.12396,1.12393,2250000,2060000
2018-10-11 14:32:28.635000,1.12397,1.12394,2700000,2810000
2018-10-11 14:32:29.227000,1.12398,1.12395,1500000,3190000
2018-10-11 14:32:29.811000,1.12398,1.12396,1370000,1250000
2018-10-11 14:32:30.185000,1.12396,1.12393,3190000,2510000
2018-10-11 14:32:30.696000,1.12394,1.12392,1000000,2810000
2018-10-11 14:32:31.214000,1.12394,1.12391,3750000,2060000
2018-10-11 14:32:31.530000,1.12392,1.1239,1370000,1250000
2018-10-11 14:32:31.849000,1.12393,1.12392,1120000,1870000
2018-10-11 14:32:31.902000,1.12395,1.12392,1500000,3740000
2018-10-11 14:32:32.447000,1.12396,1.12393,1500000,3740000
2018-10-11 14:32:32.672000,1.12394,1.12391,1370000,5920000
2018-10-11 14:32:33.035000,1.12393,1.1239,2250000,3560000
2018-10-11 14:32:33.895000,1.12391,1.12389,1120000,1120000
2018-10-11 14:32:34.105000,1.12388,1.12387,3370000,1120000
2018-10-11 14:32:34.220000,1.12388,1.12385,3750000,1310000
2018-10-11 14:32:34.819000,1.12387,1.12386,1300000,1120000
2018-10-11 14:32:34.871000,1.12389,1.12386,1720000,2440000
2018-10-11 14:32:35.077000,1.12386,1.12385,1870000,1500000
2018-10-11 14:32:35.181000,1.12385,1.12382,2060000,2060000
2018-10-11 14:32:35.556000,1.12386,1.12383,1200000,2810000
2018-10-11 14:32:36.077000,1.12386,1.12384,1370000,1000000
2018-10-11 14:32:36.485000,1.12388,1.12385,3750000,3560000
2018-10-11 14:32:36.640000,1.12386,1.12384,1120000,2440000
2018-10-11 14:32:37.141000,1.12386,1.12384,1370000,1310000
2018-10-11 14:32:37.692000,1.12385,1.12383,1120000,1120000
2018-10-11 14:32:39.633000,1.12384,1.12382,1000000,1000000
2018-10-11 14:32:39.792000,1.12382,1.12379,5850000,1690000
2018-10-11 14:32:40.206000,1.12382,1.12381,2250000,1690000
2018-10-11 14:32:40.469000,1.12385,1.12381,5140000,2440000
2018-10-11 14:32:41.026000,1.12385,1.12382,1120000,3940000
2018-10-11 14:32:41.797000,1.12386,1.12383,3000000,2060000
2018-10-11 14:32:42.044000,1.12385,1.12382,1870000,2440000
2018-10-11 14:32:42.457000,1.12387,1.12386,1570000,1000000
2018-10-11 14:32:42.606000,1.12388,1.12386,3000000,1310000
2018-10-11 14:32:42.815000,1.1239,1.12388,1120000,1310000
2018-10-11 14:32:43.361000,1.1239,1.12387,3820000,1310000
2018-10-11 14:32:43.465000,1.12387,1.12386,1000000,1120000
2018-10-11 14:32:43.677000,1.12389,1.12387,1500000,1120000
2018-10-11 14:32:43.834000,1.12387,1.12385,1120000,1690000
2018-10-11 14:32:44.175000,1.12385,1.12383,1370000,1250000
2018-10-11 14:32:44.720000,1.12384,1.12382,2620000,1690000
2018-10-11 14:32:45.166000,1.12383,1.1238,1500000,1690000
2018-10-11 14:32:45.475000,1.12381,1.12379,1370000,1310000
2018-10-11 14:32:45.983000,1.12381,1.12379,1120000,1500000
2018-10-11 14:32:46.158000,1.12383,1.12381,1100000,1310000
2018-10-11 14:32:46.576000,1.12385,1.12383,4950000,1250000
2018-10-11 14:32:47.125000,1.12385,1.12383,1120000,1690000
2018-10-11 14:32:47.545000,1.12387,1.12383,4870000,3190000
2018-10-11 14:32:48.093000,1.12388,1.12387,3370000,1120000
2018-10-11 14:32:48.237000,1.12391,1.12388,2620000,1690000
2018-10-11 14:32:48.744000,1.12389,1.12388,1000000,1500000
2018-10-11 14:32:49.267000,1.1239,1.12388,2810000,1120000
2018-10-11 14:32:49.677000,1.12391,1.12388,3940000,1370000
2018-10-11 14:32:50.146000,1.12393,1.1239,3000000,1310000
2018-10-11 14:32:50.311000,1.12391,1.12389,1620000,1120000
2018-10-11 14:32:51.121000,1.12387,1.12386,1120000,4950000
2018-10-11 14:32:51.442000,1.12386,1.12384,1370000,1000000
2018-10-11 14:32:51.702000,1.12388,1.12386,3000000,1250000
2018-10-11 14:32:51.899000,1.12387,1.12384,1370000,3940000
2018-10-11 14:32:52.447000,1.12385,1.12383,1120000,1500000
2018-10-11 14:32:53,1.12385,1.12382,1620000,1120000
2018-10-11 14:32:54.142000,1.12384,1.12382,1370000,1120000
2018-10-11 14:32:54.959000,1.12382,1.1238,1000000,2620000
2018-10-11 14:32:55.114000,1.12381,1.12378,2620000,2440000
2018-10-11 14:32:55.556000,1.12381,1.12377,3640000,2810000
2018-10-11 14:32:56.098000,1.12383,1.12382,2620000,1250000
2018-10-11 14:32:56.202000,1.12384,1.12382,1310000,2620000
2018-10-11 14:32:56.782000,1.12384,1.12381,1370000,3190000
2018-10-11 14:32:57.206000,1.12384,1.12381,1000000,3190000
2018-10-11 14:32:57.720000,1.12385,1.12381,4120000,2440000
2018-10-11 14:32:58.028000,1.12384,1.12381,1870000,2440000
2018-10-11 14:32:58.762000,1.12381,1.1238,1000000,1120000
2018-10-11 14:32:58.918000,1.12381,1.12378,3000000,1310000
2018-10-11 14:32:59.344000,1.12383,1.12381,2250000,2060000
2018-10-11 14:32:59.396000,1.12384,1.12381,2250000,1310000
2018-10-11 14:32:59.717000,1.12385,1.12383,1120000,1870000
2018-10-11 14:33:00.236000,1.12385,1.12382,1870000,2440000
2018-10-11 14:33:01.578000,1.12385,1.12382,3560000,1120000
2018-10-11 14:33:02.085000,1.12385,1.12382,2440000,1370000
2018-10-11 14:33:03.046000,1.12385,1.12382,1500000,2440000
2018-10-11 14:33:03.466000,1.12382,1.1238,1870000,3000000
2018-10-11 14:33:03.519000,1.1238,1.12379,1500000,1000000
2018-10-11 14:33:03.910000,1.12383,1.12381,1570000,1690000
2018-10-11 14:33:04.270000,1.12381,1.12378,2250000,3560000
2018-10-11 14:33:04.429000,1.12381,1.12377,3000000,3190000
2018-10-11 14:33:04.536000,1.12381,1.12378,3640000,1620000
2018-10-11 14:33:04.975000,1.12381,1.12378,2890000,1250000
2018-10-11 14:33:05.290000,1.12382,1.12379,2060000,1690000
2018-10-11 14:33:05.384000,1.12379,1.12378,1250000,3750000
2018-10-11 14:33:05.937000,1.12379,1.12377,1310000,1000000
2018-10-11 14:33:06.674000,1.12379,1.12376,2620000,1690000
2018-10-11 14:33:06.939000,1.12378,1.12375,2810000,1120000
2018-10-11 14:33:07.365000,1.12373,1.12371,1120000,1690000
2018-10-11 14:33:07.895000,1.12372,1.1237,1870000,1000000
2018-10-11 14:33:08.425000,1.12369,1.12367,1000000,4500000
2018-10-11 14:33:08.531000,1.12368,1.12366,1120000,1500000
2018-10-11 14:33:09.122000,1.12367,1.12364,1120000,2440000
2018-10-11 14:33:09.634000,1.12367,1.12364,1370000,1690000
2018-10-11 14:33:10.148000,1.12367,1.12364,1120000,1690000
2018-10-11 14:33:10.875000,1.12367,1.12364,1870000,1690000
2018-10-11 14:33:11.664000,1.12367,1.12364,4200000,2060000
2018-10-11 14:33:12.181000,1.12367,1.12364,1870000,1690000
2018-10-11 14:33:13.292000,1.12366,1.12363,2060000,1500000
2018-10-11 14:33:13.698000,1.12361,1.1236,1120000,1250000
2018-10-11 14:33:13.751000,1.1236,1.12358,1120000,2440000
2018-10-11 14:33:14.277000,1.12359,1.12358,1000000,1000000
2018-10-11 14:33:14.441000,1.12356,1.12354,3000000,3640000
2018-10-11 14:33:14.669000,1.12354,1.12352,1870000,1310000
2018-10-11 14:33:14.778000,1.12352,1.1235,1120000,2440000
2018-10-11 14:33:15.259000,1.1235,1.12348,3370000,2440000
2018-10-11 14:33:15.736000,1.12349,1.12346,2620000,3940000
2018-10-11 14:33:15.923000,1.12351,1.12349,2250000,1250000
2018-10-11 14:33:15.976000,1.12351,1.1235,1120000,1690000
2018-10-11 14:33:16.028000,1.12353,1.1235,2700000,2810000
2018-10-11 14:33:16.394000,1.12354,1.12351,1500000,5060000
2018-10-11 14:33:16.759000,1.12356,1.12355,3450000,1870000
2018-10-11 14:33:16.957000,1.12358,1.12356,1760000,1000000
2018-10-11 14:33:17.549000,1.12356,1.12355,1690000,1500000
2018-10-11 14:33:17.655000,1.12355,1.12352,2060000,3190000
2018-10-11 14:33:18.042000,1.12353,1.1235,1370000,3560000
2018-10-11 14:33:18.552000,1.12353,1.1235,1370000,2810000
2018-10-11 14:33:18.957000,1.12354,1.12352,1100000,2060000
2018-10-11 14:33:19.329000,1.12356,1.12353,2320000,2810000
2018-10-11 14:33:19.553000,1.12359,1.12356,1120000,2810000
2018-10-11 14:33:19.660000,1.12359,1.12356,2810000,1870000
2018-10-11 14:33:20.165000,1.12358,1.12356,1120000,1310000
2018-10-11 14:33:20.499000,1.12359,1.12357,1250000,1370000
2018-10-11 14:33:21.012000,1.12359,1.12356,2810000,3190000
2018-10-11 14:33:21.325000,1.12359,1.12356,4010000,1310000
2018-10-11 14:33:21.715000,1.12359,1.12356,1690000,2810000
2018-10-11 14:33:22.222000,1.12359,1.12356,2060000,2440000
2018-10-11 14:33:22.957000,1.12357,1.12356,1250000,1000000
2018-10-11 14:33:23.011000,1.12355,1.12352,2890000,1690000
2018-10-11 14:33:23.063000,1.12355,1.12352,3190000,1310000
2018-10-11 14:33:23.595000,1.12355,1.12352,3450000,1310000
2018-10-11 14:33:24.292000,1.12354,1.12352,1120000,1310000
2018-10-11 14:33:24.346000,1.12353,1.12351,1370000,1250000
2018-10-11 14:33:24.747000,1.12351,1.12349,2250000,1250000
2018-10-11 14:33:24.863000,1.12352,1.12349,2250000,2810000
2018-10-11 14:33:25.473000,1.1235,1.12349,1120000,1000000
2018-10-11 14:33:25.872000,1.12349,1.12347,1120000,1690000
2018-10-11 14:33:26.133000,1.12348,1.12345,1370000,2810000
2018-10-11 14:33:26.699000,1.12347,1.12344,1370000,2440000
2018-10-11 14:33:26.910000,1.12348,1.12346,1870000,1310000
2018-10-11 14:33:27.369000,1.1235,1.12348,3070000,1000000
2018-10-11 14:33:27.633000,1.12348,1.12346,2620000,1690000
2018-10-11 14:33:28.214000,1.12348,1.12345,1500000,2440000
2018-10-11 14:33:28.636000,1.12352,1.12349,4200000,1690000
2018-10-11 14:33:28.769000,1.12353,1.1235,2320000,1690000
2018-10-11 14:33:28.873000,1.12353,1.1235,2810000,1120000
2018-10-11 14:33:29.199000,1.12353,1.12351,1120000,1690000
2018-10-11 14:33:29.726000,1.12353,1.12351,1370000,1310000
2018-10-11 14:33:30.102000,1.12354,1.12352,1120000,1310000
2018-10-11 14:33:30.589000,1.12356,1.12354,1570000,2250000
2018-10-11 14:33:30.901000,1.12359,1.12357,2440000,1000000
2018-10-11 14:33:31.458000,1.12359,1.12356,2440000,2440000
2018-10-11 14:33:31.511000,1.12359,1.12356,2440000,2810000
2018-10-11 14:33:31.751000,1.1236,1.12358,1500000,1310000
2018-10-11 14:33:32.305000,1.1236,1.12357,1690000,2810000
2018-10-11 14:33:32.665000,1.12361,1.1236,1310000,1000000
2018-10-11 14:33:32.828000,1.12361,1.12358,3560000,1000000
2018-10-11 14:33:33.187000,1.12359,1.12356,1370000,4310000
2018-10-11 14:33:33.451000,1.12355,1.12351,2510000,4500000
2018-10-11 14:33:33.837000,1.12354,1.12351,3190000,1500000
2018-10-11 14:33:34.347000,1.12353,1.12351,2510000,1120000
2018-10-11 14:33:34.665000,1.12355,1.12351,3070000,3190000
2018-10-11 14:33:34.978000,1.12352,1.1235,1120000,2440000
2018-10-11 14:33:35.483000,1.12352,1.1235,1000000,3190000
2018-10-11 14:33:36.006000,1.12353,1.12351,1120000,2060000
2018-10-11 14:33:36.531000,1.12353,1.12352,1000000,1310000
2018-10-11 14:33:36.878000,1.12358,1.12356,1310000,2250000
2018-10-11 14:33:36.932000,1.12357,1.12355,1000000,2060000
2018-10-11 14:33:37.168000,1.12353,1.12352,1250000,1950000
2018-10-11 14:33:37.689000,1.12353,1.12351,1310000,1500000
2018-10-11 14:33:38.243000,1.12352,1.12351,1120000,1870000
2018-10-11 14:33:38.839000,1.1235,1.12349,1690000,2620000
2018-10-11 14:33:39.098000,1.12348,1.12346,1000000,1620000
2018-10-11 14:33:39.478000,1.1235,1.12347,1000000,3940000
2018-10-11 14:33:40,1.12349,1.12347,1120000,2440000
2018-10-11 14:33:41.122000,1.12349,1.12346,3820000,2440000
2018-10-11 14:33:41.640000,1.12347,1.12346,1000000,1690000
2018-10-11 14:33:41.807000,1.1235,1.12349,2320000,1310000
2018-10-11 14:33:41.860000,1.12351,1.12349,1000000,2440000
2018-10-11 14:33:42.208000,1.1235,1.12348,2690000,1120000
2018-10-11 14:33:42.734000,1.1235,1.12347,1500000,3190000
2018-10-11 14:33:43.051000,1.12348,1.12347,1500000,1120000
2018-10-11 14:33:43.571000,1.12348,1.12345,1000000,5810000
2018-10-11 14:33:44.111000,1.12348,1.12345,1120000,3190000
2018-10-11 14:33:44.885000,1.12346,1.12345,1120000,1000000
2018-10-11 14:33:45.392000,1.12345,1.12342,1000000,4690000
2018-10-11 14:33:45.784000,1.12343,1.12341,1000000,2440000
2018-10-11 14:33:45.842000,1.12342,1.12341,1500000,1500000
2018-10-11 14:33:45.900000,1.12342,1.12339,1870000,2440000
2018-10-11 14:33:46.434000,1.12343,1.1234,1000000,2060000
2018-10-11 14:33:46.537000,1.12341,1.12339,1120000,2440000
2018-10-11 14:33:46.683000,1.12344,1.12342,2250000,6410000
2018-10-11 14:33:46.840000,1.12346,1.12344,1570000,1500000
2018-10-11 14:33:47.347000,1.12347,1.12344,1120000,2440000
2018-10-11 14:33:47.866000,1.12346,1.12344,1120000,1500000
2018-10-11 14:33:48.410000,1.12346,1.12344,1000000,1500000
2018-10-11 14:33:49.081000,1.12347,1.12344,1870000,1690000
2018-10-11 14:33:49.606000,1.12348,1.12345,1500000,2810000
2018-10-11 14:33:50.833000,1.12348,1.12345,1120000,2060000
2018-10-11 14:33:51.393000,1.1235,1.12348,2140000,1500000
2018-10-11 14:33:51.497000,1.12351,1.12349,1000000,1370000
2018-10-11 14:33:51.653000,1.12352,1.12349,3070000,1690000
2018-10-11 14:33:52.235000,1.12354,1.12352,1950000,1690000
2018-10-11 14:33:52.741000,1.12354,1.12352,1120000,1250000
2018-10-11 14:33:53.157000,1.12356,1.12353,2320000,1690000
2018-10-11 14:33:53.273000,1.12354,1.12351,2060000,1690000
2018-10-11 14:33:53.815000,1.12354,1.12351,2810000,1120000
2018-10-11 14:33:54.242000,1.12354,1.12351,2320000,2440000
2018-10-11 14:33:54.743000,1.12354,1.12351,1870000,1690000
2018-10-11 14:33:55.264000,1.12354,1.12351,1870000,1690000
2018-10-11 14:33:55.417000,1.12354,1.12351,2620000,2060000
2018-10-11 14:33:55.738000,1.12351,1.12348,1310000,4500000
2018-10-11 14:33:56.248000,1.12352,1.1235,1570000,1310000
2018-10-11 14:33:57.416000,1.12351,1.12349,1000000,2510000
2018-10-11 14:33:58.333000,1.12352,1.12351,1500000,1000000
2018-10-11 14:33:58.397000,1.12354,1.12351,1760000,3940000
2018-10-11 14:33:59.681000,1.12352,1.1235,1500000,3070000
2018-10-11 14:34:00.185000,1.12351,1.12348,2700000,1500000
2018-10-11 14:34:00.399000,1.1235,1.12348,2060000,1870000
2018-10-11 14:34:00.505000,1.1235,1.12347,2810000,2810000
2018-10-11 14:34:01.014000,1.1235,1.12347,3560000,2440000
2018-10-11 14:34:01.523000,1.12349,1.12346,1370000,3560000
2018-10-11 14:34:02.278000,1.12349,1.12347,1120000,1120000
2018-10-11 14:34:02.596000,1.12353,1.1235,4390000,1120000
2018-10-11 14:34:03.116000,1.12351,1.1235,1120000,1000000
2018-10-11 14:34:03.426000,1.12351,1.12348,4310000,1000000
2018-10-11 14:34:03.480000,1.1235,1.12347,3560000,2060000
2018-10-11 14:34:03.952000,1.1235,1.12349,1000000,1120000
2018-10-11 14:34:04.474000,1.1235,1.12348,1310000,1000000
2018-10-11 14:34:04.805000,1.12349,1.12346,1370000,2810000
2018-10-11 14:34:05.360000,1.12349,1.12346,2620000,1310000
2018-10-11 14:34:05.413000,1.12348,1.12345,1870000,2440000
2018-10-11 14:34:05.895000,1.12346,1.12344,2060000,1120000
2018-10-11 14:34:06.211000,1.12344,1.12341,1620000,5810000
2018-10-11 14:34:06.737000,1.12344,1.12342,1310000,1500000
2018-10-11 14:34:07.195000,1.12342,1.12341,1000000,1500000
2018-10-11 14:34:07.558000,1.12342,1.12339,2060000,3190000
2018-10-11 14:34:07.818000,1.12339,1.12337,1500000,2140000
2018-10-11 14:34:08.036000,1.12341,1.12338,2060000,2440000
2018-10-11 14:34:08.296000,1.12343,1.12342,1870000,1120000
2018-10-11 14:34:08.501000,1.12346,1.12343,1120000,3190000
2018-10-11 14:34:08.554000,1.12347,1.12344,3070000,3940000
2018-10-11 14:34:09.033000,1.12346,1.12343,1870000,2440000
2018-10-11 14:34:09.139000,1.12346,1.12343,1000000,4690000
2018-10-11 14:34:09.592000,1.12348,1.12345,2140000,2810000
2018-10-11 14:34:11.229000,1.12348,1.12345,3000000,1310000
2018-10-11 14:34:12.281000,1.12346,1.12344,1120000,2810000
2018-10-11 14:34:12.386000,1.12344,1.12342,1500000,2810000
2018-10-11 14:34:12.748000,1.12347,1.12345,1870000,1310000
2018-10-11 14:34:12.854000,1.12349,1.12346,3070000,3940000
2018-10-11 14:34:13.462000,1.12348,1.12345,1370000,3190000
2018-10-11 14:34:13.970000,1.12349,1.12346,1870000,4310000
2018-10-11 14:34:14.509000,1.12351,1.1235,1570000,2620000
2018-10-11 14:34:14.564000,1.12352,1.12351,1120000,1120000
2018-10-11 14:34:14.832000,1.12351,1.12349,1500000,3750000
2018-10-11 14:34:14.975000,1.12349,1.12348,1120000,1500000
2018-10-11 14:34:15.254000,1.12351,1.1235,1570000,1250000
2018-10-11 14:34:15.396000,1.12353,1.1235,2810000,2810000
2018-10-11 14:34:15.662000,1.12351,1.12349,2810000,1120000
2018-10-11 14:34:16.003000,1.12348,1.12346,1620000,1000000
2018-10-11 14:34:16.188000,1.12348,1.12344,3190000,6940000
2018-10-11 14:34:16.466000,1.12346,1.12344,2310000,4120000
2018-10-11 14:34:16.782000,1.12345,1.12342,1620000,4690000
2018-10-11 14:34:17.128000,1.12345,1.12343,1310000,1000000
2018-10-11 14:34:17.346000,1.12344,1.12342,2810000,1000000
2018-10-11 14:34:17.891000,1.12343,1.1234,1120000,2510000
2018-10-11 14:34:18.417000,1.12344,1.12341,4870000,4690000
2018-10-11 14:34:18.944000,1.12344,1.12341,6560000,2440000
2018-10-11 14:34:19.285000,1.12341,1.1234,1250000,1950000
2018-10-11 14:34:19.592000,1.1234,1.12338,1620000,1000000
2018-10-11 14:34:19.905000,1.12341,1.12338,2510000,2060000
2018-10-11 14:34:20.151000,1.12344,1.12342,1950000,3560000
2018-10-11 14:34:20.359000,1.12343,1.1234,2060000,2440000
2018-10-11 14:34:20.692000,1.1234,1.12338,1000000,1620000
2018-10-11 14:34:21.194000,1.1234,1.12338,1310000,3750000
2018-10-11 14:34:21.739000,1.1234,1.12337,2060000,1250000
2018-10-11 14:34:22.084000,1.12337,1.12334,1870000,3560000
2018-10-11 14:34:22.394000,1.12336,1.12333,1370000,3560000
2018-10-11 14:34:22.930000,1.12336,1.12333,3370000,1690000
2018-10-11 14:34:23.462000,1.12336,1.12333,3370000,1690000
2018-10-11 14:34:23.834000,1.12335,1.12332,1190000,3750000
2018-10-11 14:34:23.890000,1.12336,1.12332,4390000,3940000
2018-10-11 14:34:24.101000,1.12336,1.12332,3640000,3940000
2018-10-11 14:34:24.414000,1.12338,1.12337,4120000,2060000
2018-10-11 14:34:24.468000,1.1234,1.12337,5320000,3190000
2018-10-11 14:34:24.884000,1.12338,1.12336,1870000,1690000
2018-10-11 14:34:24.951000,1.1234,1.12337,3640000,1370000
2018-10-11 14:34:25.497000,1.12339,1.12337,1120000,1120000
2018-10-11 14:34:26.068000,1.12338,1.12336,1120000,1250000
2018-10-11 14:34:26.386000,1.12341,1.12338,3070000,1690000
2018-10-11 14:34:26.915000,1.12339,1.12337,1120000,1000000
2018-10-11 14:34:27.314000,1.12338,1.12335,1870000,2810000
2018-10-11 14:34:27.628000,1.1234,1.12337,1120000,3190000
2018-10-11 14:34:27.989000,1.12342,1.1234,3260000,1000000
2018-10-11 14:34:28.042000,1.12344,1.12341,6940000,1250000
2018-10-11 14:34:28.562000,1.12343,1.12341,2620000,1000000
2018-10-11 14:34:29.046000,1.12341,1.12339,2810000,1120000
2018-10-11 14:34:29.153000,1.12339,1.12337,1370000,2060000
2018-10-11 14:34:29.706000,1.1234,1.12337,1870000,2810000
2018-10-11 14:34:30.220000,1.12339,1.12336,1370000,3940000
2018-10-11 14:34:30.379000,1.1234,1.12337,1870000,3190000
2018-10-11 14:34:30.589000,1.12341,1.12338,4200000,2060000
2018-10-11 14:34:31.109000,1.12342,1.12339,2250000,2060000
2018-10-11 14:34:32.061000,1.12341,1.12339,1370000,1250000
2018-10-11 14:34:32.113000,1.1234,1.12338,1120000,1690000
2018-10-11 14:34:32.661000,1.12338,1.12336,1370000,4690000
2018-10-11 14:34:32.839000,1.12336,1.12334,1870000,1310000
2018-10-11 14:34:33.374000,1.12336,1.12333,1870000,1690000
2018-10-11 14:34:33.661000,1.12335,1.12333,1690000,1120000
2018-10-11 14:34:34.023000,1.1233,1.12328,1120000,1690000
2018-10-11 14:34:34.193000,1.12331,1.12329,3370000,1310000
2018-10-11 14:34:34.616000,1.12333,1.1233,4200000,1370000
2018-10-11 14:34:34.722000,1.12331,1.12328,2620000,1690000
2018-10-11 14:34:35.015000,1.12333,1.1233,1570000,2440000
2018-10-11 14:34:35.130000,1.12334,1.12331,3070000,1690000
2018-10-11 14:34:35.636000,1.12335,1.12332,3000000,1310000
2018-10-11 14:34:36.980000,1.12331,1.12328,1500000,3560000
2018-10-11 14:34:37.367000,1.12331,1.12328,2620000,1690000
2018-10-11 14:34:37.918000,1.1233,1.12327,2440000,1310000
2018-10-11 14:34:38.468000,1.12331,1.12329,1200000,2440000
2018-10-11 14:34:38.524000,1.12332,1.1233,1570000,1000000
2018-10-11 14:34:38.630000,1.12335,1.12332,3000000,1690000
2018-10-11 14:34:39.139000,1.12335,1.12332,2620000,2440000
2018-10-11 14:34:39.486000,1.12339,1.12336,5320000,1310000
2018-10-11 14:34:39.805000,1.12336,1.12334,2250000,2250000
2018-10-11 14:34:39.983000,1.12336,1.12334,3370000,1000000
2018-10-11 14:34:40.141000,1.12336,1.12333,4310000,1120000
2018-10-11 14:34:40.301000,1.12334,1.12331,3370000,2440000
2018-10-11 14:34:40.598000,1.12331,1.1233,1120000,1120000
2018-10-11 14:34:40.757000,1.12331,1.12328,3370000,1690000
2018-10-11 14:34:42.215000,1.12331,1.1233,3820000,1250000
2018-10-11 14:34:42.479000,1.12334,1.12332,1200000,1310000
2018-10-11 14:34:42.934000,1.12332,1.1233,1000000,2810000
2018-10-11 14:34:43.484000,1.12334,1.12331,2700000,2810000
2018-10-11 14:34:43.588000,1.12335,1.12333,1690000,1120000
2018-10-11 14:34:44.300000,1.12335,1.12333,1120000,1690000
2018-10-11 14:34:44.404000,1.12339,1.12336,1500000,5290000
2018-10-11 14:34:44.936000,1.12342,1.12339,2250000,2060000
2018-10-11 14:34:45.534000,1.12342,1.12339,2890000,1500000
2018-10-11 14:34:45.974000,1.1234,1.12337,1370000,4690000
2018-10-11 14:34:46.077000,1.12341,1.12339,1870000,1310000
2018-10-11 14:34:46.398000,1.1234,1.12337,7390000,2440000
2018-10-11 14:34:46.910000,1.12341,1.12338,5810000,3000000
2018-10-11 14:34:47.459000,1.12339,1.12337,2810000,1000000
2018-10-11 14:34:48.140000,1.12337,1.12336,3000000,1000000
2018-10-11 14:34:48.490000,1.12336,1.12333,4200000,1690000
2018-10-11 14:34:48.953000,1.12336,1.12333,1870000,3560000
2018-10-11 14:34:49.188000,1.1234,1.12337,5440000,1310000
2018-10-11 14:34:49.766000,1.1234,1.12337,4690000,2810000
2018-10-11 14:34:50.036000,1.12338,1.12336,1250000,3750000
2018-10-11 14:34:50.346000,1.12341,1.12337,3560000,4310000
2018-10-11 14:34:50.851000,1.12341,1.12338,2810000,1690000
2018-10-11 14:34:51.400000,1.12341,1.12338,3260000,2810000
2018-10-11 14:34:51.912000,1.1234,1.12337,1620000,3190000
2018-10-11 14:34:52.448000,1.1234,1.12337,1310000,3940000
2018-10-11 14:34:52.764000,1.12336,1.12333,2060000,2440000
2018-10-11 14:34:53.154000,1.12334,1.12331,3940000,2060000
2018-10-11 14:34:53.705000,1.12334,1.12331,1500000,3560000
2018-10-11 14:34:54.238000,1.12334,1.12333,1500000,1000000
2018-10-11 14:34:54.488000,1.12334,1.12331,2440000,3560000
2018-10-11 14:34:55.025000,1.12335,1.12332,2810000,1310000
2018-10-11 14:34:55.577000,1.12334,1.12331,1620000,3190000
2018-10-11 14:34:57.094000,1.12332,1.1233,1310000,1870000
2018-10-11 14:34:57.206000,1.12333,1.1233,7390000,1620000
2018-10-11 14:34:57.315000,1.12331,1.1233,1250000,1870000
2018-10-11 14:34:57.678000,1.12333,1.1233,9070000,2810000
2018-10-11 14:34:57.838000,1.12335,1.12332,3940000,1620000
2018-10-11 14:34:58.382000,1.12336,1.12335,1100000,1000000
2018-10-11 14:34:58.488000,1.12338,1.12335,3260000,2620000
2018-10-11 14:34:58.885000,1.12339,1.12336,4010000,1620000
2018-10-11 14:34:59.206000,1.12339,1.12336,6260000,1250000
2018-10-11 14:34:59.464000,1.12339,1.12336,4690000,1620000
2018-10-11 14:35:00.076000,1.1234,1.12337,2250000,2060000
2018-10-11 14:35:00.376000,1.12344,1.12341,1620000,4690000
2018-10-11 14:35:00.484000,1.12342,1.1234,3600000,1500000
2018-10-11 14:35:00.801000,1.12343,1.1234,3070000,1390000
2018-10-11 14:35:00.908000,1.12342,1.12338,2250000,4010000
2018-10-11 14:35:01.255000,1.12338,1.12336,2100000,4870000
2018-10-11 14:35:01.308000,1.12339,1.12336,2250000,3940000
2018-10-11 14:35:01.839000,1.1234,1.12338,1000000,1120000
2018-10-11 14:35:02.167000,1.12339,1.12336,3450000,3560000
2018-10-11 14:35:02.691000,1.12339,1.12336,2060000,2440000
2018-10-11 14:35:03.687000,1.1234,1.12338,4760000,1000000
2018-10-11 14:35:04.228000,1.1234,1.12337,2060000,2440000
2018-10-11 14:35:04.760000,1.1234,1.12337,2440000,2060000
2018-10-11 14:35:05.337000,1.1234,1.12337,1250000,4690000
2018-10-11 14:35:05.730000,1.1234,1.12337,2060000,2060000
2018-10-11 14:35:05.836000,1.1234,1.12337,1120000,3190000
2018-10-11 14:35:06.383000,1.12341,1.12338,2060000,4690000
2018-10-11 14:35:06.538000,1.12343,1.12341,10350000,2440000
2018-10-11 14:35:06.680000,1.12346,1.12343,1760000,3940000
2018-10-11 14:35:06.785000,1.12345,1.12342,1620000,6190000
2018-10-11 14:35:07.318000,1.12345,1.12342,3560000,3940000
2018-10-11 14:35:07.847000,1.12346,1.12344,2700000,1370000
2018-10-11 14:35:08.410000,1.12347,1.12344,3260000,1870000
2018-10-11 14:35:09.240000,1.12348,1.12345,2250000,3560000
2018-10-11 14:35:10.162000,1.1235,1.12347,6260000,1870000
2018-10-11 14:35:10.465000,1.12351,1.12348,3190000,3560000
2018-10-11 14:35:11.116000,1.12352,1.1235,5060000,1120000
2018-10-11 14:35:11.609000,1.12351,1.12349,2060000,1120000
2018-10-11 14:35:11.714000,1.1235,1.12348,1620000,2250000
2018-10-11 14:35:11.908000,1.12351,1.12348,2140000,3370000
2018-10-11 14:35:11.987000,1.12349,1.12348,1310000,1000000
2018-10-11 14:35:12.202000,1.12353,1.1235,4570000,1560000
2018-10-11 14:35:12.666000,1.12354,1.12353,1120000,1000000
2018-10-11 14:35:13.071000,1.12353,1.1235,2620000,3190000
2018-10-11 14:35:13.603000,1.12353,1.1235,1570000,3940000
2018-10-11 14:35:13.836000,1.12353,1.1235,3070000,2810000
2018-10-11 14:35:14.350000,1.12353,1.1235,1570000,3190000
2018-10-11 14:35:14.688000,1.12354,1.12352,1120000,1120000
2018-10-11 14:35:15.247000,1.12356,1.12353,4010000,1120000
2018-10-11 14:35:15.563000,1.12357,1.12355,1120000,1310000
2018-10-11 14:35:16.087000,1.12358,1.12356,1120000,1310000
2018-10-11 14:35:17.415000,1.12359,1.12356,3260000,1620000
2018-10-11 14:35:17.671000,1.12358,1.12356,1120000,1310000
2018-10-11 14:35:18.519000,1.12359,1.12357,2140000,1000000
2018-10-11 14:35:19.042000,1.12359,1.12357,1120000,1310000
2018-10-11 14:35:19.341000,1.12362,1.1236,4500000,2750000
2018-10-11 14:35:19.394000,1.12364,1.12362,1200000,2060000
2018-10-11 14:35:20.058000,1.12365,1.12362,3640000,1310000
2018-10-11 14:35:21.040000,1.12365,1.12361,3070000,4690000
2018-10-11 14:35:21.553000,1.12365,1.12362,1120000,1690000
2018-10-11 14:35:22.444000,1.12365,1.12362,1370000,2440000
2018-10-11 14:35:23.862000,1.12362,1.12361,1120000,1690000
2018-10-11 14:35:24.129000,1.12364,1.12361,4010000,2440000
2018-10-11 14:35:24.610000,1.12365,1.12362,2250000,2440000
2018-10-11 14:35:25.158000,1.12366,1.12363,6260000,1310000
2018-10-11 14:35:26.271000,1.12367,1.12366,4570000,2810000
2018-10-11 14:35:26.446000,1.1237,1.12368,1560000,1000000
2018-10-11 14:35:27.023000,1.12371,1.12369,2060000,1870000
2018-10-11 14:35:27.337000,1.12372,1.12369,1870000,1500000
2018-10-11 14:35:27.575000,1.12369,1.12367,2810000,1870000
2018-10-11 14:35:27.894000,1.1237,1.12369,3000000,1500000
2018-10-11 14:35:27.947000,1.12372,1.12369,2510000,1870000
2018-10-11 14:35:28.394000,1.12373,1.12371,2700000,2060000
2018-10-11 14:35:28.743000,1.12372,1.12369,1010000,2620000
2018-10-11 14:35:29.445000,1.12373,1.1237,5360000,1000000
2018-10-11 14:35:30.097000,1.12373,1.12371,2320000,1120000
2018-10-11 14:35:30.613000,1.12374,1.12372,1250000,1120000
2018-10-11 14:35:30.926000,1.12375,1.12374,2700000,1870000
2018-10-11 14:35:31.149000,1.12378,1.12376,1760000,1120000
2018-10-11 14:35:31.204000,1.12381,1.12379,3370000,2620000
2018-10-11 14:35:31.431000,1.12381,1.12378,3640000,1120000
2018-10-11 14:35:31.757000,1.12382,1.1238,2250000,2440000
2018-10-11 14:35:31.863000,1.12383,1.12381,1120000,1310000
2018-10-11 14:35:32.370000,1.12382,1.12379,1870000,3190000
2018-10-11 14:35:32.607000,1.12381,1.12378,2060000,1870000
2018-10-11 14:35:32.953000,1.12378,1.12376,1370000,1310000
2018-10-11 14:35:33.070000,1.12375,1.12373,1120000,2440000
2018-10-11 14:35:33.175000,1.12377,1.12375,2810000,1120000
2018-10-11 14:35:33.735000,1.12378,1.12375,2250000,1310000
2018-10-11 14:35:33.995000,1.12379,1.12376,2440000,2810000
2018-10-11 14:35:34.549000,1.12379,1.12376,1690000,2620000
2018-10-11 14:35:34.969000,1.1238,1.12378,2440000,1000000
2018-10-11 14:35:35.613000,1.12381,1.12378,4010000,1120000
2018-10-11 14:35:36.111000,1.12383,1.12381,1000000,2810000
2018-10-11 14:35:37.031000,1.12381,1.1238,1690000,1120000
2018-10-11 14:35:37.576000,1.12382,1.12381,1100000,1690000
2018-10-11 14:35:37.628000,1.12384,1.12381,2440000,3190000
2018-10-11 14:35:38.187000,1.12383,1.12381,1370000,1310000
2018-10-11 14:35:38.440000,1.12381,1.12379,1310000,3000000
2018-10-11 14:35:39.634000,1.12381,1.12378,4200000,1310000
2018-10-11 14:35:40.094000,1.1238,1.12377,1370000,3940000
2018-10-11 14:35:40.251000,1.12381,1.12378,1120000,3190000
2018-10-11 14:35:41.083000,1.12382,1.1238,1870000,1870000
2018-10-11 14:35:41.598000,1.12381,1.1238,1120000,1000000
2018-10-11 14:35:41.862000,1.12384,1.12382,1500000,1120000
2018-10-11 14:35:42.807000,1.12385,1.12382,1370000,2440000
2018-10-11 14:35:43.323000,1.12385,1.12382,3640000,1120000
2018-10-11 14:35:43.584000,1.12382,1.1238,1000000,4760000
2018-10-11 14:35:44.117000,1.12383,1.1238,1120000,3940000
2018-10-11 14:35:44.633000,1.12384,1.12381,1370000,1690000
2018-10-11 14:35:45.165000,1.12385,1.12382,3000000,1310000
2018-10-11 14:35:47.248000,1.12384,1.12381,3560000,1870000
2018-10-11 14:35:47.561000,1.12381,1.12379,1120000,1690000
2018-10-11 14:35:48.243000,1.12381,1.12379,2060000,1000000
2018-10-11 14:35:48.760000,1.12382,1.12381,3820000,1120000
2018-10-11 14:35:48.812000,1.12384,1.12382,1200000,2810000
2018-10-11 14:35:49.362000,1.12385,1.12383,1120000,1120000
2018-10-11 14:35:49.415000,1.12385,1.12382,2620000,1250000
2018-10-11 14:35:50.155000,1.12383,1.12381,1370000,1500000
2018-10-11 14:35:50.659000,1.12382,1.1238,1120000,1310000
2018-10-11 14:35:51.026000,1.1238,1.12378,1310000,3000000
2018-10-11 14:35:51.607000,1.12381,1.12378,3750000,1250000
2018-10-11 14:35:52.150000,1.1238,1.12377,2810000,1120000
2018-10-11 14:35:52.309000,1.12377,1.12374,3370000,1310000
2018-10-11 14:35:52.370000,1.12378,1.12376,2250000,1690000
2018-10-11 14:35:52.480000,1.12379,1.12376,2440000,2060000
2018-10-11 14:35:53.022000,1.1238,1.12377,3640000,1120000
2018-10-11 14:35:53.544000,1.12377,1.12375,1000000,2440000
2018-10-11 14:35:54.045000,1.12379,1.12376,3190000,2060000
2018-10-11 14:35:54.957000,1.12378,1.12375,1000000,3940000
2018-10-11 14:35:55.011000,1.12376,1.12373,2810000,3560000
2018-10-11 14:35:55.065000,1.12376,1.12373,2440000,2810000
2018-10-11 14:35:55.610000,1.12376,1.12373,3190000,2060000
2018-10-11 14:35:56.153000,1.12377,1.12374,2440000,2620000
2018-10-11 14:35:56.336000,1.12375,1.12372,2810000,3190000
2018-10-11 14:35:56.494000,1.12375,1.12372,2060000,2620000
2018-10-11 14:35:56.654000,1.12375,1.12373,1120000,2060000
2018-10-11 14:35:57.173000,1.12377,1.12374,2250000,2060000
2018-10-11 14:35:57.691000,1.12376,1.12374,1370000,1000000
2018-10-11 14:35:58.241000,1.12377,1.12374,2250000,2060000
2018-10-11 14:35:58.589000,1.12378,1.12375,3000000,2060000
2018-10-11 14:35:59.186000,1.12379,1.12375,5250000,3560000
2018-10-11 14:35:59.696000,1.12377,1.12374,1690000,2060000
2018-10-11 14:35:59.853000,1.12374,1.12372,5850000,1690000
2018-10-11 14:35:59.905000,1.12373,1.1237,2620000,2140000
2018-10-11 14:35:59.957000,1.12372,1.1237,1370000,1120000
2018-10-11 14:36:00.285000,1.12371,1.12368,5140000,1000000
2018-10-11 14:36:00.736000,1.12368,1.12365,3370000,1760000
2018-10-11 14:36:01.122000,1.12369,1.12367,1570000,2060000
2018-10-11 14:36:01.226000,1.1237,1.12366,3190000,3560000
2018-10-11 14:36:01.615000,1.12367,1.12365,1000000,2140000
2018-10-11 14:36:01.991000,1.12363,1.12361,1120000,2810000
2018-10-11 14:36:02.251000,1.12365,1.12362,3370000,2440000
2018-10-11 14:36:02.407000,1.12365,1.12362,3560000,1310000
2018-10-11 14:36:02.736000,1.1236,1.12357,3000000,2060000
2018-10-11 14:36:03.272000,1.1236,1.12357,1870000,2060000
2018-10-11 14:36:03.901000,1.1236,1.12358,1000000,2060000
2018-10-11 14:36:04.471000,1.12362,1.12361,1120000,1250000
2018-10-11 14:36:04.524000,1.12365,1.12361,5890000,4540000
2018-10-11 14:36:05.040000,1.12365,1.12362,3000000,2060000
2018-10-11 14:36:05.103000,1.12364,1.12362,1620000,1000000
2018-10-11 14:36:05.607000,1.12362,1.1236,1120000,2440000
2018-10-11 14:36:06.109000,1.12363,1.1236,1870000,3190000
2018-10-11 14:36:06.529000,1.1235,1.12348,1000000,3190000
2018-10-11 14:36:06.741000,1.12353,1.1235,2620000,3190000
2018-10-11 14:36:06.931000,1.1235,1.12348,2440000,1370000
2018-10-11 14:36:06.985000,1.12349,1.12346,1120000,3190000
2018-10-11 14:36:07.492000,1.12349,1.12346,3000000,1310000
2018-10-11 14:36:08.455000,1.12349,1.12346,1310000,2060000
2018-10-11 14:36:08.661000,1.12349,1.12346,3190000,1310000
2018-10-11 14:36:08.976000,1.12353,1.1235,2700000,2060000
2018-10-11 14:36:09.287000,1.12348,1.12344,5060000,3260000
2018-10-11 14:36:09.600000,1.1235,1.12348,3750000,3370000
2018-10-11 14:36:09.945000,1.12348,1.12345,1120000,4390000
2018-10-11 14:36:10.300000,1.12349,1.12347,1000000,1370000
2018-10-11 14:36:10.683000,1.12353,1.12351,1310000,1370000
2018-10-11 14:36:11.132000,1.12355,1.12353,1870000,1250000
2018-10-11 14:36:11.345000,1.12355,1.12352,2620000,1690000
2018-10-11 14:36:11.953000,1.12354,1.12352,1370000,1000000
2018-10-11 14:36:12.899000,1.12354,1.12351,1370000,2060000
2018-10-11 14:36:13.415000,1.12354,1.1235,2510000,3000000
2018-10-11 14:36:13.604000,1.12355,1.12352,4200000,1690000
2018-10-11 14:36:13.707000,1.12355,1.12352,1100000,3190000
2018-10-11 14:36:14.016000,1.12357,1.12356,2700000,1000000
2018-10-11 14:36:14.149000,1.12359,1.12356,2620000,2060000
2018-10-11 14:36:14.409000,1.12356,1.12355,2060000,1000000
2018-10-11 14:36:14.515000,1.12356,1.12352,3640000,3190000
2018-10-11 14:36:15.078000,1.12356,1.12352,3640000,3190000
2018-10-11 14:36:15.185000,1.12356,1.12355,1120000,1500000
2018-10-11 14:36:15.239000,1.12358,1.12356,1120000,2810000
2018-10-11 14:36:15.790000,1.12359,1.12357,1000000,2060000
2018-10-11 14:36:16.355000,1.12359,1.12357,1000000,2810000
2018-10-11 14:36:16.638000,1.12363,1.12362,5620000,1250000
2018-10-11 14:36:16.692000,1.12365,1.12362,1620000,3000000
2018-10-11 14:36:17.634000,1.12364,1.12361,3940000,1250000
2018-10-11 14:36:17.868000,1.12364,1.12361,3940000,1620000
2018-10-11 14:36:18.462000,1.12365,1.12362,1870000,3190000
2018-10-11 14:36:18.974000,1.12367,1.12365,3070000,1690000
2018-10-11 14:36:19.026000,1.12368,1.12365,2250000,2060000
2018-10-11 14:36:19.133000,1.12369,1.12367,1500000,2060000
2018-10-11 14:36:19.187000,1.12371,1.12368,1950000,2060000
2018-10-11 14:36:19.395000,1.12373,1.1237,2700000,1310000
2018-10-11 14:36:19.502000,1.1237,1.12368,1690000,1470000
2018-10-11 14:36:19.823000,1.12369,1.12367,1370000,1250000
2018-10-11 14:36:19.980000,1.12371,1.12367,4500000,2810000
2018-10-11 14:36:20.034000,1.12368,1.12366,1500000,1690000
2018-10-11 14:36:20.088000,1.12368,1.12365,3750000,1250000
2018-10-11 14:36:20.389000,1.12368,1.12365,1120000,5060000
2018-10-11 14:36:21.182000,1.12369,1.12366,3940000,2060000
2018-10-11 14:36:21.582000,1.1237,1.12368,1120000,3560000
2018-10-11 14:36:21.686000,1.12372,1.12369,2440000,2060000
2018-10-11 14:36:22.235000,1.12373,1.1237,2250000,1560000
2018-10-11 14:36:22.694000,1.12372,1.1237,1620000,1000000
2018-10-11 14:36:23.074000,1.12369,1.12367,1000000,2060000
2018-10-11 14:36:23.283000,1.12371,1.12369,5320000,1310000
2018-10-11 14:36:23.387000,1.12373,1.1237,1120000,3940000
2018-10-11 14:36:23.891000,1.12374,1.1237,2440000,4690000
2018-10-11 14:36:24.114000,1.12371,1.12369,1870000,1100000
2018-10-11 14:36:24.324000,1.12372,1.1237,1100000,2810000
2018-10-11 14:36:24.876000,1.12373,1.1237,2250000,1250000
2018-10-11 14:36:25.211000,1.12374,1.12371,1690000,1870000
2018-10-11 14:36:25.265000,1.12371,1.1237,1000000,1120000
2018-10-11 14:36:25.319000,1.1237,1.12367,1690000,2890000
2018-10-11 14:36:25.374000,1.1237,1.12367,2060000,1310000
2018-10-11 14:36:26.245000,1.12368,1.12366,1370000,2060000
2018-10-11 14:36:26.408000,1.12369,1.12367,1120000,2060000
2018-10-11 14:36:26.914000,1.1237,1.12368,1310000,1120000
2018-10-11 14:36:27.420000,1.1237,1.12367,1870000,2440000
2018-10-11 14:36:28.283000,1.12368,1.12365,2440000,3450000
2018-10-11 14:36:28.825000,1.12369,1.12367,3450000,1250000
2018-10-11 14:36:28.931000,1.1237,1.12368,1500000,2060000
2018-10-11 14:36:29.045000,1.12372,1.12369,2320000,3190000
2018-10-11 14:36:29.376000,1.12374,1.12371,1690000,2620000
2018-10-11 14:36:29.850000,1.12373,1.12369,2060000,5060000
2018-10-11 14:36:30.164000,1.1237,1.12367,4690000,1010000
2018-10-11 14:36:30.671000,1.12371,1.12369,1120000,1310000
2018-10-11 14:36:31.187000,1.12373,1.12369,2250000,4690000
2018-10-11 14:36:31.293000,1.1237,1.12368,1000000,1690000
2018-10-11 14:36:31.617000,1.12369,1.12366,2250000,2060000
2018-10-11 14:36:32.213000,1.12368,1.12366,1620000,1000000
2018-10-11 14:36:32.760000,1.12368,1.12365,3560000,1690000
2018-10-11 14:36:33.289000,1.12368,1.12365,1870000,3190000
2018-10-11 14:36:33.765000,1.1237,1.12368,2140000,1870000
2018-10-11 14:36:34.072000,1.12369,1.12366,2060000,1690000
2018-10-11 14:36:34.572000,1.12369,1.12368,1690000,1000000
2018-10-11 14:36:34.626000,1.1237,1.12368,1120000,2440000
2018-10-11 14:36:35.118000,1.12369,1.12366,2060000,2250000
2018-10-11 14:36:35.539000,1.12363,1.1236,1870000,1690000
2018-10-11 14:36:35.856000,1.1236,1.12357,2620000,1690000
2018-10-11 14:36:36.345000,1.12359,1.12355,2060000,5060000
2018-10-11 14:36:36.797000,1.1236,1.12357,3750000,1620000
2018-10-11 14:36:37.977000,1.12361,1.12358,2250000,1620000
2018-10-11 14:36:38.294000,1.12362,1.1236,2700000,2060000
2018-10-11 14:36:38.638000,1.12364,1.12361,1870000,3190000
2018-10-11 14:36:39.112000,1.12364,1.12361,1620000,1870000
2018-10-11 14:36:39.271000,1.12364,1.12361,3190000,1870000
2018-10-11 14:36:40.221000,1.12365,1.12363,1690000,1120000
2018-10-11 14:36:40.275000,1.12366,1.12365,1870000,1250000
2018-10-11 14:36:40.383000,1.12369,1.12366,3260000,2440000
2018-10-11 14:36:40.884000,1.12369,1.12366,1250000,3940000
2018-10-11 14:36:41.096000,1.12369,1.12366,4310000,1500000
2018-10-11 14:36:41.611000,1.12367,1.12365,1870000,1000000
2018-10-11 14:36:42.132000,1.12367,1.12364,5140000,1120000
2018-10-11 14:36:42.645000,1.12368,1.12365,3450000,2060000
2018-10-11 14:36:43.152000,1.12369,1.12366,1690000,2060000
2018-10-11 14:36:43.468000,1.1237,1.12367,3190000,2060000
2018-10-11 14:36:43.773000,1.12369,1.12366,4310000,2250000
2018-10-11 14:36:44.363000,1.1237,1.12366,4310000,5810000
2018-10-11 14:36:45.177000,1.1237,1.12368,3750000,1310000
2018-10-11 14:36:45.497000,1.12372,1.12369,1500000,2060000
2018-10-11 14:36:46.973000,1.12372,1.12369,2060000,1500000
2018-10-11 14:36:47.233000,1.12373,1.12369,4200000,3190000
2018-10-11 14:36:47.475000,1.12375,1.12373,1690000,1870000
2018-10-11 14:36:47.529000,1.12374,1.12371,2810000,2890000
2018-10-11 14:36:48.076000,1.12373,1.1237,1370000,2060000
2018-10-11 14:36:48.334000,1.12373,1.12371,1000000,1690000
2018-10-11 14:36:48.457000,1.12375,1.12372,2620000,2440000
2018-10-11 14:36:48.776000,1.12374,1.12371,3190000,1120000
2018-10-11 14:36:49.301000,1.12372,1.12369,3370000,4390000
2018-10-11 14:36:49.405000,1.12369,1.12367,1120000,4200000
2018-10-11 14:36:49.509000,1.1237,1.12369,1000000,1500000
2018-10-11 14:36:49.562000,1.12372,1.12369,2890000,1870000
2018-10-11 14:36:50.504000,1.12372,1.12369,1310000,1870000
2018-10-11 14:36:51.041000,1.12373,1.1237,3070000,2440000
2018-10-11 14:36:51.419000,1.1237,1.12367,2810000,2140000
2018-10-11 14:36:52.798000,1.12368,1.12366,1120000,1250000
2018-10-11 14:36:53.129000,1.1237,1.12367,1120000,3940000
2018-10-11 14:36:53.708000,1.12372,1.12368,4690000,2810000
2018-10-11 14:36:54.228000,1.12368,1.12367,1250000,3370000
2018-10-11 14:36:54.412000,1.12368,1.12365,1370000,3640000
2018-10-11 14:36:55.298000,1.12368,1.12365,1370000,3640000
2018-10-11 14:36:55.844000,1.12368,1.12364,2810000,6260000
2018-10-11 14:36:56.348000,1.12368,1.12365,2060000,1690000
2018-10-11 14:36:57.336000,1.1237,1.12368,2060000,1120000
2018-10-11 14:36:57.388000,1.12372,1.12369,5140000,1870000
2018-10-11 14:36:57.931000,1.12372,1.1237,1120000,1310000
2018-10-11 14:36:57.984000,1.12373,1.12371,2620000,1620000
2018-10-11 14:36:58.536000,1.12375,1.12372,3940000,1370000
2018-10-11 14:36:59.056000,1.12375,1.12372,2810000,1000000
2018-10-11 14:36:59.594000,1.12373,1.1237,1370000,2440000
2018-10-11 14:37:00.120000,1.12373,1.1237,1870000,1690000
2018-10-11 14:37:00.435000,1.12373,1.1237,4690000,1000000
2018-10-11 14:37:00.940000,1.12369,1.12368,1690000,1120000
2018-10-11 14:37:01.465000,1.1237,1.12367,5140000,2250000
2018-10-11 14:37:01.990000,1.1237,1.12367,2810000,2250000
2018-10-11 14:37:02.384000,1.12371,1.12369,3000000,1310000
2018-10-11 14:37:02.491000,1.12372,1.12369,4950000,3190000
2018-10-11 14:37:02.647000,1.12373,1.1237,4390000,1370000
2018-10-11 14:37:03.476000,1.12374,1.1237,7390000,1870000
2018-10-11 14:37:03.860000,1.12375,1.12374,3940000,1120000
2018-10-11 14:37:04.298000,1.12377,1.12375,4010000,1500000
2018-10-11 14:37:04.481000,1.12378,1.12377,1000000,1000000
2018-10-11 14:37:04.798000,1.12376,1.12375,1000000,3070000
2018-10-11 14:37:05.584000,1.12377,1.12374,1120000,2440000
2018-10-11 14:37:06.038000,1.12379,1.12376,1310000,3190000
2018-10-11 14:37:06.409000,1.12382,1.12381,3370000,1000000
2018-10-11 14:37:06.551000,1.12385,1.12383,1560000,1120000
2018-10-11 14:37:07.062000,1.12385,1.12383,1310000,1000000
2018-10-11 14:37:07.655000,1.12386,1.12383,4310000,1500000
2018-10-11 14:37:08.270000,1.12386,1.12383,3560000,1690000
2018-10-11 14:37:08.406000,1.12387,1.12385,3370000,3190000
2018-10-11 14:37:08.724000,1.12387,1.12384,2060000,1000000
2018-10-11 14:37:08.984000,1.12385,1.12382,1620000,4200000
2018-10-11 14:37:09.753000,1.12385,1.12383,1120000,2440000
2018-10-11 14:37:10.069000,1.12385,1.12382,2060000,1500000
2018-10-11 14:37:10.121000,1.12384,1.12381,2060000,3070000
2018-10-11 14:37:10.227000,1.12385,1.12382,2060000,3000000
2018-10-11 14:37:10.838000,1.12385,1.12381,3940000,4010000
2018-10-11 14:37:11.410000,1.12385,1.12382,2060000,2250000
2018-10-11 14:37:11.785000,1.12386,1.12383,2060000,2250000
2018-10-11 14:37:12.808000,1.12386,1.12383,1310000,3000000
2018-10-11 14:37:13.112000,1.12389,1.12388,1000000,2810000
2018-10-11 14:37:13.164000,1.12391,1.12388,1000000,2810000
2018-10-11 14:37:13.542000,1.12392,1.1239,1000000,2440000
2018-10-11 14:37:14.087000,1.12393,1.12391,1120000,1250000
2018-10-11 14:37:14.200000,1.12399,1.12396,3450000,2060000
2018-10-11 14:37:14.355000,1.12398,1.12395,1870000,2890000
2018-10-11 14:37:14.700000,1.12399,1.12396,1310000,3190000
2018-10-11 14:37:15.110000,1.124,1.12399,1950000,1000000
2018-10-11 14:37:15.625000,1.124,1.12397,2620000,2060000
2018-10-11 14:37:17.265000,1.12398,1.12396,1690000,1100000
2018-10-11 14:37:17.869000,1.12398,1.12396,1500000,1690000
2018-10-11 14:37:18.427000,1.12399,1.12397,1310000,1000000
2018-10-11 14:37:19.052000,1.12397,1.12394,1870000,3640000
2018-10-11 14:37:19.420000,1.12398,1.12394,2060000,4570000
2018-10-11 14:37:19.565000,1.12394,1.12392,2060000,1000000
2018-10-11 14:37:20.169000,1.12393,1.12391,1120000,1250000
2018-10-11 14:37:20.431000,1.12394,1.12391,1000000,4010000
2018-10-11 14:37:20.979000,1.12395,1.12392,1690000,2250000
2018-10-11 14:37:21.496000,1.12395,1.12392,1690000,3450000
2018-10-11 14:37:21.950000,1.12393,1.12392,1000000,1000000
2018-10-11 14:37:22.529000,1.12393,1.1239,1620000,4760000
2018-10-11 14:37:23.325000,1.12392,1.1239,2060000,1200000
2018-10-11 14:37:23.587000,1.12388,1.12385,1500000,5140000
2018-10-11 14:37:23.819000,1.12387,1.12384,1870000,5810000
2018-10-11 14:37:23.986000,1.12387,1.12385,2810000,1000000
2018-10-11 14:37:24.508000,1.12389,1.12386,2060000,1690000
2018-10-11 14:37:24.772000,1.12387,1.12384,1370000,4760000
2018-10-11 14:37:25.050000,1.12398,1.12395,4500000,1560000
2018-10-11 14:37:25.407000,1.12397,1.12395,1310000,1570000
2018-10-11 14:37:26.045000,1.12398,1.12395,4690000,1120000
2018-10-11 14:37:26.594000,1.12398,1.12395,3560000,1120000
2018-10-11 14:37:26.915000,1.12394,1.12391,2060000,1950000
2018-10-11 14:37:27.330000,1.12394,1.12393,1870000,1000000
2018-10-11 14:37:27.382000,1.12396,1.12393,2810000,2250000
2018-10-11 14:37:27.830000,1.12393,1.12392,1000000,3000000
2018-10-11 14:37:28.380000,1.12394,1.12391,2810000,2510000
2018-10-11 14:37:28.743000,1.12397,1.12395,1000000,2060000
2018-10-11 14:37:28.795000,1.12398,1.12395,1500000,2810000
2018-10-11 14:37:29.527000,1.12396,1.12395,1000000,1570000
2018-10-11 14:37:30.067000,1.12397,1.12394,1690000,1870000
2018-10-11 14:37:30.179000,1.1239,1.12389,1310000,1200000
2018-10-11 14:37:30.233000,1.12388,1.12385,1250000,4950000
2018-10-11 14:37:30.341000,1.12388,1.12385,1870000,4010000
2018-10-11 14:37:30.395000,1.12386,1.12384,2060000,1570000
2018-10-11 14:37:30.706000,1.12384,1.12382,1310000,1570000
2018-10-11 14:37:31.010000,1.12386,1.12383,2060000,2250000
2018-10-11 14:37:31.368000,1.12385,1.12383,1690000,1570000
2018-10-11 14:37:31.420000,1.12386,1.12383,2440000,1870000
2018-10-11 14:37:32.926000,1.12388,1.12385,2810000,2440000
2018-10-11 14:37:33.220000,1.12386,1.12384,2060000,1200000
2018-10-11 14:37:33.552000,1.12384,1.12381,2810000,1950000
2018-10-11 14:37:34.090000,1.12384,1.12381,3940000,3260000
2018-10-11 14:37:34.750000,1.12385,1.12382,3940000,1620000
2018-10-11 14:37:35.160000,1.12384,1.12382,1620000,2320000
2018-10-11 14:37:35.748000,1.12386,1.12384,2620000,1500000
2018-10-11 14:37:36.250000,1.12386,1.12383,4690000,1120000
2018-10-11 14:37:36.607000,1.12384,1.12382,3190000,1000000
2018-10-11 14:37:37.188000,1.12383,1.1238,1690000,3150000
2018-10-11 14:37:37.503000,1.12383,1.12382,1000000,1000000
2018-10-11 14:37:38.029000,1.12385,1.12382,3190000,1870000
2018-10-11 14:37:38.609000,1.12385,1.12383,2810000,1120000
2018-10-11 14:37:39.114000,1.12385,1.12383,1250000,1370000
2018-10-11 14:37:40.071000,1.12385,1.12382,2810000,1570000
2018-10-11 14:37:40.845000,1.12384,1.12381,2440000,2320000
2018-10-11 14:37:41.381000,1.12381,1.12378,2060000,1650000
2018-10-11 14:37:41.488000,1.1238,1.12377,2060000,3450000
2018-10-11 14:37:42.124000,1.12378,1.12375,1620000,5890000
2018-10-11 14:37:42.673000,1.12378,1.12375,1690000,4760000
2018-10-11 14:37:44.144000,1.12375,1.12373,3940000,1500000
2018-10-11 14:37:44.197000,1.12374,1.12372,1310000,1000000
2018-10-11 14:37:44.584000,1.12377,1.12375,1000000,1000000
2018-10-11 14:37:44.690000,1.12378,1.12375,1120000,5170000
2018-10-11 14:37:45.097000,1.1238,1.12377,1690000,2620000
2018-10-11 14:37:45.613000,1.12379,1.12376,5440000,1760000
2018-10-11 14:37:46.118000,1.12379,1.12376,3190000,2060000
2018-10-11 14:37:46.276000,1.1238,1.12377,2060000,1370000
2018-10-11 14:37:46.689000,1.12379,1.12377,2810000,1120000
2018-10-11 14:37:47.236000,1.12379,1.12377,1250000,1370000
