time,ask,bid,ask_volume,bid_volume
2020-04-15 13:10:01.626000,1.07672,1.07671,1120000,1000000
2020-04-15 13:10:01.729000,1.07673,1.07671,2060000,1000000
2020-04-15 13:10:01.830000,1.07673,1.0767,1870000,1870000
2020-04-15 13:10:01.931000,1.07672,1.0767,1000000,1870000
2020-04-15 13:10:02.032000,1.07673,1.0767,1870000,1870000
2020-04-15 13:10:04.988000,1.07672,1.07669,1000000,1310000
2020-04-15 13:10:05.391000,1.07672,1.07668,1690000,1870000
2020-04-15 13:10:05.745000,1.07672,1.07668,3110000,1120000
2020-04-15 13:10:05.847000,1.0767,1.07667,1000000,1750000
2020-04-15 13:10:05.949000,1.0767,1.07667,1120000,1310000
2020-04-15 13:10:06.050000,1.07668,1.07666,1000000,2560000
2020-04-15 13:10:06.151000,1.07669,1.07666,2140000,1810000
2020-04-15 13:10:06.812000,1.07669,1.07666,2560000,1690000
2020-04-15 13:10:07.087000,1.07669,1.07666,2060000,2060000
2020-04-15 13:10:08.096000,1.07669,1.07666,3010000,1690000
2020-04-15 13:10:10.178000,1.07671,1.0767,2700000,1500000
2020-04-15 13:10:10.279000,1.07671,1.07669,1000000,1000000
2020-04-15 13:10:10.380000,1.07673,1.07669,1890000,1000000
2020-04-15 13:10:10.481000,1.07673,1.07669,1200000,1250000
2020-04-15 13:10:12.166000,1.07674,1.0767,3860000,1000000
2020-04-15 13:10:12.823000,1.07673,1.0767,1450000,1000000
2020-04-15 13:10:12.924000,1.07673,1.07669,2200000,1000000
2020-04-15 13:10:13.448000,1.07673,1.07669,1390000,1000000
2020-04-15 13:10:14.295000,1.07673,1.07669,2570000,1120000
2020-04-15 13:10:14.651000,1.07672,1.07668,3320000,2620000
2020-04-15 13:10:16.169000,1.0767,1.07667,1500000,3870000
2020-04-15 13:10:16.270000,1.0767,1.07667,1870000,2620000
2020-04-15 13:10:17.381000,1.07669,1.07667,1000000,1870000
2020-04-15 13:10:18.088000,1.07668,1.07667,1000000,1870000
2020-04-15 13:10:18.190000,1.07669,1.07667,1000000,1870000
2020-04-15 13:10:18.442000,1.07668,1.07665,1200000,1500000
2020-04-15 13:10:18.544000,1.07666,1.07664,1000000,1120000
2020-04-15 13:10:18.697000,1.07664,1.07662,1250000,1870000
2020-04-15 13:10:18.900000,1.07663,1.07661,1000000,2060000
2020-04-15 13:10:19.001000,1.07663,1.0766,1760000,3370000
2020-04-15 13:10:20.495000,1.07662,1.0766,1000000,1500000
2020-04-15 13:10:21.381000,1.07664,1.0766,4450000,1500000
2020-04-15 13:10:23.006000,1.07664,1.0766,4070000,2000000
2020-04-15 13:10:23.652000,1.07661,1.07659,1250000,1500000
2020-04-15 13:10:23.703000,1.07661,1.07658,1250000,1120000
2020-04-15 13:10:23.804000,1.07661,1.07657,1310000,3370000
2020-04-15 13:10:23.955000,1.07661,1.07657,2870000,2620000
2020-04-15 13:10:24.107000,1.07661,1.07657,2060000,2620000
2020-04-15 13:10:24.158000,1.07662,1.07659,2190000,1000000
2020-04-15 13:10:24.260000,1.0766,1.07657,1000000,3870000
2020-04-15 13:10:24.361000,1.07659,1.07657,3760000,1000000
2020-04-15 13:10:24.412000,1.07657,1.07654,1000000,2370000
2020-04-15 13:10:24.513000,1.07658,1.07655,1250000,1620000
2020-04-15 13:10:24.615000,1.07657,1.07654,1250000,1500000
2020-04-15 13:10:25.120000,1.07656,1.07654,1000000,1000000
2020-04-15 13:10:25.222000,1.07657,1.07653,1690000,2620000
2020-04-15 13:10:25.323000,1.07658,1.07655,1870000,1370000
2020-04-15 13:10:26.197000,1.07658,1.07655,2320000,1120000
2020-04-15 13:10:26.399000,1.07657,1.07654,1000000,1500000
2020-04-15 13:10:26.500000,1.07658,1.07654,1120000,2000000
2020-04-15 13:10:27.914000,1.07659,1.07656,1000000,1200000
2020-04-15 13:10:27.965000,1.0766,1.07656,2620000,2070000
2020-04-15 13:10:28.401000,1.07662,1.07659,1000000,1120000
2020-04-15 13:10:29.643000,1.07663,1.0766,2700000,2470000
2020-04-15 13:10:29.745000,1.07664,1.07662,1000000,2070000
2020-04-15 13:10:29.847000,1.07665,1.07662,1450000,1120000
2020-04-15 13:10:29.948000,1.07666,1.07662,2440000,1620000
2020-04-15 13:10:30.867000,1.07666,1.07662,2810000,1620000
2020-04-15 13:10:35.117000,1.07664,1.07661,1500000,2560000
2020-04-15 13:10:35.218000,1.07664,1.07661,2320000,1000000
2020-04-15 13:10:35.370000,1.07664,1.07661,1000000,3570000
2020-04-15 13:10:35.471000,1.07665,1.07662,1000000,1100000
2020-04-15 13:10:35.675000,1.07667,1.07665,1200000,1000000
2020-04-15 13:10:35.777000,1.07668,1.07666,1000000,1000000
2020-04-15 13:10:36.136000,1.07669,1.07666,1250000,1310000
2020-04-15 13:10:37.154000,1.07669,1.07666,1250000,3010000
2020-04-15 13:10:37.306000,1.0767,1.07666,2810000,3820000
2020-04-15 13:10:37.497000,1.0767,1.07666,3700000,3010000
2020-04-15 13:10:43.921000,1.07668,1.07666,1100000,1620000
2020-04-15 13:10:43.972000,1.07664,1.07662,1500000,1000000
2020-04-15 13:10:44.073000,1.07664,1.07662,2250000,1250000
2020-04-15 13:10:44.124000,1.07664,1.07661,1500000,1570000
2020-04-15 13:10:44.660000,1.07664,1.07661,1500000,1620000
2020-04-15 13:10:45.018000,1.07661,1.07659,1000000,1810000
2020-04-15 13:10:45.069000,1.07661,1.07658,1500000,4310000
2020-04-15 13:10:45.272000,1.07661,1.07657,1570000,1120000
2020-04-15 13:10:45.474000,1.0766,1.07657,1000000,1120000
2020-04-15 13:10:46.938000,1.0766,1.07656,1500000,1950000
2020-04-15 13:10:47.090000,1.0766,1.07656,1500000,2450000
2020-04-15 13:10:48.954000,1.07661,1.07659,1870000,1000000
2020-04-15 13:10:49.055000,1.07662,1.07659,1870000,1100000
2020-04-15 13:10:49.156000,1.07662,1.07658,2060000,1390000
2020-04-15 13:10:49.258000,1.07659,1.07656,1000000,1870000
2020-04-15 13:10:50.240000,1.07658,1.07656,1000000,1310000
2020-04-15 13:10:50.341000,1.07658,1.07655,1500000,1120000
2020-04-15 13:10:50.442000,1.07657,1.07654,1000000,1750000
2020-04-15 13:10:51.151000,1.07657,1.07654,1120000,1310000
2020-04-15 13:10:51.609000,1.07658,1.07655,1000000,1870000
2020-04-15 13:10:52.146000,1.07659,1.07656,1000000,1890000
2020-04-15 13:10:54.147000,1.07659,1.07656,1000000,1310000
2020-04-15 13:10:54.836000,1.07658,1.07656,1500000,1250000
2020-04-15 13:10:54.937000,1.07659,1.07656,1500000,1310000
2020-04-15 13:10:55.038000,1.07659,1.07657,1000000,1000000
2020-04-15 13:10:55.139000,1.07659,1.07656,1000000,1310000
2020-04-15 13:10:55.621000,1.0766,1.07657,1500000,1390000
2020-04-15 13:10:55.723000,1.07659,1.07657,1000000,1200000
2020-04-15 13:10:56.889000,1.07659,1.07656,1000000,1870000
2020-04-15 13:10:58.209000,1.07659,1.07657,1000000,1000000
2020-04-15 13:10:59.840000,1.0766,1.07656,2320000,2940000
2020-04-15 13:10:59.942000,1.0766,1.07656,2510000,2620000
2020-04-15 13:11:00.043000,1.0766,1.07656,2140000,3120000
2020-04-15 13:11:00.144000,1.07661,1.07658,1200000,1500000
2020-04-15 13:11:00.246000,1.07663,1.07661,1000000,1000000
2020-04-15 13:11:00.498000,1.07663,1.0766,1950000,1120000
2020-04-15 13:11:00.599000,1.07663,1.0766,3220000,1000000
2020-04-15 13:11:00.751000,1.07662,1.07659,1950000,1120000
2020-04-15 13:11:00.903000,1.07661,1.07659,1000000,1120000
2020-04-15 13:11:01.004000,1.07661,1.07657,1950000,1810000
2020-04-15 13:11:01.106000,1.0766,1.07657,1570000,1810000
2020-04-15 13:11:01.662000,1.0766,1.07657,2320000,1000000
2020-04-15 13:11:01.764000,1.07659,1.07656,1000000,1120000
2020-04-15 13:11:01.866000,1.07658,1.07654,1570000,1810000
2020-04-15 13:11:02.296000,1.07658,1.07654,1200000,1000000
2020-04-15 13:11:03.561000,1.07657,1.07654,1100000,1310000
2020-04-15 13:11:04.655000,1.07658,1.07654,1570000,3760000
2020-04-15 13:11:04.757000,1.07658,1.07655,1000000,1000000
2020-04-15 13:11:04.858000,1.07657,1.07654,1000000,2190000
2020-04-15 13:11:05.851000,1.07657,1.07653,1000000,4570000
2020-04-15 13:11:07.037000,1.07657,1.07654,1500000,1810000
2020-04-15 13:11:07.341000,1.07657,1.07654,1500000,1250000
2020-04-15 13:11:09.223000,1.07655,1.07653,1500000,1000000
2020-04-15 13:11:09.375000,1.07656,1.07653,1870000,2120000
2020-04-15 13:11:09.477000,1.07656,1.07653,1870000,1310000
2020-04-15 13:11:10.292000,1.07656,1.07653,1500000,1810000
2020-04-15 13:11:11.303000,1.07656,1.07653,1500000,1250000
2020-04-15 13:11:11.455000,1.07656,1.07653,1500000,1750000
2020-04-15 13:11:13.725000,1.07655,1.07652,1000000,2620000
2020-04-15 13:11:13.826000,1.07654,1.07652,1870000,1250000
2020-04-15 13:11:13.928000,1.07654,1.0765,2060000,4310000
2020-04-15 13:11:15.796000,1.07654,1.07652,1000000,1310000
2020-04-15 13:11:15.898000,1.07656,1.07653,2620000,1310000
2020-04-15 13:11:15.999000,1.07655,1.07653,1000000,1120000
2020-04-15 13:11:16.101000,1.07657,1.07654,1950000,1120000
2020-04-15 13:11:17.046000,1.07657,1.07654,1500000,1890000
2020-04-15 13:11:17.490000,1.07658,1.07657,1250000,1200000
2020-04-15 13:11:17.591000,1.07659,1.07658,1250000,1000000
2020-04-15 13:11:17.642000,1.0766,1.07658,1000000,1390000
2020-04-15 13:11:17.744000,1.07659,1.07657,1000000,5070000
2020-04-15 13:11:17.846000,1.07659,1.07657,1000000,1200000
2020-04-15 13:11:17.947000,1.07657,1.07656,1000000,1120000
2020-04-15 13:11:18.049000,1.07657,1.07655,1500000,1870000
2020-04-15 13:11:18.251000,1.07657,1.07656,1500000,1000000
2020-04-15 13:11:18.302000,1.07657,1.07653,1870000,3070000
2020-04-15 13:11:21.472000,1.07656,1.07653,1000000,2320000
2020-04-15 13:11:23.113000,1.07655,1.07652,1500000,5190000
2020-04-15 13:11:23.214000,1.07653,1.07651,2770000,2190000
2020-04-15 13:11:23.265000,1.07649,1.07647,1000000,1760000
2020-04-15 13:11:23.366000,1.07648,1.07645,1690000,1760000
2020-04-15 13:11:23.468000,1.07648,1.07645,3010000,1010000
2020-04-15 13:11:23.569000,1.07648,1.07645,2820000,1820000
2020-04-15 13:11:23.771000,1.07648,1.07646,1000000,1010000
2020-04-15 13:11:23.873000,1.07649,1.07646,1870000,1010000
2020-04-15 13:11:23.974000,1.07649,1.07646,1500000,1600000
2020-04-15 13:11:24.924000,1.07649,1.07646,1500000,1600000
2020-04-15 13:11:26.489000,1.07647,1.07646,1000000,1000000
2020-04-15 13:11:26.540000,1.07645,1.07643,1000000,2090000
2020-04-15 13:11:27.166000,1.07645,1.07642,1500000,1200000
2020-04-15 13:11:27.820000,1.07645,1.07642,1500000,1700000
2020-04-15 13:11:28.282000,1.07645,1.07643,1000000,1700000
2020-04-15 13:11:29.725000,1.07646,1.07643,1500000,1700000
2020-04-15 13:11:30.397000,1.07647,1.07644,2620000,1100000
2020-04-15 13:11:30.448000,1.07647,1.07645,1000000,1370000
2020-04-15 13:11:30.549000,1.07646,1.07644,1000000,3070000
2020-04-15 13:11:30.701000,1.07647,1.07645,1500000,1370000
2020-04-15 13:11:30.802000,1.07645,1.07643,1500000,1000000
2020-04-15 13:11:31.358000,1.07644,1.07641,1500000,1510000
2020-04-15 13:11:32.211000,1.07642,1.0764,1500000,5060000
2020-04-15 13:11:32.363000,1.07641,1.07639,1000000,1870000
2020-04-15 13:11:32.414000,1.07643,1.0764,1500000,1100000
2020-04-15 13:11:32.735000,1.07642,1.0764,1000000,1760000
2020-04-15 13:11:33.038000,1.07641,1.07639,1500000,2320000
2020-04-15 13:11:34.917000,1.07642,1.07639,1500000,2320000
2020-04-15 13:11:34.968000,1.07643,1.0764,2320000,3070000
2020-04-15 13:11:35.976000,1.07642,1.0764,1000000,1600000
2020-04-15 13:11:36.077000,1.07643,1.0764,1200000,2620000
2020-04-15 13:11:36.229000,1.07643,1.07641,1200000,1250000
2020-04-15 13:11:38.083000,1.07643,1.0764,1000000,1850000
2020-04-15 13:11:38.339000,1.07641,1.07639,1500000,1690000
2020-04-15 13:11:38.490000,1.0764,1.07638,1500000,1350000
2020-04-15 13:11:38.764000,1.0764,1.07638,1000000,1100000
2020-04-15 13:11:38.865000,1.07639,1.07637,1500000,1620000
2020-04-15 13:11:38.967000,1.07639,1.07636,2250000,1620000
2020-04-15 13:11:39.593000,1.07638,1.07636,1000000,1620000
2020-04-15 13:11:39.694000,1.07635,1.07632,1500000,2770000
2020-04-15 13:11:39.795000,1.07634,1.07632,1000000,1850000
2020-04-15 13:11:39.940000,1.07635,1.07632,1500000,1510000
2020-04-15 13:11:40.684000,1.07636,1.07633,1870000,2720000
2020-04-15 13:11:40.786000,1.07636,1.07634,1500000,1850000
2020-04-15 13:11:41.352000,1.07634,1.07633,1000000,1100000
2020-04-15 13:11:43.476000,1.07631,1.07629,1500000,3410000
2020-04-15 13:11:43.678000,1.07629,1.07627,1000000,1700000
2020-04-15 13:11:43.931000,1.07629,1.07626,1500000,1700000
2020-04-15 13:11:44.033000,1.07628,1.07626,1000000,1100000
2020-04-15 13:11:46.242000,1.07629,1.07627,1250000,1500000
2020-04-15 13:11:46.293000,1.07631,1.07629,1000000,1370000
2020-04-15 13:11:46.394000,1.07632,1.07629,2250000,3100000
2020-04-15 13:11:46.496000,1.07633,1.07631,2250000,1250000
2020-04-15 13:11:47.373000,1.07632,1.0763,1000000,1350000
2020-04-15 13:11:47.731000,1.07633,1.07631,1500000,1100000
2020-04-15 13:11:48.225000,1.07631,1.0763,1000000,1000000
2020-04-15 13:11:48.276000,1.07629,1.07627,1000000,2260000
2020-04-15 13:11:48.377000,1.07629,1.07626,1000000,2820000
2020-04-15 13:11:48.479000,1.0763,1.07626,2060000,2070000
2020-04-15 13:11:49.114000,1.07629,1.07626,1000000,2070000
2020-04-15 13:11:49.607000,1.07628,1.07626,1000000,1810000
2020-04-15 13:11:49.708000,1.07628,1.07625,1000000,2320000
2020-04-15 13:11:50.368000,1.0763,1.07629,1500000,1000000
2020-04-15 13:11:50.418000,1.07632,1.07629,2250000,3100000
2020-04-15 13:11:50.519000,1.07632,1.07631,1000000,1010000
2020-04-15 13:11:51.411000,1.07633,1.07631,1500000,1600000
2020-04-15 13:11:51.664000,1.07631,1.07629,1000000,1100000
2020-04-15 13:11:51.766000,1.07629,1.07627,1000000,1890000
2020-04-15 13:11:52.120000,1.07629,1.07627,1250000,1000000
2020-04-15 13:11:52.221000,1.07629,1.07626,1250000,1570000
2020-04-15 13:11:53.029000,1.07627,1.07625,1000000,1850000
2020-04-15 13:11:54.342000,1.07628,1.07625,1500000,2320000
2020-04-15 13:11:56.232000,1.07625,1.07624,1000000,1390000
2020-04-15 13:11:56.283000,1.07623,1.07622,1500000,1200000
2020-04-15 13:11:56.334000,1.07623,1.07621,1500000,1000000
2020-04-15 13:11:57.551000,1.07624,1.07621,1500000,2060000
2020-04-15 13:11:57.652000,1.07624,1.07621,1500000,2560000
2020-04-15 13:11:57.905000,1.07626,1.07624,1120000,1500000
2020-04-15 13:11:58.007000,1.07628,1.07626,1000000,1390000
2020-04-15 13:11:58.108000,1.0763,1.07627,1000000,1870000
2020-04-15 13:11:58.310000,1.0763,1.07627,1000000,2820000
2020-04-15 13:11:58.564000,1.07632,1.0763,1000000,2620000
2020-04-15 13:11:58.666000,1.07634,1.07631,2500000,1600000
2020-04-15 13:11:58.768000,1.07634,1.07631,1690000,1510000
2020-04-15 13:11:59.273000,1.07635,1.07632,1000000,2820000
2020-04-15 13:11:59.374000,1.07636,1.07633,1870000,1100000
2020-04-15 13:12:05.324000,1.07636,1.07632,1000000,2890000
2020-04-15 13:12:06.314000,1.07636,1.07633,1000000,1000000
2020-04-15 13:12:07.727000,1.07636,1.07634,1120000,1000000
2020-04-15 13:12:07.828000,1.07637,1.07633,3200000,1120000
2020-04-15 13:12:07.980000,1.07637,1.07633,2620000,1700000
2020-04-15 13:12:11.463000,1.07636,1.07633,1000000,2700000
2020-04-15 13:12:11.565000,1.07637,1.07634,1120000,1310000
2020-04-15 13:12:14.035000,1.07637,1.07635,1120000,1000000
2020-04-15 13:12:14.136000,1.0764,1.07637,1200000,2750000
2020-04-15 13:12:14.237000,1.07641,1.07638,1690000,1620000
2020-04-15 13:12:14.667000,1.07643,1.07641,1870000,2890000
2020-04-15 13:12:14.769000,1.07645,1.07643,1000000,2820000
2020-04-15 13:12:14.819000,1.07648,1.07646,1000000,1000000
2020-04-15 13:12:14.921000,1.07647,1.07645,1000000,1000000
2020-04-15 13:12:15.174000,1.07649,1.07646,1870000,1570000
2020-04-15 13:12:15.275000,1.07649,1.07646,1750000,2070000
2020-04-15 13:12:15.377000,1.07649,1.07646,1500000,2070000
2020-04-15 13:12:16.253000,1.07649,1.07646,1000000,1570000
2020-04-15 13:12:20.085000,1.07647,1.07644,1000000,2640000
2020-04-15 13:12:20.186000,1.07648,1.07645,1000000,1120000
2020-04-15 13:12:21.424000,1.07647,1.07644,1000000,2190000
2020-04-15 13:12:22.124000,1.07647,1.07644,1000000,2060000
2020-04-15 13:12:26.026000,1.07648,1.07645,2060000,1310000
2020-04-15 13:12:26.229000,1.07648,1.07645,1870000,2120000
2020-04-15 13:12:27.021000,1.07649,1.07645,1120000,3010000
2020-04-15 13:12:27.123000,1.07651,1.07648,3000000,3010000
2020-04-15 13:12:27.495000,1.07651,1.07649,1500000,1000000
2020-04-15 13:12:28.452000,1.07651,1.07648,1500000,2820000
2020-04-15 13:12:28.977000,1.0765,1.07647,1500000,1620000
2020-04-15 13:12:29.079000,1.0765,1.07647,1120000,1000000
2020-04-15 13:12:29.433000,1.07651,1.07647,2620000,2060000
2020-04-15 13:12:29.534000,1.07652,1.0765,1000000,1010000
2020-04-15 13:12:29.636000,1.07653,1.0765,1500000,2700000
2020-04-15 13:12:30.141000,1.07653,1.0765,1500000,1000000
2020-04-15 13:12:30.242000,1.07653,1.0765,1500000,2200000
2020-04-15 13:12:30.985000,1.07653,1.07649,1120000,1890000
2020-04-15 13:12:31.086000,1.07652,1.07649,1500000,2190000
2020-04-15 13:12:31.187000,1.07648,1.07645,1000000,3190000
2020-04-15 13:12:31.289000,1.07649,1.07645,1500000,3000000
2020-04-15 13:12:31.593000,1.07648,1.07645,1120000,1870000
2020-04-15 13:12:32.498000,1.07647,1.07644,1000000,2560000
2020-04-15 13:12:33.595000,1.07647,1.07644,1120000,1310000
2020-04-15 13:12:35.070000,1.07649,1.07647,1690000,1000000
2020-04-15 13:12:35.122000,1.07652,1.0765,1000000,1000000
2020-04-15 13:12:35.224000,1.07653,1.0765,1000000,1120000
2020-04-15 13:12:38.861000,1.07655,1.07653,1620000,1100000
2020-04-15 13:12:38.962000,1.07657,1.07653,2250000,1950000
2020-04-15 13:12:39.215000,1.07657,1.07653,1500000,2260000
2020-04-15 13:12:40.025000,1.07657,1.07653,1870000,2060000
2020-04-15 13:12:40.333000,1.07656,1.07653,1000000,1310000
2020-04-15 13:12:41.719000,1.07655,1.07653,1000000,1000000
2020-04-15 13:12:44.151000,1.07654,1.07652,1000000,1000000
2020-04-15 13:12:48.389000,1.07655,1.07652,1500000,1250000
2020-04-15 13:12:55.535000,1.07654,1.07652,1000000,1000000
2020-04-15 13:12:55.655000,1.07654,1.07651,1000000,1310000
2020-04-15 13:12:56.057000,1.07654,1.07651,1000000,1810000
2020-04-15 13:12:57.045000,1.07654,1.07651,1000000,2060000
2020-04-15 13:12:57.159000,1.07654,1.07652,1000000,1000000
2020-04-15 13:12:57.656000,1.07652,1.0765,1000000,1810000
2020-04-15 13:12:57.808000,1.07652,1.0765,1000000,1120000
2020-04-15 13:12:57.916000,1.07652,1.0765,1000000,2120000
2020-04-15 13:12:58.018000,1.07656,1.07654,1000000,1000000
2020-04-15 13:12:58.068000,1.07657,1.07654,1950000,2140000
2020-04-15 13:12:58.119000,1.07657,1.07655,1000000,1620000
2020-04-15 13:12:58.924000,1.07658,1.07655,1500000,1350000
2020-04-15 13:13:00.553000,1.07659,1.07656,1000000,1120000
2020-04-15 13:13:00.656000,1.07659,1.07656,1000000,1620000
2020-04-15 13:13:02.587000,1.07656,1.07655,1000000,1000000
2020-04-15 13:13:02.638000,1.07656,1.07654,1120000,1000000
2020-04-15 13:13:02.688000,1.07658,1.07655,1000000,1750000
2020-04-15 13:13:04.130000,1.07656,1.07654,1000000,2560000
2020-04-15 13:13:04.232000,1.07657,1.07654,1000000,3820000
2020-04-15 13:13:07.299000,1.07658,1.07656,1000000,1500000
2020-04-15 13:13:08.164000,1.07658,1.07656,1000000,1500000
2020-04-15 13:13:08.316000,1.07658,1.07656,1000000,1120000
2020-04-15 13:13:09.315000,1.07658,1.07656,1000000,1620000
2020-04-15 13:13:10.691000,1.0766,1.07656,4560000,1700000
2020-04-15 13:13:13.970000,1.07656,1.07655,1500000,1000000
2020-04-15 13:13:14.021000,1.07656,1.07654,1500000,1000000
2020-04-15 13:13:14.123000,1.07656,1.07652,1500000,2700000
2020-04-15 13:13:14.439000,1.07655,1.07652,1000000,1620000
2020-04-15 13:13:14.541000,1.07655,1.07651,1120000,2450000
2020-04-15 13:13:14.642000,1.07655,1.07651,2120000,1700000
2020-04-15 13:13:14.743000,1.07655,1.07651,1310000,1700000
2020-04-15 13:13:15.827000,1.07654,1.07651,1000000,1620000
2020-04-15 13:13:16.660000,1.07655,1.07651,2060000,1620000
2020-04-15 13:13:18.033000,1.07654,1.07651,1000000,1620000
2020-04-15 13:13:18.140000,1.07654,1.07651,1050000,1620000
2020-04-15 13:13:19.024000,1.07654,1.0765,4120000,1620000
2020-04-15 13:13:19.516000,1.07654,1.07651,2320000,1120000
2020-04-15 13:13:20.965000,1.07652,1.07649,1000000,2120000
2020-04-15 13:13:21.015000,1.07651,1.07648,1250000,3010000
2020-04-15 13:13:21.066000,1.07652,1.07649,1870000,2120000
2020-04-15 13:13:21.117000,1.07651,1.07649,1250000,1120000
2020-04-15 13:13:21.219000,1.0765,1.07648,2060000,1000000
2020-04-15 13:13:21.269000,1.07648,1.07646,1000000,2200000
2020-04-15 13:13:24.532000,1.07647,1.07644,1000000,2620000
2020-04-15 13:13:26.877000,1.07647,1.07644,1000000,1250000
2020-04-15 13:13:28.386000,1.07647,1.07645,1000000,1370000
2020-04-15 13:13:28.974000,1.07647,1.07645,1050000,1310000
2020-04-15 13:13:30.467000,1.07648,1.07646,1300000,1120000
2020-04-15 13:13:30.568000,1.07649,1.07646,1000000,1620000
2020-04-15 13:13:30.669000,1.07648,1.07646,1500000,1250000
2020-04-15 13:13:31.636000,1.07647,1.07645,1000000,1690000
2020-04-15 13:13:31.787000,1.07649,1.07647,1500000,1310000
2020-04-15 13:13:31.838000,1.07651,1.07649,1500000,1120000
2020-04-15 13:13:31.939000,1.07652,1.07649,1500000,1500000
2020-04-15 13:13:31.990000,1.07648,1.07647,1000000,1690000
2020-04-15 13:13:32.092000,1.07648,1.07645,1000000,1870000
2020-04-15 13:13:33.007000,1.07647,1.07645,1000000,1870000
2020-04-15 13:13:34.277000,1.07648,1.07646,1500000,1000000
2020-04-15 13:13:34.428000,1.07649,1.07648,1000000,1120000
2020-04-15 13:13:34.530000,1.0765,1.07648,1250000,1000000
2020-04-15 13:13:35.463000,1.0765,1.07647,1690000,2370000
2020-04-15 13:13:39.608000,1.07651,1.07648,2060000,1120000
2020-04-15 13:13:39.709000,1.07651,1.07649,1310000,1000000
2020-04-15 13:13:40.093000,1.07651,1.07648,2060000,1120000
2020-04-15 13:13:40.486000,1.07651,1.07648,1690000,1620000
2020-04-15 13:13:41.408000,1.0765,1.07648,1000000,1000000
2020-04-15 13:13:41.459000,1.07648,1.07647,1000000,1000000
2020-04-15 13:13:41.560000,1.07648,1.07646,1000000,1250000
2020-04-15 13:13:41.661000,1.07648,1.07645,1000000,1370000
2020-04-15 13:13:44.465000,1.07649,1.07647,1750000,1120000
2020-04-15 13:13:44.567000,1.0765,1.07649,1000000,1120000
2020-04-15 13:13:45.367000,1.0765,1.07647,1500000,2370000
2020-04-15 13:13:46.361000,1.0765,1.07647,1200000,1870000
2020-04-15 13:13:47.354000,1.0765,1.07647,1950000,1620000
2020-04-15 13:13:48.361000,1.0765,1.07647,2320000,1120000
2020-04-15 13:13:51.279000,1.07649,1.07646,1120000,2060000
2020-04-15 13:13:51.733000,1.07649,1.07646,1000000,1810000
2020-04-15 13:13:53.309000,1.0765,1.07647,1120000,1120000
2020-04-15 13:13:53.613000,1.0765,1.07646,3410000,1620000
2020-04-15 13:13:56.122000,1.0765,1.07646,3070000,1810000
2020-04-15 13:13:57.384000,1.07652,1.07649,2620000,1000000
2020-04-15 13:13:57.435000,1.07655,1.07653,1100000,2250000
2020-04-15 13:13:57.537000,1.07657,1.07654,3340000,1310000
2020-04-15 13:14:00.128000,1.07659,1.07655,3790000,1250000
2020-04-15 13:14:00.229000,1.0766,1.07657,1970000,1000000
2020-04-15 13:14:00.331000,1.07662,1.07659,2890000,1120000
2020-04-15 13:14:02.407000,1.07662,1.0766,1000000,1000000
2020-04-15 13:14:05.996000,1.07662,1.07658,1870000,3690000
2020-04-15 13:14:06.954000,1.07662,1.07658,1000000,2890000
2020-04-15 13:14:07.454000,1.07662,1.0766,1000000,1000000
2020-04-15 13:14:08.473000,1.07662,1.07659,1500000,1120000
2020-04-15 13:14:08.841000,1.07662,1.07658,1120000,4310000
2020-04-15 13:14:09.144000,1.07662,1.0766,1000000,1000000
2020-04-15 13:14:10.226000,1.07662,1.07659,2250000,1120000
2020-04-15 13:14:11.438000,1.07662,1.0766,1120000,1000000
2020-04-15 13:14:12.852000,1.07662,1.07659,1500000,1000000
2020-04-15 13:14:14.056000,1.07661,1.07658,1000000,3000000
2020-04-15 13:14:15.791000,1.07662,1.0766,1500000,2060000
2020-04-15 13:14:15.842000,1.07665,1.07663,2250000,1000000
2020-04-15 13:14:15.893000,1.07668,1.07667,1000000,1000000
2020-04-15 13:14:15.994000,1.0767,1.07667,1000000,2370000
2020-04-15 13:14:16.727000,1.0767,1.07667,1000000,1120000
2020-04-15 13:14:19.781000,1.07671,1.07667,2700000,1310000
2020-04-15 13:14:21.026000,1.07671,1.07668,1200000,1000000
2020-04-15 13:14:21.699000,1.0767,1.07668,1000000,1000000
2020-04-15 13:14:22.087000,1.07672,1.07671,1000000,1000000
2020-04-15 13:14:22.189000,1.07675,1.07671,1850000,1870000
2020-04-15 13:14:22.290000,1.07675,1.07671,1600000,2560000
2020-04-15 13:14:22.608000,1.07675,1.07672,1200000,1310000
2020-04-15 13:14:25.079000,1.07676,1.07671,2510000,2060000
2020-04-15 13:14:25.232000,1.07676,1.07671,2510000,2560000
2020-04-15 13:14:27.224000,1.07676,1.07671,2450000,2560000
2020-04-15 13:14:27.741000,1.07673,1.07671,1000000,1310000
2020-04-15 13:14:27.843000,1.07672,1.07669,1870000,2120000
2020-04-15 13:14:27.944000,1.07674,1.07671,3760000,1000000
2020-04-15 13:14:28.045000,1.07674,1.0767,3010000,2060000
2020-04-15 13:14:28.937000,1.07674,1.0767,2510000,1750000
2020-04-15 13:14:29.945000,1.07674,1.0767,2140000,1310000
2020-04-15 13:14:30.449000,1.07674,1.07671,1390000,1000000
2020-04-15 13:14:31.157000,1.07675,1.07672,1500000,1500000
2020-04-15 13:14:31.258000,1.07676,1.07673,1250000,1000000
2020-04-15 13:14:33.181000,1.07676,1.07674,1000000,1000000
2020-04-15 13:14:34.151000,1.07678,1.07674,1690000,1500000
2020-04-15 13:14:34.624000,1.07679,1.07674,2320000,1500000
2020-04-15 13:14:35.292000,1.07679,1.07674,4720000,1500000
2020-04-15 13:14:35.394000,1.07679,1.07674,4950000,1500000
2020-04-15 13:14:35.496000,1.07679,1.07674,4800000,1500000
2020-04-15 13:14:35.870000,1.07679,1.07674,3300000,2500000
2020-04-15 13:14:36.170000,1.07679,1.07674,3490000,1690000
2020-04-15 13:14:37.234000,1.07683,1.07682,1250000,1500000
2020-04-15 13:14:37.285000,1.07685,1.07684,1000000,1000000
2020-04-15 13:14:37.386000,1.07688,1.07684,2050000,1000000
2020-04-15 13:14:37.488000,1.07688,1.07684,1090000,1000000
2020-04-15 13:14:37.804000,1.07689,1.07683,4220000,1250000
2020-04-15 13:14:38.056000,1.07688,1.07682,1200000,2500000
2020-04-15 13:14:38.309000,1.07689,1.07685,3260000,1000000
2020-04-15 13:14:38.360000,1.07689,1.07687,1390000,1000000
2020-04-15 13:14:38.716000,1.0769,1.07688,1250000,1000000
2020-04-15 13:14:38.817000,1.07693,1.07689,1350000,1000000
2020-04-15 13:14:38.918000,1.07694,1.07689,2140000,1250000
2020-04-15 13:14:39.386000,1.07695,1.0769,2060000,1500000
2020-04-15 13:14:39.487000,1.07697,1.07693,3470000,1000000
2020-04-15 13:14:39.589000,1.07696,1.07692,1750000,1690000
2020-04-15 13:14:39.640000,1.07698,1.07693,2140000,1000000
2020-04-15 13:14:39.741000,1.07698,1.07693,1850000,1000000
2020-04-15 13:14:40.196000,1.07698,1.07692,1850000,1000000
2020-04-15 13:14:40.398000,1.07697,1.07693,1450000,1000000
2020-04-15 13:14:40.550000,1.07696,1.07692,1250000,1000000
2020-04-15 13:14:40.853000,1.07693,1.0769,1000000,1690000
2020-04-15 13:14:41.207000,1.07692,1.0769,1000000,1000000
2020-04-15 13:14:41.308000,1.07692,1.07689,1000000,1000000
2020-04-15 13:14:41.409000,1.07692,1.07687,1000000,4450000
2020-04-15 13:14:41.864000,1.07692,1.07687,1250000,1690000
2020-04-15 13:14:41.984000,1.07692,1.07688,1250000,1000000
2020-04-15 13:14:42.602000,1.07692,1.07687,1250000,1250000
2020-04-15 13:14:42.755000,1.07692,1.07687,1000000,1250000
2020-04-15 13:14:43.016000,1.07691,1.07688,1000000,1250000
2020-04-15 13:14:43.510000,1.07691,1.07686,1500000,1750000
2020-04-15 13:14:43.763000,1.07691,1.07685,1250000,1250000
2020-04-15 13:14:43.864000,1.07686,1.07683,1000000,2200000
2020-04-15 13:14:43.966000,1.07687,1.07684,1000000,1250000
2020-04-15 13:14:44.016000,1.07686,1.07683,1000000,1250000
2020-04-15 13:14:44.067000,1.0769,1.07684,2850000,2500000
2020-04-15 13:14:44.118000,1.0769,1.07683,2970000,1750000
2020-04-15 13:14:44.169000,1.07686,1.07683,1000000,1250000
2020-04-15 13:14:44.270000,1.07686,1.07682,1000000,1250000
2020-04-15 13:14:44.422000,1.07688,1.07682,1100000,1750000
2020-04-15 13:14:44.900000,1.07688,1.07682,1200000,1250000
2020-04-15 13:14:45.149000,1.07688,1.07681,1450000,2500000
2020-04-15 13:14:45.351000,1.07687,1.0768,1200000,3250000
2020-04-15 13:14:45.503000,1.07685,1.0768,1000000,1250000
2020-04-15 13:14:45.604000,1.07685,1.07677,2160000,3000000
2020-04-15 13:14:45.757000,1.07684,1.07678,2850000,1250000
2020-04-15 13:14:45.858000,1.07683,1.07676,1850000,1750000
2020-04-15 13:14:46.060000,1.07681,1.07676,1000000,1750000
2020-04-15 13:14:46.372000,1.07682,1.07675,1200000,1500000
2020-04-15 13:14:46.423000,1.0768,1.07674,1000000,4690000
2020-04-15 13:14:46.525000,1.07679,1.07673,1200000,1000000
2020-04-15 13:14:46.575000,1.07679,1.0767,1200000,2570000
2020-04-15 13:14:46.676000,1.07679,1.07671,2100000,1250000
2020-04-15 13:14:46.828000,1.07679,1.07671,1950000,1250000
2020-04-15 13:14:46.980000,1.07679,1.0767,1950000,1500000
2020-04-15 13:14:47.132000,1.07679,1.0767,1600000,1500000
2020-04-15 13:14:47.233000,1.07679,1.0767,2100000,1500000
2020-04-15 13:14:47.385000,1.07674,1.07668,1000000,6260000
2020-04-15 13:14:47.487000,1.07675,1.07668,1200000,3940000
2020-04-15 13:14:47.942000,1.07676,1.07669,1970000,1000000
2020-04-15 13:14:48.043000,1.07677,1.07669,2700000,1500000
2020-04-15 13:14:48.195000,1.07677,1.0767,1100000,1000000
2020-04-15 13:14:48.296000,1.07677,1.0767,1600000,1000000
2020-04-15 13:14:48.542000,1.07679,1.07673,1500000,1500000
2020-04-15 13:14:48.644000,1.07681,1.07675,1000000,1000000
2020-04-15 13:14:48.694000,1.07681,1.07673,1000000,1000000
2020-04-15 13:14:48.796000,1.07681,1.07673,1450000,1000000
2020-04-15 13:14:48.897000,1.07681,1.07672,1420000,1000000
2020-04-15 13:14:48.998000,1.07681,1.07671,2850000,1000000
2020-04-15 13:14:49.154000,1.07681,1.07671,2100000,1000000
2020-04-15 13:14:49.350000,1.07681,1.07672,2100000,1000000
2020-04-15 13:14:49.538000,1.07681,1.07672,2850000,1000000
2020-04-15 13:14:49.650000,1.07681,1.07671,2850000,1000000
2020-04-15 13:14:50.007000,1.07681,1.07672,2850000,1000000
2020-04-15 13:14:50.108000,1.07681,1.07674,2100000,1000000
2020-04-15 13:14:50.159000,1.07681,1.07674,1950000,1000000
2020-04-15 13:14:50.210000,1.07679,1.07675,1000000,1000000
2020-04-15 13:14:50.261000,1.07679,1.07673,1000000,1000000
2020-04-15 13:14:50.312000,1.07678,1.07671,1000000,3940000
2020-04-15 13:14:50.871000,1.07677,1.07671,1000000,1000000
2020-04-15 13:14:50.972000,1.07677,1.0767,1000000,1000000
2020-04-15 13:14:51.848000,1.07678,1.0767,1950000,1500000
2020-04-15 13:14:53.415000,1.07678,1.07671,1950000,1000000
2020-04-15 13:14:55.116000,1.07678,1.07672,1950000,1000000
2020-04-15 13:14:55.167000,1.07678,1.0767,1950000,1500000
2020-04-15 13:14:55.268000,1.07678,1.07671,1200000,1000000
2020-04-15 13:14:55.369000,1.07678,1.0767,1950000,2250000
2020-04-15 13:14:55.749000,1.07681,1.07675,1500000,1000000
2020-04-15 13:14:55.850000,1.07683,1.07676,1100000,1000000
2020-04-15 13:14:55.951000,1.07683,1.07675,1500000,1500000
2020-04-15 13:14:56.002000,1.07681,1.07675,1000000,2250000
2020-04-15 13:14:56.255000,1.07684,1.07675,2250000,1500000
2020-04-15 13:14:56.356000,1.07684,1.07674,2250000,1500000
2020-04-15 13:14:57.021000,1.07683,1.07674,1000000,2250000
2020-04-15 13:14:57.122000,1.07684,1.07674,1000000,2250000
2020-04-15 13:14:57.296000,1.07684,1.07676,1000000,1000000
2020-04-15 13:14:58.252000,1.07685,1.07676,1500000,1000000
2020-04-15 13:14:58.455000,1.07683,1.07676,1000000,1000000
2020-04-15 13:14:58.557000,1.07684,1.07676,1100000,1000000
2020-04-15 13:14:58.809000,1.07683,1.07674,1000000,1500000
2020-04-15 13:14:58.860000,1.07684,1.07676,1500000,1000000
2020-04-15 13:14:58.961000,1.07685,1.07676,1200000,1000000
2020-04-15 13:14:59.225000,1.07684,1.07675,1000000,1000000
2020-04-15 13:14:59.276000,1.07683,1.07673,1000000,2440000
2020-04-15 13:14:59.479000,1.07683,1.07672,1990000,1500000
2020-04-15 13:14:59.581000,1.07683,1.07673,1990000,1000000
2020-04-15 13:14:59.912000,1.07683,1.07673,2390000,1000000
2020-04-15 13:15:00.064000,1.07682,1.07671,2060000,1570000
2020-04-15 13:15:00.165000,1.07682,1.07673,1620000,1500000
2020-04-15 13:15:00.266000,1.07682,1.07672,1000000,1500000
2020-04-15 13:15:00.367000,1.07682,1.07671,1240000,1500000
2020-04-15 13:15:00.519000,1.07682,1.07673,1000000,1000000
2020-04-15 13:15:01.040000,1.07683,1.07672,2390000,1000000
2020-04-15 13:15:01.142000,1.0768,1.07671,1000000,1500000
2020-04-15 13:15:01.294000,1.07679,1.07671,1000000,1000000
2020-04-15 13:15:01.395000,1.07677,1.0767,1000000,1000000
2020-04-15 13:15:01.446000,1.07679,1.0767,1500000,1500000
2020-04-15 13:15:01.598000,1.07679,1.07671,1000000,1000000
2020-04-15 13:15:01.750000,1.07679,1.0767,1500000,1500000
2020-04-15 13:15:01.953000,1.07679,1.07669,1570000,1500000
2020-04-15 13:15:02.004000,1.07677,1.07669,1000000,1000000
2020-04-15 13:15:02.257000,1.07677,1.0767,1170000,1000000
2020-04-15 13:15:02.308000,1.07676,1.07668,1000000,2250000
2020-04-15 13:15:02.409000,1.07676,1.07667,1000000,1000000
2020-04-15 13:15:02.511000,1.07677,1.0767,1200000,1000000
2020-04-15 13:15:02.612000,1.07679,1.0767,1990000,1000000
2020-04-15 13:15:02.713000,1.07678,1.0767,1000000,1500000
2020-04-15 13:15:02.814000,1.07677,1.0767,1000000,1500000
2020-04-15 13:15:02.865000,1.07679,1.07671,1000000,1000000
2020-04-15 13:15:03.724000,1.07678,1.0767,1500000,1500000
2020-04-15 13:15:03.775000,1.07678,1.07668,1920000,1500000
2020-04-15 13:15:03.877000,1.07677,1.07667,1920000,1000000
2020-04-15 13:15:03.927000,1.07676,1.0767,1000000,1000000
2020-04-15 13:15:04.029000,1.07679,1.07672,1100000,1000000
2020-04-15 13:15:04.231000,1.07679,1.07671,1620000,1000000
2020-04-15 13:15:04.433000,1.07679,1.07671,1600000,1000000
2020-04-15 13:15:04.534000,1.07677,1.07669,1000000,1000000
2020-04-15 13:15:04.636000,1.07676,1.07668,1200000,1500000
2020-04-15 13:15:05.081000,1.07676,1.07667,1000000,1000000
2020-04-15 13:15:05.183000,1.07675,1.07666,1200000,1000000
2020-04-15 13:15:05.284000,1.07674,1.07666,1000000,1000000
2020-04-15 13:15:05.486000,1.07675,1.07667,1000000,1000000
2020-04-15 13:15:05.587000,1.07676,1.07667,1390000,1000000
2020-04-15 13:15:05.840000,1.07677,1.07667,2700000,1000000
2020-04-15 13:15:06.126000,1.07678,1.07671,1000000,1000000
2020-04-15 13:15:06.227000,1.07678,1.0767,2650000,1250000
2020-04-15 13:15:06.329000,1.07679,1.07671,1750000,1690000
2020-04-15 13:15:06.430000,1.07679,1.07672,1750000,1000000
2020-04-15 13:15:06.531000,1.07679,1.07671,1250000,1690000
2020-04-15 13:15:06.633000,1.07677,1.07671,1000000,2440000
2020-04-15 13:15:06.734000,1.07678,1.07671,1000000,3250000
2020-04-15 13:15:06.835000,1.07675,1.07671,1000000,1750000
2020-04-15 13:15:06.886000,1.07679,1.07671,1690000,2500000
2020-04-15 13:15:07.038000,1.07679,1.07672,1450000,1000000
2020-04-15 13:15:07.140000,1.0768,1.07673,1250000,1690000
2020-04-15 13:15:07.241000,1.0768,1.07673,1750000,2000000
2020-04-15 13:15:07.343000,1.0768,1.07673,1000000,3000000
2020-04-15 13:15:07.965000,1.07679,1.07672,1000000,3750000
2020-04-15 13:15:08.067000,1.0768,1.07672,1390000,3750000
2020-04-15 13:15:08.490000,1.0768,1.07673,2200000,1500000
2020-04-15 13:15:08.713000,1.0768,1.07672,3400000,2060000
2020-04-15 13:15:08.866000,1.07679,1.07671,2870000,1310000
2020-04-15 13:15:09.019000,1.07679,1.07671,1310000,2870000
2020-04-15 13:15:09.192000,1.07679,1.07671,1250000,2190000
2020-04-15 13:15:09.344000,1.0768,1.07671,3700000,2700000
2020-04-15 13:15:10.182000,1.0768,1.07671,3320000,3070000
2020-04-15 13:15:11.260000,1.07679,1.07671,2570000,1350000
2020-04-15 13:15:11.816000,1.0768,1.07671,5020000,2250000
2020-04-15 13:15:12.333000,1.0768,1.07671,5020000,2620000
2020-04-15 13:15:12.602000,1.07679,1.07671,1760000,1370000
2020-04-15 13:15:12.703000,1.07679,1.07671,1370000,1250000
2020-04-15 13:15:12.899000,1.07678,1.07671,1250000,1250000
2020-04-15 13:15:13,1.07679,1.07671,2120000,1250000
2020-04-15 13:15:14.986000,1.07674,1.0767,1500000,1250000
2020-04-15 13:15:15.037000,1.0767,1.07668,3120000,1000000
2020-04-15 13:15:15.138000,1.07671,1.07665,1000000,1870000
2020-04-15 13:15:15.391000,1.07671,1.07665,1250000,1810000
2020-04-15 13:15:15.644000,1.07668,1.07663,1000000,4500000
2020-04-15 13:15:15.695000,1.0767,1.07663,3260000,4500000
2020-04-15 13:15:15.746000,1.0767,1.07662,3250000,1750000
2020-04-15 13:15:15.848000,1.07669,1.07662,1350000,1250000
2020-04-15 13:15:15.949000,1.07668,1.07661,3920000,1250000
2020-04-15 13:15:16.050000,1.07667,1.0766,1350000,2620000
2020-04-15 13:15:16.152000,1.07667,1.0766,2720000,1870000
2020-04-15 13:15:16.253000,1.07667,1.0766,3470000,1000000
2020-04-15 13:15:16.405000,1.07667,1.0766,3320000,1000000
2020-04-15 13:15:16.803000,1.07668,1.07661,2570000,1810000
2020-04-15 13:15:16.905000,1.07666,1.07661,1200000,1120000
2020-04-15 13:15:17.007000,1.07666,1.0766,2200000,1810000
2020-04-15 13:15:17.673000,1.07664,1.0766,1250000,1000000
2020-04-15 13:15:17.775000,1.07661,1.07658,1000000,1250000
2020-04-15 13:15:17.876000,1.07661,1.07657,1000000,1250000
2020-04-15 13:15:18.129000,1.07659,1.07657,1000000,1250000
2020-04-15 13:15:18.382000,1.07659,1.07655,1000000,3310000
2020-04-15 13:15:18.786000,1.07659,1.07655,1750000,2370000
2020-04-15 13:15:19.163000,1.07659,1.07654,2120000,1500000
2020-04-15 13:15:19.315000,1.07656,1.07652,1000000,1250000
2020-04-15 13:15:19.417000,1.07655,1.07652,1000000,1250000
2020-04-15 13:15:19.518000,1.07657,1.07652,1450000,1000000
2020-04-15 13:15:19.750000,1.07653,1.0765,1000000,1250000
2020-04-15 13:15:19.801000,1.07653,1.07649,1000000,4270000
2020-04-15 13:15:20.120000,1.07655,1.07651,1250000,1620000
2020-04-15 13:15:20.221000,1.07657,1.07651,2570000,1620000
2020-04-15 13:15:20.272000,1.07655,1.0765,1250000,2370000
2020-04-15 13:15:21.328000,1.07656,1.07653,2570000,1000000
2020-04-15 13:15:21.429000,1.07657,1.07654,1570000,1250000
2020-04-15 13:15:21.531000,1.07657,1.07654,1100000,1250000
2020-04-15 13:15:21.632000,1.07658,1.07656,1000000,1250000
2020-04-15 13:15:21.834000,1.07659,1.07656,1000000,1250000
2020-04-15 13:15:21.935000,1.07659,1.07655,1000000,1250000
2020-04-15 13:15:22.608000,1.0766,1.07655,1250000,1100000
2020-04-15 13:15:23.875000,1.0766,1.07654,1250000,2510000
2020-04-15 13:15:24.625000,1.0766,1.07655,1250000,1000000
2020-04-15 13:15:24.967000,1.0766,1.07658,1000000,1370000
2020-04-15 13:15:25.018000,1.07663,1.07659,1700000,2120000
2020-04-15 13:15:25.069000,1.07664,1.0766,2620000,1250000
2020-04-15 13:15:25.386000,1.07664,1.0766,1000000,1250000
2020-04-15 13:15:26.389000,1.07664,1.07659,1000000,3070000
2020-04-15 13:15:26.490000,1.07666,1.07661,2250000,1620000
2020-04-15 13:15:26.591000,1.07666,1.07662,2120000,1000000
2020-04-15 13:15:26.743000,1.07666,1.07662,1310000,1000000
2020-04-15 13:15:26.996000,1.07666,1.0766,2570000,2070000
2020-04-15 13:15:27.097000,1.07663,1.0766,1500000,1100000
2020-04-15 13:15:27.199000,1.07661,1.07658,1000000,1200000
2020-04-15 13:15:30.603000,1.07662,1.07657,1310000,1350000
2020-04-15 13:15:30.805000,1.07659,1.07655,1950000,1510000
2020-04-15 13:15:30.906000,1.07659,1.07653,3820000,1810000
2020-04-15 13:15:31.262000,1.07657,1.07652,1310000,2100000
2020-04-15 13:15:31.364000,1.07657,1.07651,1760000,2710000
2020-04-15 13:15:31.465000,1.07657,1.07651,2570000,1510000
2020-04-15 13:15:31.614000,1.07655,1.07651,1000000,1510000
2020-04-15 13:15:33.028000,1.07657,1.07653,1250000,1570000
2020-04-15 13:15:33.079000,1.07658,1.07655,1000000,1000000
2020-04-15 13:15:33.180000,1.07659,1.07655,1000000,2070000
2020-04-15 13:15:33.483000,1.07662,1.07656,3390000,1750000
2020-04-15 13:15:33.584000,1.07661,1.07655,1000000,3170000
2020-04-15 13:15:33.736000,1.07661,1.07655,1250000,1770000
2020-04-15 13:15:36.961000,1.07662,1.07657,1450000,1200000
2020-04-15 13:15:37.012000,1.07663,1.0766,1950000,1870000
2020-04-15 13:15:37.113000,1.07665,1.07662,1000000,1600000
2020-04-15 13:15:37.706000,1.07666,1.07662,1250000,1600000
2020-04-15 13:15:38.061000,1.07666,1.07662,1310000,1100000
2020-04-15 13:15:39.717000,1.07665,1.07661,1120000,1760000
2020-04-15 13:15:40.480000,1.07665,1.07661,2120000,1570000
2020-04-15 13:15:41.292000,1.07665,1.07663,2120000,1000000
2020-04-15 13:15:41.443000,1.07665,1.07663,1120000,1000000
2020-04-15 13:15:41.595000,1.07665,1.07661,1120000,1010000
2020-04-15 13:15:41.696000,1.07665,1.07661,1000000,1510000
2020-04-15 13:15:44.908000,1.07662,1.0766,1100000,1000000
2020-04-15 13:15:44.959000,1.0766,1.07657,1000000,1760000
2020-04-15 13:15:45.061000,1.07659,1.07658,1000000,1000000
2020-04-15 13:15:45.163000,1.07659,1.07655,1000000,1700000
2020-04-15 13:15:45.366000,1.07659,1.07655,1250000,1100000
2020-04-15 13:15:46.211000,1.07661,1.07656,1460000,1120000
2020-04-15 13:15:46.313000,1.0766,1.07655,1000000,2640000
2020-04-15 13:15:46.415000,1.0766,1.07655,1000000,3010000
2020-04-15 13:15:46.558000,1.0766,1.07655,1750000,2070000
2020-04-15 13:15:47.087000,1.07659,1.07655,1250000,1600000
2020-04-15 13:15:48.110000,1.07659,1.07655,1000000,1510000
2020-04-15 13:15:49.546000,1.07659,1.07655,1000000,2260000
2020-04-15 13:15:49.647000,1.0766,1.07655,1250000,1600000
2020-04-15 13:15:49.749000,1.07661,1.07657,3050000,1000000
2020-04-15 13:15:49.850000,1.07659,1.07654,1250000,2070000
2020-04-15 13:15:49.951000,1.07659,1.07654,1310000,1570000
2020-04-15 13:15:50.002000,1.07657,1.07653,1870000,1100000
2020-04-15 13:15:50.204000,1.07657,1.07653,2870000,1100000
2020-04-15 13:15:50.548000,1.07657,1.07653,1250000,1570000
2020-04-15 13:15:50.649000,1.07658,1.07654,1250000,1000000
2020-04-15 13:15:50.750000,1.07659,1.07655,1370000,1000000
2020-04-15 13:15:50.851000,1.07659,1.07654,2200000,1000000
2020-04-15 13:15:51.014000,1.0766,1.07654,4670000,1000000
2020-04-15 13:15:51.436000,1.07659,1.07655,1000000,1100000
2020-04-15 13:15:53.467000,1.07659,1.07655,1000000,1100000
2020-04-15 13:15:54.699000,1.07661,1.07656,1000000,1310000
2020-04-15 13:15:54.801000,1.07664,1.0766,2120000,1000000
2020-04-15 13:15:54.902000,1.07665,1.07661,1750000,2320000
2020-04-15 13:15:55.004000,1.07665,1.07661,1310000,2820000
2020-04-15 13:15:56.215000,1.07666,1.07665,1000000,1500000
2020-04-15 13:15:56.266000,1.07669,1.07665,2320000,3010000
2020-04-15 13:15:57.583000,1.07669,1.07665,1750000,2820000
2020-04-15 13:15:58.089000,1.07669,1.07667,1250000,1120000
2020-04-15 13:15:58.190000,1.07672,1.07667,4520000,1120000
2020-04-15 13:15:58.291000,1.07671,1.07667,1250000,1120000
2020-04-15 13:15:58.342000,1.07672,1.07667,3640000,1120000
2020-04-15 13:15:59.935000,1.07672,1.07667,4070000,1120000
2020-04-15 13:16:00.036000,1.07672,1.07667,5200000,1120000
2020-04-15 13:16:00.289000,1.07671,1.07667,1310000,1570000
2020-04-15 13:16:01.209000,1.07671,1.07667,1310000,2820000
2020-04-15 13:16:04.119000,1.07671,1.07669,1250000,1000000
2020-04-15 13:16:04.220000,1.07671,1.07667,1250000,2820000
2020-04-15 13:16:04.422000,1.0767,1.07667,1000000,1120000
2020-04-15 13:16:04.523000,1.0767,1.07668,1000000,1120000
2020-04-15 13:16:05.638000,1.07671,1.07667,1310000,2370000
2020-04-15 13:16:05.790000,1.07668,1.07666,1000000,2370000
2020-04-15 13:16:05.892000,1.07668,1.07665,1120000,1200000
2020-04-15 13:16:06.452000,1.0767,1.07665,1750000,2320000
2020-04-15 13:16:06.554000,1.07672,1.07666,3090000,2510000
2020-04-15 13:16:06.605000,1.07672,1.07666,2590000,3010000
2020-04-15 13:16:06.859000,1.07672,1.07667,1500000,2640000
2020-04-15 13:16:07.163000,1.07672,1.0767,1000000,2570000
2020-04-15 13:16:07.265000,1.07673,1.07672,1000000,1000000
2020-04-15 13:16:07.519000,1.07676,1.07672,2060000,2070000
2020-04-15 13:16:07.620000,1.07676,1.07673,1250000,1000000
2020-04-15 13:16:08.494000,1.07678,1.07673,2620000,3570000
2020-04-15 13:16:08.595000,1.07678,1.07676,1250000,1000000
2020-04-15 13:16:08.848000,1.07679,1.07676,1870000,1000000
2020-04-15 13:16:08.950000,1.07679,1.07677,1000000,1000000
2020-04-15 13:16:09,1.07682,1.07681,1200000,1250000
2020-04-15 13:16:09.102000,1.07688,1.07685,2510000,1000000
2020-04-15 13:16:09.355000,1.07689,1.07686,2140000,1000000
2020-04-15 13:16:09.558000,1.07689,1.07685,1950000,1120000
2020-04-15 13:16:09.659000,1.07689,1.07686,1390000,1000000
2020-04-15 13:16:09.710000,1.07691,1.07688,2510000,1000000
2020-04-15 13:16:10.821000,1.07691,1.07686,2070000,2140000
2020-04-15 13:16:10.922000,1.07691,1.07687,2070000,1000000
2020-04-15 13:16:11.074000,1.07691,1.07689,1310000,1500000
2020-04-15 13:16:11.741000,1.07693,1.07691,1390000,1000000
2020-04-15 13:16:11.842000,1.07694,1.07692,1310000,1000000
2020-04-15 13:16:12.429000,1.07695,1.07693,1620000,1000000
2020-04-15 13:16:12.531000,1.07695,1.07692,1620000,1000000
2020-04-15 13:16:12.842000,1.07695,1.07692,1120000,1000000
2020-04-15 13:16:12.943000,1.07695,1.07693,1000000,1000000
2020-04-15 13:16:13.095000,1.07697,1.07692,2200000,1120000
2020-04-15 13:16:13.802000,1.07697,1.07695,2200000,1000000
2020-04-15 13:16:13.903000,1.07697,1.07695,1200000,1000000
2020-04-15 13:16:14.109000,1.07697,1.07696,1870000,1000000
2020-04-15 13:16:14.362000,1.07697,1.07693,3570000,2140000
2020-04-15 13:16:14.614000,1.07697,1.07694,3760000,1000000
2020-04-15 13:16:14.716000,1.077,1.07696,1500000,1250000
2020-04-15 13:16:14.817000,1.077,1.07696,2370000,1870000
2020-04-15 13:16:14.969000,1.077,1.07698,2370000,1000000
2020-04-15 13:16:15.172000,1.077,1.07698,1000000,1000000
2020-04-15 13:16:15.273000,1.07699,1.07697,1100000,1000000
2020-04-15 13:16:15.942000,1.07701,1.07698,1250000,1000000
2020-04-15 13:16:16.044000,1.077,1.07698,1820000,1000000
2020-04-15 13:16:16.094000,1.07702,1.07698,3070000,1000000
2020-04-15 13:16:16.196000,1.07702,1.07699,1350000,1000000
2020-04-15 13:16:16.297000,1.07701,1.07699,1370000,1000000
2020-04-15 13:16:16.398000,1.07702,1.07698,3070000,2250000
2020-04-15 13:16:16.550000,1.07701,1.07698,1250000,1870000
2020-04-15 13:16:17.157000,1.07702,1.07699,2260000,1000000
2020-04-15 13:16:17.258000,1.07702,1.077,1250000,1000000
2020-04-15 13:16:17.360000,1.07702,1.07699,3070000,1000000
2020-04-15 13:16:17.511000,1.07701,1.07697,1370000,1000000
2020-04-15 13:16:17.613000,1.07702,1.07699,1620000,1000000
2020-04-15 13:16:17.815000,1.07701,1.07699,1820000,1000000
2020-04-15 13:16:17.866000,1.07702,1.07698,1010000,1570000
2020-04-15 13:16:17.967000,1.07702,1.07699,1100000,1000000
2020-04-15 13:16:18.120000,1.07701,1.07699,1450000,1000000
2020-04-15 13:16:18.222000,1.07701,1.07699,1100000,1000000
2020-04-15 13:16:18.323000,1.07702,1.077,1100000,1500000
2020-04-15 13:16:18.425000,1.07701,1.07699,1370000,1690000
2020-04-15 13:16:18.526000,1.07703,1.077,2510000,1000000
2020-04-15 13:16:18.678000,1.07704,1.07701,1890000,1000000
2020-04-15 13:16:18.729000,1.07701,1.07699,1370000,1200000
2020-04-15 13:16:18.830000,1.07703,1.07699,2660000,1200000
2020-04-15 13:16:18.932000,1.07702,1.077,1100000,1000000
2020-04-15 13:16:19.033000,1.07702,1.07699,1350000,2320000
2020-04-15 13:16:19.135000,1.07702,1.07699,1100000,2140000
2020-04-15 13:16:19.337000,1.07701,1.07699,1370000,1000000
2020-04-15 13:16:19.438000,1.07702,1.07699,1390000,1000000
2020-04-15 13:16:19.642000,1.07701,1.07699,1820000,1000000
2020-04-15 13:16:19.744000,1.07702,1.07699,1570000,1000000
2020-04-15 13:16:19.846000,1.07702,1.07698,1100000,3260000
2020-04-15 13:16:19.947000,1.07704,1.07701,2260000,1000000
2020-04-15 13:16:19.998000,1.07705,1.07702,1000000,1120000
2020-04-15 13:16:20.101000,1.07706,1.07703,1310000,1000000
2020-04-15 13:16:20.203000,1.07707,1.07703,1200000,1120000
2020-04-15 13:16:20.305000,1.07708,1.07704,2570000,1120000
2020-04-15 13:16:20.867000,1.07708,1.07704,1570000,1870000
2020-04-15 13:16:21.227000,1.07708,1.07704,2070000,2620000
2020-04-15 13:16:22.035000,1.07708,1.07704,1620000,3620000
2020-04-15 13:16:22.186000,1.07708,1.07704,1620000,2810000
2020-04-15 13:16:24.193000,1.07708,1.07704,1120000,3310000
2020-04-15 13:16:24.345000,1.07708,1.07704,1810000,2620000
2020-04-15 13:16:25.389000,1.07708,1.07705,1810000,1000000
2020-04-15 13:16:25.491000,1.07708,1.07705,1120000,1310000
2020-04-15 13:16:26.478000,1.07709,1.07705,1370000,1500000
2020-04-15 13:16:26.630000,1.07709,1.07707,1250000,2250000
2020-04-15 13:16:26.833000,1.0771,1.07707,2060000,2060000
2020-04-15 13:16:26.934000,1.07709,1.07707,1000000,1000000
2020-04-15 13:16:26.985000,1.07709,1.07705,1500000,5810000
2020-04-15 13:16:27.036000,1.07709,1.07705,3000000,1500000
2020-04-15 13:16:27.292000,1.07709,1.07705,2060000,3070000
2020-04-15 13:16:27.408000,1.07709,1.07704,4500000,4700000
2020-04-15 13:16:27.712000,1.07709,1.07706,1310000,1120000
2020-04-15 13:16:28.016000,1.07709,1.07706,2370000,1000000
2020-04-15 13:16:28.218000,1.07709,1.07705,3750000,1120000
2020-04-15 13:16:28.673000,1.07709,1.07705,3750000,1000000
2020-04-15 13:16:29.028000,1.07709,1.07704,3750000,1120000
2020-04-15 13:16:31.116000,1.07704,1.07702,2060000,1620000
2020-04-15 13:16:31.219000,1.07704,1.07701,1000000,2570000
2020-04-15 13:16:31.322000,1.07704,1.077,1310000,1950000
2020-04-15 13:16:31.423000,1.07705,1.07701,1870000,1120000
2020-04-15 13:16:31.525000,1.07704,1.07701,2190000,1000000
2020-04-15 13:16:31.999000,1.07704,1.077,2940000,1120000
2020-04-15 13:16:34.020000,1.07703,1.07699,2000000,1310000
2020-04-15 13:16:34.375000,1.07703,1.077,4500000,1000000
2020-04-15 13:16:34.509000,1.07703,1.07698,4500000,2370000
2020-04-15 13:16:34.661000,1.077,1.07697,2500000,2450000
2020-04-15 13:16:34.762000,1.077,1.07696,1870000,1410000
2020-04-15 13:16:35.798000,1.07701,1.07696,1690000,2560000
2020-04-15 13:16:36.235000,1.07699,1.07696,1250000,1810000
2020-04-15 13:16:36.387000,1.07695,1.07693,3190000,1000000
2020-04-15 13:16:36.488000,1.07695,1.07691,2560000,1100000
2020-04-15 13:16:36.690000,1.07693,1.0769,1120000,2120000
2020-04-15 13:16:36.893000,1.07692,1.0769,1000000,1120000
2020-04-15 13:16:38.232000,1.07692,1.07688,1000000,3090000
2020-04-15 13:16:38.537000,1.07691,1.07688,1000000,2370000
2020-04-15 13:16:39.458000,1.07692,1.07688,1250000,2370000
2020-04-15 13:16:39.559000,1.07692,1.07687,1870000,3070000
2020-04-15 13:16:39.711000,1.07688,1.07686,1000000,3070000
2020-04-15 13:16:39.813000,1.0769,1.07687,1120000,1000000
2020-04-15 13:16:39.914000,1.07692,1.07686,3500000,3710000
2020-04-15 13:16:40.218000,1.07688,1.07686,1000000,1690000
2020-04-15 13:16:40.320000,1.07687,1.07685,1000000,1250000
2020-04-15 13:16:40.522000,1.07687,1.07684,1000000,1010000
2020-04-15 13:16:42.322000,1.07687,1.07683,1000000,2060000
2020-04-15 13:16:42.424000,1.07687,1.07684,1000000,1000000
2020-04-15 13:16:43.082000,1.07687,1.07684,1000000,2320000
2020-04-15 13:16:43.183000,1.07691,1.07689,1120000,1250000
2020-04-15 13:16:43.284000,1.07693,1.0769,1000000,3090000
2020-04-15 13:16:43.386000,1.07693,1.0769,1500000,1620000
2020-04-15 13:16:43.790000,1.07693,1.0769,1870000,1120000
2020-04-15 13:16:44.176000,1.07693,1.0769,1000000,2260000
2020-04-15 13:16:44.378000,1.07694,1.0769,1120000,3090000
2020-04-15 13:16:44.480000,1.07694,1.0769,2620000,1690000
2020-04-15 13:16:44.581000,1.07695,1.07691,2000000,1390000
2020-04-15 13:16:44.683000,1.07697,1.07694,1690000,1620000
2020-04-15 13:16:44.886000,1.07698,1.07694,1120000,1620000
2020-04-15 13:16:45.644000,1.07698,1.07694,2060000,1000000
2020-04-15 13:16:46.544000,1.07697,1.07693,2080000,1750000
2020-04-15 13:16:52.838000,1.07697,1.07692,2840000,2560000
2020-04-15 13:16:55.860000,1.07697,1.07692,2500000,1570000
2020-04-15 13:16:56.544000,1.07698,1.07692,3160000,2570000
2020-04-15 13:16:56.828000,1.07698,1.07692,4350000,2510000
2020-04-15 13:16:56.929000,1.07697,1.07693,1250000,1000000
2020-04-15 13:16:57.030000,1.07696,1.07693,1000000,1000000
2020-04-15 13:16:57.131000,1.07696,1.07692,1000000,1310000
2020-04-15 13:17:00.599000,1.07694,1.07691,1250000,3760000
2020-04-15 13:17:00.701000,1.07694,1.0769,2060000,4120000
2020-04-15 13:17:00.803000,1.0769,1.07688,1000000,1870000
2020-04-15 13:17:00.905000,1.0769,1.07686,1500000,2540000
2020-04-15 13:17:01.159000,1.07691,1.07687,1870000,1700000
2020-04-15 13:17:01.261000,1.07694,1.0769,1500000,2260000
2020-04-15 13:17:02.071000,1.07695,1.07691,1000000,2260000
2020-04-15 13:17:02.173000,1.07696,1.07691,1870000,2770000
2020-04-15 13:17:02.906000,1.07695,1.07691,1960000,1600000
2020-04-15 13:17:03.008000,1.0769,1.07689,1000000,1500000
2020-04-15 13:17:03.058000,1.07688,1.07686,1000000,2120000
2020-04-15 13:17:03.109000,1.07688,1.07685,1000000,1370000
2020-04-15 13:17:03.211000,1.0769,1.07685,2810000,2060000
2020-04-15 13:17:03.817000,1.0769,1.07686,1120000,1000000
2020-04-15 13:17:04.993000,1.0769,1.07685,2060000,1870000
2020-04-15 13:17:05.145000,1.07687,1.07684,1000000,1510000
2020-04-15 13:17:05.246000,1.07687,1.07684,1120000,1010000
2020-04-15 13:17:05.448000,1.07688,1.07683,2060000,3010000
2020-04-15 13:17:05.550000,1.07689,1.07685,1250000,2370000
2020-04-15 13:17:05.853000,1.07689,1.07686,1000000,1700000
2020-04-15 13:17:05.954000,1.0769,1.07686,1500000,1250000
2020-04-15 13:17:06.499000,1.07689,1.07686,1000000,1000000
2020-04-15 13:17:06.550000,1.07689,1.07685,1000000,1890000
2020-04-15 13:17:06.601000,1.07687,1.07684,1000000,1760000
2020-04-15 13:17:06.904000,1.07686,1.07683,1000000,1810000
2020-04-15 13:17:07.005000,1.07686,1.07682,1870000,1370000
2020-04-15 13:17:07.106000,1.07686,1.07681,1870000,3820000
2020-04-15 13:17:09.002000,1.07686,1.07683,1000000,1760000
2020-04-15 13:17:09.103000,1.07689,1.07686,1500000,1000000
2020-04-15 13:17:09.154000,1.07688,1.07685,1500000,1120000
2020-04-15 13:17:10.169000,1.0769,1.07686,2620000,1810000
2020-04-15 13:17:10.271000,1.0769,1.07687,1250000,1000000
2020-04-15 13:17:10.373000,1.07691,1.07686,2870000,2450000
2020-04-15 13:17:10.474000,1.07689,1.07686,1000000,2190000
2020-04-15 13:17:10.576000,1.07691,1.07686,2510000,2190000
2020-04-15 13:17:10.988000,1.07688,1.07685,1000000,1310000
2020-04-15 13:17:11.089000,1.07688,1.07685,1000000,1370000
2020-04-15 13:17:11.190000,1.07688,1.07684,1500000,2260000
2020-04-15 13:17:12.637000,1.07687,1.07684,1500000,2060000
2020-04-15 13:17:12.840000,1.07687,1.07685,1000000,1000000
2020-04-15 13:17:12.941000,1.07689,1.07685,1310000,1000000
2020-04-15 13:17:13.043000,1.0769,1.07687,1120000,1120000
2020-04-15 13:17:14.088000,1.07691,1.07688,1500000,1120000
2020-04-15 13:17:16.047000,1.07692,1.0769,1870000,1000000
2020-04-15 13:17:16.300000,1.07693,1.0769,1870000,1120000
2020-04-15 13:17:16.453000,1.07692,1.0769,1000000,1120000
2020-04-15 13:17:17.866000,1.0769,1.07687,1000000,2570000
2020-04-15 13:17:17.967000,1.07688,1.07685,1000000,1690000
2020-04-15 13:17:18.018000,1.07686,1.07684,1000000,1250000
2020-04-15 13:17:18.069000,1.07685,1.07682,1000000,1450000
2020-04-15 13:17:18.170000,1.07687,1.07682,4060000,1250000
2020-04-15 13:17:18.272000,1.07686,1.07681,1120000,2960000
2020-04-15 13:17:18.373000,1.07685,1.07681,1000000,1760000
2020-04-15 13:17:18.475000,1.07686,1.07682,2190000,1120000
2020-04-15 13:17:18.628000,1.07685,1.07681,1000000,1310000
2020-04-15 13:17:18.679000,1.07683,1.07681,1000000,1000000
2020-04-15 13:17:18.781000,1.07683,1.07679,1500000,2870000
2020-04-15 13:17:18.832000,1.07683,1.07679,1750000,1870000
2020-04-15 13:17:19.724000,1.07683,1.07679,1250000,1120000
2020-04-15 13:17:20.457000,1.07682,1.07679,1000000,1120000
2020-04-15 13:17:20.659000,1.07679,1.07677,1000000,1810000
2020-04-15 13:17:20.761000,1.07679,1.07676,1570000,1000000
2020-04-15 13:17:20.862000,1.07677,1.07675,1120000,1000000
2020-04-15 13:17:20.963000,1.07679,1.07677,1250000,1000000
2020-04-15 13:17:21.065000,1.07678,1.07676,1000000,1120000
2020-04-15 13:17:21.368000,1.07678,1.07675,1000000,1500000
2020-04-15 13:17:21.469000,1.07677,1.07673,1100000,2190000
2020-04-15 13:17:21.571000,1.07677,1.07673,1890000,1000000
2020-04-15 13:17:21.773000,1.07678,1.07676,2250000,1500000
2020-04-15 13:17:21.875000,1.07681,1.07678,2250000,1120000
2020-04-15 13:17:21.976000,1.07681,1.07678,1250000,1120000
2020-04-15 13:17:22.077000,1.07681,1.07678,1690000,1120000
2020-04-15 13:17:22.128000,1.07677,1.07675,1000000,1810000
2020-04-15 13:17:22.179000,1.07682,1.07679,2140000,1000000
2020-04-15 13:17:22.584000,1.07684,1.07679,3370000,2320000
2020-04-15 13:17:22.887000,1.07684,1.07682,1250000,1000000
2020-04-15 13:17:22.989000,1.07686,1.07684,1500000,1120000
2020-04-15 13:17:23.090000,1.07688,1.07684,1310000,1870000
2020-04-15 13:17:23.393000,1.07689,1.07686,2060000,1250000
2020-04-15 13:17:23.495000,1.07691,1.07687,1450000,1120000
2020-04-15 13:17:23.596000,1.07691,1.07687,1200000,1310000
2020-04-15 13:17:24.405000,1.07691,1.07688,1000000,1000000
2020-04-15 13:17:24.506000,1.07691,1.07687,1250000,1570000
2020-04-15 13:17:26.150000,1.07691,1.07687,1370000,1870000
2020-04-15 13:17:26.837000,1.07691,1.07686,2160000,1950000
2020-04-15 13:17:27.041000,1.07691,1.07686,1760000,3640000
2020-04-15 13:17:27.142000,1.07691,1.07686,2200000,1500000
2020-04-15 13:17:27.379000,1.07691,1.07687,1760000,1000000
2020-04-15 13:17:27.480000,1.07691,1.07686,2140000,2250000
2020-04-15 13:17:27.835000,1.07691,1.07687,1100000,1870000
2020-04-15 13:17:28.532000,1.07691,1.07687,1820000,1000000
2020-04-15 13:17:28.747000,1.07692,1.07687,3760000,2250000
2020-04-15 13:17:28.849000,1.07692,1.07687,3320000,2320000
2020-04-15 13:17:29.102000,1.07692,1.07688,1950000,1000000
2020-04-15 13:17:29.203000,1.07692,1.07687,2540000,2250000
2020-04-15 13:17:29.564000,1.07692,1.07688,2510000,1000000
2020-04-15 13:17:29.665000,1.07692,1.07688,2470000,1000000
2020-04-15 13:17:30.767000,1.07692,1.07688,2060000,1000000
2020-04-15 13:17:30.868000,1.07692,1.07687,2540000,1500000
2020-04-15 13:17:31.172000,1.07692,1.07688,3350000,1000000
2020-04-15 13:17:31.274000,1.07692,1.07687,2540000,1500000
2020-04-15 13:17:31.533000,1.07692,1.07688,1570000,1250000
2020-04-15 13:17:31.635000,1.07691,1.07687,1200000,1250000
2020-04-15 13:17:32.551000,1.07692,1.07688,3040000,1000000
2020-04-15 13:17:32.653000,1.07693,1.07689,1790000,1500000
2020-04-15 13:17:32.857000,1.07693,1.07689,1200000,1690000
2020-04-15 13:17:32.958000,1.07694,1.0769,1950000,1250000
2020-04-15 13:17:36.755000,1.07696,1.07693,1810000,1500000
2020-04-15 13:17:36.958000,1.07696,1.07693,1250000,1120000
2020-04-15 13:17:37.210000,1.07696,1.07694,1250000,1000000
2020-04-15 13:17:37.463000,1.07697,1.07694,1570000,1000000
2020-04-15 13:17:38.723000,1.07698,1.07695,2260000,1000000
2020-04-15 13:17:38.825000,1.07698,1.07695,1310000,1000000
2020-04-15 13:17:38.976000,1.07699,1.07695,1120000,1250000
2020-04-15 13:17:39.281000,1.07699,1.07696,1120000,1000000
2020-04-15 13:17:41.367000,1.07699,1.07695,1310000,1000000
2020-04-15 13:17:43.615000,1.077,1.07697,2060000,1000000
2020-04-15 13:17:44.287000,1.077,1.07696,1870000,1310000
2020-04-15 13:17:44.561000,1.07699,1.07695,1870000,1870000
2020-04-15 13:17:44.663000,1.07697,1.07694,2950000,1120000
2020-04-15 13:17:44.764000,1.07697,1.07693,4200000,1000000
2020-04-15 13:17:45.471000,1.07694,1.07692,1100000,1000000
2020-04-15 13:17:45.573000,1.07694,1.07691,1600000,1000000
2020-04-15 13:17:45.674000,1.07693,1.0769,1620000,1690000
2020-04-15 13:17:46.780000,1.07693,1.0769,1310000,1000000
2020-04-15 13:17:47.031000,1.07693,1.07689,1310000,1120000
2020-04-15 13:17:47.929000,1.07692,1.07689,1000000,1120000
2020-04-15 13:17:48.030000,1.07691,1.07686,3070000,3850000
2020-04-15 13:17:48.132000,1.07689,1.07686,1000000,1120000
2020-04-15 13:17:48.283000,1.07688,1.07685,1000000,1870000
2020-04-15 13:17:50.616000,1.07688,1.07685,1000000,2570000
2020-04-15 13:17:50.819000,1.07688,1.07685,1500000,1120000
2020-04-15 13:17:51.173000,1.07688,1.07685,1000000,2120000
2020-04-15 13:17:51.325000,1.07688,1.07685,1950000,1870000
2020-04-15 13:17:51.845000,1.07688,1.07685,1000000,2500000
2020-04-15 13:17:51.946000,1.07688,1.07685,1200000,2060000
2020-04-15 13:17:52.047000,1.07687,1.07684,1000000,1750000
2020-04-15 13:17:52.149000,1.07686,1.07682,1000000,1820000
2020-04-15 13:17:52.301000,1.07686,1.07682,1000000,1120000
2020-04-15 13:17:52.859000,1.07686,1.07683,1000000,1000000
2020-04-15 13:17:53.061000,1.07684,1.07681,1000000,4650000
2020-04-15 13:17:53.164000,1.07685,1.07681,1120000,2570000
2020-04-15 13:17:53.265000,1.07686,1.07683,1000000,1250000
2020-04-15 13:17:53.468000,1.07686,1.07682,1000000,1120000
2020-04-15 13:17:53.840000,1.07686,1.07682,1000000,1250000
2020-04-15 13:17:54.295000,1.07686,1.07682,2810000,1000000
2020-04-15 13:17:54.700000,1.07686,1.07683,1000000,1000000
2020-04-15 13:17:54.954000,1.07687,1.07684,1000000,1250000
2020-04-15 13:17:55.258000,1.07687,1.07683,1500000,2140000
2020-04-15 13:17:55.625000,1.07686,1.07682,1000000,1250000
2020-04-15 13:17:55.827000,1.07686,1.07683,1000000,1000000
2020-04-15 13:17:55.979000,1.07686,1.07683,1000000,1370000
2020-04-15 13:17:56.131000,1.07686,1.07683,1000000,1760000
2020-04-15 13:17:58.254000,1.07684,1.07682,1000000,1100000
2020-04-15 13:17:58.356000,1.07683,1.0768,1120000,2870000
2020-04-15 13:17:58.458000,1.07683,1.0768,1120000,2060000
2020-04-15 13:17:59.160000,1.07685,1.07682,2370000,1000000
2020-04-15 13:17:59.261000,1.07685,1.07682,1000000,1000000
2020-04-15 13:17:59.363000,1.07684,1.0768,1000000,3840000
2020-04-15 13:17:59.616000,1.07684,1.0768,2890000,1870000
2020-04-15 13:17:59.717000,1.07684,1.07679,3260000,1310000
2020-04-15 13:17:59.919000,1.07682,1.07679,1000000,1310000
2020-04-15 13:18:03.779000,1.07682,1.07678,1200000,1310000
2020-04-15 13:18:03.880000,1.07678,1.07676,1120000,1600000
2020-04-15 13:18:03.931000,1.07678,1.07674,1570000,4070000
2020-04-15 13:18:04.033000,1.07678,1.07674,1570000,2060000
2020-04-15 13:18:04.134000,1.07678,1.07674,1570000,2120000
2020-04-15 13:18:04.235000,1.07678,1.07674,1570000,2060000
2020-04-15 13:18:04.847000,1.07678,1.07674,1570000,1750000
2020-04-15 13:18:07.677000,1.07681,1.07678,1950000,2500000
2020-04-15 13:18:07.779000,1.07682,1.07678,1000000,1810000
2020-04-15 13:18:11.387000,1.07682,1.07679,1700000,1000000
2020-04-15 13:18:11.489000,1.07682,1.07679,1570000,1000000
2020-04-15 13:18:11.590000,1.07682,1.07679,2070000,1000000
2020-04-15 13:18:11.691000,1.07679,1.07677,1100000,1200000
2020-04-15 13:18:11.843000,1.0768,1.07677,1120000,1000000
2020-04-15 13:18:12.097000,1.07681,1.07676,3120000,1690000
2020-04-15 13:18:12.576000,1.07681,1.07678,1620000,1500000
2020-04-15 13:18:12.627000,1.07682,1.07678,2810000,1500000
2020-04-15 13:18:12.929000,1.07682,1.07678,3290000,1870000
2020-04-15 13:18:13.064000,1.07682,1.07678,2810000,1870000
2020-04-15 13:18:15.103000,1.07682,1.07679,1000000,1000000
2020-04-15 13:18:15.254000,1.07682,1.07678,1000000,2140000
2020-04-15 13:18:16.336000,1.07682,1.07678,1000000,2200000
2020-04-15 13:18:17.068000,1.07683,1.0768,1000000,3560000
2020-04-15 13:18:17.170000,1.07684,1.0768,1120000,3010000
2020-04-15 13:18:18.468000,1.07685,1.07681,2620000,1200000
2020-04-15 13:18:18.570000,1.07686,1.07681,2960000,3200000
2020-04-15 13:18:18.671000,1.07685,1.07682,1000000,1870000
2020-04-15 13:18:23.011000,1.07684,1.07681,1100000,1500000
2020-04-15 13:18:23.113000,1.07684,1.07679,2320000,1750000
2020-04-15 13:18:23.214000,1.07683,1.07679,1000000,1750000
2020-04-15 13:18:23.316000,1.07684,1.07679,3070000,1750000
2020-04-15 13:18:23.784000,1.07683,1.07679,1010000,1120000
2020-04-15 13:18:28.156000,1.07685,1.07684,1250000,1000000
2020-04-15 13:18:28.207000,1.07688,1.07686,1250000,1000000
2020-04-15 13:18:28.359000,1.0769,1.07687,1000000,1000000
2020-04-15 13:18:28.460000,1.0769,1.07686,1000000,2370000
2020-04-15 13:18:28.664000,1.07691,1.07686,2510000,2370000
2020-04-15 13:18:28.766000,1.07691,1.07688,3260000,1000000
2020-04-15 13:18:28.868000,1.0769,1.07687,1100000,1120000
2020-04-15 13:18:28.970000,1.0769,1.07687,1890000,1000000
2020-04-15 13:18:29.262000,1.07688,1.07685,1120000,1120000
2020-04-15 13:18:30.248000,1.07689,1.07685,2060000,1870000
2020-04-15 13:18:31.246000,1.07689,1.07685,2260000,1120000
2020-04-15 13:18:31.448000,1.07685,1.07683,1200000,1000000
2020-04-15 13:18:31.499000,1.07685,1.07681,1570000,1820000
2020-04-15 13:18:31.701000,1.07685,1.07681,2570000,1500000
2020-04-15 13:18:31.853000,1.07685,1.07681,1310000,2250000
2020-04-15 13:18:32.268000,1.07686,1.07682,3450000,1000000
2020-04-15 13:18:32.420000,1.07687,1.07683,3260000,1500000
2020-04-15 13:18:32.724000,1.07689,1.07687,1690000,1000000
2020-04-15 13:18:32.825000,1.07694,1.07691,2890000,2000000
2020-04-15 13:18:33.480000,1.07695,1.07691,3250000,2060000
2020-04-15 13:18:35.937000,1.07694,1.0769,3290000,1370000
2020-04-15 13:18:36.039000,1.07694,1.0769,2890000,1370000
2020-04-15 13:18:36.863000,1.07694,1.0769,4140000,1370000
2020-04-15 13:18:39.818000,1.07693,1.0769,1310000,1310000
2020-04-15 13:18:39.919000,1.07694,1.0769,4540000,1370000
2020-04-15 13:18:40.774000,1.07694,1.0769,4540000,1120000
2020-04-15 13:18:41.100000,1.07694,1.0769,4540000,1370000
2020-04-15 13:18:44.251000,1.07693,1.0769,1310000,1310000
2020-04-15 13:18:46.005000,1.07693,1.07689,1870000,3000000
2020-04-15 13:18:46.107000,1.07693,1.07689,2810000,2250000
2020-04-15 13:18:46.665000,1.07693,1.07689,1870000,3000000
2020-04-15 13:18:47.982000,1.07692,1.07688,1870000,1120000
2020-04-15 13:18:48.084000,1.07689,1.07687,1000000,1000000
2020-04-15 13:18:48.135000,1.07689,1.07685,3010000,1500000
2020-04-15 13:18:49,1.07689,1.07685,2810000,1750000
2020-04-15 13:18:49.253000,1.07689,1.07685,2870000,1700000
2020-04-15 13:18:49.405000,1.07684,1.07682,1100000,2890000
2020-04-15 13:18:49.507000,1.07683,1.0768,2640000,1000000
2020-04-15 13:18:49.659000,1.07683,1.07679,3450000,1120000
2020-04-15 13:18:50.605000,1.07681,1.07678,1250000,2820000
2020-04-15 13:18:51.516000,1.07681,1.07678,1000000,1870000
2020-04-15 13:18:51.931000,1.07683,1.07679,1370000,1100000
2020-04-15 13:18:52.134000,1.07684,1.07679,2640000,1760000
2020-04-15 13:18:52.698000,1.07683,1.07679,1450000,1120000
2020-04-15 13:18:53.267000,1.0768,1.07677,1500000,1750000
2020-04-15 13:18:53.318000,1.07679,1.07676,2440000,1950000
2020-04-15 13:18:54.328000,1.07679,1.07675,1250000,2000000
2020-04-15 13:18:54.480000,1.0768,1.07677,3620000,1000000
2020-04-15 13:18:54.531000,1.0768,1.07677,1000000,1250000
2020-04-15 13:18:54.582000,1.07682,1.07681,1120000,1250000
2020-04-15 13:18:54.683000,1.07684,1.07681,1690000,1810000
2020-04-15 13:18:54.785000,1.07683,1.07681,1000000,1250000
2020-04-15 13:18:54.886000,1.07683,1.0768,1000000,2620000
2020-04-15 13:18:55.813000,1.07683,1.07679,2140000,3370000
2020-04-15 13:18:56.209000,1.07682,1.07679,1000000,1870000
2020-04-15 13:18:56.360000,1.0768,1.07678,1500000,1000000
2020-04-15 13:18:56.411000,1.07679,1.07675,1500000,3100000
2020-04-15 13:18:56.513000,1.07679,1.07675,1310000,1120000
2020-04-15 13:18:56.765000,1.0768,1.07676,1810000,1000000
2020-04-15 13:18:57.459000,1.0768,1.07676,1310000,1000000
2020-04-15 13:18:57.560000,1.07679,1.07676,1250000,1000000
2020-04-15 13:18:59.392000,1.0768,1.07676,1120000,1000000
2020-04-15 13:18:59.544000,1.0768,1.07676,2120000,1120000
2020-04-15 13:19:00.228000,1.0768,1.07676,1310000,1120000
2020-04-15 13:19:00.532000,1.07682,1.0768,1350000,1000000
2020-04-15 13:19:00.583000,1.07683,1.07681,1500000,1120000
2020-04-15 13:19:00.634000,1.07686,1.07682,2600000,1620000
2020-04-15 13:19:00.736000,1.07686,1.07684,1000000,2370000
2020-04-15 13:19:00.837000,1.07686,1.07683,1250000,2450000
2020-04-15 13:19:01.292000,1.07686,1.07683,1250000,1950000
2020-04-15 13:19:02.275000,1.07688,1.07683,4270000,2320000
2020-04-15 13:19:02.630000,1.07686,1.07683,1000000,1570000
2020-04-15 13:19:05.861000,1.07687,1.07684,1120000,1000000
2020-04-15 13:19:05.962000,1.07689,1.07685,2560000,2500000
2020-04-15 13:19:06.164000,1.07689,1.07685,1120000,3760000
2020-04-15 13:19:06.953000,1.07689,1.07685,1310000,2620000
2020-04-15 13:19:10.692000,1.0769,1.07688,1760000,1000000
2020-04-15 13:19:10.794000,1.0769,1.07687,1760000,1000000
2020-04-15 13:19:10.896000,1.0769,1.07687,1250000,2070000
2020-04-15 13:19:12.397000,1.0769,1.07687,1000000,1310000
2020-04-15 13:19:17.894000,1.0769,1.07687,1000000,1500000
2020-04-15 13:19:18.855000,1.0769,1.07687,1000000,1570000
2020-04-15 13:19:19.310000,1.0769,1.07687,1000000,1620000
2020-04-15 13:19:19.411000,1.0769,1.07687,1000000,1120000
2020-04-15 13:19:20.225000,1.0769,1.07687,1000000,2070000
2020-04-15 13:19:22.267000,1.0769,1.07687,1000000,1570000
2020-04-15 13:19:22.874000,1.07691,1.07687,1250000,2320000
2020-04-15 13:19:23.375000,1.07691,1.07688,1250000,1000000
2020-04-15 13:19:26.091000,1.07691,1.07689,1250000,1000000
2020-04-15 13:19:26.193000,1.07692,1.07688,2870000,1120000
2020-04-15 13:19:26.345000,1.07691,1.07688,1250000,1120000
2020-04-15 13:19:26.746000,1.07692,1.07688,2870000,1120000
2020-04-15 13:19:27.557000,1.07692,1.07688,1310000,1500000
2020-04-15 13:19:27.760000,1.07692,1.07688,2120000,1500000
2020-04-15 13:19:29.127000,1.07692,1.07688,1310000,1870000
2020-04-15 13:19:29.939000,1.07691,1.07688,1000000,1870000
2020-04-15 13:19:30.249000,1.07692,1.07688,1250000,2820000
2020-04-15 13:19:30.300000,1.07694,1.07692,1120000,1000000
2020-04-15 13:19:30.401000,1.07696,1.07694,1250000,1120000
2020-04-15 13:19:30.503000,1.07696,1.07694,1000000,1620000
2020-04-15 13:19:30.654000,1.07695,1.07694,1690000,1000000
2020-04-15 13:19:30.705000,1.07693,1.07691,1390000,1120000
2020-04-15 13:19:30.756000,1.07691,1.07689,1000000,1500000
2020-04-15 13:19:30.959000,1.07691,1.07688,1310000,1570000
2020-04-15 13:19:31.161000,1.0769,1.07688,1000000,1570000
2020-04-15 13:19:31.283000,1.07689,1.07687,1000000,3570000
2020-04-15 13:19:31.386000,1.07689,1.07687,1000000,1000000
2020-04-15 13:19:31.956000,1.0769,1.07687,1000000,1200000
2020-04-15 13:19:32.058000,1.07689,1.07687,1000000,1870000
2020-04-15 13:19:32.160000,1.07697,1.07695,2060000,1000000
2020-04-15 13:19:32.212000,1.07703,1.077,1250000,2820000
2020-04-15 13:19:32.263000,1.07705,1.07703,1100000,1100000
2020-04-15 13:19:32.365000,1.07707,1.07705,2440000,1000000
2020-04-15 13:19:32.619000,1.07706,1.07704,1000000,1000000
2020-04-15 13:19:33.633000,1.07707,1.07704,1000000,1570000
2020-04-15 13:19:34.545000,1.07707,1.07703,2120000,2000000
2020-04-15 13:19:34.646000,1.07707,1.07703,1310000,2000000
2020-04-15 13:19:34.748000,1.07707,1.07703,2120000,2000000
2020-04-15 13:19:34.850000,1.07707,1.07703,1310000,2000000
2020-04-15 13:19:34.952000,1.07707,1.07703,2120000,2000000
2020-04-15 13:19:35.054000,1.07707,1.07703,2620000,1870000
2020-04-15 13:19:35.675000,1.07705,1.07703,1000000,1870000
2020-04-15 13:19:40.347000,1.07705,1.07702,1750000,1000000
2020-04-15 13:19:40.448000,1.07705,1.07702,1250000,1620000
2020-04-15 13:19:40.550000,1.07703,1.07702,1000000,1120000
2020-04-15 13:19:40.802000,1.07703,1.077,1000000,2850000
2020-04-15 13:19:41.871000,1.07705,1.07701,3370000,1310000
2020-04-15 13:19:43.399000,1.07703,1.07701,1000000,1310000
2020-04-15 13:19:43.804000,1.07701,1.07699,4000000,1000000
2020-04-15 13:19:43.854000,1.07699,1.07697,1690000,1300000
2020-04-15 13:19:43.905000,1.07699,1.07696,2060000,1310000
2020-04-15 13:19:45.566000,1.07694,1.07693,1000000,1500000
2020-04-15 13:19:45.617000,1.07692,1.0769,1000000,1000000
2020-04-15 13:19:45.719000,1.07691,1.07689,1000000,2320000
2020-04-15 13:19:46.579000,1.07691,1.07689,1000000,2450000
2020-04-15 13:19:47.614000,1.07691,1.07689,1000000,2320000
2020-04-15 13:19:48.026000,1.07694,1.07689,1690000,2820000
2020-04-15 13:19:48.077000,1.07695,1.07693,1950000,1500000
2020-04-15 13:19:48.127000,1.07702,1.077,2440000,1000000
2020-04-15 13:19:48.229000,1.07704,1.07702,4390000,1000000
2020-04-15 13:19:48.633000,1.07703,1.07701,1250000,1000000
2020-04-15 13:19:49.190000,1.07703,1.077,1250000,1810000
2020-04-15 13:19:49.292000,1.07702,1.077,1000000,1250000
2020-04-15 13:19:49.393000,1.07703,1.077,1250000,1250000
2020-04-15 13:19:49.545000,1.07702,1.077,1000000,1250000
2020-04-15 13:19:50.203000,1.07702,1.07699,1000000,3820000
2020-04-15 13:19:50.305000,1.07704,1.077,2250000,1010000
2020-04-15 13:19:52.242000,1.07702,1.077,1310000,1000000
2020-04-15 13:19:52.344000,1.07702,1.07698,1120000,3010000
2020-04-15 13:19:52.927000,1.077,1.07698,1690000,1120000
2020-04-15 13:19:53.029000,1.07697,1.07695,1000000,1100000
2020-04-15 13:19:53.130000,1.07697,1.07694,1000000,1000000
2020-04-15 13:19:53.736000,1.07695,1.07693,1000000,1200000
2020-04-15 13:19:53.940000,1.07693,1.07691,1000000,1700000
2020-04-15 13:19:53.992000,1.07698,1.07697,1000000,1000000
2020-04-15 13:19:54.094000,1.07699,1.07698,3750000,1120000
2020-04-15 13:19:54.145000,1.07702,1.07698,1010000,1120000
2020-04-15 13:19:54.451000,1.077,1.07698,1000000,1870000
2020-04-15 13:19:55.515000,1.07701,1.07698,1000000,1000000
2020-04-15 13:19:56.476000,1.07699,1.07696,1000000,3570000
2020-04-15 13:19:56.678000,1.07699,1.07696,1000000,2700000
2020-04-15 13:19:58.293000,1.07699,1.07697,1000000,1000000
2020-04-15 13:19:59.006000,1.07699,1.07696,1250000,1120000
2020-04-15 13:20:00.073000,1.07699,1.07696,1750000,1120000
2020-04-15 13:20:00.225000,1.07699,1.07696,1000000,1120000
2020-04-15 13:20:01.603000,1.077,1.07697,2120000,1000000
2020-04-15 13:20:07.697000,1.07698,1.07694,1000000,3450000
2020-04-15 13:20:07.849000,1.077,1.07695,3790000,1310000
2020-04-15 13:20:07.950000,1.077,1.07697,2370000,1820000
2020-04-15 13:20:08.052000,1.07702,1.07699,1000000,2700000
2020-04-15 13:20:08.153000,1.07703,1.077,1000000,1250000
2020-04-15 13:20:08.726000,1.07704,1.077,3190000,2700000
2020-04-15 13:20:08.828000,1.07706,1.07701,4590000,1510000
2020-04-15 13:20:10.134000,1.07706,1.07702,1760000,1120000
2020-04-15 13:20:10.539000,1.07705,1.07701,1100000,1810000
2020-04-15 13:20:10.642000,1.07701,1.077,1000000,1000000
2020-04-15 13:20:10.693000,1.07702,1.07697,3450000,3000000
2020-04-15 13:20:10.795000,1.077,1.07697,1120000,1250000
2020-04-15 13:20:10.897000,1.07699,1.07697,1120000,1000000
2020-04-15 13:20:10.948000,1.07699,1.07695,1870000,1120000
2020-04-15 13:20:11.050000,1.07698,1.07695,2060000,1000000
2020-04-15 13:20:11.203000,1.07698,1.07694,3560000,1870000
2020-04-15 13:20:11.498000,1.07698,1.07694,1120000,2560000
2020-04-15 13:20:11.702000,1.07698,1.07695,1000000,1000000
2020-04-15 13:20:12.721000,1.07698,1.07694,1690000,1570000
2020-04-15 13:20:12.822000,1.07698,1.07695,1250000,1000000
2020-04-15 13:20:13.472000,1.07701,1.077,2440000,1000000
2020-04-15 13:20:13.523000,1.07711,1.0771,1500000,1000000
2020-04-15 13:20:13.624000,1.07711,1.07709,1250000,1500000
2020-04-15 13:20:13.725000,1.07711,1.0771,1000000,1250000
2020-04-15 13:20:13.827000,1.07713,1.0771,1690000,1250000
2020-04-15 13:20:14.079000,1.07714,1.0771,1500000,5320000
2020-04-15 13:20:14.383000,1.07714,1.07711,2440000,1760000
2020-04-15 13:20:15.248000,1.07715,1.07712,2810000,1310000
2020-04-15 13:20:15.601000,1.07717,1.07713,4120000,1000000
2020-04-15 13:20:15.702000,1.07717,1.07713,2500000,3500000
2020-04-15 13:20:15.804000,1.07717,1.07713,1690000,1870000
2020-04-15 13:20:17.572000,1.07717,1.07716,1000000,1000000
2020-04-15 13:20:18.483000,1.07719,1.07717,1500000,2440000
2020-04-15 13:20:18.585000,1.07725,1.07723,2890000,1120000
2020-04-15 13:20:18.686000,1.07727,1.07724,1000000,1620000
2020-04-15 13:20:18.787000,1.07727,1.07725,1000000,1000000
2020-04-15 13:20:18.889000,1.07727,1.07724,1500000,1000000
2020-04-15 13:20:19.091000,1.07727,1.07723,1870000,2560000
2020-04-15 13:20:19.546000,1.07727,1.07725,1120000,1000000
2020-04-15 13:20:19.749000,1.07727,1.07725,1120000,1000000
2020-04-15 13:20:19.850000,1.07729,1.07725,1620000,2620000
2020-04-15 13:20:20.875000,1.07729,1.07726,1120000,1120000
2020-04-15 13:20:23.097000,1.07731,1.07728,1620000,1000000
2020-04-15 13:20:23.198000,1.07734,1.07731,3070000,1000000
2020-04-15 13:20:23.249000,1.07735,1.07731,7970000,1500000
2020-04-15 13:20:23.351000,1.07735,1.07731,1000000,2190000
2020-04-15 13:20:23.603000,1.07732,1.0773,1000000,1690000
2020-04-15 13:20:23.654000,1.07734,1.0773,1120000,1250000
2020-04-15 13:20:23.755000,1.07734,1.07731,1200000,1000000
2020-04-15 13:20:24.109000,1.07735,1.07734,1120000,1000000
2020-04-15 13:20:24.412000,1.07736,1.07734,1390000,1000000
2020-04-15 13:20:24.514000,1.07738,1.07736,1270000,1000000
2020-04-15 13:20:24.615000,1.0774,1.07737,1890000,1000000
2020-04-15 13:20:24.817000,1.07739,1.07736,1120000,1120000
2020-04-15 13:20:24.919000,1.0774,1.07738,1000000,1000000
2020-04-15 13:20:25.072000,1.07741,1.07737,2070000,1310000
2020-04-15 13:20:25.641000,1.07743,1.07742,1500000,1500000
2020-04-15 13:20:25.742000,1.07743,1.07741,1390000,1120000
2020-04-15 13:20:25.843000,1.07744,1.07741,1760000,1000000
2020-04-15 13:20:26.247000,1.07744,1.0774,1570000,1000000
2020-04-15 13:20:26.348000,1.07744,1.0774,1720000,1000000
2020-04-15 13:20:26.640000,1.07744,1.0774,1570000,1000000
2020-04-15 13:20:26.741000,1.07744,1.0774,2820000,1000000
2020-04-15 13:20:26.943000,1.07744,1.0774,2060000,1750000
2020-04-15 13:20:27.045000,1.07746,1.07742,1510000,2320000
2020-04-15 13:20:27.146000,1.07747,1.07742,3010000,2370000
2020-04-15 13:20:27.833000,1.07747,1.07744,2560000,1000000
2020-04-15 13:20:27.934000,1.07747,1.07744,1250000,1000000
2020-04-15 13:20:28.139000,1.07748,1.07744,2510000,1000000
2020-04-15 13:20:28.291000,1.07744,1.07742,1000000,2370000
2020-04-15 13:20:28.393000,1.07745,1.07741,1810000,2060000
2020-04-15 13:20:28.849000,1.07743,1.0774,1120000,2120000
2020-04-15 13:20:29.405000,1.07744,1.07741,1870000,1060000
2020-04-15 13:20:29.506000,1.07744,1.07741,1500000,2040000
2020-04-15 13:20:29.897000,1.07743,1.0774,1000000,1870000
2020-04-15 13:20:30.048000,1.07742,1.0774,1000000,1750000
2020-04-15 13:20:30.200000,1.07742,1.07739,1000000,2120000
2020-04-15 13:20:30.302000,1.0774,1.07738,1000000,1250000
2020-04-15 13:20:30.403000,1.0774,1.07738,1000000,1310000
2020-04-15 13:20:30.706000,1.07741,1.07738,1310000,1310000
2020-04-15 13:20:31.014000,1.07739,1.07737,1000000,1250000
2020-04-15 13:20:31.115000,1.07737,1.07734,1000000,3820000
2020-04-15 13:20:31.216000,1.07737,1.07734,1000000,1000000
2020-04-15 13:20:31.318000,1.07736,1.07734,1000000,1000000
2020-04-15 13:20:31.419000,1.07736,1.07732,1250000,1620000
2020-04-15 13:20:31.873000,1.07737,1.07732,1760000,1620000
2020-04-15 13:20:31.924000,1.07735,1.07732,1000000,1620000
2020-04-15 13:20:32.430000,1.07733,1.07731,1000000,1250000
2020-04-15 13:20:32.531000,1.07734,1.07731,1000000,2560000
2020-04-15 13:20:32.633000,1.07733,1.07732,1000000,1250000
2020-04-15 13:20:32.758000,1.07733,1.0773,1000000,1250000
2020-04-15 13:20:32.860000,1.07732,1.07729,1500000,2620000
2020-04-15 13:20:32.962000,1.07732,1.07729,1500000,1870000
2020-04-15 13:20:33.194000,1.07729,1.07727,1000000,1500000
2020-04-15 13:20:33.296000,1.07731,1.07728,2700000,1370000
2020-04-15 13:20:33.397000,1.07731,1.07728,1120000,2870000
2020-04-15 13:20:33.499000,1.07731,1.07728,1000000,1870000
2020-04-15 13:20:33.629000,1.07731,1.07729,1000000,1370000
2020-04-15 13:20:33.989000,1.0773,1.07728,1000000,1870000
2020-04-15 13:20:34.243000,1.07731,1.07728,1570000,2620000
2020-04-15 13:20:35.241000,1.0773,1.07728,1000000,1120000
2020-04-15 13:20:35.292000,1.07729,1.07726,1500000,1730000
2020-04-15 13:20:35.394000,1.07728,1.07725,1000000,1870000
2020-04-15 13:20:36.314000,1.07729,1.07725,1390000,1000000
2020-04-15 13:20:36.618000,1.07728,1.07725,1000000,1810000
2020-04-15 13:20:37.075000,1.07729,1.07726,1310000,1120000
2020-04-15 13:20:37.126000,1.07732,1.07729,3300000,1000000
2020-04-15 13:20:37.177000,1.07732,1.07729,1870000,1000000
2020-04-15 13:20:37.228000,1.0773,1.07727,1000000,2000000
2020-04-15 13:20:37.379000,1.07729,1.07727,1100000,1120000
2020-04-15 13:20:37.481000,1.07729,1.07726,1100000,1120000
2020-04-15 13:20:37.632000,1.0773,1.07726,1950000,1870000
2020-04-15 13:20:37.907000,1.0773,1.07726,2120000,1120000
2020-04-15 13:20:38.412000,1.0773,1.07726,2870000,3120000
2020-04-15 13:20:38.514000,1.0773,1.07726,2060000,3120000
2020-04-15 13:20:38.854000,1.07732,1.07728,2070000,2050000
2020-04-15 13:20:38.956000,1.07732,1.07728,1120000,2420000
2020-04-15 13:20:39.057000,1.07732,1.07729,1120000,1000000
2020-04-15 13:20:39.158000,1.07732,1.07728,1120000,2420000
2020-04-15 13:20:40.299000,1.07732,1.07729,1120000,1250000
2020-04-15 13:20:40.401000,1.07733,1.07729,1870000,1670000
2020-04-15 13:20:40.906000,1.07734,1.0773,2370000,3170000
2020-04-15 13:20:41.008000,1.07733,1.0773,1250000,2370000
2020-04-15 13:20:41.109000,1.07732,1.07729,1250000,1120000
2020-04-15 13:20:41.362000,1.07732,1.07728,2810000,1870000
2020-04-15 13:20:41.666000,1.07732,1.07728,3620000,1120000
2020-04-15 13:20:41.768000,1.07732,1.07728,2890000,1120000
2020-04-15 13:20:42.174000,1.07731,1.07727,2140000,1870000
2020-04-15 13:20:42.672000,1.07732,1.07728,1310000,1120000
2020-04-15 13:20:42.773000,1.07732,1.07728,1250000,2360000
2020-04-15 13:20:43.097000,1.07731,1.07728,1250000,2000000
2020-04-15 13:20:43.198000,1.07731,1.07727,1250000,2750000
2020-04-15 13:20:43.814000,1.07731,1.07727,1310000,2620000
2020-04-15 13:20:44.017000,1.0773,1.07727,1000000,1870000
2020-04-15 13:20:44.424000,1.0773,1.07726,2060000,1870000
2020-04-15 13:20:44.626000,1.0773,1.07726,2970000,1870000
2020-04-15 13:20:44.727000,1.0773,1.07726,1950000,1870000
2020-04-15 13:20:45.226000,1.0773,1.07727,1310000,1000000
2020-04-15 13:20:45.916000,1.0773,1.07727,1370000,1120000
2020-04-15 13:20:46.118000,1.07731,1.07727,4270000,1120000
2020-04-15 13:20:47.086000,1.07732,1.07729,1100000,1300000
2020-04-15 13:20:47.137000,1.07734,1.07731,1250000,1120000
2020-04-15 13:20:47.240000,1.07735,1.07731,2810000,1620000
2020-04-15 13:20:47.342000,1.07734,1.07731,1250000,1810000
2020-04-15 13:20:47.545000,1.07735,1.07731,2810000,1610000
2020-04-15 13:20:47.698000,1.07735,1.07732,2870000,1120000
2020-04-15 13:20:48.509000,1.07736,1.07733,1620000,1500000
2020-04-15 13:20:48.611000,1.07737,1.07733,2620000,1870000
2020-04-15 13:20:49.906000,1.07737,1.07733,1500000,1500000
2020-04-15 13:20:50.261000,1.07739,1.07735,5140000,1500000
2020-04-15 13:20:50.363000,1.07739,1.07735,2950000,2750000
2020-04-15 13:20:50.464000,1.07739,1.07735,2140000,2750000
2020-04-15 13:20:51.071000,1.07739,1.07735,2200000,2750000
2020-04-15 13:20:51.472000,1.07739,1.07735,1120000,2450000
2020-04-15 13:20:51.735000,1.07739,1.07735,2120000,2000000
2020-04-15 13:20:51.836000,1.07739,1.07735,2620000,1870000
2020-04-15 13:20:52.299000,1.07739,1.07735,1310000,2620000
2020-04-15 13:20:53.280000,1.07737,1.07734,2160000,1500000
2020-04-15 13:20:53.382000,1.07735,1.07733,1370000,1000000
2020-04-15 13:20:53.483000,1.07735,1.07732,1370000,1120000
2020-04-15 13:20:53.685000,1.07733,1.07731,1000000,1120000
2020-04-15 13:20:53.786000,1.07733,1.0773,1000000,2250000
2020-04-15 13:20:53.988000,1.07732,1.07729,1870000,1870000
2020-04-15 13:20:54.090000,1.07728,1.07726,1000000,1870000
2020-04-15 13:20:56.073000,1.07728,1.07725,1000000,2710000
2020-04-15 13:20:56.340000,1.07727,1.07725,1000000,2560000
2020-04-15 13:20:58.410000,1.07724,1.07722,1000000,5960000
2020-04-15 13:20:58.511000,1.07722,1.0772,1000000,3370000
2020-04-15 13:20:59.320000,1.07722,1.0772,1000000,1310000
2020-04-15 13:20:59.421000,1.07722,1.0772,1000000,1370000
2020-04-15 13:21:01.184000,1.07722,1.07719,1000000,1370000
2020-04-15 13:21:02.841000,1.07722,1.07719,1000000,3000000
2020-04-15 13:21:03.417000,1.07723,1.0772,1120000,1370000
2020-04-15 13:21:03.519000,1.07724,1.07722,2560000,1000000
2020-04-15 13:21:03.620000,1.07726,1.07723,1200000,1870000
2020-04-15 13:21:03.721000,1.07724,1.07722,1690000,1120000
2020-04-15 13:21:04.226000,1.07723,1.07721,1000000,1250000
2020-04-15 13:21:04.277000,1.07723,1.0772,1690000,1310000
2020-04-15 13:21:05.562000,1.07723,1.0772,1120000,1370000
2020-04-15 13:21:06.465000,1.07723,1.0772,1310000,1310000
2020-04-15 13:21:06.616000,1.07723,1.0772,1120000,2120000
2020-04-15 13:21:06.717000,1.07723,1.0772,1310000,1310000
2020-04-15 13:21:07.217000,1.07723,1.0772,1120000,2270000
2020-04-15 13:21:07.318000,1.07725,1.07723,1000000,1000000
2020-04-15 13:21:07.369000,1.07727,1.07724,1950000,1120000
2020-04-15 13:21:07.470000,1.07727,1.07724,1000000,3370000
2020-04-15 13:21:08.528000,1.07728,1.07724,2250000,3460000
2020-04-15 13:21:10.566000,1.07728,1.07724,1000000,2060000
2020-04-15 13:21:11.138000,1.07728,1.07724,1000000,3020000
2020-04-15 13:21:11.240000,1.07728,1.07724,1000000,2960000
2020-04-15 13:21:12.223000,1.07728,1.07725,1120000,1000000
2020-04-15 13:21:12.375000,1.07728,1.07724,1120000,2960000
2020-04-15 13:21:12.577000,1.07728,1.07724,1120000,3090000
2020-04-15 13:21:12.972000,1.07729,1.07724,2620000,4020000
2020-04-15 13:21:14.958000,1.07731,1.0773,1870000,1690000
2020-04-15 13:21:15.009000,1.07734,1.07731,1100000,3560000
2020-04-15 13:21:15.060000,1.07735,1.07732,1500000,3370000
2020-04-15 13:21:15.111000,1.07737,1.07734,2140000,1120000
2020-04-15 13:21:15.212000,1.07737,1.07734,1000000,1620000
2020-04-15 13:21:15.467000,1.07738,1.07734,1870000,1810000
2020-04-15 13:21:15.719000,1.07738,1.07734,1570000,1250000
2020-04-15 13:21:16.731000,1.07738,1.07734,2640000,1120000
2020-04-15 13:21:17.202000,1.07738,1.07735,1000000,3460000
2020-04-15 13:21:21.218000,1.07738,1.07736,1000000,1250000
2020-04-15 13:21:22.193000,1.07738,1.07735,1000000,3760000
2020-04-15 13:21:22.294000,1.07739,1.07736,1120000,1120000
2020-04-15 13:21:22.395000,1.07741,1.07738,3220000,1500000
2020-04-15 13:21:22.497000,1.07744,1.07742,1250000,3120000
2020-04-15 13:21:22.598000,1.07746,1.07742,3220000,3820000
2020-04-15 13:21:22.750000,1.07746,1.07742,1950000,3010000
2020-04-15 13:21:23.281000,1.07747,1.07744,3010000,1000000
2020-04-15 13:21:23.382000,1.07747,1.07744,1950000,1120000
2020-04-15 13:21:24.317000,1.07747,1.07744,2640000,1000000
2020-04-15 13:21:24.723000,1.07747,1.07744,1120000,3320000
2020-04-15 13:21:24.824000,1.07749,1.07746,2060000,1120000
2020-04-15 13:21:25.027000,1.07749,1.07745,2070000,2060000
2020-04-15 13:21:25.315000,1.07749,1.07745,1000000,2510000
2020-04-15 13:21:25.416000,1.0775,1.07746,3260000,1000000
2020-04-15 13:21:25.621000,1.07749,1.07745,1000000,2510000
2020-04-15 13:21:26.678000,1.07748,1.07745,1000000,1000000
2020-04-15 13:21:27.300000,1.07749,1.07745,2370000,1000000
2020-04-15 13:21:27.401000,1.07751,1.07748,2140000,1870000
2020-04-15 13:21:27.503000,1.07753,1.07749,1500000,2320000
2020-04-15 13:21:27.553000,1.07754,1.0775,2250000,1500000
2020-04-15 13:21:27.655000,1.07752,1.07749,1310000,1690000
2020-04-15 13:21:27.756000,1.07751,1.07749,1370000,1000000
2020-04-15 13:21:27.807000,1.07754,1.07751,2940000,1000000
2020-04-15 13:21:27.908000,1.07754,1.07751,1500000,1120000
2020-04-15 13:21:28.060000,1.07754,1.07752,1000000,1000000
2020-04-15 13:21:28.262000,1.07756,1.07754,2540000,1000000
2020-04-15 13:21:28.364000,1.07756,1.07755,1000000,1120000
2020-04-15 13:21:28.414000,1.07758,1.07755,1100000,1120000
2020-04-15 13:21:28.516000,1.07759,1.07755,3000000,1120000
2020-04-15 13:21:28.667000,1.07762,1.07761,1250000,1000000
2020-04-15 13:21:28.718000,1.07764,1.07761,1600000,1750000
2020-04-15 13:21:28.819000,1.07763,1.07759,1370000,2820000
2020-04-15 13:21:28.921000,1.07763,1.07759,1200000,3010000
2020-04-15 13:21:29.123000,1.07763,1.07759,1500000,1310000
2020-04-15 13:21:29.275000,1.07763,1.07759,1120000,2870000
2020-04-15 13:21:29.377000,1.07763,1.07759,1120000,2810000
2020-04-15 13:21:30.105000,1.07763,1.07759,1120000,3310000
2020-04-15 13:21:30.257000,1.07765,1.07763,1100000,1000000
2020-04-15 13:21:30.308000,1.07766,1.07764,1500000,1120000
2020-04-15 13:21:30.359000,1.07769,1.07766,2290000,1390000
2020-04-15 13:21:30.461000,1.07769,1.07767,1500000,2370000
2020-04-15 13:21:30.511000,1.07771,1.07767,3070000,2370000
2020-04-15 13:21:30.714000,1.0777,1.07766,1750000,2560000
2020-04-15 13:21:30.816000,1.0777,1.07766,1000000,2940000
2020-04-15 13:21:30.969000,1.0777,1.07766,1310000,2750000
2020-04-15 13:21:31.275000,1.07768,1.07765,1870000,1000000
2020-04-15 13:21:31.326000,1.07764,1.07762,1120000,1000000
2020-04-15 13:21:31.428000,1.07762,1.07759,1120000,1000000
2020-04-15 13:21:31.732000,1.07762,1.07758,1390000,1870000
2020-04-15 13:21:31.834000,1.07763,1.0776,1000000,1500000
2020-04-15 13:21:31.936000,1.07763,1.0776,1250000,1500000
2020-04-15 13:21:31.987000,1.07764,1.0776,2320000,1500000
2020-04-15 13:21:32.140000,1.07764,1.0776,3320000,2250000
2020-04-15 13:21:32.446000,1.07764,1.0776,2140000,1870000
2020-04-15 13:21:32.800000,1.07764,1.0776,2540000,1870000
2020-04-15 13:21:32.902000,1.07764,1.0776,3620000,2370000
2020-04-15 13:21:33.003000,1.07764,1.0776,2700000,2560000
2020-04-15 13:21:33.105000,1.07764,1.0776,3700000,2370000
2020-04-15 13:21:33.221000,1.07762,1.0776,1000000,1120000
2020-04-15 13:21:33.272000,1.07761,1.07757,1950000,1000000
2020-04-15 13:21:33.424000,1.07761,1.07757,3700000,1000000
2020-04-15 13:21:33.525000,1.07761,1.07756,4100000,1870000
2020-04-15 13:21:33.627000,1.07761,1.07756,4220000,1870000
2020-04-15 13:21:33.779000,1.0776,1.07757,1410000,1000000
2020-04-15 13:21:33.880000,1.07762,1.07758,4950000,1750000
2020-04-15 13:21:33.981000,1.07762,1.07759,2700000,1870000
2020-04-15 13:21:34.083000,1.07762,1.07759,2100000,1870000
2020-04-15 13:21:34.285000,1.07762,1.07759,1000000,1870000
2020-04-15 13:21:35.016000,1.07761,1.07759,1500000,1250000
2020-04-15 13:21:35.219000,1.07761,1.07758,1120000,1250000
2020-04-15 13:21:35.853000,1.07761,1.07758,1120000,1870000
2020-04-15 13:21:36.005000,1.07758,1.07757,1950000,1000000
2020-04-15 13:21:36.056000,1.07756,1.07755,1000000,1500000
2020-04-15 13:21:36.107000,1.07756,1.07752,1120000,2560000
2020-04-15 13:21:36.763000,1.07755,1.07752,1000000,2370000
2020-04-15 13:21:37.593000,1.07756,1.07752,1390000,2370000
2020-04-15 13:21:37.694000,1.07756,1.07752,1510000,2550000
2020-04-15 13:21:37.795000,1.07756,1.07752,1690000,2550000
2020-04-15 13:21:38.099000,1.07756,1.07752,1690000,2550000
2020-04-15 13:21:38.778000,1.07754,1.07752,2250000,1000000
2020-04-15 13:21:38.879000,1.07754,1.0775,3120000,1310000
2020-04-15 13:21:39.031000,1.07752,1.0775,1000000,1120000
2020-04-15 13:21:39.450000,1.07754,1.0775,1250000,1800000
2020-04-15 13:21:39.703000,1.07754,1.0775,2870000,1800000
2020-04-15 13:21:39.804000,1.07752,1.0775,1000000,1000000
2020-04-15 13:21:40.006000,1.07752,1.07749,1000000,2370000
2020-04-15 13:21:40.360000,1.07751,1.07749,1000000,1620000
2020-04-15 13:21:41.066000,1.07752,1.07748,1000000,2560000
2020-04-15 13:21:42.748000,1.07751,1.07749,1000000,1620000
2020-04-15 13:21:43.154000,1.07751,1.07749,1000000,1000000
2020-04-15 13:21:45.766000,1.07749,1.07746,1870000,2860000
2020-04-15 13:21:45.867000,1.07749,1.07747,1000000,1240000
2020-04-15 13:21:45.968000,1.0775,1.07747,1000000,1240000
2020-04-15 13:21:48,1.07751,1.07747,1000000,2300000
2020-04-15 13:21:48.353000,1.07751,1.07749,1000000,1240000
2020-04-15 13:21:48.505000,1.07753,1.07749,2440000,1120000
2020-04-15 13:21:48.657000,1.07751,1.07749,1000000,1240000
2020-04-15 13:21:48.910000,1.07752,1.07749,1000000,1120000
2020-04-15 13:21:49.011000,1.07752,1.07749,1000000,1490000
2020-04-15 13:21:49.113000,1.07752,1.07749,1000000,1120000
2020-04-15 13:21:49.859000,1.07753,1.07749,1120000,1570000
2020-04-15 13:21:49.961000,1.07754,1.0775,1250000,1870000
2020-04-15 13:21:50.316000,1.07754,1.0775,1250000,3120000
2020-04-15 13:21:50.419000,1.07755,1.0775,1310000,4020000
2020-04-15 13:21:51.758000,1.07755,1.07751,1120000,1370000
2020-04-15 13:21:51.859000,1.07755,1.0775,1120000,3250000
2020-04-15 13:21:57.271000,1.07757,1.07754,1620000,1500000
2020-04-15 13:21:57.321000,1.07759,1.07755,1950000,2820000
2020-04-15 13:21:57.423000,1.0776,1.07756,1000000,2070000
2020-04-15 13:21:57.575000,1.07761,1.07757,1000000,1340000
2020-04-15 13:21:57.979000,1.07763,1.0776,1250000,2130000
2020-04-15 13:21:58.080000,1.07765,1.0776,2440000,2560000
2020-04-15 13:21:58.232000,1.07764,1.0776,1000000,1370000
2020-04-15 13:21:58.333000,1.07764,1.0776,1000000,1310000
2020-04-15 13:21:58.484000,1.07765,1.0776,2140000,1310000
2020-04-15 13:21:58.737000,1.07764,1.07759,1000000,2250000
2020-04-15 13:21:58.838000,1.07764,1.07759,1000000,3250000
2020-04-15 13:21:58.940000,1.07764,1.07759,1250000,2440000
2020-04-15 13:21:59.499000,1.07765,1.07761,2060000,1000000
2020-04-15 13:22:00.055000,1.07764,1.0776,1570000,1310000
2020-04-15 13:22:01.532000,1.07763,1.07759,1200000,2560000
2020-04-15 13:22:01.633000,1.07762,1.07759,1000000,1250000
2020-04-15 13:22:01.835000,1.07762,1.07759,1120000,1120000
2020-04-15 13:22:01.886000,1.07758,1.07757,1120000,3000000
2020-04-15 13:22:01.987000,1.07757,1.07753,1000000,5750000
2020-04-15 13:22:02.038000,1.07755,1.07752,1120000,3620000
2020-04-15 13:22:02.139000,1.07757,1.07754,1200000,1750000
2020-04-15 13:22:02.241000,1.07757,1.07754,1000000,2380000
2020-04-15 13:22:02.342000,1.07757,1.07754,1000000,2320000
2020-04-15 13:22:03.730000,1.07755,1.07754,1000000,1000000
2020-04-15 13:22:03.781000,1.07754,1.07751,1120000,1250000
2020-04-15 13:22:03.933000,1.07754,1.0775,1870000,2120000
2020-04-15 13:22:04.034000,1.07753,1.0775,1000000,1310000
2020-04-15 13:22:04.223000,1.07752,1.07749,1000000,1120000
2020-04-15 13:22:04.374000,1.07753,1.07749,1120000,1000000
2020-04-15 13:22:04.583000,1.07751,1.07749,1000000,1000000
2020-04-15 13:22:04.939000,1.07753,1.07749,1310000,1000000
2020-04-15 13:22:05.142000,1.07752,1.07749,1200000,1000000
2020-04-15 13:22:05.244000,1.07752,1.07748,2320000,1310000
2020-04-15 13:22:05.396000,1.0775,1.07748,1000000,1310000
2020-04-15 13:22:05.498000,1.07751,1.07748,1000000,2560000
2020-04-15 13:22:05.652000,1.0775,1.07748,1000000,1810000
2020-04-15 13:22:06.006000,1.07748,1.07747,1500000,1000000
2020-04-15 13:22:06.057000,1.07746,1.07744,1000000,1450000
2020-04-15 13:22:06.158000,1.07746,1.07744,1000000,1000000
2020-04-15 13:22:06.260000,1.07746,1.07743,1000000,2810000
2020-04-15 13:22:08.071000,1.07746,1.07743,1000000,2190000
2020-04-15 13:22:08.399000,1.07746,1.07743,1120000,1870000
2020-04-15 13:22:10.207000,1.07746,1.07742,2870000,1620000
2020-04-15 13:22:10.401000,1.07746,1.07742,2870000,1120000
2020-04-15 13:22:11.267000,1.07744,1.07742,1000000,1120000
2020-04-15 13:22:11.778000,1.07743,1.07741,1000000,2770000
2020-04-15 13:22:12.138000,1.07744,1.07741,1500000,2960000
2020-04-15 13:22:12.239000,1.07747,1.07746,1120000,1690000
2020-04-15 13:22:12.341000,1.07748,1.07746,1000000,2370000
2020-04-15 13:22:12.442000,1.07748,1.07746,1500000,1620000
2020-04-15 13:22:12.493000,1.07744,1.07743,1000000,1760000
2020-04-15 13:22:12.644000,1.07743,1.07742,1000000,1000000
2020-04-15 13:22:13.499000,1.07743,1.07741,1000000,1620000
2020-04-15 13:22:13.742000,1.07742,1.07741,1000000,1500000
2020-04-15 13:22:13.793000,1.07738,1.07737,1000000,1250000
2020-04-15 13:22:13.945000,1.07737,1.07735,1000000,1870000
2020-04-15 13:22:14.047000,1.07736,1.07734,1000000,3000000
2020-04-15 13:22:14.199000,1.07735,1.07734,1000000,1500000
2020-04-15 13:22:14.250000,1.07731,1.0773,1000000,1000000
2020-04-15 13:22:14.351000,1.07731,1.07728,1000000,4510000
2020-04-15 13:22:14.453000,1.07727,1.07724,1000000,3650000
2020-04-15 13:22:14.554000,1.07725,1.07723,1000000,2510000
2020-04-15 13:22:14.655000,1.07729,1.07727,1000000,1690000
2020-04-15 13:22:14.706000,1.0773,1.07728,1000000,1000000
2020-04-15 13:22:14.858000,1.0773,1.07728,1000000,3000000
2020-04-15 13:22:15.424000,1.07731,1.07728,1000000,2190000
2020-04-15 13:22:15.817000,1.07731,1.07729,1000000,1250000
2020-04-15 13:22:16.598000,1.07732,1.07729,1000000,1810000
2020-04-15 13:22:16.865000,1.07732,1.0773,1000000,1370000
2020-04-15 13:22:16.966000,1.07734,1.07732,1000000,2250000
2020-04-15 13:22:17.068000,1.07734,1.07732,1000000,1000000
2020-04-15 13:22:17.169000,1.07733,1.07731,1000000,1000000
2020-04-15 13:22:19.610000,1.07734,1.07731,1500000,1620000
2020-04-15 13:22:21.118000,1.07734,1.07731,1000000,1120000
2020-04-15 13:22:22.132000,1.07734,1.07731,1000000,1500000
2020-04-15 13:22:22.561000,1.07735,1.07731,2320000,2000000
2020-04-15 13:22:24,1.07734,1.07731,1000000,2370000
2020-04-15 13:22:25.130000,1.07734,1.07731,1000000,1870000
2020-04-15 13:22:26.224000,1.07734,1.07733,1120000,1000000
2020-04-15 13:22:26.275000,1.07737,1.07733,3370000,2370000
2020-04-15 13:22:26.377000,1.07738,1.07735,2250000,1810000
2020-04-15 13:22:26.630000,1.07737,1.07735,1000000,1250000
2020-04-15 13:22:27.235000,1.07735,1.07733,1250000,1000000
2020-04-15 13:22:27.285000,1.07735,1.07732,3260000,3260000
2020-04-15 13:22:27.387000,1.07735,1.07731,3010000,2120000
2020-04-15 13:22:27.488000,1.07735,1.07731,3820000,1310000
2020-04-15 13:22:28.033000,1.07733,1.07731,1000000,1710000
2020-04-15 13:22:28.139000,1.07734,1.07731,1120000,2460000
2020-04-15 13:22:28.291000,1.07734,1.07731,1000000,2960000
2020-04-15 13:22:30.469000,1.07733,1.0773,1000000,3020000
2020-04-15 13:22:31.223000,1.07732,1.07729,1500000,2620000
2020-04-15 13:22:31.526000,1.07731,1.07729,1000000,1900000
2020-04-15 13:22:31.628000,1.0773,1.07728,1000000,1520000
2020-04-15 13:22:31.679000,1.07727,1.07726,1500000,1000000
2020-04-15 13:22:31.780000,1.07726,1.07724,1000000,2060000
2020-04-15 13:22:34.675000,1.07726,1.07724,1000000,1000000
2020-04-15 13:22:35.665000,1.07726,1.07723,1000000,3760000
2020-04-15 13:22:38.087000,1.07725,1.07723,1000000,2070000
2020-04-15 13:22:38.189000,1.07724,1.07721,1000000,2350000
2020-04-15 13:22:38.291000,1.07726,1.07722,1120000,3070000
2020-04-15 13:22:38.392000,1.07726,1.07723,1000000,1250000
2020-04-15 13:22:40.287000,1.07726,1.07724,1000000,1600000
2020-04-15 13:22:40.338000,1.07729,1.07726,2070000,1690000
2020-04-15 13:22:40.439000,1.07729,1.07726,1000000,1500000
2020-04-15 13:22:40.793000,1.07729,1.07726,1000000,1000000
2020-04-15 13:22:42.619000,1.07728,1.07726,1000000,1120000
2020-04-15 13:22:43.528000,1.07727,1.07725,1000000,1000000
2020-04-15 13:22:44.150000,1.07727,1.07724,1500000,1870000
2020-04-15 13:22:44.403000,1.07728,1.07725,1000000,1510000
2020-04-15 13:22:44.504000,1.07728,1.07726,1500000,1000000
2020-04-15 13:22:45.110000,1.07728,1.07725,1500000,2370000
2020-04-15 13:22:45.888000,1.07729,1.07725,1000000,5320000
2020-04-15 13:22:45.990000,1.07728,1.07725,1500000,1620000
2020-04-15 13:22:46.293000,1.07727,1.07725,1000000,1620000
2020-04-15 13:22:46.444000,1.07728,1.07725,1500000,1620000
2020-04-15 13:22:47.051000,1.07727,1.07725,1000000,1500000
2020-04-15 13:22:47.253000,1.07728,1.07725,1500000,2000000
2020-04-15 13:22:47.354000,1.07727,1.07725,1000000,1500000
2020-04-15 13:22:47.789000,1.07728,1.07725,1000000,2250000
2020-04-15 13:22:49.990000,1.07728,1.07725,1500000,1120000
2020-04-15 13:22:52.999000,1.07728,1.07725,1500000,1500000
2020-04-15 13:22:53.978000,1.07728,1.07725,1500000,1120000
2020-04-15 13:22:54.756000,1.07731,1.07728,2320000,3070000
2020-04-15 13:22:54.857000,1.07733,1.07731,1000000,1250000
2020-04-15 13:22:55.059000,1.07734,1.07732,1000000,1250000
2020-04-15 13:22:55.472000,1.07735,1.07731,1000000,3070000
2020-04-15 13:22:55.582000,1.07734,1.07731,1000000,3070000
2020-04-15 13:22:57.704000,1.07733,1.0773,1000000,2820000
2020-04-15 13:22:57.755000,1.07729,1.07727,2250000,1100000
2020-04-15 13:22:57.856000,1.07728,1.07725,1100000,1120000
2020-04-15 13:22:57.958000,1.07727,1.07725,1500000,1000000
2020-04-15 13:22:58.059000,1.07726,1.07723,1120000,2570000
2020-04-15 13:22:58.564000,1.07727,1.07724,1870000,1870000
2020-04-15 13:22:59.027000,1.07727,1.07724,1500000,1810000
2020-04-15 13:22:59.179000,1.07726,1.07724,1000000,1810000
2020-04-15 13:22:59.790000,1.07725,1.07723,1250000,1500000
2020-04-15 13:22:59.841000,1.07723,1.07721,2000000,1870000
2020-04-15 13:22:59.892000,1.07725,1.07722,1950000,2060000
2020-04-15 13:22:59.994000,1.07726,1.07722,1500000,3070000
2020-04-15 13:23:00.146000,1.07725,1.07722,1000000,3070000
2020-04-15 13:23:00.740000,1.07726,1.07722,1500000,3070000
2020-04-15 13:23:01.413000,1.07725,1.07722,1000000,2570000
2020-04-15 13:23:01.515000,1.07721,1.0772,1000000,2250000
2020-04-15 13:23:01.618000,1.07721,1.07719,1500000,1120000
2020-04-15 13:23:01.771000,1.0772,1.07717,1000000,2260000
2020-04-15 13:23:02.787000,1.0772,1.07718,1000000,1000000
2020-04-15 13:23:03.616000,1.0772,1.07718,2500000,1000000
2020-04-15 13:23:03.667000,1.07719,1.07716,2700000,1250000
2020-04-15 13:23:03.768000,1.07719,1.07715,3070000,1370000
2020-04-15 13:23:03.870000,1.07717,1.07714,1500000,1870000
2020-04-15 13:23:03.971000,1.07716,1.07713,1000000,1750000
2020-04-15 13:23:04.819000,1.07718,1.07715,1870000,1450000
2020-04-15 13:23:04.921000,1.07719,1.07716,1500000,1750000
2020-04-15 13:23:05.847000,1.07719,1.07716,1000000,1120000
2020-04-15 13:23:06.750000,1.0772,1.07716,2320000,1120000
2020-04-15 13:23:07.272000,1.07719,1.07716,1690000,1310000
2020-04-15 13:23:07.880000,1.07719,1.07716,1000000,1620000
2020-04-15 13:23:09.339000,1.07719,1.07715,1500000,1620000
2020-04-15 13:23:09.848000,1.07717,1.07715,1950000,1000000
2020-04-15 13:23:09.898000,1.07716,1.07713,1500000,1000000
2020-04-15 13:23:10,1.07716,1.07712,1500000,2620000
2020-04-15 13:23:10.153000,1.07715,1.07712,1000000,1620000
2020-04-15 13:23:10.916000,1.07715,1.07713,1000000,1000000
2020-04-15 13:23:14.965000,1.07715,1.07712,1000000,1500000
2020-04-15 13:23:15.428000,1.07718,1.07716,1870000,2620000
2020-04-15 13:23:15.479000,1.07723,1.07722,1000000,1500000
2020-04-15 13:23:15.530000,1.07725,1.07724,1500000,1000000
2020-04-15 13:23:15.631000,1.07726,1.07724,1000000,1000000
2020-04-15 13:23:15.682000,1.07727,1.07725,3190000,1000000
2020-04-15 13:23:15.969000,1.07726,1.07724,1000000,1620000
2020-04-15 13:23:16.617000,1.07722,1.07721,1000000,1250000
2020-04-15 13:23:16.668000,1.07722,1.0772,1000000,1570000
2020-04-15 13:23:16.769000,1.07721,1.07719,1000000,2370000
2020-04-15 13:23:16.870000,1.07721,1.07719,1000000,1120000
2020-04-15 13:23:20.797000,1.0772,1.07718,1000000,1620000
2020-04-15 13:23:22.924000,1.07723,1.0772,1870000,1120000
2020-04-15 13:23:23.025000,1.07723,1.07721,1000000,1250000
