time,ask,bid,ask_volume,bid_volume
2018-07-19 12:25:00.049000,1.13038,1.13035,3370000,3370000
2018-07-19 12:25:00.337000,1.13036,1.13035,1120000,1870000
2018-07-19 12:25:00.648000,1.13034,1.13032,9000000,1190000
2018-07-19 12:25:00.815000,1.13034,1.1303,4500000,2140000
2018-07-19 12:25:02.684000,1.13034,1.13032,1120000,1500000
2018-07-19 12:25:03.101000,1.13036,1.13034,1250000,1000000
2018-07-19 12:25:03.437000,1.13034,1.13031,1500000,1050000
2018-07-19 12:25:03.960000,1.13033,1.1303,1000000,3260000
2018-07-19 12:25:09.970000,1.13033,1.1303,1000000,3040000
2018-07-19 12:25:11.003000,1.13034,1.1303,3940000,2440000
2018-07-19 12:25:11.553000,1.13033,1.1303,1000000,2810000
2018-07-19 12:25:12.730000,1.13033,1.1303,1870000,1310000
2018-07-19 12:25:17.284000,1.13033,1.1303,1500000,2290000
2018-07-19 12:25:17.796000,1.13033,1.1303,1500000,2060000
2018-07-19 12:25:18.300000,1.13033,1.1303,1500000,2060000
2018-07-19 12:25:18.804000,1.13033,1.1303,1500000,2060000
2018-07-19 12:25:20.289000,1.13033,1.1303,2250000,2060000
2018-07-19 12:25:20.548000,1.13031,1.13028,1000000,5180000
2018-07-19 12:25:21.390000,1.13029,1.13028,2850000,2480000
2018-07-19 12:25:21.496000,1.13029,1.13026,4720000,1250000
2018-07-19 12:25:21.687000,1.13029,1.13028,1000000,1870000
2018-07-19 12:25:21.791000,1.13031,1.13028,1310000,2700000
2018-07-19 12:25:22.340000,1.13032,1.13029,3940000,1370000
2018-07-19 12:25:22.868000,1.13032,1.13028,3750000,5210000
2018-07-19 12:25:23.559000,1.13031,1.13028,1000000,4760000
2018-07-19 12:25:24.958000,1.13031,1.13028,1000000,4390000
2018-07-19 12:25:26.008000,1.1303,1.13028,1500000,1570000
2018-07-19 12:25:26.269000,1.1303,1.13026,2810000,3190000
2018-07-19 12:25:26.774000,1.1303,1.13026,3000000,4090000
2018-07-19 12:25:27.371000,1.1303,1.13028,2250000,1620000
2018-07-19 12:25:27.884000,1.13031,1.13028,1500000,4200000
2018-07-19 12:25:28.403000,1.13031,1.13028,1500000,2700000
2018-07-19 12:25:28.939000,1.13031,1.13028,1500000,3070000
2018-07-19 12:25:29.535000,1.13031,1.13028,1000000,4650000
2018-07-19 12:25:30.060000,1.13032,1.13029,1870000,1120000
2018-07-19 12:25:31.900000,1.13032,1.13028,3940000,5020000
2018-07-19 12:25:32.429000,1.13032,1.13028,2810000,5020000
2018-07-19 12:25:35.944000,1.13031,1.13028,1000000,4570000
2018-07-19 12:25:37.417000,1.13032,1.13029,2810000,1120000
2018-07-19 12:25:44.956000,1.13032,1.13029,4310000,1370000
2018-07-19 12:25:45.475000,1.13031,1.13029,1000000,1000000
2018-07-19 12:25:47.967000,1.13029,1.13026,1870000,4840000
2018-07-19 12:25:48.269000,1.13026,1.13022,3000000,5590000
2018-07-19 12:25:48.788000,1.13026,1.13022,3940000,4200000
2018-07-19 12:25:53.893000,1.13026,1.13022,3000000,4460000
2018-07-19 12:25:54.441000,1.13026,1.13024,1870000,1120000
2018-07-19 12:25:55.587000,1.13026,1.13025,1120000,1250000
2018-07-19 12:25:56.296000,1.13028,1.13025,4120000,1310000
2018-07-19 12:25:58.343000,1.13027,1.13024,1000000,2440000
2018-07-19 12:25:58.712000,1.13029,1.13027,6070000,1250000
2018-07-19 12:25:59.247000,1.13029,1.13026,1120000,6340000
2018-07-19 12:26:00.254000,1.1303,1.13027,3900000,3640000
2018-07-19 12:26:00.777000,1.1303,1.13028,1200000,1500000
2018-07-19 12:26:01.292000,1.1303,1.13028,4270000,1500000
2018-07-19 12:26:01.396000,1.13029,1.13026,2440000,1120000
2018-07-19 12:26:01.921000,1.13029,1.13026,2060000,1500000
2018-07-19 12:26:02.438000,1.13029,1.13026,2060000,1120000
2018-07-19 12:26:02.543000,1.13029,1.13026,2060000,1370000
2018-07-19 12:26:06.984000,1.13031,1.13028,3710000,1870000
2018-07-19 12:26:08.188000,1.13031,1.13028,3520000,2620000
2018-07-19 12:26:08.716000,1.13031,1.13029,1000000,2700000
2018-07-19 12:26:09.263000,1.13033,1.13029,6410000,2700000
2018-07-19 12:26:09.778000,1.13033,1.13032,1870000,1000000
2018-07-19 12:26:10.316000,1.13034,1.13031,1310000,2620000
2018-07-19 12:26:10.897000,1.13034,1.13031,1310000,3370000
2018-07-19 12:26:11.400000,1.13034,1.13031,1310000,2620000
2018-07-19 12:26:13.914000,1.13033,1.13031,1000000,1120000
2018-07-19 12:26:14.530000,1.13033,1.1303,3940000,2620000
2018-07-19 12:26:16.937000,1.13032,1.13029,1000000,3000000
2018-07-19 12:26:17.650000,1.13032,1.13029,1000000,3560000
2018-07-19 12:26:19.343000,1.13033,1.1303,1870000,2060000
2018-07-19 12:26:19.654000,1.13039,1.13037,2140000,1000000
2018-07-19 12:26:19.874000,1.13039,1.13036,5440000,1120000
2018-07-19 12:26:20.411000,1.13039,1.13035,4690000,3000000
2018-07-19 12:26:21.121000,1.13039,1.13035,5060000,2620000
2018-07-19 12:26:21.662000,1.13039,1.13035,5440000,3000000
2018-07-19 12:26:22.175000,1.13039,1.13036,5810000,1000000
2018-07-19 12:26:22.709000,1.13039,1.13036,5440000,1000000
2018-07-19 12:26:23.211000,1.13038,1.13035,1690000,1500000
2018-07-19 12:26:23.730000,1.13039,1.13035,6190000,2250000
2018-07-19 12:26:24.238000,1.13038,1.13035,1250000,2250000
2018-07-19 12:26:26.487000,1.13038,1.13035,1690000,1720000
2018-07-19 12:26:27.019000,1.13038,1.13035,2440000,1500000
2018-07-19 12:26:30.811000,1.13037,1.13035,1000000,1120000
2018-07-19 12:26:32.974000,1.13038,1.13034,5060000,4420000
2018-07-19 12:26:37.426000,1.13039,1.13037,1500000,4120000
2018-07-19 12:26:37.920000,1.13041,1.13038,3000000,1370000
2018-07-19 12:26:39.551000,1.13041,1.13037,3000000,3490000
2018-07-19 12:26:40.074000,1.1304,1.13037,1250000,1870000
2018-07-19 12:26:44.372000,1.13041,1.13037,3560000,2850000
2018-07-19 12:26:44.893000,1.13041,1.13037,3560000,2700000
2018-07-19 12:26:47.665000,1.13041,1.1304,1000000,1120000
2018-07-19 12:26:47.899000,1.13043,1.13041,1000000,1470000
2018-07-19 12:26:48.456000,1.13044,1.13042,1120000,1120000
2018-07-19 12:26:48.817000,1.13046,1.13042,4690000,2250000
2018-07-19 12:26:49.437000,1.13045,1.13042,1000000,2250000
2018-07-19 12:26:50.298000,1.13046,1.13042,3560000,4570000
2018-07-19 12:26:53.890000,1.13045,1.13042,1000000,3000000
2018-07-19 12:26:54.411000,1.13044,1.13042,1690000,1000000
2018-07-19 12:26:54.516000,1.13043,1.1304,1120000,1760000
2018-07-19 12:26:55.050000,1.13042,1.13039,2440000,1500000
2018-07-19 12:26:56.645000,1.13042,1.13039,2440000,2250000
2018-07-19 12:26:57.166000,1.13043,1.1304,3190000,1500000
2018-07-19 12:26:57.714000,1.13042,1.13039,2810000,2250000
2018-07-19 12:26:58.888000,1.13043,1.13041,2810000,1000000
2018-07-19 12:26:59.151000,1.13045,1.13042,2440000,1500000
2018-07-19 12:26:59.690000,1.13045,1.13042,1690000,1500000
2018-07-19 12:27:01.229000,1.13045,1.13042,1500000,1870000
2018-07-19 12:27:02.255000,1.13046,1.13042,3560000,2620000
2018-07-19 12:27:04.234000,1.13046,1.13043,3940000,1000000
2018-07-19 12:27:05.591000,1.13045,1.13042,1500000,3370000
2018-07-19 12:27:06.135000,1.13045,1.13042,2250000,1870000
2018-07-19 12:27:10.412000,1.13045,1.13042,1000000,2620000
2018-07-19 12:27:11.241000,1.13046,1.13043,4310000,1370000
2018-07-19 12:27:11.628000,1.13047,1.13045,1870000,1370000
2018-07-19 12:27:12.146000,1.13048,1.13045,2060000,1870000
2018-07-19 12:27:12.686000,1.13048,1.13045,1870000,2620000
2018-07-19 12:27:15.192000,1.13049,1.13046,1690000,3750000
2018-07-19 12:27:16.195000,1.13051,1.13048,3190000,1000000
2018-07-19 12:27:16.708000,1.13051,1.13048,1310000,2250000
2018-07-19 12:27:16.812000,1.13053,1.13051,1500000,1120000
2018-07-19 12:27:16.996000,1.13054,1.1305,6190000,2440000
2018-07-19 12:27:17.257000,1.13053,1.1305,1690000,1500000
2018-07-19 12:27:17.416000,1.13054,1.13051,3640000,1120000
2018-07-19 12:27:17.940000,1.13054,1.13051,2810000,3370000
2018-07-19 12:27:19.442000,1.13055,1.13053,1870000,1000000
2018-07-19 12:27:19.651000,1.13053,1.1305,1690000,1570000
2018-07-19 12:27:20.191000,1.13052,1.13049,2060000,1500000
2018-07-19 12:27:21.570000,1.13051,1.13048,1250000,2250000
2018-07-19 12:27:22.098000,1.13052,1.13049,1000000,1500000
2018-07-19 12:27:23.670000,1.13052,1.1305,1690000,1870000
2018-07-19 12:27:24.347000,1.13052,1.13049,2060000,1500000
2018-07-19 12:27:24.867000,1.13052,1.13049,2140000,1870000
2018-07-19 12:27:25.786000,1.13052,1.13049,1310000,2620000
2018-07-19 12:27:26.350000,1.13052,1.13049,1310000,1870000
2018-07-19 12:27:27.662000,1.13052,1.13049,1310000,2620000
2018-07-19 12:27:28.302000,1.13052,1.13049,3190000,1000000
2018-07-19 12:27:28.828000,1.13051,1.13048,3560000,1500000
2018-07-19 12:27:29.397000,1.1305,1.13048,1000000,1870000
2018-07-19 12:27:29.915000,1.1305,1.13048,1000000,1500000
2018-07-19 12:27:30.487000,1.1305,1.13048,1000000,1500000
2018-07-19 12:27:31.120000,1.1305,1.13048,1000000,1500000
2018-07-19 12:27:32.271000,1.1305,1.13048,1000000,2250000
2018-07-19 12:27:32.788000,1.1305,1.13048,1000000,1500000
2018-07-19 12:27:33.044000,1.13051,1.13048,2250000,1500000
2018-07-19 12:27:33.556000,1.13051,1.13048,1500000,2250000
2018-07-19 12:27:35.055000,1.13051,1.1305,1000000,1500000
2018-07-19 12:27:35.110000,1.13053,1.1305,4120000,1500000
2018-07-19 12:27:35.632000,1.13053,1.13051,1000000,1000000
2018-07-19 12:27:36.165000,1.13054,1.1305,4870000,3940000
2018-07-19 12:27:36.698000,1.13053,1.1305,1120000,7760000
2018-07-19 12:27:37.092000,1.13054,1.13052,1000000,2060000
2018-07-19 12:27:37.452000,1.13056,1.13053,4500000,1560000
2018-07-19 12:27:37.963000,1.13056,1.13053,4690000,1870000
2018-07-19 12:27:39.300000,1.13056,1.13053,3370000,2060000
2018-07-19 12:27:40.950000,1.13055,1.13053,1000000,5060000
2018-07-19 12:27:41.498000,1.13056,1.13053,1870000,4310000
2018-07-19 12:27:42,1.13057,1.13054,3000000,3190000
2018-07-19 12:27:42.158000,1.13059,1.13056,3190000,3370000
2018-07-19 12:27:42.671000,1.13059,1.13056,3560000,1000000
2018-07-19 12:27:43.527000,1.13058,1.13054,3370000,4310000
2018-07-19 12:27:44.061000,1.13058,1.13055,4120000,1000000
2018-07-19 12:27:45.314000,1.13058,1.13055,3000000,2250000
2018-07-19 12:27:45.522000,1.13058,1.13054,4870000,3190000
2018-07-19 12:27:46.036000,1.13057,1.13054,2620000,2060000
2018-07-19 12:27:51.133000,1.13057,1.13055,1000000,2440000
2018-07-19 12:27:51.681000,1.13057,1.13054,1000000,4870000
2018-07-19 12:27:52.538000,1.13057,1.13054,3000000,1120000
2018-07-19 12:27:53.033000,1.13055,1.13052,1500000,2620000
2018-07-19 12:27:53.393000,1.13054,1.13051,3370000,2620000
2018-07-19 12:27:53.919000,1.13054,1.1305,3940000,2250000
2018-07-19 12:27:55.075000,1.13052,1.13049,3220000,1200000
2018-07-19 12:27:55.606000,1.13051,1.13048,1000000,2810000
2018-07-19 12:27:56.930000,1.13052,1.13049,2620000,1000000
2018-07-19 12:28:00.333000,1.13052,1.13048,3190000,4200000
2018-07-19 12:28:00.711000,1.13053,1.1305,3750000,1370000
2018-07-19 12:28:01.218000,1.13053,1.13049,2810000,2320000
2018-07-19 12:28:01.269000,1.13053,1.13049,3190000,2320000
2018-07-19 12:28:01.372000,1.13053,1.13051,1500000,1120000
2018-07-19 12:28:01.911000,1.13053,1.1305,1000000,2620000
2018-07-19 12:28:02.984000,1.13053,1.1305,1000000,3000000
2018-07-19 12:28:03.926000,1.13054,1.13051,1310000,2620000
2018-07-19 12:28:04.484000,1.13054,1.13051,2620000,1120000
2018-07-19 12:28:05.571000,1.13053,1.1305,1120000,1870000
2018-07-19 12:28:05.885000,1.13054,1.13051,2250000,1370000
2018-07-19 12:28:05.989000,1.13053,1.13051,1000000,1120000
2018-07-19 12:28:07.951000,1.13053,1.1305,1500000,2250000
2018-07-19 12:28:09.535000,1.13053,1.1305,1000000,2440000
2018-07-19 12:28:09.843000,1.13055,1.13053,1870000,1310000
2018-07-19 12:28:10.383000,1.13056,1.13054,1120000,1120000
2018-07-19 12:28:12.007000,1.13056,1.13054,1120000,1500000
2018-07-19 12:28:12.550000,1.13056,1.13054,1120000,1500000
2018-07-19 12:28:13.084000,1.13055,1.13053,1120000,2250000
2018-07-19 12:28:13.188000,1.13055,1.13051,3000000,2510000
2018-07-19 12:28:13.304000,1.13053,1.1305,3000000,1570000
2018-07-19 12:28:13.511000,1.13052,1.13048,2810000,2700000
2018-07-19 12:28:14.029000,1.13052,1.13048,3940000,2620000
2018-07-19 12:28:15.772000,1.13052,1.13048,3190000,2620000
2018-07-19 12:28:16.543000,1.13051,1.13048,1000000,2620000
2018-07-19 12:28:17.179000,1.13052,1.13049,1500000,2810000
2018-07-19 12:28:17.719000,1.13051,1.13049,1000000,1690000
2018-07-19 12:28:18.326000,1.13051,1.13049,1000000,1250000
2018-07-19 12:28:19.175000,1.1305,1.13049,1000000,1000000
2018-07-19 12:28:23.164000,1.13051,1.13049,1000000,1000000
2018-07-19 12:28:24.073000,1.13052,1.13051,1870000,1250000
2018-07-19 12:28:24.127000,1.13054,1.13053,1000000,1120000
2018-07-19 12:28:24.184000,1.13056,1.13055,1000000,1000000
2018-07-19 12:28:24.716000,1.13057,1.13055,1500000,1690000
2018-07-19 12:28:25.257000,1.13058,1.13055,2810000,2100000
2018-07-19 12:28:25.789000,1.13057,1.13055,1000000,1670000
2018-07-19 12:28:30.344000,1.13058,1.13055,2810000,1500000
2018-07-19 12:28:32.562000,1.13058,1.13055,1310000,2100000
2018-07-19 12:28:32.995000,1.13058,1.13055,1310000,2250000
2018-07-19 12:28:37.484000,1.13058,1.13055,2060000,2620000
2018-07-19 12:28:38,1.13058,1.13055,2440000,2250000
2018-07-19 12:28:39.591000,1.13058,1.13055,2810000,1370000
2018-07-19 12:28:40.970000,1.13058,1.13055,3190000,1000000
2018-07-19 12:28:42.111000,1.13058,1.13055,2060000,1370000
2018-07-19 12:28:45.787000,1.13058,1.13055,1690000,1500000
2018-07-19 12:28:46.383000,1.13058,1.13055,1690000,1500000
2018-07-19 12:28:47.106000,1.13058,1.13055,1690000,1500000
2018-07-19 12:28:47.681000,1.13058,1.13054,3190000,4310000
2018-07-19 12:28:48.243000,1.13058,1.13054,2810000,4310000
2018-07-19 12:28:48.751000,1.13057,1.13054,1000000,3560000
2018-07-19 12:28:51.343000,1.13057,1.13054,1310000,1960000
2018-07-19 12:28:51.448000,1.13055,1.13052,1000000,2250000
2018-07-19 12:28:52.226000,1.13054,1.13051,1250000,4120000
2018-07-19 12:28:52.538000,1.13051,1.13048,1760000,1500000
2018-07-19 12:28:54.929000,1.13051,1.13048,1000000,2620000
2018-07-19 12:28:55.554000,1.13051,1.13048,1000000,2100000
2018-07-19 12:28:56.279000,1.13051,1.13048,1000000,1500000
2018-07-19 12:28:56.794000,1.13051,1.13048,1500000,2440000
2018-07-19 12:28:58.165000,1.13051,1.13048,1870000,1500000
2018-07-19 12:28:59.337000,1.13051,1.13048,1690000,2250000
2018-07-19 12:28:59.842000,1.13051,1.13048,3190000,1120000
2018-07-19 12:29:01.199000,1.13051,1.13047,3790000,3750000
2018-07-19 12:29:01.831000,1.13051,1.13047,3190000,3000000
2018-07-19 12:29:03.007000,1.13051,1.13047,2060000,3000000
2018-07-19 12:29:11.573000,1.13051,1.13049,1000000,1000000
2018-07-19 12:29:12.246000,1.13052,1.13049,2810000,1120000
2018-07-19 12:29:13.602000,1.13051,1.13049,1000000,1120000
2018-07-19 12:29:18.035000,1.13051,1.13048,2810000,1120000
2018-07-19 12:29:18.490000,1.13048,1.13046,1000000,4130000
2018-07-19 12:29:18.543000,1.13045,1.13043,1000000,1690000
2018-07-19 12:29:19.065000,1.13044,1.13041,1000000,2810000
2018-07-19 12:29:19.587000,1.13045,1.13041,2250000,3560000
2018-07-19 12:29:20.119000,1.13044,1.13041,1000000,2810000
2018-07-19 12:29:21.068000,1.13044,1.13041,1000000,3000000
2018-07-19 12:29:21.223000,1.13044,1.13042,1000000,1370000
2018-07-19 12:29:21.731000,1.13045,1.13042,1000000,2620000
2018-07-19 12:29:23.310000,1.13046,1.13042,2890000,1500000
2018-07-19 12:29:23.624000,1.13039,1.13035,2060000,1870000
2018-07-19 12:29:24.206000,1.13039,1.13035,1760000,1500000
2018-07-19 12:29:30.154000,1.13039,1.13034,2890000,3640000
2018-07-19 12:29:30.474000,1.13035,1.13032,3190000,1100000
2018-07-19 12:29:30.981000,1.13034,1.1303,1200000,1870000
2018-07-19 12:29:31.511000,1.13033,1.13029,1250000,1870000
2018-07-19 12:29:33.233000,1.13033,1.13029,1000000,3070000
2018-07-19 12:29:33.734000,1.13033,1.13029,1000000,3820000
2018-07-19 12:29:34.201000,1.13033,1.13029,1000000,3820000
2018-07-19 12:29:34.673000,1.13035,1.13031,1000000,3820000
2018-07-19 12:29:34.777000,1.13034,1.13031,1000000,2250000
2018-07-19 12:29:34.967000,1.13035,1.13031,1250000,2320000
2018-07-19 12:29:35.277000,1.13035,1.13031,1370000,1500000
2018-07-19 12:29:35.381000,1.13036,1.13032,2140000,1370000
2018-07-19 12:29:36.298000,1.13033,1.1303,1250000,1100000
2018-07-19 12:29:36.406000,1.13032,1.13028,1190000,3670000
2018-07-19 12:29:36.512000,1.13031,1.13028,1250000,2700000
2018-07-19 12:29:36.566000,1.13025,1.13022,1190000,1000000
2018-07-19 12:29:36.725000,1.13028,1.13024,1250000,3000000
2018-07-19 12:29:36.928000,1.1303,1.13027,1120000,2060000
2018-07-19 12:29:37.241000,1.13032,1.13028,1310000,4200000
2018-07-19 12:29:37.836000,1.13032,1.13028,1000000,4010000
2018-07-19 12:29:38.363000,1.13035,1.1303,1690000,1950000
2018-07-19 12:29:40.361000,1.13036,1.13031,2440000,2700000
2018-07-19 12:29:40.465000,1.13036,1.13031,1190000,4200000
2018-07-19 12:29:43.529000,1.13037,1.13033,1250000,1370000
2018-07-19 12:29:44.143000,1.13039,1.13034,2890000,1120000
2018-07-19 12:29:45.146000,1.13038,1.13033,1310000,1800000
2018-07-19 12:29:45.304000,1.13039,1.13034,1190000,1950000
2018-07-19 12:29:45.357000,1.1304,1.13034,2320000,2700000
2018-07-19 12:29:46.099000,1.1304,1.13034,1390000,1570000
2018-07-19 12:29:46.392000,1.13037,1.13032,2060000,3300000
2018-07-19 12:29:46.698000,1.13038,1.13033,2140000,1370000
2018-07-19 12:29:47.501000,1.13038,1.13033,1620000,1100000
2018-07-19 12:29:47.553000,1.13038,1.13032,1000000,1820000
2018-07-19 12:29:48.059000,1.13039,1.13034,1570000,1120000
2018-07-19 12:29:49.098000,1.13039,1.13035,1760000,1000000
2018-07-19 12:29:50.032000,1.1304,1.13036,1120000,1200000
2018-07-19 12:29:50.600000,1.13041,1.13035,1560000,1570000
2018-07-19 12:29:51.118000,1.13041,1.13035,1560000,1200000
2018-07-19 12:29:51.551000,1.13038,1.13034,1560000,1450000
2018-07-19 12:29:51.603000,1.13038,1.13033,1560000,1200000
2018-07-19 12:29:51.758000,1.13038,1.13035,1560000,1000000
2018-07-19 12:29:51.864000,1.13038,1.13032,1620000,2320000
2018-07-19 12:29:52.216000,1.13039,1.13034,2210000,1370000
2018-07-19 12:29:52.736000,1.1304,1.13033,1520000,1760000
2018-07-19 12:29:52.791000,1.13041,1.13033,1820000,2070000
2018-07-19 12:29:53.396000,1.13042,1.13036,1820000,1000000
2018-07-19 12:29:53.938000,1.13042,1.13034,1820000,2700000
2018-07-19 12:29:56.692000,1.1304,1.13036,1100000,1310000
2018-07-19 12:29:57.195000,1.13043,1.1304,1570000,1000000
2018-07-19 12:29:57.300000,1.13046,1.13042,1450000,1000000
2018-07-19 12:29:57.708000,1.13047,1.13041,1450000,1860000
2018-07-19 12:29:57.760000,1.13047,1.13042,1000000,1620000
2018-07-19 12:29:57.864000,1.13046,1.13042,1450000,1620000
2018-07-19 12:29:58.405000,1.13047,1.13042,2320000,1620000
2018-07-19 12:29:59.726000,1.13045,1.13042,1100000,1000000
2018-07-19 12:30:00.241000,1.13045,1.13041,1070000,1120000
2018-07-19 12:30:00.773000,1.13046,1.13041,1570000,1370000
2018-07-19 12:30:01.322000,1.13049,1.13041,2620000,1370000
2018-07-19 12:30:01.638000,1.13052,1.13046,1370000,1000000
2018-07-19 12:30:02.174000,1.13054,1.13045,1370000,1370000
2018-07-19 12:30:02.667000,1.13049,1.13042,1570000,1010000
2018-07-19 12:30:03.106000,1.13047,1.13041,1100000,1760000
2018-07-19 12:30:03.643000,1.13048,1.13041,1820000,1620000
2018-07-19 12:30:04.188000,1.13042,1.13037,1000000,1850000
2018-07-19 12:30:04.294000,1.13042,1.13036,1570000,1470000
2018-07-19 12:30:04.753000,1.13042,1.13036,1200000,1390000
2018-07-19 12:30:05.171000,1.13042,1.13036,1570000,1390000
2018-07-19 12:30:05.947000,1.13041,1.13034,1570000,3560000
2018-07-19 12:30:06.454000,1.13041,1.13036,1450000,1850000
2018-07-19 12:30:06.967000,1.13042,1.13037,2700000,1370000
2018-07-19 12:30:08.049000,1.13042,1.13037,1950000,1370000
2018-07-19 12:30:08.597000,1.13042,1.13037,1950000,1120000
2018-07-19 12:30:09.133000,1.13042,1.13037,1950000,1370000
2018-07-19 12:30:09.681000,1.13041,1.13036,1100000,1850000
2018-07-19 12:30:10.233000,1.13041,1.13036,1120000,1610000
2018-07-19 12:30:11.546000,1.1304,1.13036,1120000,1350000
2018-07-19 12:30:12.064000,1.1304,1.13036,1120000,1870000
2018-07-19 12:30:12.373000,1.13043,1.13039,2320000,2140000
2018-07-19 12:30:12.538000,1.13044,1.1304,1570000,1690000
2018-07-19 12:30:12.851000,1.13045,1.13042,1120000,1100000
2018-07-19 12:30:13.328000,1.13047,1.13043,1870000,1120000
2018-07-19 12:30:13.878000,1.13046,1.13042,1000000,3860000
2018-07-19 12:30:14.441000,1.13046,1.13042,1000000,3110000
2018-07-19 12:30:14.973000,1.13048,1.13044,1120000,1760000
2018-07-19 12:30:15.479000,1.13048,1.13044,1000000,3490000
2018-07-19 12:30:16.139000,1.13047,1.13043,1000000,4240000
2018-07-19 12:30:16.659000,1.13048,1.13044,1120000,2510000
2018-07-19 12:30:17.406000,1.13048,1.13045,1500000,1100000
2018-07-19 12:30:17.926000,1.13047,1.13044,1000000,2700000
2018-07-19 12:30:18.486000,1.13048,1.13044,1500000,3670000
2018-07-19 12:30:19.029000,1.13048,1.13044,1500000,4050000
2018-07-19 12:30:19.575000,1.13047,1.13044,1500000,2320000
2018-07-19 12:30:20.109000,1.13047,1.13045,1120000,1200000
2018-07-19 12:30:20.637000,1.13047,1.13045,1000000,1570000
2018-07-19 12:30:20.822000,1.13049,1.13046,2250000,1570000
2018-07-19 12:30:21.086000,1.13051,1.13049,3000000,1000000
2018-07-19 12:30:21.403000,1.13053,1.13049,2170000,3750000
2018-07-19 12:30:21.563000,1.13057,1.13054,1120000,1950000
2018-07-19 12:30:21.949000,1.13057,1.13056,1000000,1570000
2018-07-19 12:30:22.336000,1.13059,1.13057,1500000,1200000
2018-07-19 12:30:22.848000,1.13059,1.13058,1000000,1570000
2018-07-19 12:30:23.260000,1.13063,1.13061,1500000,1000000
2018-07-19 12:30:23.471000,1.13065,1.13061,2500000,4390000
2018-07-19 12:30:23.575000,1.13066,1.13062,1670000,1570000
2018-07-19 12:30:24.081000,1.13067,1.13063,2440000,2320000
2018-07-19 12:30:24.819000,1.13067,1.13063,2060000,3670000
2018-07-19 12:30:24.924000,1.13068,1.13065,2250000,1290000
2018-07-19 12:30:24.977000,1.13067,1.13064,2250000,1100000
2018-07-19 12:30:25.500000,1.13066,1.13063,5810000,1000000
2018-07-19 12:30:26.023000,1.13066,1.13063,1870000,2320000
2018-07-19 12:30:26.338000,1.13067,1.13065,1120000,1200000
2018-07-19 12:30:26.581000,1.1307,1.13067,2620000,1200000
2018-07-19 12:30:26.736000,1.13072,1.13068,3560000,3070000
2018-07-19 12:30:27.045000,1.13073,1.13071,1120000,1100000
2018-07-19 12:30:27.511000,1.13075,1.13073,3940000,1000000
2018-07-19 12:30:28.083000,1.13075,1.13074,1310000,1000000
2018-07-19 12:30:28.458000,1.13076,1.13075,2420000,1200000
2018-07-19 12:30:28.904000,1.13078,1.13077,2250000,1000000
2018-07-19 12:30:28.958000,1.13081,1.13079,2120000,1200000
2018-07-19 12:30:29.227000,1.13082,1.13081,1000000,1200000
2018-07-19 12:30:29.539000,1.13081,1.13079,1500000,1370000
2018-07-19 12:30:29.865000,1.1308,1.13078,1250000,1950000
2018-07-19 12:30:30.026000,1.13084,1.13081,1500000,1570000
2018-07-19 12:30:30.311000,1.13085,1.13083,1690000,1200000
2018-07-19 12:30:30.836000,1.13085,1.13083,1000000,1450000
2018-07-19 12:30:31.360000,1.13088,1.13085,2810000,1200000
2018-07-19 12:30:31.466000,1.13088,1.13085,1200000,1000000
2018-07-19 12:30:31.848000,1.13087,1.13083,1500000,3190000
2018-07-19 12:30:33.011000,1.13087,1.13083,1500000,3450000
2018-07-19 12:30:33.515000,1.13087,1.13084,1120000,1570000
2018-07-19 12:30:33.881000,1.13087,1.13083,3000000,3450000
2018-07-19 12:30:34.037000,1.1309,1.13086,1870000,1250000
2018-07-19 12:30:34.569000,1.1309,1.13087,2250000,1390000
2018-07-19 12:30:35.008000,1.1309,1.13089,1000000,1000000
2018-07-19 12:30:35.111000,1.13106,1.13102,2250000,2620000
2018-07-19 12:30:35.164000,1.13104,1.131,1500000,1870000
2018-07-19 12:30:35.366000,1.131,1.13096,1870000,4420000
2018-07-19 12:30:35.418000,1.13102,1.13098,1950000,1120000
2018-07-19 12:30:35.470000,1.13102,1.13098,1950000,3190000
2018-07-19 12:30:36.259000,1.13102,1.13099,1500000,1200000
2018-07-19 12:30:36.772000,1.13102,1.13098,1120000,4200000
2018-07-19 12:30:37.086000,1.131,1.13098,2620000,1570000
2018-07-19 12:30:37.139000,1.131,1.13097,2810000,1100000
2018-07-19 12:30:37.670000,1.13099,1.13096,1720000,2700000
2018-07-19 12:30:38.216000,1.13099,1.13096,1720000,2700000
2018-07-19 12:30:38.597000,1.13101,1.13098,1000000,1950000
2018-07-19 12:30:38.964000,1.13099,1.13097,1000000,1570000
2018-07-19 12:30:39.061000,1.131,1.13096,4870000,1950000
2018-07-19 12:30:39.114000,1.131,1.13098,3940000,1000000
2018-07-19 12:30:39.221000,1.13103,1.131,4310000,1000000
2018-07-19 12:30:39.749000,1.13103,1.13099,1720000,2320000
2018-07-19 12:30:40.295000,1.13102,1.13099,1000000,3070000
2018-07-19 12:30:40.825000,1.13104,1.131,4720000,1950000
2018-07-19 12:30:41.357000,1.13105,1.13101,3190000,1570000
2018-07-19 12:30:42.410000,1.13105,1.13101,2250000,1570000
2018-07-19 12:30:42.667000,1.13106,1.13103,2060000,2620000
2018-07-19 12:30:43.017000,1.13108,1.13105,3260000,1200000
2018-07-19 12:30:43.246000,1.13109,1.13106,1010000,1950000
2018-07-19 12:30:43.298000,1.13111,1.13109,2140000,1120000
2018-07-19 12:30:43.350000,1.13111,1.1311,1200000,1100000
2018-07-19 12:30:43.454000,1.13114,1.13112,1100000,1370000
2018-07-19 12:30:43.667000,1.13117,1.13113,1440000,1500000
2018-07-19 12:30:43.825000,1.13118,1.13114,2250000,1000000
2018-07-19 12:30:43.881000,1.13118,1.13114,2440000,1500000
2018-07-19 12:30:43.935000,1.13118,1.13114,2250000,1950000
2018-07-19 12:30:44.115000,1.13118,1.13116,1500000,1000000
2018-07-19 12:30:44.632000,1.13119,1.13116,3450000,1500000
2018-07-19 12:30:45.025000,1.13122,1.1312,4760000,1120000
2018-07-19 12:30:45.078000,1.13122,1.1312,1000000,2700000
2018-07-19 12:30:45.182000,1.13126,1.13123,7500000,2620000
2018-07-19 12:30:45.348000,1.1313,1.13126,2250000,1950000
2018-07-19 12:30:45.470000,1.13128,1.13126,1000000,1570000
2018-07-19 12:30:45.691000,1.1313,1.13127,1310000,1120000
2018-07-19 12:30:47.113000,1.13129,1.13127,1000000,1100000
2018-07-19 12:30:47.726000,1.13128,1.13125,1500000,1690000
2018-07-19 12:30:47.832000,1.13131,1.13128,2320000,1000000
2018-07-19 12:30:48.019000,1.13129,1.13126,1190000,1120000
2018-07-19 12:30:48.074000,1.13129,1.13125,1000000,1870000
2018-07-19 12:30:48.443000,1.13127,1.13124,1000000,2440000
2018-07-19 12:30:48.789000,1.13124,1.13121,1000000,1310000
2018-07-19 12:30:48.841000,1.13123,1.1312,1120000,2510000
2018-07-19 12:30:49.093000,1.1312,1.13118,1370000,1250000
2018-07-19 12:30:49.198000,1.13118,1.13116,1120000,1000000
2018-07-19 12:30:49.303000,1.13114,1.13113,1200000,1250000
2018-07-19 12:30:49.355000,1.13113,1.13111,2250000,1000000
2018-07-19 12:30:49.408000,1.13112,1.13106,4570000,2620000
2018-07-19 12:30:49.562000,1.13111,1.13107,1100000,1190000
2018-07-19 12:30:49.937000,1.13113,1.13108,2620000,1390000
2018-07-19 12:30:50.086000,1.13112,1.13107,1950000,3190000
2018-07-19 12:30:50.641000,1.13112,1.13107,3070000,1250000
2018-07-19 12:30:51.392000,1.1311,1.13107,1000000,2060000
2018-07-19 12:30:51.547000,1.1311,1.13107,1000000,2060000
2018-07-19 12:30:53.925000,1.13109,1.13106,1000000,1760000
2018-07-19 12:30:54.459000,1.1311,1.13107,1200000,2100000
2018-07-19 12:30:56.084000,1.1311,1.13106,1120000,1690000
2018-07-19 12:30:56.138000,1.13108,1.13105,1000000,1950000
2018-07-19 12:30:56.425000,1.13105,1.13102,1000000,1120000
2018-07-19 12:30:57.042000,1.13105,1.13101,2700000,1500000
2018-07-19 12:30:57.454000,1.13104,1.131,2320000,1500000
2018-07-19 12:30:58.001000,1.13104,1.131,2320000,1870000
2018-07-19 12:30:58.314000,1.13107,1.13104,1570000,1690000
2018-07-19 12:30:58.627000,1.13105,1.13102,1000000,1690000
2018-07-19 12:30:59.150000,1.13106,1.13103,1200000,1120000
2018-07-19 12:30:59.652000,1.13105,1.13102,1100000,1000000
2018-07-19 12:31:00.176000,1.13104,1.13101,1100000,1500000
2018-07-19 12:31:00.714000,1.13104,1.131,3150000,2810000
2018-07-19 12:31:01.167000,1.131,1.13099,1000000,1310000
2018-07-19 12:31:01.221000,1.13103,1.131,4390000,1000000
2018-07-19 12:31:01.759000,1.13105,1.13104,1870000,1000000
2018-07-19 12:31:01.811000,1.13109,1.13106,1200000,1120000
2018-07-19 12:31:01.864000,1.1311,1.13108,1000000,1870000
2018-07-19 12:31:01.968000,1.13105,1.13102,1190000,1120000
2018-07-19 12:31:02.072000,1.13107,1.13104,5320000,1000000
2018-07-19 12:31:02.183000,1.13107,1.13105,5440000,1870000
2018-07-19 12:31:02.235000,1.13109,1.13107,1000000,1190000
2018-07-19 12:31:02.773000,1.1311,1.13106,1250000,1500000
2018-07-19 12:31:03.036000,1.1311,1.13106,1120000,1870000
2018-07-19 12:31:03.192000,1.1311,1.13106,1120000,2440000
2018-07-19 12:31:03.561000,1.13111,1.13109,2250000,1000000
2018-07-19 12:31:03.716000,1.13115,1.13111,2510000,2060000
2018-07-19 12:31:03.769000,1.13114,1.1311,1500000,2890000
2018-07-19 12:31:03.930000,1.13114,1.1311,1500000,2060000
2018-07-19 12:31:04.240000,1.13114,1.13113,1000000,1000000
2018-07-19 12:31:04.476000,1.13117,1.13114,4010000,1000000
2018-07-19 12:31:04.988000,1.13118,1.13116,1120000,1000000
2018-07-19 12:31:05.306000,1.13121,1.13119,1500000,1000000
2018-07-19 12:31:05.843000,1.13122,1.1312,1000000,1000000
2018-07-19 12:31:06.371000,1.13123,1.1312,1120000,1000000
2018-07-19 12:31:07.220000,1.13124,1.1312,1500000,2060000
2018-07-19 12:31:07.553000,1.13127,1.13126,1500000,1000000
2018-07-19 12:31:07.660000,1.13126,1.13124,1250000,1200000
2018-07-19 12:31:07.765000,1.13124,1.13122,1000000,1570000
2018-07-19 12:31:08.312000,1.13124,1.13122,1000000,1000000
2018-07-19 12:31:08.682000,1.13125,1.13123,2440000,1000000
2018-07-19 12:31:08.735000,1.13128,1.13126,1870000,1000000
2018-07-19 12:31:09.105000,1.13132,1.1313,1370000,1120000
2018-07-19 12:31:09.292000,1.13131,1.13128,1540000,1500000
2018-07-19 12:31:09.501000,1.13129,1.13125,1120000,4010000
2018-07-19 12:31:09.618000,1.13129,1.13126,1370000,1250000
2018-07-19 12:31:09.947000,1.13128,1.13124,1410000,2060000
2018-07-19 12:31:10.495000,1.13124,1.13123,1000000,3000000
2018-07-19 12:31:10.548000,1.13124,1.13121,1370000,1120000
2018-07-19 12:31:10.811000,1.13125,1.13124,3970000,1120000
2018-07-19 12:31:11.070000,1.13127,1.13124,1000000,1870000
2018-07-19 12:31:11.558000,1.13129,1.13126,1390000,1500000
2018-07-19 12:31:11.872000,1.13131,1.13128,1050000,2810000
2018-07-19 12:31:12.535000,1.13132,1.13128,1410000,1500000
2018-07-19 12:31:12.714000,1.13134,1.1313,2320000,1310000
2018-07-19 12:31:13.216000,1.13134,1.13131,1250000,1500000
2018-07-19 12:31:13.800000,1.13134,1.13131,1250000,1370000
2018-07-19 12:31:14.365000,1.13135,1.13131,1310000,1000000
2018-07-19 12:31:15.314000,1.13135,1.13131,1310000,1620000
2018-07-19 12:31:15.632000,1.13138,1.13135,1290000,2250000
2018-07-19 12:31:15.979000,1.1314,1.13137,1840000,1500000
2018-07-19 12:31:16.319000,1.13143,1.13142,1120000,1000000
2018-07-19 12:31:16.375000,1.13146,1.13144,1870000,1000000
2018-07-19 12:31:16.813000,1.13148,1.13147,1690000,1000000
2018-07-19 12:31:17.368000,1.13149,1.13147,1120000,1000000
2018-07-19 12:31:17.681000,1.13152,1.13149,2250000,2440000
2018-07-19 12:31:17.942000,1.1315,1.13147,1120000,1310000
2018-07-19 12:31:18.483000,1.13151,1.13149,3640000,1000000
2018-07-19 12:31:18.589000,1.1317,1.13167,1200000,1600000
2018-07-19 12:31:18.643000,1.13176,1.13173,1200000,2100000
2018-07-19 12:31:18.987000,1.1317,1.13167,2250000,1120000
2018-07-19 12:31:19.098000,1.13169,1.13165,1000000,1500000
2018-07-19 12:31:19.291000,1.13165,1.13163,1500000,1570000
2018-07-19 12:31:19.534000,1.13149,1.13143,1370000,1500000
2018-07-19 12:31:20.184000,1.13147,1.13143,1100000,1190000
2018-07-19 12:31:20.605000,1.13146,1.13142,1420000,1310000
2018-07-19 12:31:20.662000,1.13141,1.13138,1200000,1000000
2018-07-19 12:31:21.210000,1.13141,1.13138,1370000,1000000
2018-07-19 12:31:21.264000,1.13142,1.13138,1570000,1370000
2018-07-19 12:31:22.158000,1.13143,1.13137,2510000,3820000
2018-07-19 12:31:22.707000,1.13143,1.13138,3640000,1870000
2018-07-19 12:31:23.251000,1.13143,1.13138,3260000,1000000
2018-07-19 12:31:23.928000,1.13142,1.13138,1570000,1120000
2018-07-19 12:31:24.492000,1.13141,1.13138,1100000,1370000
2018-07-19 12:31:24.993000,1.13141,1.13138,1100000,1000000
2018-07-19 12:31:26.568000,1.13141,1.13137,1570000,1120000
2018-07-19 12:31:26.908000,1.13139,1.13134,2440000,2920000
2018-07-19 12:31:27.422000,1.13138,1.13134,1310000,1000000
2018-07-19 12:31:28.237000,1.13138,1.13133,1620000,1950000
2018-07-19 12:31:28.818000,1.13137,1.13134,1000000,1370000
2018-07-19 12:31:29.033000,1.13141,1.13137,2700000,1870000
2018-07-19 12:31:29.407000,1.13142,1.13138,2060000,1500000
2018-07-19 12:31:30.001000,1.13144,1.13141,3450000,1190000
2018-07-19 12:31:30.159000,1.13145,1.13141,1010000,1500000
2018-07-19 12:31:30.505000,1.13143,1.1314,1000000,1000000
2018-07-19 12:31:31.053000,1.13143,1.13141,1120000,1120000
2018-07-19 12:31:31.263000,1.13142,1.13139,1000000,1950000
2018-07-19 12:31:32.164000,1.13144,1.1314,4690000,1120000
2018-07-19 12:31:32.587000,1.13144,1.13142,1000000,1000000
2018-07-19 12:31:32.939000,1.13147,1.13143,2250000,3190000
2018-07-19 12:31:33.152000,1.13148,1.13145,1500000,1250000
2018-07-19 12:31:34.032000,1.13148,1.13144,1500000,2440000
2018-07-19 12:31:34.348000,1.13151,1.13149,1870000,1310000
2018-07-19 12:31:34.615000,1.1315,1.13146,1120000,3640000
2018-07-19 12:31:35.116000,1.13149,1.13146,1120000,1950000
2018-07-19 12:31:35.323000,1.13153,1.1315,3640000,1000000
2018-07-19 12:31:35.721000,1.13153,1.1315,1500000,1000000
2018-07-19 12:31:36.558000,1.13153,1.1315,1370000,1000000
2018-07-19 12:31:37.090000,1.13153,1.1315,1120000,1000000
2018-07-19 12:31:37.246000,1.13151,1.13148,1120000,1760000
2018-07-19 12:31:37.566000,1.13149,1.13146,1120000,1120000
2018-07-19 12:31:38.098000,1.13148,1.13145,1120000,1120000
2018-07-19 12:31:39.179000,1.13147,1.13145,1000000,1000000
2018-07-19 12:31:39.726000,1.13148,1.13145,1500000,1370000
2018-07-19 12:31:40.109000,1.13151,1.13147,1870000,1000000
2018-07-19 12:31:40.365000,1.1315,1.13148,1000000,1690000
2018-07-19 12:31:40.468000,1.13152,1.13149,1000000,2060000
2018-07-19 12:31:40.987000,1.13153,1.13149,1690000,2810000
2018-07-19 12:31:41.614000,1.13154,1.1315,2510000,1120000
2018-07-19 12:31:42.115000,1.13154,1.1315,1570000,2440000
2018-07-19 12:31:42.484000,1.13154,1.1315,2320000,1000000
2018-07-19 12:31:42.792000,1.1315,1.13146,1250000,1500000
2018-07-19 12:31:43.099000,1.1315,1.13146,2510000,1120000
2018-07-19 12:31:43.638000,1.13148,1.13145,1250000,1000000
2018-07-19 12:31:45.513000,1.13147,1.13144,1250000,1000000
2018-07-19 12:31:45.821000,1.13146,1.13141,2140000,2250000
2018-07-19 12:31:46.355000,1.13146,1.13142,2140000,1120000
2018-07-19 12:31:46.911000,1.13145,1.13141,1310000,3370000
2018-07-19 12:31:47.220000,1.13147,1.13143,1870000,2250000
2018-07-19 12:31:47.524000,1.1315,1.13146,5260000,3000000
2018-07-19 12:31:48.035000,1.1315,1.13146,2180000,1310000
2018-07-19 12:31:48.629000,1.13151,1.13147,2440000,1000000
2018-07-19 12:31:48.733000,1.13149,1.13145,1310000,1500000
2018-07-19 12:31:50.682000,1.13148,1.13144,1250000,1870000
2018-07-19 12:31:51.259000,1.13148,1.13144,1390000,1870000
2018-07-19 12:31:51.860000,1.13148,1.13144,1760000,1120000
2018-07-19 12:31:54.919000,1.13145,1.13143,2440000,1120000
2018-07-19 12:31:55.053000,1.13144,1.1314,3450000,1870000
2018-07-19 12:31:56.464000,1.13144,1.1314,1870000,1870000
2018-07-19 12:31:59.784000,1.13144,1.1314,2700000,1870000
2018-07-19 12:32:00.321000,1.13143,1.1314,1000000,1370000
2018-07-19 12:32:00.864000,1.13143,1.1314,1500000,1120000
2018-07-19 12:32:01.714000,1.1314,1.13138,2250000,2890000
2018-07-19 12:32:01.767000,1.13136,1.13133,1120000,2700000
2018-07-19 12:32:01.819000,1.13134,1.13133,1350000,1000000
2018-07-19 12:32:01.871000,1.13134,1.13131,1000000,3070000
2018-07-19 12:32:01.976000,1.13132,1.13128,1000000,3370000
2018-07-19 12:32:02.227000,1.13132,1.13128,2250000,1500000
2018-07-19 12:32:02.331000,1.13132,1.13128,2250000,2140000
2018-07-19 12:32:02.382000,1.13132,1.13128,3000000,1950000
2018-07-19 12:32:02.486000,1.13131,1.13127,2620000,1390000
2018-07-19 12:32:02.769000,1.1313,1.13126,2620000,2700000
2018-07-19 12:32:02.822000,1.13131,1.13127,2250000,1370000
2018-07-19 12:32:03.187000,1.13133,1.1313,1870000,1690000
2018-07-19 12:32:03.523000,1.13134,1.13131,1000000,2320000
2018-07-19 12:32:03.972000,1.13136,1.13135,1060000,1500000
2018-07-19 12:32:04.077000,1.13138,1.13136,1000000,1500000
2018-07-19 12:32:04.616000,1.1314,1.13137,1500000,1310000
2018-07-19 12:32:05.122000,1.1314,1.13137,1120000,1310000
2018-07-19 12:32:05.980000,1.1314,1.13137,1500000,1390000
2018-07-19 12:32:06.252000,1.13138,1.13134,1870000,1200000
2018-07-19 12:32:06.720000,1.13137,1.13132,6000000,2320000
2018-07-19 12:32:07.325000,1.13137,1.13132,6740000,2510000
2018-07-19 12:32:08.199000,1.13137,1.13132,6740000,1760000
2018-07-19 12:32:08.713000,1.13136,1.13133,1870000,1000000
2018-07-19 12:32:10.553000,1.13138,1.13135,6750000,2440000
2018-07-19 12:32:11.065000,1.13139,1.13137,1500000,1690000
2018-07-19 12:32:11.327000,1.13142,1.1314,2060000,1200000
2018-07-19 12:32:11.585000,1.13143,1.13139,1500000,1310000
2018-07-19 12:32:11.867000,1.13143,1.13142,1000000,1000000
2018-07-19 12:32:11.971000,1.13146,1.13143,3000000,1870000
2018-07-19 12:32:12.526000,1.13146,1.13143,1120000,2360000
2018-07-19 12:32:13.072000,1.13147,1.13143,3000000,2740000
2018-07-19 12:32:14.173000,1.13147,1.13143,3000000,2890000
2018-07-19 12:32:14.555000,1.13144,1.13143,1000000,1000000
2018-07-19 12:32:14.711000,1.13146,1.13143,3000000,1370000
2018-07-19 12:32:15.233000,1.13147,1.13144,1120000,1720000
2018-07-19 12:32:20.105000,1.13147,1.13143,2250000,3260000
2018-07-19 12:32:20.596000,1.13147,1.13144,2250000,1350000
2018-07-19 12:32:21.136000,1.13147,1.13144,1870000,1500000
2018-07-19 12:32:24.287000,1.13145,1.13143,1000000,2700000
2018-07-19 12:32:24.395000,1.13144,1.1314,3820000,2060000
2018-07-19 12:32:24.911000,1.13143,1.1314,1000000,1870000
2018-07-19 12:32:25.924000,1.13144,1.1314,3450000,1500000
2018-07-19 12:32:26.466000,1.13143,1.13139,2810000,3000000
2018-07-19 12:32:27.190000,1.13142,1.13139,1250000,3000000
2018-07-19 12:32:27.689000,1.13143,1.13141,1000000,2320000
2018-07-19 12:32:27.804000,1.13145,1.13142,5320000,1500000
2018-07-19 12:32:28.324000,1.13144,1.13141,1690000,1120000
2018-07-19 12:32:28.859000,1.13143,1.1314,1690000,1120000
2018-07-19 12:32:29.408000,1.13143,1.13141,1100000,1000000
2018-07-19 12:32:30.100000,1.13144,1.13142,1500000,1120000
2018-07-19 12:32:30.204000,1.13145,1.13142,2510000,1120000
2018-07-19 12:32:30.921000,1.13145,1.13141,4010000,1870000
2018-07-19 12:32:31.025000,1.13145,1.13143,1500000,1870000
2018-07-19 12:32:31.549000,1.13146,1.13143,2700000,1870000
2018-07-19 12:32:32.067000,1.13145,1.13143,1000000,1870000
2018-07-19 12:32:32.579000,1.13146,1.13143,1950000,2100000
2018-07-19 12:32:33.146000,1.13146,1.13143,1120000,1690000
2018-07-19 12:32:33.852000,1.13145,1.13143,1120000,1250000
2018-07-19 12:32:33.906000,1.13144,1.13141,1500000,2620000
2018-07-19 12:32:34.430000,1.13144,1.13141,1570000,1500000
2018-07-19 12:32:34.535000,1.1315,1.13147,2060000,2250000
2018-07-19 12:32:35.061000,1.1315,1.13147,5620000,4310000
2018-07-19 12:32:35.233000,1.13151,1.13148,1120000,4690000
2018-07-19 12:32:36.051000,1.13152,1.13149,1870000,1190000
2018-07-19 12:32:36.791000,1.13152,1.1315,1000000,1310000
2018-07-19 12:32:37.299000,1.13153,1.1315,1120000,2060000
2018-07-19 12:32:38.519000,1.1315,1.13149,1120000,1000000
2018-07-19 12:32:38.572000,1.13149,1.13148,1000000,1250000
2018-07-19 12:32:38.988000,1.13151,1.13149,1000000,1190000
2018-07-19 12:32:39.407000,1.13153,1.1315,2320000,1310000
2018-07-19 12:32:41.471000,1.13152,1.13149,1000000,5440000
2018-07-19 12:32:42.086000,1.1315,1.13148,1000000,2810000
2018-07-19 12:32:42.374000,1.13153,1.1315,1000000,1690000
2018-07-19 12:32:42.529000,1.13159,1.13157,1200000,1870000
2018-07-19 12:32:43.013000,1.13161,1.13158,2250000,2810000
2018-07-19 12:32:43.223000,1.13161,1.13158,3070000,1310000
2018-07-19 12:32:43.728000,1.1316,1.13158,1120000,1310000
2018-07-19 12:32:44.262000,1.13161,1.13158,2440000,1500000
2018-07-19 12:32:44.781000,1.1316,1.13158,1120000,1190000
2018-07-19 12:32:45.161000,1.13158,1.13156,2060000,5250000
2018-07-19 12:32:45.265000,1.1316,1.13157,1310000,2620000
2018-07-19 12:32:45.823000,1.1316,1.13157,1000000,4910000
2018-07-19 12:32:46.367000,1.13161,1.13157,1950000,6560000
2018-07-19 12:32:46.870000,1.1316,1.13158,1000000,1490000
2018-07-19 12:32:47.418000,1.13161,1.13158,1870000,1690000
2018-07-19 12:32:48.774000,1.13162,1.13158,3000000,2440000
2018-07-19 12:32:49.343000,1.13162,1.1316,1000000,1500000
2018-07-19 12:32:49.396000,1.13163,1.1316,1000000,2700000
2018-07-19 12:32:49.553000,1.13162,1.1316,1000000,1000000
2018-07-19 12:32:50.390000,1.13161,1.13158,1000000,6260000
2018-07-19 12:32:50.992000,1.13161,1.13159,1000000,1690000
2018-07-19 12:32:52.039000,1.13162,1.13158,2250000,1490000
2018-07-19 12:32:52.092000,1.1316,1.13157,1120000,2920000
2018-07-19 12:32:52.603000,1.13159,1.13157,1000000,4690000
2018-07-19 12:32:53.339000,1.13159,1.13157,1000000,1690000
2018-07-19 12:32:54.396000,1.1316,1.13157,1500000,2440000
2018-07-19 12:32:54.928000,1.13159,1.13157,1000000,3190000
2018-07-19 12:32:55.239000,1.13156,1.13153,2060000,1500000
2018-07-19 12:32:55.766000,1.13156,1.13153,1310000,2620000
2018-07-19 12:32:56.074000,1.13154,1.13151,1250000,3070000
2018-07-19 12:32:56.708000,1.13153,1.13151,1000000,1500000
2018-07-19 12:32:57.287000,1.13153,1.1315,1120000,1310000
2018-07-19 12:32:57.831000,1.13153,1.1315,1000000,1620000
2018-07-19 12:32:58.193000,1.13155,1.13153,2140000,1500000
2018-07-19 12:32:58.420000,1.13158,1.13155,4090000,1000000
2018-07-19 12:32:59.034000,1.13156,1.13154,3750000,1200000
2018-07-19 12:32:59.303000,1.13156,1.13152,3750000,4950000
2018-07-19 12:32:59.356000,1.13155,1.13152,1120000,4500000
2018-07-19 12:32:59.618000,1.13155,1.13152,3190000,1500000
2018-07-19 12:32:59.914000,1.13153,1.13151,1000000,1500000
2018-07-19 12:33:00.449000,1.13152,1.13149,2620000,2060000
2018-07-19 12:33:00.973000,1.13152,1.13149,1120000,2060000
2018-07-19 12:33:01.890000,1.1315,1.13149,1000000,1000000
2018-07-19 12:33:02.150000,1.13147,1.13144,5250000,1000000
2018-07-19 12:33:02.999000,1.13147,1.13144,2810000,2290000
2018-07-19 12:33:03.541000,1.13147,1.13144,2810000,1540000
2018-07-19 12:33:03.856000,1.13147,1.13143,3640000,2620000
2018-07-19 12:33:04.399000,1.13145,1.13143,1000000,1500000
2018-07-19 12:33:05.244000,1.13146,1.13143,1870000,1310000
2018-07-19 12:33:05.944000,1.13146,1.13143,1870000,2290000
2018-07-19 12:33:06.249000,1.13145,1.13143,1870000,1500000
2018-07-19 12:33:06.785000,1.13145,1.13142,3370000,1690000
2018-07-19 12:33:07.282000,1.13146,1.13143,1870000,1120000
2018-07-19 12:33:07.933000,1.13146,1.13144,1500000,1000000
2018-07-19 12:33:08.452000,1.13148,1.13145,3370000,1310000
2018-07-19 12:33:09.255000,1.13148,1.13145,2620000,1540000
2018-07-19 12:33:10.166000,1.13148,1.13144,3370000,1690000
2018-07-19 12:33:10.699000,1.13147,1.13144,1500000,1560000
2018-07-19 12:33:11.528000,1.13147,1.13143,3370000,4160000
2018-07-19 12:33:12.044000,1.13147,1.13143,2620000,3410000
2018-07-19 12:33:12.505000,1.13146,1.13143,1370000,2850000
2018-07-19 12:33:12.818000,1.13142,1.13141,1000000,1000000
2018-07-19 12:33:12.932000,1.13142,1.13139,1500000,1190000
2018-07-19 12:33:13.447000,1.13142,1.13139,9190000,1000000
2018-07-19 12:33:14.384000,1.13141,1.13137,3370000,5510000
2018-07-19 12:33:14.930000,1.1314,1.13137,2620000,1120000
2018-07-19 12:33:16.110000,1.13138,1.13137,1690000,1000000
2018-07-19 12:33:16.162000,1.13135,1.13133,1120000,1000000
2018-07-19 12:33:16.708000,1.13135,1.13134,1690000,1500000
2018-07-19 12:33:17.201000,1.13135,1.13132,1120000,3370000
2018-07-19 12:33:17.306000,1.13136,1.13134,2440000,1870000
2018-07-19 12:33:17.411000,1.13138,1.13135,1000000,2810000
2018-07-19 12:33:17.464000,1.13139,1.13135,4310000,3560000
2018-07-19 12:33:17.688000,1.1314,1.13137,4310000,1870000
2018-07-19 12:33:18.252000,1.1314,1.13137,3190000,1120000
2018-07-19 12:33:18.784000,1.13137,1.13135,1500000,2060000
2018-07-19 12:33:19.331000,1.13136,1.13133,1120000,1870000
2018-07-19 12:33:20.878000,1.13136,1.13133,1870000,2250000
2018-07-19 12:33:21.196000,1.1314,1.13137,1520000,1870000
2018-07-19 12:33:21.469000,1.13141,1.13137,2250000,5060000
2018-07-19 12:33:21.986000,1.13141,1.13138,1370000,1560000
2018-07-19 12:33:23.147000,1.13141,1.13138,2060000,1500000
2018-07-19 12:33:23.659000,1.13141,1.13138,2250000,1690000
2018-07-19 12:33:24.477000,1.1314,1.13138,2250000,1250000
2018-07-19 12:33:24.581000,1.13141,1.13137,4010000,4120000
2018-07-19 12:33:24.690000,1.13141,1.13137,2250000,5060000
2018-07-19 12:33:25.326000,1.13142,1.13139,2620000,1310000
2018-07-19 12:33:29.088000,1.13144,1.13142,1500000,2250000
2018-07-19 12:33:29.218000,1.13145,1.13142,1500000,4500000
2018-07-19 12:33:29.425000,1.13143,1.13142,1690000,1000000
2018-07-19 12:33:29.583000,1.13145,1.13142,2250000,4500000
2018-07-19 12:33:30.066000,1.13145,1.13142,2440000,3450000
2018-07-19 12:33:30.325000,1.13143,1.1314,1870000,2060000
2018-07-19 12:33:30.875000,1.13143,1.13141,1120000,1120000
2018-07-19 12:33:31.165000,1.13142,1.13139,1120000,1250000
2018-07-19 12:33:31.690000,1.13141,1.13138,3750000,1870000
2018-07-19 12:33:31.991000,1.13138,1.13136,1120000,1000000
2018-07-19 12:33:32.094000,1.13139,1.13137,1000000,2620000
2018-07-19 12:33:32.658000,1.13139,1.13137,1000000,1000000
2018-07-19 12:33:33.189000,1.1314,1.13137,2060000,1370000
2018-07-19 12:33:35.281000,1.13141,1.13138,2250000,2060000
2018-07-19 12:33:35.815000,1.13142,1.1314,2250000,1000000
2018-07-19 12:33:37.120000,1.13142,1.13139,1370000,3040000
2018-07-19 12:33:37.628000,1.13143,1.1314,2810000,1000000
2018-07-19 12:33:38.180000,1.13143,1.1314,2060000,1000000
2018-07-19 12:33:38.699000,1.13143,1.13139,4200000,2810000
2018-07-19 12:33:39.329000,1.13142,1.13139,1120000,1690000
2018-07-19 12:33:39.863000,1.13143,1.1314,3820000,1250000
2018-07-19 12:33:40.393000,1.13142,1.13139,1000000,1690000
2018-07-19 12:33:40.898000,1.13142,1.13139,1500000,1690000
2018-07-19 12:33:42.912000,1.13143,1.1314,3370000,1540000
2018-07-19 12:33:43.426000,1.13143,1.1314,2620000,1000000
2018-07-19 12:33:44.317000,1.13143,1.1314,3000000,1620000
2018-07-19 12:33:44.828000,1.13143,1.13141,1000000,1120000
2018-07-19 12:33:45.849000,1.13145,1.13143,4270000,1000000
2018-07-19 12:33:46.113000,1.13144,1.13141,2620000,1310000
2018-07-19 12:33:47.039000,1.13144,1.13141,4390000,1120000
2018-07-19 12:33:47.510000,1.13143,1.13139,4390000,3190000
2018-07-19 12:33:48.338000,1.13143,1.13139,3620000,3560000
2018-07-19 12:33:48.844000,1.13143,1.13139,5060000,1690000
2018-07-19 12:33:49.281000,1.13143,1.13142,1500000,1000000
2018-07-19 12:33:49.385000,1.13145,1.13142,1000000,3820000
2018-07-19 12:33:49.437000,1.13145,1.13142,1000000,4120000
2018-07-19 12:33:49.562000,1.13145,1.13142,2250000,1000000
2018-07-19 12:33:49.665000,1.13143,1.13141,1000000,1120000
2018-07-19 12:33:50.031000,1.1314,1.13138,1000000,1250000
2018-07-19 12:33:50.662000,1.13141,1.13137,2700000,2250000
2018-07-19 12:33:50.714000,1.1314,1.13136,1870000,3370000
2018-07-19 12:33:51.969000,1.13138,1.13134,2440000,1500000
2018-07-19 12:33:52.474000,1.13138,1.13136,1000000,2620000
2018-07-19 12:33:54.115000,1.13138,1.13135,2060000,1870000
2018-07-19 12:33:54.534000,1.13137,1.13133,3190000,4120000
2018-07-19 12:33:55.044000,1.13136,1.13133,3640000,1120000
2018-07-19 12:33:55.577000,1.13136,1.13132,3640000,2620000
2018-07-19 12:33:56.126000,1.13134,1.1313,4800000,5470000
2018-07-19 12:33:56.648000,1.13134,1.13131,2700000,2250000
2018-07-19 12:33:57.179000,1.13134,1.13131,1950000,2250000
2018-07-19 12:33:58.136000,1.13134,1.13131,2700000,1120000
2018-07-19 12:33:58.679000,1.13134,1.13131,1690000,1120000
2018-07-19 12:33:59.230000,1.13134,1.1313,4010000,6190000
2018-07-19 12:33:59.779000,1.13133,1.13129,1950000,3190000
2018-07-19 12:34:00.371000,1.13133,1.13129,4120000,2440000
2018-07-19 12:34:01.192000,1.13133,1.13129,4310000,3000000
2018-07-19 12:34:01.738000,1.13133,1.13129,3560000,2440000
2018-07-19 12:34:01.895000,1.13132,1.13128,3000000,5060000
2018-07-19 12:34:02.433000,1.13132,1.13128,8880000,2620000
2018-07-19 12:34:02.768000,1.13132,1.13129,1000000,2810000
2018-07-19 12:34:03.286000,1.13132,1.13129,2810000,2250000
2018-07-19 12:34:03.805000,1.13131,1.13128,1000000,3190000
2018-07-19 12:34:05.636000,1.1313,1.13128,2250000,1000000
2018-07-19 12:34:05.901000,1.13129,1.13125,3070000,2060000
2018-07-19 12:34:06.608000,1.13128,1.13125,1870000,1500000
2018-07-19 12:34:07.139000,1.13127,1.13124,2700000,1120000
2018-07-19 12:34:07.751000,1.13127,1.13124,1570000,1500000
2018-07-19 12:34:08.267000,1.13128,1.13125,2890000,1120000
2018-07-19 12:34:08.788000,1.13127,1.13124,2620000,1120000
2018-07-19 12:34:09.336000,1.13126,1.13124,1120000,1690000
2018-07-19 12:34:09.889000,1.13127,1.13124,1500000,1870000
2018-07-19 12:34:10.405000,1.13129,1.13126,3940000,1000000
2018-07-19 12:34:10.907000,1.13129,1.13125,4690000,2700000
2018-07-19 12:34:11.286000,1.13129,1.13126,1000000,3670000
2018-07-19 12:34:11.496000,1.13131,1.13128,3450000,2620000
2018-07-19 12:34:12.734000,1.13131,1.13128,1620000,1120000
2018-07-19 12:34:13.044000,1.1313,1.13126,3000000,2510000
2018-07-19 12:34:13.582000,1.13129,1.13125,4390000,1870000
2018-07-19 12:34:14.133000,1.13128,1.13125,2810000,1370000
2018-07-19 12:34:14.647000,1.13128,1.13125,3000000,1250000
2018-07-19 12:34:15.314000,1.13128,1.13124,3750000,2440000
2018-07-19 12:34:15.366000,1.13128,1.13124,3370000,3560000
2018-07-19 12:34:15.625000,1.13126,1.13123,3000000,2440000
2018-07-19 12:34:16.023000,1.13126,1.13123,9260000,1000000
2018-07-19 12:34:16.391000,1.13123,1.13121,1000000,3370000
2018-07-19 12:34:16.916000,1.13124,1.13121,3190000,1000000
2018-07-19 12:34:17.681000,1.13124,1.13121,2440000,1720000
2018-07-19 12:34:18.736000,1.13123,1.1312,1120000,1310000
2018-07-19 12:34:19.182000,1.13121,1.1312,1310000,1120000
2018-07-19 12:34:19.661000,1.1312,1.13117,1120000,2250000
2018-07-19 12:34:19.970000,1.1312,1.13117,2250000,1310000
2018-07-19 12:34:20.074000,1.1312,1.13116,2890000,2620000
2018-07-19 12:34:20.611000,1.13121,1.13118,1690000,1500000
2018-07-19 12:34:20.880000,1.13122,1.13119,2440000,3450000
2018-07-19 12:34:21.393000,1.13123,1.1312,1500000,1910000
2018-07-19 12:34:21.835000,1.13125,1.13122,2060000,3750000
2018-07-19 12:34:21.887000,1.13125,1.13123,1310000,1370000
2018-07-19 12:34:22.421000,1.13125,1.13121,3370000,2890000
2018-07-19 12:34:22.853000,1.13124,1.13122,2250000,1250000
2018-07-19 12:34:22.955000,1.13125,1.13123,1000000,2250000
2018-07-19 12:34:23.469000,1.13127,1.13124,2440000,1120000
2018-07-19 12:34:24.103000,1.13127,1.13124,2440000,1120000
2018-07-19 12:34:25.108000,1.13127,1.13124,4760000,1000000
2018-07-19 12:34:25.643000,1.13127,1.13123,4390000,4120000
2018-07-19 12:34:25.849000,1.13127,1.13124,1000000,2440000
2018-07-19 12:34:25.953000,1.13129,1.13126,1690000,1500000
2018-07-19 12:34:26.115000,1.1313,1.13127,2890000,1500000
2018-07-19 12:34:26.629000,1.13129,1.13127,1000000,1120000
2018-07-19 12:34:27.227000,1.13131,1.13128,4010000,1000000
2018-07-19 12:34:28.639000,1.1313,1.13127,1570000,1870000
2018-07-19 12:34:29.691000,1.13131,1.13128,4010000,1000000
2018-07-19 12:34:30.212000,1.1313,1.13126,4760000,3000000
2018-07-19 12:34:31.366000,1.13129,1.13126,2810000,1500000
2018-07-19 12:34:31.891000,1.13128,1.13126,1000000,1500000
2018-07-19 12:34:32.406000,1.13128,1.13125,1500000,4220000
2018-07-19 12:34:33.053000,1.13128,1.13125,1500000,2440000
2018-07-19 12:34:33.728000,1.13128,1.13125,1000000,4910000
2018-07-19 12:34:35.139000,1.13128,1.13126,1000000,1000000
2018-07-19 12:34:35.646000,1.13128,1.13125,1120000,4690000
2018-07-19 12:34:37.137000,1.13128,1.13126,1000000,1000000
2018-07-19 12:34:37.668000,1.13129,1.13126,5140000,1000000
2018-07-19 12:34:38.211000,1.13128,1.13125,2250000,3940000
2018-07-19 12:34:39.299000,1.13127,1.13124,1000000,5060000
2018-07-19 12:34:39.826000,1.13128,1.13124,3560000,4400000
2018-07-19 12:34:41.549000,1.13127,1.13124,1500000,2060000
2018-07-19 12:34:42.068000,1.13127,1.13124,1000000,2810000
2018-07-19 12:34:43.997000,1.13128,1.13124,3000000,2810000
2018-07-19 12:34:47.351000,1.13127,1.13124,1000000,3190000
2018-07-19 12:34:48.087000,1.13128,1.13124,3820000,3560000
2018-07-19 12:34:48.638000,1.13127,1.13124,3370000,1120000
2018-07-19 12:34:49.185000,1.13126,1.13123,1500000,5350000
2018-07-19 12:34:50.033000,1.13125,1.13123,1310000,2540000
2018-07-19 12:34:50.569000,1.13125,1.13122,1250000,2620000
2018-07-19 12:34:51.097000,1.13127,1.13124,5440000,1000000
2018-07-19 12:34:51.614000,1.13127,1.13124,3370000,1110000
2018-07-19 12:34:53.003000,1.13127,1.13125,1000000,1000000
2018-07-19 12:34:53.573000,1.13128,1.13125,2440000,1120000
2018-07-19 12:34:55.137000,1.13128,1.13124,3190000,4310000
2018-07-19 12:34:56.941000,1.13128,1.13125,2440000,1000000
2018-07-19 12:34:59.087000,1.13127,1.13125,1000000,1000000
2018-07-19 12:34:59.954000,1.13127,1.13124,1870000,2620000
2018-07-19 12:35:00.319000,1.13127,1.13123,3190000,7570000
2018-07-19 12:35:00.437000,1.13126,1.13123,1120000,6260000
2018-07-19 12:35:00.954000,1.13127,1.13123,3560000,5930000
2018-07-19 12:35:01.063000,1.13124,1.13123,1120000,1000000
2018-07-19 12:35:01.118000,1.13123,1.1312,2250000,1310000
2018-07-19 12:35:02.089000,1.13122,1.13119,1500000,1690000
2018-07-19 12:35:02.726000,1.13121,1.13118,1500000,1000000
2018-07-19 12:35:02.831000,1.13118,1.13116,2250000,1090000
2018-07-19 12:35:03.190000,1.1312,1.13118,1120000,1120000
2018-07-19 12:35:03.719000,1.13121,1.13117,4310000,2620000
2018-07-19 12:35:05.457000,1.1312,1.13116,2440000,4270000
2018-07-19 12:35:05.775000,1.13118,1.13114,3370000,2770000
2018-07-19 12:35:06.429000,1.13116,1.13114,1120000,1000000
2018-07-19 12:35:06.610000,1.13115,1.13112,1120000,1500000
2018-07-19 12:35:07.148000,1.13114,1.13111,1000000,4570000
2018-07-19 12:35:07.649000,1.13115,1.13111,3000000,4500000
2018-07-19 12:35:08.174000,1.13114,1.13111,2060000,1870000
2018-07-19 12:35:11.213000,1.13113,1.13111,1000000,2060000
2018-07-19 12:35:11.321000,1.1311,1.13108,2250000,1100000
2018-07-19 12:35:11.378000,1.13109,1.13105,1750000,7200000
2018-07-19 12:35:11.581000,1.13109,1.13107,2440000,1000000
2018-07-19 12:35:11.891000,1.13108,1.13105,1870000,1570000
2018-07-19 12:35:12.309000,1.13107,1.13104,1870000,1880000
2018-07-19 12:35:13.438000,1.13106,1.13104,1000000,2700000
2018-07-19 12:35:13.948000,1.13107,1.13104,1500000,3000000
2018-07-19 12:35:14.924000,1.13105,1.13104,1500000,1130000
2018-07-19 12:35:15.027000,1.13105,1.13102,3260000,1120000
2018-07-19 12:35:15.233000,1.13103,1.13102,1120000,1000000
2018-07-19 12:35:15.336000,1.13102,1.13099,1000000,3260000
2018-07-19 12:35:15.884000,1.13101,1.13099,1000000,2250000
2018-07-19 12:35:16.669000,1.13102,1.13099,2620000,1870000
2018-07-19 12:35:17.186000,1.13101,1.13098,1000000,3070000
2018-07-19 12:35:18.977000,1.13101,1.13098,1690000,2250000
2018-07-19 12:35:19.492000,1.13101,1.13098,1500000,1870000
2018-07-19 12:35:20.039000,1.13101,1.13098,2440000,1870000
2018-07-19 12:35:20.203000,1.13098,1.13097,1000000,1100000
2018-07-19 12:35:20.414000,1.13098,1.13094,3560000,3300000
2018-07-19 12:35:20.805000,1.13096,1.13094,1120000,1000000
2018-07-19 12:35:21.308000,1.13096,1.13092,2620000,4610000
2018-07-19 12:35:24.327000,1.13096,1.13093,1120000,2060000
2018-07-19 12:35:24.647000,1.13099,1.13096,1560000,3150000
2018-07-19 12:35:24.762000,1.13102,1.13099,3190000,1000000
2018-07-19 12:35:25.278000,1.13102,1.131,1000000,1000000
2018-07-19 12:35:25.800000,1.13104,1.13101,3750000,2060000
2018-07-19 12:35:26.344000,1.13104,1.13101,3750000,1910000
2018-07-19 12:35:26.882000,1.13104,1.131,3750000,3860000
2018-07-19 12:35:27.405000,1.13104,1.131,3370000,5810000
2018-07-19 12:35:27.933000,1.13104,1.131,3370000,3340000
2018-07-19 12:35:29.020000,1.13104,1.13102,1120000,1120000
2018-07-19 12:35:29.563000,1.13105,1.13101,3190000,4650000
2018-07-19 12:35:30.184000,1.13104,1.13102,1250000,1500000
2018-07-19 12:35:30.696000,1.13106,1.13102,3190000,2700000
2018-07-19 12:35:31.331000,1.13105,1.13102,2810000,1200000
2018-07-19 12:35:31.855000,1.13104,1.13101,1690000,2320000
2018-07-19 12:35:32.470000,1.13105,1.13101,3940000,2700000
2018-07-19 12:35:32.992000,1.13105,1.13102,2060000,1950000
2018-07-19 12:35:35.328000,1.13105,1.13102,2060000,1950000
2018-07-19 12:35:35.839000,1.13105,1.13102,1310000,1870000
2018-07-19 12:35:36.359000,1.13107,1.13105,3190000,1000000
2018-07-19 12:35:36.412000,1.13108,1.13105,1310000,1870000
2018-07-19 12:35:37.413000,1.13108,1.13105,1250000,2170000
2018-07-19 12:35:38.036000,1.13108,1.13105,2620000,2140000
2018-07-19 12:35:38.486000,1.13105,1.13104,1000000,4010000
2018-07-19 12:35:38.754000,1.13103,1.131,3370000,1190000
2018-07-19 12:35:40.184000,1.13103,1.131,1120000,2440000
2018-07-19 12:35:40.719000,1.13103,1.131,1120000,2440000
2018-07-19 12:35:51.013000,1.13102,1.131,1000000,2060000
2018-07-19 12:35:51.571000,1.13103,1.131,1870000,2510000
2018-07-19 12:35:52.109000,1.13103,1.131,2620000,1690000
2018-07-19 12:35:54.121000,1.13103,1.131,3000000,1310000
2018-07-19 12:35:56.948000,1.13104,1.13102,2250000,2250000
2018-07-19 12:35:57.052000,1.13106,1.13102,2250000,2620000
2018-07-19 12:35:58.570000,1.13107,1.13105,2620000,1120000
2018-07-19 12:36:00.715000,1.13108,1.13105,1500000,1870000
2018-07-19 12:36:01.272000,1.13108,1.13105,1120000,2060000
2018-07-19 12:36:02.049000,1.13108,1.13105,1500000,2060000
2018-07-19 12:36:02.582000,1.13108,1.13105,1120000,2060000
2018-07-19 12:36:04.251000,1.13108,1.13105,2250000,1310000
2018-07-19 12:36:05.993000,1.13105,1.13104,1000000,1570000
2018-07-19 12:36:06.097000,1.13105,1.13102,2250000,3370000
2018-07-19 12:36:07.147000,1.13102,1.131,3560000,2320000
2018-07-19 12:36:07.304000,1.13097,1.13094,1120000,1950000
2018-07-19 12:36:07.408000,1.13098,1.13097,1120000,1000000
2018-07-19 12:36:07.460000,1.131,1.13097,3940000,1000000
2018-07-19 12:36:07.615000,1.13098,1.13097,1120000,1000000
2018-07-19 12:36:08.136000,1.13098,1.13095,2250000,1690000
2018-07-19 12:36:08.294000,1.13098,1.13094,2620000,3640000
2018-07-19 12:36:08.803000,1.13096,1.13093,1000000,3640000
2018-07-19 12:36:09.163000,1.13092,1.1309,1000000,3260000
2018-07-19 12:36:09.321000,1.13095,1.13092,3190000,1000000
2018-07-19 12:36:09.681000,1.13096,1.13093,2060000,1500000
2018-07-19 12:36:10.532000,1.13096,1.13092,2250000,4390000
2018-07-19 12:36:11.040000,1.13096,1.13092,1870000,5210000
2018-07-19 12:36:11.541000,1.13096,1.13092,2250000,5210000
2018-07-19 12:36:12.085000,1.13096,1.13093,1500000,1000000
2018-07-19 12:36:12.591000,1.13096,1.13092,3190000,4760000
2018-07-19 12:36:13.182000,1.13096,1.13092,2250000,4460000
2018-07-19 12:36:18.813000,1.13095,1.13092,1000000,3190000
2018-07-19 12:36:19.319000,1.13096,1.13092,3370000,3190000
2018-07-19 12:36:20.198000,1.13096,1.13092,3370000,2810000
2018-07-19 12:36:20.355000,1.13093,1.13091,1000000,3520000
2018-07-19 12:36:20.612000,1.13092,1.13089,2250000,1000000
2018-07-19 12:36:20.767000,1.13093,1.13091,1690000,1000000
2018-07-19 12:36:20.872000,1.13094,1.13092,2440000,1000000
2018-07-19 12:36:20.976000,1.13096,1.13092,3000000,2440000
2018-07-19 12:36:21.501000,1.13095,1.13092,1000000,2440000
2018-07-19 12:36:22.170000,1.13093,1.13091,1120000,2020000
2018-07-19 12:36:22.325000,1.13093,1.13089,3750000,3260000
2018-07-19 12:36:22.376000,1.13093,1.13091,1870000,1000000
2018-07-19 12:36:22.634000,1.13092,1.13088,1870000,5510000
2018-07-19 12:36:23.398000,1.13091,1.13088,1000000,1870000
2018-07-19 12:36:23.913000,1.13091,1.13088,1000000,1120000
2018-07-19 12:36:24.449000,1.13092,1.13088,2440000,3000000
2018-07-19 12:36:24.943000,1.13091,1.13088,1450000,3070000
2018-07-19 12:36:25.488000,1.13089,1.13087,1200000,1000000
2018-07-19 12:36:27.144000,1.13089,1.13088,1200000,1120000
2018-07-19 12:36:27.672000,1.1309,1.13087,2700000,2320000
2018-07-19 12:36:28.182000,1.1309,1.13088,2320000,1000000
2018-07-19 12:36:28.730000,1.1309,1.13087,3450000,1000000
2018-07-19 12:36:29.341000,1.13089,1.13086,2700000,2140000
2018-07-19 12:36:29.917000,1.13088,1.13084,3450000,3640000
2018-07-19 12:36:30.446000,1.13089,1.13086,1570000,2060000
2018-07-19 12:36:31.290000,1.13089,1.13087,1570000,1000000
2018-07-19 12:36:31.817000,1.13089,1.13086,1950000,3260000
2018-07-19 12:36:32.309000,1.13087,1.13084,1950000,1870000
2018-07-19 12:36:32.898000,1.13088,1.13085,1570000,3640000
2018-07-19 12:36:34.835000,1.13085,1.13084,1000000,1570000
2018-07-19 12:36:34.888000,1.13084,1.13081,3070000,1690000
2018-07-19 12:36:34.994000,1.13083,1.1308,2890000,1000000
2018-07-19 12:36:35.524000,1.13083,1.13079,3070000,3940000
2018-07-19 12:36:36.393000,1.13083,1.13079,3820000,3930000
2018-07-19 12:36:36.911000,1.13084,1.1308,3640000,3370000
2018-07-19 12:36:37.456000,1.13084,1.13081,2140000,1000000
2018-07-19 12:36:38.001000,1.13084,1.1308,3640000,2620000
2018-07-19 12:36:38.524000,1.13083,1.1308,1950000,3000000
2018-07-19 12:36:39.383000,1.13084,1.13081,2700000,1000000
2018-07-19 12:36:39.929000,1.13083,1.1308,1950000,2440000
2018-07-19 12:36:40.135000,1.1308,1.13077,1690000,1870000
2018-07-19 12:36:40.448000,1.13079,1.13077,1250000,1000000
2018-07-19 12:36:40.500000,1.13081,1.13079,2250000,1000000
2018-07-19 12:36:40.966000,1.13078,1.13076,1000000,1690000
2018-07-19 12:36:41.019000,1.13078,1.13076,1870000,1250000
2018-07-19 12:36:41.536000,1.13078,1.13075,1500000,1120000
2018-07-19 12:36:42.057000,1.13078,1.13074,2620000,2250000
2018-07-19 12:36:42.567000,1.13078,1.13074,3000000,1870000
2018-07-19 12:36:44.010000,1.13077,1.13074,1000000,1500000
2018-07-19 12:36:44.562000,1.13077,1.13074,1870000,1120000
2018-07-19 12:36:47.296000,1.13077,1.13074,3070000,1120000
2018-07-19 12:36:47.799000,1.13077,1.13074,2700000,1500000
2018-07-19 12:36:51.751000,1.13077,1.13074,3820000,1120000
2018-07-19 12:36:52.277000,1.13077,1.13074,2700000,1500000
2018-07-19 12:36:53.132000,1.13077,1.13074,1950000,1500000
2018-07-19 12:36:53.673000,1.13077,1.13074,1950000,1500000
2018-07-19 12:36:55.514000,1.13077,1.13075,1000000,1000000
2018-07-19 12:36:56.321000,1.13078,1.13074,3820000,3370000
2018-07-19 12:36:56.758000,1.13078,1.13077,1200000,1000000
2018-07-19 12:36:56.913000,1.13081,1.13078,1000000,3750000
2018-07-19 12:36:57.401000,1.13083,1.13081,2700000,1000000
2018-07-19 12:36:57.922000,1.13084,1.1308,2700000,4120000
2018-07-19 12:36:58.470000,1.13084,1.1308,2700000,4120000
2018-07-19 12:37:00.448000,1.13083,1.1308,1000000,3750000
2018-07-19 12:37:01.126000,1.13084,1.13081,1870000,2620000
2018-07-19 12:37:01.657000,1.13084,1.13081,1000000,3000000
2018-07-19 12:37:01.990000,1.1309,1.13089,1120000,1870000
2018-07-19 12:37:02.153000,1.13092,1.13089,1310000,1870000
2018-07-19 12:37:02.770000,1.13093,1.1309,1310000,3000000
2018-07-19 12:37:03.133000,1.13095,1.13092,3260000,1870000
2018-07-19 12:37:03.185000,1.13095,1.13093,1120000,3600000
2018-07-19 12:37:03.713000,1.13096,1.13093,1690000,1370000
2018-07-19 12:37:04.218000,1.13095,1.13092,1250000,2620000
2018-07-19 12:37:04.720000,1.13096,1.13093,2810000,1000000
2018-07-19 12:37:09.643000,1.13096,1.13092,3640000,3000000
2018-07-19 12:37:11.291000,1.13096,1.13092,3940000,2620000
2018-07-19 12:37:11.496000,1.13096,1.13094,2440000,1000000
2018-07-19 12:37:11.650000,1.13096,1.13092,2440000,4310000
2018-07-19 12:37:13.410000,1.13095,1.13092,1000000,2440000
2018-07-19 12:37:13.960000,1.13095,1.13092,1000000,2440000
2018-07-19 12:37:14.507000,1.13096,1.13092,2810000,2440000
2018-07-19 12:37:14.848000,1.13095,1.13092,1310000,3000000
2018-07-19 12:37:14.901000,1.13091,1.13088,1000000,2810000
2018-07-19 12:37:15.006000,1.1309,1.13088,2250000,1000000
2018-07-19 12:37:15.266000,1.13091,1.13087,2510000,2440000
2018-07-19 12:37:15.817000,1.1309,1.13087,1690000,1500000
2018-07-19 12:37:17.293000,1.1309,1.13087,1000000,2250000
2018-07-19 12:37:17.805000,1.1309,1.13087,4310000,1000000
2018-07-19 12:37:18.323000,1.1309,1.13087,2810000,1500000
2018-07-19 12:37:19.150000,1.1309,1.13086,2440000,3940000
2018-07-19 12:37:19.668000,1.1309,1.13086,2440000,3560000
2018-07-19 12:37:23.525000,1.13087,1.13085,1000000,4690000
2018-07-19 12:37:23.630000,1.13089,1.13086,1120000,2060000
2018-07-19 12:37:24.146000,1.1309,1.13086,2440000,3260000
2018-07-19 12:37:24.965000,1.1309,1.13087,2440000,1000000
2018-07-19 12:37:26.252000,1.1309,1.13086,2440000,3560000
2018-07-19 12:37:26.816000,1.1309,1.13087,2440000,1000000
2018-07-19 12:37:27.292000,1.13088,1.13087,1000000,1000000
2018-07-19 12:37:27.399000,1.1309,1.13087,1690000,1000000
2018-07-19 12:37:29.672000,1.1309,1.13087,2060000,1500000
2018-07-19 12:37:30.200000,1.1309,1.13087,2060000,1500000
2018-07-19 12:37:32.291000,1.1309,1.13086,2060000,3940000
2018-07-19 12:37:32.912000,1.1309,1.13087,2060000,1000000
2018-07-19 12:37:34.105000,1.1309,1.13087,2570000,1690000
2018-07-19 12:37:34.239000,1.13093,1.13092,5440000,1000000
2018-07-19 12:37:34.291000,1.13095,1.13092,1000000,2440000
2018-07-19 12:37:34.395000,1.13095,1.13091,2700000,3560000
2018-07-19 12:37:34.448000,1.13094,1.13091,2250000,1310000
2018-07-19 12:37:34.552000,1.13095,1.13092,1870000,1310000
2018-07-19 12:37:34.735000,1.13093,1.13091,1120000,1250000
2018-07-19 12:37:35.261000,1.13093,1.1309,1120000,2440000
2018-07-19 12:37:35.518000,1.13092,1.13088,2620000,3940000
2018-07-19 12:37:36.030000,1.13091,1.13088,1120000,1870000
2018-07-19 12:37:37.124000,1.1309,1.13088,1000000,1000000
2018-07-19 12:37:37.645000,1.1309,1.13087,1500000,1870000
2018-07-19 12:37:40.288000,1.1309,1.13086,3000000,4310000
2018-07-19 12:37:40.340000,1.13087,1.13085,1120000,3750000
2018-07-19 12:37:40.494000,1.13087,1.13083,7760000,1870000
2018-07-19 12:37:40.917000,1.13088,1.13084,3450000,3560000
2018-07-19 12:37:41.948000,1.13088,1.13084,3070000,2810000
2018-07-19 12:37:43.567000,1.13086,1.13083,1000000,3560000
2018-07-19 12:37:43.722000,1.13086,1.13082,3370000,3560000
2018-07-19 12:37:43.872000,1.13085,1.13082,2250000,1250000
2018-07-19 12:37:44.416000,1.13085,1.13082,3820000,1250000
2018-07-19 12:37:46.595000,1.13085,1.13083,1500000,1000000
2018-07-19 12:37:46.699000,1.13085,1.13081,3000000,3940000
2018-07-19 12:37:47.203000,1.13085,1.13082,2620000,1870000
2018-07-19 12:37:48.238000,1.13085,1.13081,2250000,4310000
2018-07-19 12:37:48.776000,1.13085,1.13082,2890000,1000000
2018-07-19 12:37:49.558000,1.13085,1.13081,2890000,3940000
2018-07-19 12:37:50.381000,1.13085,1.13082,1690000,1000000
2018-07-19 12:37:54.235000,1.13086,1.13083,2620000,1000000
2018-07-19 12:37:54.972000,1.13085,1.13082,1000000,2440000
2018-07-19 12:37:56.459000,1.13085,1.13082,1500000,1870000
2018-07-19 12:37:56.999000,1.13085,1.13082,1500000,1500000
2018-07-19 12:37:57.418000,1.13083,1.13081,1120000,1000000
2018-07-19 12:37:57.680000,1.13078,1.13075,1120000,1500000
2018-07-19 12:37:58.214000,1.13077,1.13075,1120000,1000000
2018-07-19 12:37:58.758000,1.13079,1.13077,3820000,1000000
2018-07-19 12:37:58.923000,1.13081,1.13077,4010000,3190000
2018-07-19 12:37:59.287000,1.13082,1.13081,1200000,1310000
2018-07-19 12:37:59.425000,1.13085,1.13082,1370000,1500000
2018-07-19 12:37:59.479000,1.13089,1.13086,1760000,1500000
2018-07-19 12:37:59.532000,1.13089,1.13087,1250000,1000000
2018-07-19 12:37:59.953000,1.13087,1.13085,1500000,1690000
2018-07-19 12:38:00.210000,1.13086,1.13082,5060000,2060000
2018-07-19 12:38:01.345000,1.13084,1.13081,1370000,1120000
2018-07-19 12:38:01.397000,1.1308,1.13079,1000000,1000000
2018-07-19 12:38:01.604000,1.13082,1.13079,1870000,1500000
2018-07-19 12:38:02.154000,1.13081,1.13078,1120000,3000000
2018-07-19 12:38:02.707000,1.13079,1.13076,1120000,1120000
2018-07-19 12:38:03.324000,1.1308,1.13076,5890000,1690000
2018-07-19 12:38:03.482000,1.13083,1.13079,3450000,2810000
2018-07-19 12:38:04.015000,1.13083,1.13079,2250000,3940000
2018-07-19 12:38:05.015000,1.13082,1.13079,1000000,3560000
2018-07-19 12:38:05.807000,1.1308,1.13077,1120000,5890000
2018-07-19 12:38:06.351000,1.13081,1.13078,1120000,1500000
2018-07-19 12:38:09.791000,1.1308,1.13076,2060000,5510000
2018-07-19 12:38:10.237000,1.13079,1.13076,2620000,1120000
2018-07-19 12:38:10.446000,1.13078,1.13074,2250000,3560000
2018-07-19 12:38:10.924000,1.13075,1.13072,1000000,3190000
2018-07-19 12:38:11.439000,1.13076,1.13072,4760000,2440000
2018-07-19 12:38:11.987000,1.13077,1.13074,1120000,1500000
2018-07-19 12:38:12.378000,1.1308,1.13078,3190000,1120000
2018-07-19 12:38:12.430000,1.13081,1.13077,2440000,3000000
2018-07-19 12:38:12.585000,1.13079,1.13076,1000000,4310000
2018-07-19 12:38:13.106000,1.1308,1.13076,4010000,1690000
2018-07-19 12:38:13.404000,1.13081,1.13078,3560000,1500000
2018-07-19 12:38:13.457000,1.13082,1.13079,1000000,2810000
2018-07-19 12:38:13.997000,1.1308,1.13077,1120000,3190000
2018-07-19 12:38:14.526000,1.13079,1.13076,1870000,1250000
2018-07-19 12:38:15.069000,1.13078,1.13075,1000000,1690000
2018-07-19 12:38:15.919000,1.13078,1.13074,2250000,2440000
2018-07-19 12:38:16.636000,1.13077,1.13074,1000000,1500000
2018-07-19 12:38:18.101000,1.13076,1.13073,1310000,1500000
2018-07-19 12:38:18.622000,1.13077,1.13074,3710000,1500000
2018-07-19 12:38:18.780000,1.13078,1.13074,4010000,3750000
2018-07-19 12:38:19.411000,1.13079,1.13075,3070000,2440000
2018-07-19 12:38:20.033000,1.13079,1.13076,1000000,2440000
2018-07-19 12:38:20.576000,1.13079,1.13077,2320000,1000000
2018-07-19 12:38:21.077000,1.13079,1.13076,1870000,1870000
2018-07-19 12:38:21.440000,1.13081,1.13078,1950000,1500000
2018-07-19 12:38:21.984000,1.13081,1.13078,1120000,2250000
2018-07-19 12:38:22.784000,1.13082,1.13079,1120000,2250000
2018-07-19 12:38:23.147000,1.13083,1.1308,1500000,2250000
2018-07-19 12:38:24.721000,1.13083,1.1308,1120000,2250000
2018-07-19 12:38:26.908000,1.13084,1.13081,1250000,1870000
2018-07-19 12:38:27.428000,1.13085,1.13083,2250000,1000000
2018-07-19 12:38:27.852000,1.13082,1.13081,1000000,1120000
2018-07-19 12:38:28.367000,1.13082,1.1308,2250000,1000000
2018-07-19 12:38:28.474000,1.1308,1.13078,1000000,1250000
2018-07-19 12:38:28.527000,1.1308,1.13079,1200000,1000000
2018-07-19 12:38:29.059000,1.1308,1.13076,2700000,4310000
2018-07-19 12:38:29.703000,1.1308,1.13077,1500000,1000000
2018-07-19 12:38:29.757000,1.13081,1.13079,1690000,1000000
2018-07-19 12:38:29.809000,1.13082,1.13078,4200000,2810000
2018-07-19 12:38:30.665000,1.13082,1.13079,2320000,3000000
2018-07-19 12:38:31.511000,1.13082,1.1308,1870000,1000000
2018-07-19 12:38:31.564000,1.13081,1.13077,2060000,4200000
2018-07-19 12:38:31.927000,1.1308,1.13078,1370000,1500000
2018-07-19 12:38:32.451000,1.1308,1.13078,1120000,1500000
2018-07-19 12:38:32.970000,1.1308,1.13078,1870000,1500000
2018-07-19 12:38:33.516000,1.1308,1.13077,1000000,2810000
2018-07-19 12:38:34.067000,1.13081,1.13078,2620000,3190000
2018-07-19 12:38:34.384000,1.13083,1.1308,1570000,2060000
2018-07-19 12:38:34.437000,1.13084,1.13082,1650000,2250000
2018-07-19 12:38:34.960000,1.13085,1.13082,1870000,2250000
2018-07-19 12:38:35.386000,1.13083,1.13082,1000000,1000000
2018-07-19 12:38:35.438000,1.13083,1.1308,2250000,2440000
2018-07-19 12:38:36.044000,1.13081,1.1308,1500000,1000000
2018-07-19 12:38:36.361000,1.13085,1.13082,2620000,3040000
2018-07-19 12:38:36.415000,1.13086,1.13084,3070000,1000000
2018-07-19 12:38:37.367000,1.13085,1.13082,2700000,3190000
2018-07-19 12:38:37.690000,1.13086,1.13083,2890000,1500000
2018-07-19 12:38:38.215000,1.13086,1.13083,1950000,3560000
2018-07-19 12:38:38.754000,1.13085,1.13083,1500000,1500000
2018-07-19 12:38:39.283000,1.13084,1.13081,1120000,3000000
2018-07-19 12:38:39.811000,1.13085,1.13083,1570000,1370000
2018-07-19 12:38:40.340000,1.13086,1.13083,2320000,1370000
2018-07-19 12:38:41.537000,1.13086,1.13083,3450000,1370000
2018-07-19 12:38:42.056000,1.13086,1.13083,2700000,1370000
2018-07-19 12:38:42.604000,1.13085,1.13083,1000000,1370000
2018-07-19 12:38:43.107000,1.13084,1.13083,1000000,1000000
2018-07-19 12:38:43.707000,1.13085,1.13082,1500000,1870000
2018-07-19 12:38:45.127000,1.13086,1.13082,3190000,3750000
2018-07-19 12:38:45.542000,1.13084,1.13081,2250000,3190000
2018-07-19 12:38:46.061000,1.13085,1.13081,4200000,2810000
2018-07-19 12:38:47.044000,1.13084,1.13081,1000000,2810000
2018-07-19 12:38:47.432000,1.13082,1.1308,1000000,2060000
2018-07-19 12:38:47.877000,1.13084,1.1308,2700000,3560000
2018-07-19 12:38:48.584000,1.13085,1.13081,2510000,2250000
2018-07-19 12:38:49.119000,1.13084,1.13081,1120000,2250000
2018-07-19 12:38:55.945000,1.13085,1.13083,1200000,1870000
2018-07-19 12:38:56.276000,1.13087,1.13083,3820000,5060000
2018-07-19 12:38:56.595000,1.1309,1.13087,2320000,1250000
2018-07-19 12:38:58.283000,1.1309,1.13087,2250000,2810000
2018-07-19 12:38:58.831000,1.13092,1.13089,7650000,4310000
2018-07-19 12:38:58.883000,1.13093,1.13091,1500000,1250000
2018-07-19 12:38:58.936000,1.13095,1.13093,1760000,1500000
2018-07-19 12:38:59.193000,1.13099,1.13095,2890000,3750000
2018-07-19 12:38:59.828000,1.13099,1.13095,2250000,5060000
2018-07-19 12:39:00.685000,1.13099,1.13095,2700000,3560000
2018-07-19 12:39:01.298000,1.13094,1.13093,1500000,2440000
2018-07-19 12:39:01.820000,1.13095,1.13092,1870000,1690000
2018-07-19 12:39:03.347000,1.13093,1.13091,1000000,1250000
2018-07-19 12:39:03.941000,1.13092,1.13091,1000000,1000000
2018-07-19 12:39:04.469000,1.13091,1.13088,2620000,2440000
2018-07-19 12:39:04.593000,1.13091,1.13088,2620000,1250000
2018-07-19 12:39:05.063000,1.13089,1.13087,3410000,2620000
2018-07-19 12:39:05.200000,1.13087,1.13084,2440000,2700000
2018-07-19 12:39:05.309000,1.13088,1.13086,1950000,1690000
2018-07-19 12:39:05.367000,1.1309,1.13087,3260000,1500000
2018-07-19 12:39:05.875000,1.1309,1.13087,1000000,1690000
2018-07-19 12:39:06.401000,1.13091,1.13088,1870000,1310000
2018-07-19 12:39:09.071000,1.1309,1.13088,1500000,1310000
2018-07-19 12:39:09.622000,1.13089,1.13087,1000000,1500000
2018-07-19 12:39:10.345000,1.13089,1.13085,1870000,5060000
2018-07-19 12:39:10.751000,1.1309,1.13087,3260000,1500000
2018-07-19 12:39:11.294000,1.13091,1.13088,1870000,1690000
2018-07-19 12:39:13.387000,1.13092,1.13088,2250000,3560000
2018-07-19 12:39:18.983000,1.13094,1.13092,6520000,2250000
2018-07-19 12:39:19.488000,1.13097,1.13093,1870000,5890000
2018-07-19 12:39:20.211000,1.13097,1.13093,2700000,5140000
2018-07-19 12:39:20.727000,1.13097,1.13093,2700000,5140000
2018-07-19 12:39:21.235000,1.13097,1.13094,1950000,1000000
2018-07-19 12:39:21.885000,1.13096,1.13093,1870000,2250000
2018-07-19 12:39:22.591000,1.13097,1.13094,1870000,1000000
2018-07-19 12:39:23.741000,1.13097,1.13095,1370000,1120000
2018-07-19 12:39:24.260000,1.13098,1.13094,1950000,3260000
2018-07-19 12:39:34.559000,1.13097,1.13094,1870000,3640000
2018-07-19 12:39:34.715000,1.13094,1.13092,1120000,1250000
2018-07-19 12:39:35.219000,1.13093,1.1309,1870000,4310000
2018-07-19 12:39:35.752000,1.13092,1.1309,1000000,2060000
2018-07-19 12:39:43.482000,1.13093,1.1309,1500000,2250000
2018-07-19 12:39:50.418000,1.13094,1.13092,4200000,1370000
2018-07-19 12:39:50.707000,1.13097,1.13095,1460000,1120000
2018-07-19 12:39:50.914000,1.13099,1.13097,2440000,1000000
2018-07-19 12:39:51.475000,1.13099,1.13097,1500000,1000000
2018-07-19 12:39:54.699000,1.13099,1.13096,2250000,2060000
2018-07-19 12:39:56.606000,1.13099,1.13096,1500000,2440000
2018-07-19 12:39:57.877000,1.13099,1.13097,1500000,1000000
2018-07-19 12:39:59.688000,1.13099,1.13096,1500000,2510000
2018-07-19 12:40:00.652000,1.13099,1.13097,1500000,1000000
2018-07-19 12:40:02.367000,1.13102,1.13101,2400000,1500000
2018-07-19 12:40:02.419000,1.13105,1.13102,1470000,5850000
2018-07-19 12:40:02.935000,1.13107,1.13103,7390000,3750000
2018-07-19 12:40:02.987000,1.13107,1.13104,7390000,1000000
2018-07-19 12:40:05.602000,1.13107,1.13106,4010000,2620000
2018-07-19 12:40:05.706000,1.13111,1.13109,1000000,1120000
2018-07-19 12:40:06.252000,1.13112,1.13109,3370000,1690000
2018-07-19 12:40:08.846000,1.13112,1.1311,1120000,1310000
2018-07-19 12:40:09.630000,1.13112,1.13109,1370000,6190000
2018-07-19 12:40:10.145000,1.13112,1.13109,1870000,1690000
2018-07-19 12:40:14.139000,1.13112,1.1311,1370000,1000000
2018-07-19 12:40:16.841000,1.13112,1.1311,1000000,1690000
2018-07-19 12:40:16.946000,1.13115,1.13111,3150000,2810000
2018-07-19 12:40:17.124000,1.13116,1.13113,1120000,2810000
2018-07-19 12:40:17.647000,1.13117,1.13114,2620000,1310000
2018-07-19 12:40:19.709000,1.13118,1.13114,2620000,3190000
2018-07-19 12:40:20.234000,1.13117,1.13114,1370000,2810000
2018-07-19 12:40:22.908000,1.13118,1.13115,1950000,3070000
2018-07-19 12:40:23.845000,1.13118,1.13116,1950000,1000000
2018-07-19 12:40:24.381000,1.13118,1.13115,1500000,3640000
2018-07-19 12:40:24.896000,1.13118,1.13115,1500000,3260000
2018-07-19 12:40:25.183000,1.13119,1.13117,3450000,1100000
2018-07-19 12:40:26.073000,1.13118,1.13116,1120000,1450000
2018-07-19 12:40:26.583000,1.13118,1.13116,1870000,1200000
2018-07-19 12:40:28.236000,1.13118,1.13116,1870000,1200000
2018-07-19 12:40:29.684000,1.1312,1.13118,2320000,3790000
2018-07-19 12:40:29.896000,1.13123,1.1312,4690000,1000000
2018-07-19 12:40:29.951000,1.13123,1.1312,3000000,1120000
2018-07-19 12:40:30.452000,1.13123,1.13121,2030000,1200000
2018-07-19 12:40:30.992000,1.13124,1.13122,1580000,1000000
2018-07-19 12:40:31.682000,1.13124,1.13121,3980000,1120000
2018-07-19 12:40:31.888000,1.13125,1.13122,4920000,2320000
2018-07-19 12:40:32.391000,1.13125,1.13123,2670000,1200000
2018-07-19 12:40:32.897000,1.13124,1.13123,1000000,1200000
2018-07-19 12:40:33.534000,1.13125,1.13123,2670000,1200000
2018-07-19 12:40:34.055000,1.13124,1.13123,1000000,1200000
2018-07-19 12:40:34.674000,1.13125,1.13122,3420000,2700000
2018-07-19 12:40:35.195000,1.13125,1.13123,2440000,1200000
2018-07-19 12:40:35.899000,1.13125,1.13122,4010000,1950000
2018-07-19 12:40:36.505000,1.13125,1.13122,1010000,1950000
2018-07-19 12:40:37.030000,1.13125,1.13122,1310000,3070000
2018-07-19 12:40:39.220000,1.13125,1.13123,2140000,1000000
2018-07-19 12:40:39.754000,1.13125,1.13122,2060000,3070000
2018-07-19 12:40:40.290000,1.13125,1.13122,3190000,1950000
2018-07-19 12:40:40.874000,1.13125,1.13123,2440000,1000000
2018-07-19 12:40:41.404000,1.13123,1.13121,1000000,2700000
2018-07-19 12:40:41.510000,1.13119,1.13118,1000000,2590000
2018-07-19 12:40:41.666000,1.13119,1.13116,1990000,5320000
2018-07-19 12:40:42.215000,1.13119,1.13116,5170000,2510000
2018-07-19 12:40:42.905000,1.13119,1.13116,4050000,3260000
2018-07-19 12:40:44.460000,1.13119,1.13116,2920000,2890000
2018-07-19 12:40:45.548000,1.13119,1.13116,2550000,2890000
2018-07-19 12:40:46.737000,1.13119,1.13116,2920000,4010000
2018-07-19 12:40:47.599000,1.13119,1.13116,2630000,4390000
2018-07-19 12:40:48.120000,1.13119,1.13116,3000000,3640000
2018-07-19 12:40:48.659000,1.13119,1.13116,1870000,4390000
2018-07-19 12:40:49.349000,1.13119,1.13116,2250000,3260000
2018-07-19 12:40:51.351000,1.13119,1.13116,3000000,3260000
2018-07-19 12:40:51.894000,1.13119,1.13116,3000000,3260000
2018-07-19 12:40:52.345000,1.13119,1.13118,1120000,1250000
2018-07-19 12:40:52.688000,1.13123,1.1312,2620000,1120000
2018-07-19 12:40:53.212000,1.13123,1.1312,2620000,1200000
2018-07-19 12:40:53.728000,1.13124,1.13121,8060000,1000000
2018-07-19 12:40:54.249000,1.13123,1.1312,1000000,3640000
2018-07-19 12:40:54.633000,1.13123,1.1312,1500000,2060000
2018-07-19 12:40:56.852000,1.13122,1.13119,1370000,4010000
2018-07-19 12:40:57.381000,1.13123,1.1312,1870000,1500000
2018-07-19 12:40:57.924000,1.13123,1.13121,1000000,1000000
2018-07-19 12:40:58.600000,1.13123,1.1312,1120000,3190000
2018-07-19 12:40:58.916000,1.13122,1.13119,1500000,1950000
2018-07-19 12:40:59.430000,1.13121,1.13118,1120000,2700000
2018-07-19 12:40:59.877000,1.1312,1.13118,1010000,1200000
2018-07-19 12:41:00.384000,1.13119,1.13117,1870000,1000000
2018-07-19 12:41:01.181000,1.13119,1.13116,2250000,3260000
2018-07-19 12:41:01.695000,1.13119,1.13116,4650000,2140000
2018-07-19 12:41:02.200000,1.13118,1.13115,6940000,1500000
2018-07-19 12:41:03.122000,1.13118,1.13117,1500000,1000000
2018-07-19 12:41:03.451000,1.13122,1.13121,1000000,1000000
2018-07-19 12:41:03.825000,1.13125,1.13123,1120000,1250000
2018-07-19 12:41:04.297000,1.13126,1.13124,4500000,1000000
2018-07-19 12:41:04.349000,1.13127,1.13125,3040000,1500000
2018-07-19 12:41:05.618000,1.13127,1.13124,7720000,1950000
2018-07-19 12:41:06.140000,1.13127,1.13123,10160000,1100000
2018-07-19 12:41:09.591000,1.13126,1.13122,7500000,3640000
2018-07-19 12:41:10.591000,1.13126,1.13123,7500000,1250000
2018-07-19 12:41:11.136000,1.13125,1.13123,1500000,1000000
2018-07-19 12:41:18.025000,1.13126,1.13123,5250000,2250000
2018-07-19 12:41:19.258000,1.13125,1.13123,1000000,1870000
2018-07-19 12:41:19.857000,1.13122,1.13121,1000000,4310000
2018-07-19 12:41:19.913000,1.1312,1.13117,3370000,2810000
2018-07-19 12:41:20.447000,1.13119,1.13117,1500000,2250000
2018-07-19 12:41:23.031000,1.13119,1.13117,1000000,2060000
2018-07-19 12:41:23.185000,1.13121,1.13118,2620000,3190000
2018-07-19 12:41:23.844000,1.13122,1.1312,4870000,1000000
2018-07-19 12:41:24.362000,1.13122,1.13119,4120000,1500000
2018-07-19 12:41:24.723000,1.13121,1.13119,2700000,1000000
2018-07-19 12:41:25.235000,1.13121,1.13118,2700000,1870000
2018-07-19 12:41:25.738000,1.13119,1.13117,2250000,1120000
2018-07-19 12:41:26.947000,1.13119,1.13116,3000000,2060000
2018-07-19 12:41:27.487000,1.13118,1.13116,1370000,1000000
2018-07-19 12:41:28.205000,1.13118,1.13115,1870000,1500000
2018-07-19 12:41:28.771000,1.13117,1.13114,1500000,1870000
2018-07-19 12:41:29.112000,1.13114,1.13113,1500000,1000000
2018-07-19 12:41:29.432000,1.13113,1.1311,3560000,1500000
2018-07-19 12:41:30.157000,1.13113,1.1311,3560000,1500000
2018-07-19 12:41:31.345000,1.13113,1.1311,2440000,1870000
2018-07-19 12:41:31.675000,1.13115,1.13113,1500000,1870000
2018-07-19 12:41:32.201000,1.13115,1.13112,3370000,1870000
2018-07-19 12:41:35.207000,1.13116,1.13114,1500000,1000000
2018-07-19 12:41:35.808000,1.13115,1.13112,2060000,3370000
2018-07-19 12:41:35.916000,1.13114,1.13111,5250000,1250000
2018-07-19 12:41:36.075000,1.13114,1.13111,4460000,1120000
2018-07-19 12:41:36.231000,1.13114,1.13111,4650000,1250000
2018-07-19 12:41:36.875000,1.13113,1.1311,1370000,2810000
2018-07-19 12:41:40.553000,1.13113,1.1311,1870000,3190000
2018-07-19 12:41:40.865000,1.13113,1.1311,1870000,2810000
2018-07-19 12:41:41.527000,1.13111,1.13109,1500000,1250000
2018-07-19 12:41:41.887000,1.13111,1.13107,4010000,4500000
2018-07-19 12:41:42.405000,1.13111,1.13108,4390000,1000000
2018-07-19 12:41:43.963000,1.1311,1.13107,1950000,2250000
2018-07-19 12:41:44.507000,1.1311,1.13108,1120000,1000000
2018-07-19 12:41:47.671000,1.13109,1.13106,1000000,5440000
2018-07-19 12:41:47.826000,1.13109,1.13105,4830000,1500000
2018-07-19 12:41:47.879000,1.13108,1.13105,1010000,1000000
2018-07-19 12:41:48.048000,1.13107,1.13103,4690000,2250000
2018-07-19 12:41:48.585000,1.13107,1.13103,9640000,1000000
2018-07-19 12:41:48.924000,1.13104,1.13101,2250000,1310000
2018-07-19 12:41:49.235000,1.13102,1.13098,1870000,2060000
2018-07-19 12:41:49.797000,1.13102,1.13099,2250000,1870000
2018-07-19 12:41:50.314000,1.13102,1.13099,2240000,1000000
2018-07-19 12:41:50.855000,1.13102,1.13098,7460000,1000000
2018-07-19 12:41:51.395000,1.131,1.13096,2620000,4010000
2018-07-19 12:41:51.762000,1.131,1.13096,4310000,1870000
2018-07-19 12:41:52.329000,1.13098,1.13095,1120000,2810000
2018-07-19 12:41:53.505000,1.13098,1.13095,1000000,2440000
2018-07-19 12:41:54.567000,1.13099,1.13096,2250000,1310000
2018-07-19 12:41:55.877000,1.13099,1.13096,1870000,2060000
2018-07-19 12:41:56.418000,1.131,1.13098,1500000,1500000
2018-07-19 12:41:58.041000,1.131,1.13097,1870000,2440000
2018-07-19 12:41:58.508000,1.13102,1.131,6070000,1690000
2018-07-19 12:41:58.660000,1.13104,1.13102,1500000,1000000
2018-07-19 12:41:59.211000,1.13104,1.13102,1500000,1000000
2018-07-19 12:42:08.473000,1.13103,1.13101,1120000,1120000
2018-07-19 12:42:08.999000,1.13104,1.13101,4760000,1120000
2018-07-19 12:42:10.564000,1.13104,1.13101,2060000,1370000
2018-07-19 12:42:10.667000,1.13104,1.131,5510000,4760000
2018-07-19 12:42:11.268000,1.13101,1.13099,6750000,1200000
2018-07-19 12:42:11.582000,1.13099,1.13097,1250000,1120000
2018-07-19 12:42:12.403000,1.13098,1.13095,2060000,1950000
2018-07-19 12:42:12.507000,1.13097,1.13094,2810000,3450000
2018-07-19 12:42:13.030000,1.13097,1.13093,2810000,3370000
2018-07-19 12:42:13.593000,1.13097,1.13094,1870000,1690000
2018-07-19 12:42:14.136000,1.13098,1.13095,1870000,1390000
2018-07-19 12:42:14.272000,1.13098,1.13097,1120000,1000000
2018-07-19 12:42:14.820000,1.13099,1.13096,1870000,2060000
2018-07-19 12:42:15.341000,1.131,1.13097,2250000,1250000
2018-07-19 12:42:16.044000,1.131,1.13098,1370000,1000000
2018-07-19 12:42:16.098000,1.13101,1.13098,5620000,3190000
2018-07-19 12:42:16.206000,1.13104,1.13101,3260000,2250000
2018-07-19 12:42:16.551000,1.13103,1.131,1370000,1690000
2018-07-19 12:42:22.264000,1.13103,1.131,2060000,1120000
2018-07-19 12:42:24.319000,1.13103,1.131,2060000,1500000
2018-07-19 12:42:26.467000,1.13104,1.13102,4010000,1000000
2018-07-19 12:42:26.997000,1.13104,1.13102,1120000,1000000
2018-07-19 12:42:29.044000,1.13105,1.13102,3370000,1120000
2018-07-19 12:42:29.640000,1.13106,1.13102,4760000,4200000
2018-07-19 12:42:32.187000,1.13106,1.13103,2810000,1870000
2018-07-19 12:42:32.807000,1.13106,1.13103,3190000,2620000
2018-07-19 12:42:35.288000,1.13106,1.13103,3190000,2250000
2018-07-19 12:42:36.939000,1.13105,1.13102,2060000,3450000
2018-07-19 12:42:37.536000,1.13105,1.13102,4390000,1120000
2018-07-19 12:42:41.454000,1.13103,1.13102,1120000,1120000
2018-07-19 12:42:41.988000,1.13103,1.131,3070000,3190000
2018-07-19 12:42:43.666000,1.13103,1.13101,1500000,1690000
2018-07-19 12:42:44.193000,1.13104,1.13102,1500000,1120000
2018-07-19 12:42:45.334000,1.13104,1.13102,1500000,1500000
2018-07-19 12:42:45.848000,1.13104,1.13102,1000000,2250000
2018-07-19 12:42:49.360000,1.13104,1.13101,2810000,2620000
2018-07-19 12:42:49.988000,1.13104,1.13102,3000000,1000000
2018-07-19 12:42:52.926000,1.13105,1.13102,1690000,1870000
2018-07-19 12:42:56.360000,1.13104,1.13103,1000000,1000000
2018-07-19 12:42:56.565000,1.13103,1.131,1120000,2810000
2018-07-19 12:42:57.200000,1.13104,1.13101,3450000,1690000
2018-07-19 12:42:58.337000,1.13105,1.13103,1870000,1120000
2018-07-19 12:43:00.104000,1.13105,1.13103,3260000,1000000
2018-07-19 12:43:00.617000,1.13105,1.13102,3260000,1500000
2018-07-19 12:43:01.132000,1.13105,1.13102,2890000,2250000
2018-07-19 12:43:02.254000,1.13106,1.13104,1870000,1000000
2018-07-19 12:43:06.583000,1.13106,1.13103,3640000,2320000
2018-07-19 12:43:08.392000,1.13105,1.13103,1000000,2250000
2018-07-19 12:43:09.965000,1.13106,1.13103,3640000,2250000
2018-07-19 12:43:11.446000,1.13104,1.13102,1690000,3450000
2018-07-19 12:43:11.554000,1.13101,1.13099,5620000,2510000
2018-07-19 12:43:12.108000,1.13101,1.13098,6450000,5890000
2018-07-19 12:43:12.839000,1.13101,1.13098,6000000,5140000
2018-07-19 12:43:14.833000,1.13101,1.13098,6370000,4390000
2018-07-19 12:43:15.139000,1.131,1.13097,1120000,3640000
2018-07-19 12:43:15.719000,1.131,1.13097,1310000,4200000
2018-07-19 12:43:16.234000,1.131,1.13097,1310000,3820000
2018-07-19 12:43:17.714000,1.131,1.13097,1620000,3450000
2018-07-19 12:43:18.064000,1.13096,1.13095,12970000,2440000
2018-07-19 12:43:18.117000,1.13094,1.13092,2620000,1120000
2018-07-19 12:43:18.169000,1.13092,1.1309,1000000,2250000
2018-07-19 12:43:18.448000,1.13091,1.13088,1200000,2620000
2018-07-19 12:43:18.658000,1.13093,1.1309,2510000,1120000
2018-07-19 12:43:19.200000,1.13093,1.1309,1500000,1500000
2018-07-19 12:43:19.751000,1.13094,1.13091,2060000,3000000
2018-07-19 12:43:20.433000,1.13094,1.13091,1870000,2620000
2018-07-19 12:43:22.339000,1.13094,1.13091,1870000,2250000
2018-07-19 12:43:24.435000,1.13094,1.13091,2060000,1120000
2018-07-19 12:43:24.594000,1.13091,1.13089,2620000,2440000
2018-07-19 12:43:24.699000,1.13086,1.13084,1120000,1290000
2018-07-19 12:43:25.241000,1.13088,1.13087,2620000,1000000
2018-07-19 12:43:25.400000,1.13088,1.13085,3000000,3190000
2018-07-19 12:43:25.937000,1.13089,1.13085,2890000,5440000
2018-07-19 12:43:26.511000,1.13089,1.13087,1000000,1500000
2018-07-19 12:43:27.030000,1.13088,1.13087,1250000,1000000
2018-07-19 12:43:27.551000,1.13088,1.13085,5700000,2060000
2018-07-19 12:43:30.528000,1.13088,1.13085,5140000,1500000
2018-07-19 12:43:31.337000,1.13085,1.13082,1310000,3820000
2018-07-19 12:43:31.870000,1.13086,1.13083,2250000,1690000
2018-07-19 12:43:34.567000,1.13087,1.13085,1950000,1250000
2018-07-19 12:43:35.093000,1.13088,1.13086,5620000,1120000
2018-07-19 12:43:39.311000,1.1309,1.13089,1570000,1000000
2018-07-19 12:43:39.478000,1.13093,1.1309,2620000,3190000
2018-07-19 12:43:40.003000,1.13092,1.1309,1000000,2620000
2018-07-19 12:43:40.562000,1.13093,1.1309,1310000,3000000
2018-07-19 12:43:46.138000,1.13094,1.1309,2810000,3260000
2018-07-19 12:43:46.739000,1.13094,1.1309,3190000,3640000
2018-07-19 12:43:50.182000,1.13094,1.1309,3190000,2810000
2018-07-19 12:43:56.445000,1.13095,1.13092,6750000,3410000
2018-07-19 12:43:56.497000,1.13096,1.13095,1000000,2100000
2018-07-19 12:43:56.549000,1.13098,1.13096,5250000,1000000
2018-07-19 12:43:56.929000,1.13097,1.13094,1370000,5890000
2018-07-19 12:43:57.084000,1.13098,1.13094,3940000,6070000
2018-07-19 12:43:57.624000,1.13098,1.13094,3940000,5700000
2018-07-19 12:43:58.207000,1.13096,1.13094,2060000,1200000
2018-07-19 12:43:58.738000,1.13096,1.13093,1870000,1200000
2018-07-19 12:43:59.262000,1.13095,1.13092,6560000,1570000
2018-07-19 12:43:59.855000,1.13095,1.13091,6560000,2620000
2018-07-19 12:44:02.239000,1.13094,1.13091,2060000,1120000
2018-07-19 12:44:02.395000,1.13094,1.13091,2060000,1500000
2018-07-19 12:44:02.611000,1.13094,1.13093,1000000,2850000
2018-07-19 12:44:02.837000,1.13099,1.13096,4690000,1120000
2018-07-19 12:44:06.546000,1.131,1.13097,1620000,1000000
2018-07-19 12:44:06.988000,1.131,1.13097,1120000,2060000
2018-07-19 12:44:09.495000,1.131,1.13097,2060000,1120000
2018-07-19 12:44:09.762000,1.13095,1.13093,1120000,1580000
2018-07-19 12:44:09.867000,1.13094,1.13092,1500000,1770000
2018-07-19 12:44:09.971000,1.13094,1.13091,1500000,1000000
2018-07-19 12:44:10.512000,1.13094,1.1309,3560000,2620000
2018-07-19 12:44:11.027000,1.13094,1.13091,3560000,1000000
2018-07-19 12:44:11.851000,1.13094,1.13091,3190000,1120000
2018-07-19 12:44:12.008000,1.13095,1.13093,5250000,1870000
2018-07-19 12:44:12.533000,1.13097,1.13093,5060000,3370000
2018-07-19 12:44:12.904000,1.13097,1.13095,1120000,1310000
2018-07-19 12:44:13.466000,1.13099,1.13095,4310000,4010000
2018-07-19 12:44:14.852000,1.13099,1.13095,2810000,2890000
2018-07-19 12:44:15.354000,1.13099,1.13096,2810000,1120000
2018-07-19 12:44:17.258000,1.13099,1.13096,1250000,1870000
2018-07-19 12:44:18.042000,1.13099,1.13096,1310000,2320000
2018-07-19 12:44:18.586000,1.13099,1.13096,1620000,1870000
2018-07-19 12:44:20.145000,1.13099,1.13097,1500000,1000000
2018-07-19 12:44:20.408000,1.13099,1.13095,3190000,2250000
2018-07-19 12:44:20.861000,1.13095,1.13094,1250000,1120000
2018-07-19 12:44:20.972000,1.13095,1.13091,5510000,6370000
2018-07-19 12:44:21.575000,1.13095,1.13091,8060000,2620000
2018-07-19 12:44:22.897000,1.13093,1.1309,1620000,2320000
2018-07-19 12:44:24.330000,1.13094,1.1309,4690000,2440000
2018-07-19 12:44:26.738000,1.13094,1.1309,3940000,2250000
2018-07-19 12:44:27.373000,1.13094,1.1309,3190000,3190000
2018-07-19 12:44:29.576000,1.13094,1.13091,1250000,2620000
2018-07-19 12:44:30.101000,1.13094,1.13091,2060000,1500000
2018-07-19 12:44:32.678000,1.13094,1.1309,3560000,4310000
2018-07-19 12:44:33.323000,1.13094,1.1309,4310000,3750000
2018-07-19 12:44:33.868000,1.13092,1.13089,1120000,3260000
2018-07-19 12:44:33.922000,1.13089,1.13088,1500000,3940000
2018-07-19 12:44:33.976000,1.13087,1.13085,1000000,1760000
2018-07-19 12:44:34.528000,1.13088,1.13084,5250000,4690000
2018-07-19 12:44:35.078000,1.13088,1.13084,5440000,3940000
2018-07-19 12:44:36.028000,1.13087,1.13083,4690000,4690000
2018-07-19 12:44:36.683000,1.13085,1.13083,1000000,1120000
2018-07-19 12:44:38.889000,1.13086,1.13083,2060000,1000000
2018-07-19 12:44:39.432000,1.13086,1.13083,1690000,2250000
2018-07-19 12:44:39.942000,1.13086,1.13083,1120000,2440000
2018-07-19 12:44:40.161000,1.13087,1.13084,2250000,2810000
2018-07-19 12:44:40.678000,1.13088,1.13085,5250000,2510000
2018-07-19 12:44:41.112000,1.13088,1.13087,4120000,1870000
2018-07-19 12:44:41.269000,1.13092,1.1309,1000000,1000000
2018-07-19 12:44:41.817000,1.13092,1.13089,1690000,1950000
2018-07-19 12:44:42.478000,1.13092,1.13089,1690000,2320000
2018-07-19 12:44:43.612000,1.13092,1.13089,2060000,2320000
2018-07-19 12:44:44.115000,1.13092,1.13089,2440000,2320000
2018-07-19 12:44:44.887000,1.13091,1.13089,1310000,1200000
2018-07-19 12:44:45.520000,1.13092,1.13089,1690000,1950000
2018-07-19 12:44:48.651000,1.13092,1.13089,1690000,1950000
2018-07-19 12:44:50.581000,1.13092,1.1309,1000000,1100000
2018-07-19 12:44:50.797000,1.13095,1.13093,5060000,1500000
2018-07-19 12:44:51.178000,1.13096,1.13093,1310000,3450000
2018-07-19 12:44:51.285000,1.13096,1.13094,1250000,3450000
2018-07-19 12:44:51.390000,1.13095,1.13093,1100000,4500000
2018-07-19 12:44:51.601000,1.13092,1.1309,1120000,2060000
2018-07-19 12:44:51.728000,1.13088,1.13086,1000000,1370000
2018-07-19 12:44:51.887000,1.13091,1.13087,9450000,3750000
2018-07-19 12:44:52.891000,1.1309,1.13087,1570000,3000000
2018-07-19 12:44:53.631000,1.1309,1.13086,7010000,2620000
2018-07-19 12:44:53.818000,1.13089,1.13085,1120000,1870000
2018-07-19 12:44:55.043000,1.13088,1.13084,6370000,1120000
2018-07-19 12:44:55.554000,1.13087,1.13083,3070000,1500000
2018-07-19 12:44:56.122000,1.13087,1.13083,4390000,1500000
2018-07-19 12:44:57.467000,1.13087,1.13083,4260000,1870000
2018-07-19 12:44:57.791000,1.13087,1.13084,1120000,2810000
2018-07-19 12:44:58.293000,1.13087,1.13084,2060000,2250000
2018-07-19 12:45:00.344000,1.13084,1.13082,1120000,1100000
