time,ask,bid,ask_volume,bid_volume
2023-01-05 15:55:00.973000,1.33901,1.33897,1200000,3600000
2023-01-05 15:55:01.075000,1.33906,1.339,3600000,3600000
2023-01-05 15:55:01.539000,1.33903,1.33897,3600000,4040000
2023-01-05 15:55:01.641000,1.33905,1.33899,3600000,3600000
2023-01-05 15:55:01.743000,1.33906,1.339,3600000,3600000
2023-01-05 15:55:01.845000,1.33909,1.33901,4040000,3600000
2023-01-05 15:55:01.946000,1.33907,1.33901,3600000,4340000
2023-01-05 15:55:02.048000,1.33906,1.339,3600000,3600000
2023-01-05 15:55:02.505000,1.33907,1.33901,3600000,3830000
2023-01-05 15:55:02.607000,1.3391,1.33907,1200000,3830000
2023-01-05 15:55:02.709000,1.33913,1.33908,1800000,3600000
2023-01-05 15:55:02.811000,1.33912,1.33906,4200000,4500000
2023-01-05 15:55:02.964000,1.33912,1.33902,4760000,4500000
2023-01-05 15:55:03.066000,1.33911,1.33906,1340000,3600000
2023-01-05 15:55:03.219000,1.33911,1.33904,1320000,4500000
2023-01-05 15:55:03.270000,1.33908,1.33904,3600000,1200000
2023-01-05 15:55:03.322000,1.33907,1.33901,3600000,3600000
2023-01-05 15:55:03.448000,1.33908,1.33902,3600000,3830000
2023-01-05 15:55:03.600000,1.33907,1.33901,3600000,4730000
2023-01-05 15:55:03.702000,1.3391,1.33904,4500000,3600000
2023-01-05 15:55:03.905000,1.33911,1.33905,4040000,3600000
2023-01-05 15:55:04.978000,1.33913,1.33904,4740000,3830000
2023-01-05 15:55:05.232000,1.33911,1.33905,4040000,3600000
2023-01-05 15:55:05.284000,1.3391,1.33903,4140000,1200000
2023-01-05 15:55:05.386000,1.3391,1.33902,3600000,3830000
2023-01-05 15:55:05.437000,1.33911,1.33905,4040000,3600000
2023-01-05 15:55:05.539000,1.33913,1.33903,4200000,3600000
2023-01-05 15:55:05.641000,1.33909,1.33903,3600000,4500000
2023-01-05 15:55:05.743000,1.33907,1.33902,3600000,1200000
2023-01-05 15:55:05.845000,1.33905,1.33899,4040000,3600000
2023-01-05 15:55:06.200000,1.33906,1.339,3600000,3600000
2023-01-05 15:55:06.841000,1.33907,1.33899,3600000,3600000
2023-01-05 15:55:06.943000,1.33907,1.33899,4200000,3600000
2023-01-05 15:55:07.045000,1.33907,1.33899,4040000,3600000
2023-01-05 15:55:07.654000,1.33905,1.33899,3600000,3600000
2023-01-05 15:55:07.857000,1.33906,1.339,4140000,3600000
2023-01-05 15:55:08.028000,1.33906,1.33898,4140000,3600000
2023-01-05 15:55:08.129000,1.33906,1.339,4140000,3600000
2023-01-05 15:55:08.333000,1.33905,1.33897,6560000,3600000
2023-01-05 15:55:08.384000,1.33902,1.33896,3600000,4500000
2023-01-05 15:55:08.486000,1.33905,1.33897,3600000,3600000
2023-01-05 15:55:08.588000,1.33907,1.33902,1200000,3600000
2023-01-05 15:55:08.639000,1.3391,1.33902,3420000,3600000
2023-01-05 15:55:08.691000,1.33907,1.339,3600000,4500000
2023-01-05 15:55:08.793000,1.33907,1.33901,3600000,3600000
2023-01-05 15:55:08.945000,1.33907,1.33899,3600000,4730000
2023-01-05 15:55:09.047000,1.33907,1.33901,3600000,3600000
2023-01-05 15:55:09.200000,1.3391,1.33905,1800000,3600000
2023-01-05 15:55:09.313000,1.33909,1.33904,1200000,3830000
2023-01-05 15:55:09.415000,1.33909,1.33905,1200000,3600000
2023-01-05 15:55:09.619000,1.33909,1.33904,1200000,3830000
2023-01-05 15:55:09.721000,1.33909,1.33905,1200000,3600000
2023-01-05 15:55:09.823000,1.33909,1.33904,1200000,3830000
2023-01-05 15:55:10.128000,1.3391,1.33904,1200000,3600000
2023-01-05 15:55:10.180000,1.3391,1.33902,1200000,3600000
2023-01-05 15:55:10.282000,1.33909,1.33905,1200000,3600000
2023-01-05 15:55:10.384000,1.33909,1.33906,1200000,3600000
2023-01-05 15:55:10.518000,1.33915,1.33913,1200000,1200000
2023-01-05 15:55:10.582000,1.33922,1.33916,4040000,4800000
2023-01-05 15:55:10.684000,1.33924,1.33918,4500000,3600000
2023-01-05 15:55:10.837000,1.33923,1.33917,3600000,3830000
2023-01-05 15:55:10.939000,1.33924,1.33919,1200000,3600000
2023-01-05 15:55:11.562000,1.33925,1.33919,4500000,3600000
2023-01-05 15:55:11.807000,1.33926,1.33922,1200000,3600000
2023-01-05 15:55:11.858000,1.33928,1.33922,4500000,3600000
2023-01-05 15:55:12.112000,1.33926,1.3392,4500000,3600000
2023-01-05 15:55:12.214000,1.33924,1.33918,3600000,3600000
2023-01-05 15:55:12.538000,1.33925,1.33919,3600000,3830000
2023-01-05 15:55:12.640000,1.33924,1.33918,3600000,3600000
2023-01-05 15:55:12.848000,1.33923,1.33917,3600000,3600000
2023-01-05 15:55:12.950000,1.33922,1.33916,1920000,3600000
2023-01-05 15:55:13.052000,1.33917,1.3391,3600000,3600000
2023-01-05 15:55:13.204000,1.33918,1.3391,3600000,4730000
2023-01-05 15:55:13.255000,1.33916,1.3391,3600000,3830000
2023-01-05 15:55:13.306000,1.33918,1.3391,3600000,4800000
2023-01-05 15:55:13.587000,1.33919,1.33914,1200000,3900000
2023-01-05 15:55:13.702000,1.3392,1.33912,3600000,3830000
2023-01-05 15:55:13.753000,1.33918,1.33912,3600000,3600000
2023-01-05 15:55:13.855000,1.33914,1.33908,3600000,3600000
2023-01-05 15:55:13.960000,1.33913,1.33907,3600000,3600000
2023-01-05 15:55:14.062000,1.33914,1.33908,3600000,3600000
2023-01-05 15:55:14.412000,1.33915,1.33909,3600000,3600000
2023-01-05 15:55:14.933000,1.33914,1.33908,3600000,4500000
2023-01-05 15:55:15.085000,1.33916,1.33908,4140000,3600000
2023-01-05 15:55:15.187000,1.33914,1.33908,3600000,3600000
2023-01-05 15:55:15.340000,1.33913,1.33907,3600000,3600000
2023-01-05 15:55:15.878000,1.3391,1.33904,3600000,4500000
2023-01-05 15:55:16.233000,1.33912,1.33904,4140000,3600000
2023-01-05 15:55:16.386000,1.3391,1.33904,3600000,3600000
2023-01-05 15:55:16.541000,1.33911,1.33905,3600000,3600000
2023-01-05 15:55:16.643000,1.33912,1.33904,3600000,3830000
2023-01-05 15:55:16.845000,1.33911,1.33903,3600000,3600000
2023-01-05 15:55:17.105000,1.33912,1.33904,3600000,3830000
2023-01-05 15:55:17.156000,1.33914,1.33907,3600000,3600000
2023-01-05 15:55:17.268000,1.33914,1.33908,3600000,3600000
2023-01-05 15:55:17.540000,1.33914,1.33907,3600000,3600000
2023-01-05 15:55:17.793000,1.33914,1.33908,3600000,3600000
2023-01-05 15:55:18,1.33915,1.33908,3600000,3600000
2023-01-05 15:55:18.101000,1.33914,1.33908,3600000,3600000
2023-01-05 15:55:18.203000,1.33913,1.33907,3600000,3600000
2023-01-05 15:55:18.407000,1.3391,1.33905,1200000,4500000
2023-01-05 15:55:18.509000,1.33911,1.33903,3600000,3830000
2023-01-05 15:55:18.763000,1.33909,1.33903,3600000,3600000
2023-01-05 15:55:18.814000,1.33909,1.33901,3600000,3600000
2023-01-05 15:55:19.320000,1.33906,1.339,3600000,4500000
2023-01-05 15:55:19.675000,1.33905,1.339,3600000,1200000
2023-01-05 15:55:19.980000,1.339,1.33898,3600000,1200000
2023-01-05 15:55:20.031000,1.33905,1.33898,4320000,4500000
2023-01-05 15:55:20.082000,1.33901,1.33895,3600000,4850000
2023-01-05 15:55:20.134000,1.33904,1.33896,4140000,3600000
2023-01-05 15:55:20.185000,1.33902,1.33896,3600000,3600000
2023-01-05 15:55:20.338000,1.33903,1.33895,3600000,3900000
2023-01-05 15:55:20.389000,1.33904,1.33898,3600000,3600000
2023-01-05 15:55:20.592000,1.33904,1.33897,3600000,3600000
2023-01-05 15:55:20.694000,1.33903,1.33897,3600000,3600000
2023-01-05 15:55:20.948000,1.33898,1.33892,3600000,4160000
2023-01-05 15:55:20.999000,1.33901,1.33891,1920000,3720000
2023-01-05 15:55:21.050000,1.33897,1.33891,3600000,3600000
2023-01-05 15:55:21.254000,1.33898,1.33891,1200000,3600000
2023-01-05 15:55:21.527000,1.33899,1.33893,4500000,3600000
2023-01-05 15:55:21.680000,1.33898,1.33891,4140000,3600000
2023-01-05 15:55:21.731000,1.33896,1.33889,4140000,1800000
2023-01-05 15:55:21.833000,1.33891,1.33885,3600000,4620000
2023-01-05 15:55:21.936000,1.33891,1.33882,4500000,4730000
2023-01-05 15:55:22.475000,1.33891,1.33884,3600000,3600000
2023-01-05 15:55:22.636000,1.3389,1.33884,3600000,3600000
2023-01-05 15:55:22.738000,1.33892,1.33886,4500000,3600000
2023-01-05 15:55:22.840000,1.33895,1.33889,3600000,3600000
2023-01-05 15:55:23.145000,1.33891,1.33885,3600000,5100000
2023-01-05 15:55:23.196000,1.33893,1.33885,3600000,3600000
2023-01-05 15:55:23.247000,1.33895,1.33885,5940000,3830000
2023-01-05 15:55:23.349000,1.33896,1.33889,1440000,3600000
2023-01-05 15:55:23.451000,1.33896,1.33887,4140000,3600000
2023-01-05 15:55:23.553000,1.33896,1.3389,3600000,3600000
2023-01-05 15:55:23.605000,1.33898,1.3389,4140000,3600000
2023-01-05 15:55:24.322000,1.33896,1.3389,4320000,1200000
2023-01-05 15:55:24.424000,1.33897,1.33886,4320000,4500000
2023-01-05 15:55:24.610000,1.33895,1.33886,4320000,3600000
2023-01-05 15:55:24.661000,1.33891,1.33885,4140000,1200000
2023-01-05 15:55:24.763000,1.33892,1.33884,1200000,4730000
2023-01-05 15:55:24.815000,1.33894,1.33885,3600000,3600000
2023-01-05 15:55:24.866000,1.33896,1.33887,4580000,3600000
2023-01-05 15:55:24.968000,1.33896,1.33886,4580000,3600000
2023-01-05 15:55:25.132000,1.33896,1.33887,1320000,3600000
2023-01-05 15:55:25.235000,1.33896,1.33886,7020000,3600000
2023-01-05 15:55:25.286000,1.33891,1.33884,4140000,4500000
2023-01-05 15:55:25.388000,1.33894,1.33886,4760000,3600000
2023-01-05 15:55:25.490000,1.33895,1.33884,4320000,3600000
2023-01-05 15:55:25.599000,1.33894,1.33884,4320000,3600000
2023-01-05 15:55:25.761000,1.33891,1.33883,4140000,3600000
2023-01-05 15:55:25.863000,1.33891,1.33882,4140000,3600000
2023-01-05 15:55:25.964000,1.33889,1.33881,3600000,4500000
2023-01-05 15:55:26.066000,1.33889,1.33883,3600000,3600000
2023-01-05 15:55:26.220000,1.3389,1.33883,3600000,3600000
2023-01-05 15:55:26.322000,1.3389,1.33882,3600000,4500000
2023-01-05 15:55:26.481000,1.33888,1.33882,3600000,4500000
2023-01-05 15:55:26.583000,1.33887,1.33882,3600000,1200000
2023-01-05 15:55:26.787000,1.3389,1.33882,4140000,4730000
2023-01-05 15:55:26.838000,1.33888,1.33882,3600000,4500000
2023-01-05 15:55:26.889000,1.3389,1.33882,4140000,4500000
2023-01-05 15:55:26.991000,1.3389,1.33883,4140000,3600000
2023-01-05 15:55:27.093000,1.33891,1.33882,4760000,4500000
2023-01-05 15:55:27.195000,1.33891,1.33883,4580000,3600000
2023-01-05 15:55:27.297000,1.33891,1.33882,4580000,4500000
2023-01-05 15:55:27.398000,1.33891,1.33883,4580000,3600000
2023-01-05 15:55:27.450000,1.33892,1.33885,1200000,3600000
2023-01-05 15:55:27.501000,1.33894,1.33885,4580000,3600000
2023-01-05 15:55:27.603000,1.33894,1.33884,4140000,4500000
2023-01-05 15:55:27.654000,1.3389,1.33884,3600000,4500000
2023-01-05 15:55:27.756000,1.33891,1.33885,3600000,3600000
2023-01-05 15:55:27.807000,1.33894,1.33885,1320000,3600000
2023-01-05 15:55:28.010000,1.33892,1.33886,3600000,3600000
2023-01-05 15:55:28.205000,1.33891,1.33885,3600000,3600000
2023-01-05 15:55:28.317000,1.33892,1.33883,4140000,4500000
2023-01-05 15:55:28.419000,1.3389,1.33882,3600000,4500000
2023-01-05 15:55:28.521000,1.33888,1.33883,3600000,1200000
2023-01-05 15:55:28.622000,1.33889,1.33883,3600000,4500000
2023-01-05 15:55:28.724000,1.3389,1.33883,3600000,4500000
2023-01-05 15:55:28.826000,1.33892,1.33883,4760000,4500000
2023-01-05 15:55:28.928000,1.3389,1.33882,5220000,4500000
2023-01-05 15:55:29.030000,1.33889,1.33881,5340000,4500000
2023-01-05 15:55:29.133000,1.33889,1.33881,4140000,4500000
2023-01-05 15:55:29.235000,1.33887,1.33881,3600000,4500000
2023-01-05 15:55:29.438000,1.33887,1.3388,4370000,4500000
2023-01-05 15:55:29.540000,1.33888,1.3388,7760000,3600000
2023-01-05 15:55:29.642000,1.33887,1.3388,4140000,3830000
2023-01-05 15:55:29.868000,1.33885,1.33879,3600000,4800000
2023-01-05 15:55:29.920000,1.33887,1.33881,3600000,3830000
2023-01-05 15:55:30.072000,1.3389,1.33884,3830000,3600000
2023-01-05 15:55:30.174000,1.33889,1.33883,3600000,3600000
2023-01-05 15:55:30.327000,1.3389,1.33884,3600000,3600000
2023-01-05 15:55:30.530000,1.33889,1.33883,3600000,3600000
2023-01-05 15:55:30.734000,1.3389,1.33884,3600000,3600000
2023-01-05 15:55:30.785000,1.33892,1.33884,1200000,3600000
2023-01-05 15:55:30.887000,1.33891,1.33885,3600000,3600000
2023-01-05 15:55:31.449000,1.33891,1.33883,4140000,4040000
2023-01-05 15:55:31.996000,1.33889,1.33883,3600000,4040000
2023-01-05 15:55:32.097000,1.33888,1.33882,3600000,4200000
2023-01-05 15:55:32.199000,1.3389,1.33883,3830000,4040000
2023-01-05 15:55:32.548000,1.33888,1.33882,3600000,4200000
2023-01-05 15:55:32.610000,1.3389,1.33882,3830000,4200000
2023-01-05 15:55:32.774000,1.33892,1.33882,4580000,4040000
2023-01-05 15:55:33.070000,1.3389,1.33883,3600000,4040000
2023-01-05 15:55:33.324000,1.33891,1.33883,4810000,4040000
2023-01-05 15:55:33.375000,1.33889,1.33883,3600000,4040000
2023-01-05 15:55:33.528000,1.33888,1.33881,3600000,4500000
2023-01-05 15:55:33.579000,1.33889,1.33883,3830000,3600000
2023-01-05 15:55:33.681000,1.33888,1.33882,3600000,3600000
2023-01-05 15:55:33.833000,1.33884,1.3388,1440000,1200000
2023-01-05 15:55:33.935000,1.33883,1.33877,3830000,3600000
2023-01-05 15:55:34.037000,1.33885,1.33876,5270000,3600000
2023-01-05 15:55:34.139000,1.33883,1.33877,3600000,3600000
2023-01-05 15:55:34.903000,1.33885,1.33875,4140000,3600000
2023-01-05 15:55:35.005000,1.33883,1.33875,4140000,3600000
2023-01-05 15:55:35.550000,1.33885,1.33877,4040000,3600000
2023-01-05 15:55:35.651000,1.33886,1.33878,4740000,3600000
2023-01-05 15:55:36.154000,1.33885,1.33879,7920000,3600000
2023-01-05 15:55:36.256000,1.33885,1.33876,4760000,3600000
2023-01-05 15:55:36.358000,1.33884,1.33875,4550000,3600000
2023-01-05 15:55:36.460000,1.33882,1.33874,4580000,3600000
2023-01-05 15:55:36.967000,1.33883,1.33875,4040000,3600000
2023-01-05 15:55:37.018000,1.33881,1.33875,3600000,3600000
2023-01-05 15:55:37.070000,1.33884,1.33875,4140000,3600000
2023-01-05 15:55:37.172000,1.33884,1.33876,3600000,3600000
2023-01-05 15:55:37.274000,1.33883,1.33877,3600000,3600000
2023-01-05 15:55:37.325000,1.33886,1.33876,4140000,3600000
2023-01-05 15:55:37.427000,1.33886,1.33877,3600000,3600000
2023-01-05 15:55:37.478000,1.33887,1.33881,4040000,3600000
2023-01-05 15:55:37.580000,1.33886,1.3388,3600000,3600000
2023-01-05 15:55:37.922000,1.33886,1.33881,1200000,3600000
2023-01-05 15:55:38.291000,1.33885,1.33881,1200000,1200000
2023-01-05 15:55:38.393000,1.33886,1.33878,4500000,3600000
2023-01-05 15:55:38.900000,1.33886,1.33878,4730000,3600000
2023-01-05 15:55:39.358000,1.33885,1.33879,3600000,3600000
2023-01-05 15:55:39.740000,1.33885,1.33878,1200000,3600000
2023-01-05 15:55:40.090000,1.33885,1.33877,1200000,3600000
2023-01-05 15:55:40.242000,1.33885,1.33879,4500000,3600000
2023-01-05 15:55:40.672000,1.33885,1.33877,3600000,3600000
2023-01-05 15:55:41.194000,1.33882,1.33876,1200000,4040000
2023-01-05 15:55:41.296000,1.33881,1.33875,3600000,3600000
2023-01-05 15:55:41.664000,1.33882,1.33876,1500000,3600000
2023-01-05 15:55:43.267000,1.33883,1.33874,1200000,3830000
2023-01-05 15:55:43.469000,1.33883,1.33875,1200000,3600000
2023-01-05 15:55:43.774000,1.33882,1.33877,1200000,3600000
2023-01-05 15:55:43.875000,1.33882,1.33876,1200000,3830000
2023-01-05 15:55:43.977000,1.33882,1.33877,1200000,3600000
2023-01-05 15:55:44.130000,1.33882,1.33876,4500000,3830000
2023-01-05 15:55:44.231000,1.33882,1.33877,1200000,3600000
2023-01-05 15:55:44.435000,1.33882,1.33876,4500000,3830000
2023-01-05 15:55:44.833000,1.33882,1.33877,1200000,3600000
2023-01-05 15:55:44.935000,1.33883,1.33877,4500000,3600000
2023-01-05 15:55:45.037000,1.33881,1.33875,1200000,3900000
2023-01-05 15:55:46.416000,1.33881,1.33875,4500000,3600000
2023-01-05 15:55:46.468000,1.33874,1.33869,6120000,1500000
2023-01-05 15:55:46.519000,1.33871,1.33866,1200000,1200000
2023-01-05 15:55:46.570000,1.3387,1.33865,1200000,3600000
2023-01-05 15:55:46.773000,1.33871,1.33863,4500000,3600000
2023-01-05 15:55:46.911000,1.33868,1.33862,4500000,3600000
2023-01-05 15:55:47.012000,1.33866,1.33862,1200000,3600000
2023-01-05 15:55:47.216000,1.33867,1.33861,4500000,3600000
2023-01-05 15:55:47.318000,1.33867,1.33862,1200000,3600000
2023-01-05 15:55:48.626000,1.33868,1.33862,1200000,3600000
2023-01-05 15:55:49.161000,1.33867,1.3386,1200000,4040000
2023-01-05 15:55:49.670000,1.33865,1.33859,3600000,3600000
2023-01-05 15:55:50.592000,1.33861,1.33856,3900000,1200000
2023-01-05 15:55:50.644000,1.33863,1.33858,1800000,3600000
2023-01-05 15:55:50.746000,1.33861,1.33857,3600000,1500000
2023-01-05 15:55:50.848000,1.33857,1.33852,3600000,6130000
2023-01-05 15:55:50.899000,1.33856,1.33851,1200000,4040000
2023-01-05 15:55:51.002000,1.33854,1.33849,1200000,3600000
2023-01-05 15:55:51.104000,1.33852,1.33847,1200000,3600000
2023-01-05 15:55:51.206000,1.33852,1.33846,1200000,3600000
2023-01-05 15:55:51.409000,1.33851,1.33846,1200000,3600000
2023-01-05 15:55:51.657000,1.3385,1.33846,1200000,3600000
2023-01-05 15:55:51.759000,1.33844,1.3384,1200000,3600000
2023-01-05 15:55:51.861000,1.33844,1.33838,4500000,3600000
2023-01-05 15:55:54.291000,1.33847,1.33838,4370000,4500000
2023-01-05 15:55:55.134000,1.33847,1.33838,6240000,4500000
2023-01-05 15:55:55.346000,1.33847,1.33837,3600000,4500000
2023-01-05 15:55:55.511000,1.33847,1.33838,4370000,4500000
2023-01-05 15:55:55.638000,1.33846,1.33838,3600000,4500000
2023-01-05 15:55:55.841000,1.33842,1.33836,3600000,4500000
2023-01-05 15:55:55.943000,1.33837,1.33832,4370000,1200000
2023-01-05 15:55:55.994000,1.33836,1.3383,3830000,1200000
2023-01-05 15:55:56.096000,1.33837,1.33829,3830000,3600000
2023-01-05 15:55:56.598000,1.33837,1.3383,4370000,3600000
2023-01-05 15:55:57.069000,1.33838,1.3383,5520000,3600000
2023-01-05 15:55:57.120000,1.33835,1.33829,4440000,3600000
2023-01-05 15:55:57.222000,1.33835,1.33828,3600000,4500000
2023-01-05 15:55:57.323000,1.33837,1.33829,4140000,3600000
2023-01-05 15:55:57.375000,1.33838,1.33831,4580000,3600000
2023-01-05 15:55:57.477000,1.33837,1.33831,3600000,7800000
2023-01-05 15:55:57.528000,1.3384,1.33834,3600000,3600000
2023-01-05 15:55:57.579000,1.33842,1.33836,3600000,3600000
2023-01-05 15:55:57.681000,1.33842,1.33834,3600000,3600000
2023-01-05 15:55:57.732000,1.33844,1.33837,4140000,3600000
2023-01-05 15:55:57.788000,1.33841,1.33835,3600000,3600000
2023-01-05 15:55:58.194000,1.33842,1.33834,5450000,3600000
2023-01-05 15:55:58.296000,1.33843,1.33832,5220000,3600000
2023-01-05 15:55:58.398000,1.33838,1.33832,3600000,3600000
2023-01-05 15:55:58.500000,1.33837,1.33831,3600000,3600000
2023-01-05 15:55:58.602000,1.33838,1.33832,4140000,3600000
2023-01-05 15:55:58.704000,1.33838,1.3383,4140000,4500000
2023-01-05 15:55:58.755000,1.33838,1.33832,3600000,3600000
2023-01-05 15:55:59.060000,1.33841,1.33832,4140000,3600000
2023-01-05 15:55:59.162000,1.33842,1.33833,6790000,3600000
2023-01-05 15:55:59.328000,1.33843,1.33832,5480000,3600000
2023-01-05 15:55:59.430000,1.33841,1.33833,3600000,3600000
2023-01-05 15:56:00.125000,1.33844,1.33837,1200000,3600000
2023-01-05 15:56:00.177000,1.33844,1.33838,3830000,3600000
2023-01-05 15:56:01.150000,1.33846,1.33838,3600000,3600000
2023-01-05 15:56:01.251000,1.33845,1.33839,4440000,3600000
2023-01-05 15:56:01.353000,1.33846,1.3384,5340000,3600000
2023-01-05 15:56:01.455000,1.33845,1.33839,3900000,3600000
2023-01-05 15:56:01.557000,1.33846,1.3384,5340000,3600000
2023-01-05 15:56:01.732000,1.33844,1.33838,3830000,3600000
2023-01-05 15:56:01.784000,1.33843,1.33838,1740000,3600000
2023-01-05 15:56:01.835000,1.33842,1.33836,4140000,4500000
2023-01-05 15:56:01.988000,1.33841,1.33835,3600000,4500000
2023-01-05 15:56:02.090000,1.33841,1.33836,3600000,1200000
2023-01-05 15:56:02.141000,1.33846,1.3384,3600000,3600000
2023-01-05 15:56:02.192000,1.33848,1.33843,1200000,3600000
2023-01-05 15:56:02.294000,1.3385,1.33844,3900000,3600000
2023-01-05 15:56:02.345000,1.33851,1.33845,3600000,3600000
2023-01-05 15:56:02.498000,1.33852,1.33845,4140000,3600000
2023-01-05 15:56:02.549000,1.3385,1.33844,3600000,4500000
2023-01-05 15:56:02.651000,1.33854,1.33846,4140000,3600000
2023-01-05 15:56:02.702000,1.33852,1.33846,3600000,3600000
2023-01-05 15:56:02.753000,1.33856,1.33845,5660000,4500000
2023-01-05 15:56:02.804000,1.33855,1.33848,5660000,3600000
2023-01-05 15:56:02.906000,1.33853,1.33847,3600000,3600000
2023-01-05 15:56:03.117000,1.33856,1.33852,1200000,3600000
2023-01-05 15:56:03.169000,1.33861,1.33854,4320000,3600000
2023-01-05 15:56:03.271000,1.33859,1.33853,4140000,4500000
2023-01-05 15:56:03.525000,1.33858,1.33852,3600000,3600000
2023-01-05 15:56:03.728000,1.3386,1.33852,4140000,3600000
2023-01-05 15:56:03.779000,1.3386,1.33854,3600000,3600000
2023-01-05 15:56:03.881000,1.33862,1.33855,5220000,3600000
2023-01-05 15:56:03.983000,1.3386,1.33854,3600000,3600000
2023-01-05 15:56:04.212000,1.33861,1.33854,5040000,3600000
2023-01-05 15:56:04.314000,1.33862,1.33855,1440000,3600000
2023-01-05 15:56:04.416000,1.33865,1.33858,6080000,3600000
2023-01-05 15:56:04.519000,1.33866,1.33861,1800000,3600000
2023-01-05 15:56:04.621000,1.3387,1.33863,4140000,3600000
2023-01-05 15:56:04.672000,1.33868,1.33862,3600000,3600000
2023-01-05 15:56:04.926000,1.33868,1.33861,4500000,3600000
2023-01-05 15:56:05.028000,1.33868,1.33862,3600000,3600000
2023-01-05 15:56:05.180000,1.33867,1.33861,3600000,3600000
2023-01-05 15:56:05.486000,1.3387,1.33862,4500000,3600000
2023-01-05 15:56:05.588000,1.33868,1.33862,3600000,3830000
2023-01-05 15:56:05.690000,1.33874,1.33867,1200000,3600000
2023-01-05 15:56:05.794000,1.33876,1.3387,4040000,3600000
2023-01-05 15:56:05.913000,1.33875,1.33869,3600000,4500000
2023-01-05 15:56:06.015000,1.33875,1.3387,1800000,3600000
2023-01-05 15:56:06.066000,1.33877,1.3387,4580000,3600000
2023-01-05 15:56:06.168000,1.33878,1.3387,4040000,3600000
2023-01-05 15:56:06.270000,1.33878,1.33872,4320000,3600000
2023-01-05 15:56:06.372000,1.33877,1.33871,4140000,3600000
2023-01-05 15:56:06.476000,1.33876,1.3387,3600000,3600000
2023-01-05 15:56:06.578000,1.33875,1.33868,4140000,3600000
2023-01-05 15:56:06.731000,1.33875,1.33869,3600000,3600000
2023-01-05 15:56:07.087000,1.33872,1.33866,4440000,4500000
2023-01-05 15:56:07.189000,1.33867,1.33861,3600000,3600000
2023-01-05 15:56:07.291000,1.33868,1.33862,3600000,4500000
2023-01-05 15:56:08.116000,1.33872,1.33866,3140000,3600000
2023-01-05 15:56:08.218000,1.33876,1.33872,3600000,1200000
2023-01-05 15:56:08.320000,1.33877,1.33871,3600000,4500000
2023-01-05 15:56:08.422000,1.33877,1.33872,4140000,1200000
2023-01-05 15:56:08.977000,1.33879,1.33871,5940000,1200000
2023-01-05 15:56:09.667000,1.33876,1.33871,3600000,1200000
2023-01-05 15:56:09.718000,1.33874,1.33868,3600000,4500000
2023-01-05 15:56:09.769000,1.33871,1.33868,3600000,1200000
2023-01-05 15:56:09.820000,1.33873,1.33866,5040000,1200000
2023-01-05 15:56:09.872000,1.33872,1.33866,3900000,1200000
2023-01-05 15:56:09.974000,1.33873,1.33867,3600000,4500000
2023-01-05 15:56:10.076000,1.33873,1.33868,3600000,1200000
2023-01-05 15:56:10.228000,1.33875,1.3387,1200000,3600000
2023-01-05 15:56:10.330000,1.33878,1.33872,4500000,4500000
2023-01-05 15:56:10.434000,1.33878,1.33875,1200000,1200000
2023-01-05 15:56:10.486000,1.33881,1.33874,3600000,1200000
2023-01-05 15:56:10.588000,1.33878,1.33875,4140000,1200000
2023-01-05 15:56:10.639000,1.33877,1.33872,3600000,1200000
2023-01-05 15:56:10.741000,1.33879,1.33874,3600000,1200000
2023-01-05 15:56:10.844000,1.3388,1.33874,3680000,3600000
2023-01-05 15:56:11,1.33881,1.33873,4320000,3600000
2023-01-05 15:56:11.051000,1.33877,1.33871,4140000,3600000
2023-01-05 15:56:11.255000,1.33876,1.3387,3600000,3600000
2023-01-05 15:56:11.357000,1.33878,1.33872,3600000,3600000
2023-01-05 15:56:11.921000,1.33878,1.33871,3600000,3600000
2023-01-05 15:56:12.024000,1.33877,1.33873,2060000,1500000
2023-01-05 15:56:12.126000,1.33876,1.3387,4140000,3600000
2023-01-05 15:56:12.278000,1.33876,1.33868,4140000,4730000
2023-01-05 15:56:12.329000,1.33877,1.33871,4500000,3600000
2023-01-05 15:56:12.482000,1.33878,1.33872,4500000,3600000
2023-01-05 15:56:12.861000,1.33877,1.33872,1200000,3600000
2023-01-05 15:56:12.963000,1.33877,1.3387,1200000,3830000
2023-01-05 15:56:13.065000,1.33878,1.33871,4500000,3600000
2023-01-05 15:56:13.167000,1.33878,1.33872,4500000,3600000
2023-01-05 15:56:13.269000,1.33878,1.33873,1920000,3600000
2023-01-05 15:56:13.371000,1.33875,1.33867,4500000,4500000
2023-01-05 15:56:13.931000,1.33874,1.33869,1200000,3600000
2023-01-05 15:56:14.447000,1.33875,1.33869,4500000,3600000
2023-01-05 15:56:16.610000,1.33867,1.33865,4580000,1200000
2023-01-05 15:56:16.662000,1.33866,1.33863,3680000,1200000
2023-01-05 15:56:16.713000,1.33865,1.33859,3600000,3600000
2023-01-05 15:56:16.916000,1.33867,1.33859,3910000,3600000
2023-01-05 15:56:17.061000,1.33863,1.33857,5450000,4500000
2023-01-05 15:56:17.163000,1.33858,1.33852,3600000,3600000
2023-01-05 15:56:17.214000,1.33861,1.33854,1200000,3600000
2023-01-05 15:56:17.266000,1.33863,1.33857,1800000,3600000
2023-01-05 15:56:17.520000,1.33862,1.33856,3600000,3600000
2023-01-05 15:56:17.622000,1.33861,1.33855,4140000,3600000
2023-01-05 15:56:17.724000,1.33861,1.33855,4740000,3600000
2023-01-05 15:56:17.775000,1.33858,1.33851,4320000,3830000
2023-01-05 15:56:17.878000,1.33854,1.33848,4140000,3830000
2023-01-05 15:56:17.980000,1.33852,1.33846,3600000,3900000
2023-01-05 15:56:18.082000,1.33853,1.33847,3600000,3600000
2023-01-05 15:56:18.184000,1.33855,1.33848,5660000,3600000
2023-01-05 15:56:18.438000,1.33855,1.33849,4500000,3600000
2023-01-05 15:56:18.540000,1.33854,1.33848,3600000,3600000
2023-01-05 15:56:19.782000,1.33854,1.3385,1200000,3600000
2023-01-05 15:56:19.910000,1.33856,1.33849,3600000,3600000
2023-01-05 15:56:20.012000,1.33856,1.33851,1200000,3600000
2023-01-05 15:56:20.114000,1.33858,1.33852,4500000,3600000
2023-01-05 15:56:20.216000,1.33861,1.33856,1200000,3600000
2023-01-05 15:56:20.318000,1.33862,1.33856,5040000,3600000
2023-01-05 15:56:20.420000,1.33863,1.33854,5220000,3600000
2023-01-05 15:56:20.522000,1.33863,1.33858,1800000,3600000
2023-01-05 15:56:20.625000,1.33864,1.33858,3600000,3600000
2023-01-05 15:56:20.727000,1.33867,1.33861,5040000,3600000
2023-01-05 15:56:20.879000,1.33866,1.3386,3600000,3600000
2023-01-05 15:56:21.177000,1.33867,1.33859,5040000,3600000
2023-01-05 15:56:21.279000,1.33867,1.33858,3600000,3600000
2023-01-05 15:56:21.395000,1.33867,1.33859,5040000,3600000
2023-01-05 15:56:21.760000,1.33867,1.33858,3600000,3600000
2023-01-05 15:56:21.862000,1.33866,1.3386,3600000,3600000
2023-01-05 15:56:22.035000,1.33866,1.33859,3600000,3600000
2023-01-05 15:56:22.436000,1.33863,1.33857,4810000,3600000
2023-01-05 15:56:22.538000,1.33862,1.33855,3600000,3600000
2023-01-05 15:56:22.640000,1.33861,1.33855,3600000,3600000
2023-01-05 15:56:23.697000,1.33859,1.33853,3600000,4040000
2023-01-05 15:56:23.799000,1.33857,1.33851,3600000,3600000
2023-01-05 15:56:24.892000,1.33859,1.33851,1440000,3600000
2023-01-05 15:56:25.171000,1.33859,1.3385,4140000,3600000
2023-01-05 15:56:25.408000,1.33857,1.33851,3600000,3600000
2023-01-05 15:56:26.063000,1.33859,1.33851,3600000,3600000
2023-01-05 15:56:26.165000,1.3386,1.33855,3600000,1200000
2023-01-05 15:56:26.217000,1.33859,1.33853,4140000,3600000
2023-01-05 15:56:26.318000,1.33859,1.33851,3600000,3600000
2023-01-05 15:56:26.420000,1.33857,1.33851,3600000,3600000
2023-01-05 15:56:27.600000,1.33858,1.33852,3600000,3600000
2023-01-05 15:56:27.753000,1.33859,1.33853,3600000,3600000
2023-01-05 15:56:27.804000,1.3386,1.33857,1200000,3600000
2023-01-05 15:56:27.855000,1.33863,1.33858,1200000,3600000
2023-01-05 15:56:27.958000,1.33865,1.33859,4580000,3600000
2023-01-05 15:56:28.110000,1.33866,1.3386,4580000,3600000
2023-01-05 15:56:28.700000,1.33864,1.33858,3600000,4200000
2023-01-05 15:56:28.852000,1.33865,1.33859,4500000,4040000
2023-01-05 15:56:30.149000,1.33864,1.33859,1200000,4040000
2023-01-05 15:56:30.472000,1.33865,1.3386,1200000,3600000
2023-01-05 15:56:30.574000,1.33867,1.33861,4500000,3600000
2023-01-05 15:56:30.676000,1.33867,1.33862,1200000,3600000
2023-01-05 15:56:30.834000,1.33868,1.33864,1200000,3600000
2023-01-05 15:56:30.936000,1.33869,1.33864,4730000,1200000
2023-01-05 15:56:31.038000,1.33869,1.33863,4730000,3600000
2023-01-05 15:56:31.321000,1.33869,1.33864,1500000,3600000
2023-01-05 15:56:31.788000,1.33869,1.33863,4730000,3600000
2023-01-05 15:56:31.991000,1.33869,1.33864,4730000,1200000
2023-01-05 15:56:32.094000,1.33869,1.33865,1500000,3600000
2023-01-05 15:56:32.277000,1.33869,1.33864,4730000,1200000
2023-01-05 15:56:32.379000,1.33869,1.33863,4730000,3600000
2023-01-05 15:56:32.785000,1.33871,1.33863,5360000,3600000
2023-01-05 15:56:32.887000,1.33867,1.33859,4500000,5240000
2023-01-05 15:56:32.938000,1.33866,1.3386,1200000,3830000
2023-01-05 15:56:33.518000,1.33866,1.33861,1200000,3600000
2023-01-05 15:56:34.343000,1.33865,1.33861,1200000,3600000
2023-01-05 15:56:34.394000,1.33865,1.33859,4500000,3830000
2023-01-05 15:56:34.871000,1.33864,1.33859,1200000,3600000
2023-01-05 15:56:35.993000,1.33864,1.3386,1200000,3600000
2023-01-05 15:56:36.745000,1.33864,1.33859,1200000,3830000
2023-01-05 15:56:37.099000,1.33862,1.33857,3600000,3050000
2023-01-05 15:56:37.151000,1.33857,1.33852,3600000,1200000
2023-01-05 15:56:37.269000,1.33855,1.3385,1200000,3600000
2023-01-05 15:56:37.425000,1.33856,1.3385,4500000,3600000
2023-01-05 15:56:37.729000,1.33856,1.33851,1200000,3600000
2023-01-05 15:56:37.831000,1.33856,1.3385,4500000,3600000
2023-01-05 15:56:38.457000,1.33856,1.33851,1200000,3600000
2023-01-05 15:56:38.559000,1.3386,1.33855,1200000,3600000
2023-01-05 15:56:38.662000,1.33856,1.33851,1200000,4500000
2023-01-05 15:56:38.763000,1.33857,1.33849,4500000,3600000
2023-01-05 15:56:38.865000,1.33856,1.33849,1200000,3600000
2023-01-05 15:56:39.341000,1.33856,1.3385,3600000,3600000
2023-01-05 15:56:39.595000,1.33855,1.33849,1200000,4500000
2023-01-05 15:56:40.135000,1.33854,1.33848,3600000,3600000
2023-01-05 15:56:40.186000,1.33856,1.33849,1200000,3600000
2023-01-05 15:56:40.289000,1.33859,1.33853,4140000,3600000
2023-01-05 15:56:40.390000,1.33857,1.33851,4500000,4500000
2023-01-05 15:56:40.540000,1.33858,1.33851,1200000,3600000
2023-01-05 15:56:40.756000,1.33857,1.33851,5220000,4500000
2023-01-05 15:56:40.858000,1.33855,1.3385,1200000,3600000
2023-01-05 15:56:40.960000,1.33857,1.3385,1200000,3600000
2023-01-05 15:56:41.113000,1.33856,1.3385,4500000,3600000
2023-01-05 15:56:41.791000,1.33856,1.33849,5040000,4500000
2023-01-05 15:56:41.997000,1.33853,1.33848,1200000,3600000
2023-01-05 15:56:42.099000,1.33853,1.33849,1200000,3600000
2023-01-05 15:56:42.200000,1.33854,1.33846,4500000,4500000
2023-01-05 15:56:42.437000,1.33854,1.33848,3600000,3600000
2023-01-05 15:56:42.589000,1.33853,1.33847,4500000,3600000
2023-01-05 15:56:43.035000,1.33855,1.33849,4500000,3600000
2023-01-05 15:56:43.362000,1.33854,1.33848,3600000,3600000
2023-01-05 15:56:43.515000,1.33854,1.3385,1200000,3600000
2023-01-05 15:56:43.617000,1.33856,1.33852,1200000,1200000
2023-01-05 15:56:43.668000,1.33856,1.3385,4500000,3600000
2023-01-05 15:56:43.719000,1.33855,1.33848,3600000,1200000
2023-01-05 15:56:43.821000,1.33855,1.33849,4500000,3600000
2023-01-05 15:56:44.334000,1.33856,1.33849,4500000,3600000
2023-01-05 15:56:44.602000,1.33854,1.33848,3600000,4500000
2023-01-05 15:56:44.755000,1.33853,1.33848,1200000,3600000
2023-01-05 15:56:44.907000,1.33854,1.33848,1200000,4500000
2023-01-05 15:56:45.009000,1.33853,1.33848,1200000,3600000
2023-01-05 15:56:45.264000,1.33854,1.33846,4500000,3600000
2023-01-05 15:56:45.366000,1.3385,1.33842,4140000,3600000
2023-01-05 15:56:45.468000,1.33849,1.33844,1200000,3600000
2023-01-05 15:56:45.581000,1.33849,1.33842,1200000,3600000
2023-01-05 15:56:45.683000,1.33848,1.33842,3600000,3600000
2023-01-05 15:56:45.785000,1.33849,1.33843,4500000,3600000
2023-01-05 15:56:45.887000,1.33848,1.33843,1200000,3600000
2023-01-05 15:56:46.705000,1.33852,1.3385,1200000,3830000
2023-01-05 15:56:46.756000,1.33858,1.33853,3600000,2030000
2023-01-05 15:56:46.807000,1.33859,1.33855,1200000,3600000
2023-01-05 15:56:46.859000,1.33862,1.33856,3600000,3600000
2023-01-05 15:56:47.062000,1.33863,1.33857,3600000,3600000
2023-01-05 15:56:47.164000,1.33862,1.33856,3600000,3600000
2023-01-05 15:56:47.367000,1.33861,1.33855,4500000,3600000
2023-01-05 15:56:47.520000,1.33863,1.33855,1200000,3600000
2023-01-05 15:56:47.654000,1.3386,1.33855,1200000,3600000
2023-01-05 15:56:47.756000,1.3386,1.33854,1200000,3600000
2023-01-05 15:56:47.858000,1.33862,1.33856,4500000,3600000
2023-01-05 15:56:48.315000,1.33864,1.33858,3600000,3600000
2023-01-05 15:56:48.417000,1.33862,1.33856,3600000,3600000
2023-01-05 15:56:48.830000,1.33861,1.33853,3600000,4270000
2023-01-05 15:56:48.983000,1.33859,1.33853,4500000,3600000
2023-01-05 15:56:49.085000,1.3386,1.33851,4500000,4270000
2023-01-05 15:56:49.136000,1.33855,1.33849,3600000,3600000
2023-01-05 15:56:49.238000,1.33854,1.33848,3600000,4270000
2023-01-05 15:56:49.441000,1.33853,1.33847,3600000,3830000
2023-01-05 15:56:49.543000,1.33854,1.33847,4500000,3830000
2023-01-05 15:56:49.645000,1.33853,1.33847,3600000,3830000
2023-01-05 15:56:49.747000,1.33852,1.33846,3600000,3900000
2023-01-05 15:56:49.900000,1.33854,1.33846,4500000,3830000
2023-01-05 15:56:50.314000,1.33853,1.33844,4140000,3900000
2023-01-05 15:56:50.416000,1.33847,1.33841,3600000,1440000
2023-01-05 15:56:50.545000,1.33851,1.33842,6380000,3600000
2023-01-05 15:56:50.663000,1.33851,1.33843,4940000,3830000
2023-01-05 15:56:51.281000,1.3385,1.33843,1200000,3600000
2023-01-05 15:56:51.605000,1.3385,1.33842,1440000,3600000
2023-01-05 15:56:51.808000,1.3385,1.33843,5040000,3600000
2023-01-05 15:56:53.553000,1.33849,1.33843,3600000,3600000
2023-01-05 15:56:53.604000,1.33851,1.33844,1200000,3830000
2023-01-05 15:56:53.655000,1.33851,1.33846,1200000,3600000
2023-01-05 15:56:53.757000,1.33853,1.33846,5940000,3600000
2023-01-05 15:56:53.808000,1.33851,1.33842,3600000,3600000
2023-01-05 15:56:53.859000,1.33852,1.33844,4580000,3600000
2023-01-05 15:56:54.063000,1.3385,1.33844,2520000,3600000
2023-01-05 15:56:54.114000,1.33848,1.33842,3600000,3600000
2023-01-05 15:56:54.165000,1.33845,1.33839,3600000,3600000
2023-01-05 15:56:54.216000,1.33847,1.3384,4500000,3600000
2023-01-05 15:56:54.339000,1.33846,1.3384,3600000,3600000
2023-01-05 15:56:55.105000,1.33848,1.33845,1200000,4200000
2023-01-05 15:56:55.161000,1.33855,1.33852,1200000,1440000
2023-01-05 15:56:55.212000,1.33865,1.3386,1500000,1440000
2023-01-05 15:56:55.264000,1.33869,1.33862,2100000,1440000
2023-01-05 15:56:55.367000,1.33867,1.33863,3600000,1440000
2023-01-05 15:56:55.418000,1.33868,1.33863,1500000,4140000
2023-01-05 15:56:55.520000,1.33871,1.33864,1340000,3600000
2023-01-05 15:56:55.622000,1.3387,1.33865,1200000,1500000
2023-01-05 15:56:55.724000,1.33873,1.33867,4200000,3910000
2023-01-05 15:56:55.826000,1.33876,1.33873,2100000,3600000
2023-01-05 15:56:55.928000,1.33877,1.33872,4500000,1200000
2023-01-05 15:56:55.979000,1.33876,1.33869,3900000,3600000
2023-01-05 15:56:56.031000,1.33876,1.33869,3600000,3900000
2023-01-05 15:56:56.133000,1.33877,1.33868,3600000,3600000
2023-01-05 15:56:56.234000,1.33876,1.33868,3600000,4370000
2023-01-05 15:56:56.762000,1.33876,1.33868,3600000,4440000
2023-01-05 15:56:56.923000,1.33878,1.3387,1200000,4460000
2023-01-05 15:56:57.026000,1.33882,1.33877,1200000,3830000
2023-01-05 15:56:57.178000,1.33883,1.33876,3600000,3980000
2023-01-05 15:56:57.440000,1.33882,1.33875,3600000,1760000
2023-01-05 15:56:57.677000,1.33883,1.33876,4500000,3980000
2023-01-05 15:56:57.879000,1.33882,1.33875,3600000,5360000
2023-01-05 15:56:58.187000,1.33883,1.33876,4500000,3980000
2023-01-05 15:56:58.550000,1.33882,1.33876,3600000,3980000
2023-01-05 15:56:59.209000,1.33884,1.33878,4200000,3600000
2023-01-05 15:56:59.312000,1.33883,1.33876,4200000,3980000
2023-01-05 15:56:59.829000,1.33886,1.33878,4200000,1620000
2023-01-05 15:56:59.881000,1.33887,1.33882,1200000,4500000
2023-01-05 15:56:59.989000,1.3389,1.33883,3600000,3600000
2023-01-05 15:57:00.091000,1.33889,1.33883,3600000,3600000
2023-01-05 15:57:00.193000,1.33887,1.33879,3600000,4810000
2023-01-05 15:57:00.397000,1.33888,1.33881,3600000,3600000
2023-01-05 15:57:00.549000,1.33886,1.3388,3600000,4810000
2023-01-05 15:57:00.860000,1.33888,1.33882,3600000,3600000
2023-01-05 15:57:01.221000,1.33888,1.33881,3600000,3830000
2023-01-05 15:57:01.358000,1.33886,1.3388,3600000,4810000
2023-01-05 15:57:01.459000,1.33887,1.33881,3600000,3600000
2023-01-05 15:57:02.093000,1.33889,1.33883,3780000,4320000
2023-01-05 15:57:02.196000,1.3389,1.33886,1200000,3600000
2023-01-05 15:57:02.247000,1.33891,1.33882,4500000,5270000
2023-01-05 15:57:02.349000,1.33889,1.33883,3780000,3680000
2023-01-05 15:57:02.568000,1.33889,1.33881,3600000,4160000
2023-01-05 15:57:02.721000,1.33889,1.33882,3780000,4160000
2023-01-05 15:57:03.238000,1.3389,1.33882,3600000,4160000
2023-01-05 15:57:03.582000,1.33886,1.3388,3600000,4320000
2023-01-05 15:57:03.734000,1.33889,1.3388,4800000,4160000
2023-01-05 15:57:04.239000,1.33888,1.33881,4800000,3680000
2023-01-05 15:57:04.341000,1.33886,1.33878,3830000,3600000
2023-01-05 15:57:04.443000,1.33884,1.33879,1200000,3600000
2023-01-05 15:57:05.562000,1.33882,1.33877,3830000,1200000
2023-01-05 15:57:05.664000,1.33881,1.33875,1200000,4160000
2023-01-05 15:57:05.766000,1.33881,1.33877,1200000,1920000
2023-01-05 15:57:05.818000,1.33884,1.33881,1200000,3680000
2023-01-05 15:57:05.869000,1.33887,1.33881,1200000,4160000
2023-01-05 15:57:05.971000,1.33888,1.33881,1200000,3680000
2023-01-05 15:57:06.073000,1.33888,1.33882,1200000,3680000
2023-01-05 15:57:06.280000,1.33889,1.3388,4500000,3680000
2023-01-05 15:57:06.381000,1.33887,1.33882,1200000,3600000
2023-01-05 15:57:06.585000,1.33888,1.33882,1200000,3600000
2023-01-05 15:57:06.687000,1.33888,1.33881,1200000,3680000
2023-01-05 15:57:06.789000,1.33888,1.33881,1200000,4160000
2023-01-05 15:57:06.890000,1.33887,1.33882,1200000,3680000
2023-01-05 15:57:06.992000,1.33886,1.33881,1200000,3680000
2023-01-05 15:57:07.196000,1.33885,1.3388,1200000,3600000
2023-01-05 15:57:07.298000,1.33884,1.33879,1500000,3680000
2023-01-05 15:57:07.760000,1.33885,1.3388,1500000,3600000
2023-01-05 15:57:07.862000,1.33885,1.33879,4730000,3680000
2023-01-05 15:57:07.964000,1.33885,1.33878,1200000,3680000
2023-01-05 15:57:10.318000,1.33885,1.33879,4500000,3680000
2023-01-05 15:57:10.606000,1.33884,1.33879,1200000,3680000
2023-01-05 15:57:10.708000,1.33885,1.3388,1200000,3980000
2023-01-05 15:57:10.861000,1.33888,1.33884,1200000,3900000
2023-01-05 15:57:10.963000,1.33894,1.33888,1440000,3600000
2023-01-05 15:57:11.014000,1.33893,1.33886,3600000,3600000
2023-01-05 15:57:11.117000,1.33891,1.33885,3600000,3600000
2023-01-05 15:57:11.219000,1.33889,1.33882,3600000,3600000
2023-01-05 15:57:11.270000,1.33887,1.33881,3600000,3600000
2023-01-05 15:57:11.372000,1.33888,1.33882,3600000,1200000
2023-01-05 15:57:11.474000,1.33889,1.33883,4370000,3600000
2023-01-05 15:57:11.576000,1.33889,1.33881,4370000,4500000
2023-01-05 15:57:11.929000,1.33888,1.33882,3600000,3600000
2023-01-05 15:57:12.134000,1.33889,1.33883,3600000,3600000
2023-01-05 15:57:13.588000,1.33891,1.33887,1340000,3600000
2023-01-05 15:57:13.639000,1.33895,1.33888,5450000,3600000
2023-01-05 15:57:13.792000,1.33895,1.33887,4320000,3600000
2023-01-05 15:57:13.894000,1.33894,1.33886,4140000,3600000
2023-01-05 15:57:13.945000,1.3389,1.33884,3600000,3600000
2023-01-05 15:57:14.098000,1.3389,1.33884,3600000,5340000
2023-01-05 15:57:14.200000,1.33895,1.33889,4040000,3600000
2023-01-05 15:57:14.302000,1.33895,1.33888,1200000,2820000
2023-01-05 15:57:14.404000,1.33895,1.33889,3600000,3600000
2023-01-05 15:57:14.577000,1.33895,1.33889,3600000,3900000
2023-01-05 15:57:14.629000,1.33895,1.33889,3600000,5360000
2023-01-05 15:57:14.680000,1.33898,1.33893,1200000,3600000
2023-01-05 15:57:14.781000,1.33898,1.3389,1200000,3980000
2023-01-05 15:57:14.883000,1.33896,1.3389,3600000,3980000
2023-01-05 15:57:14.934000,1.33898,1.33892,4500000,3830000
2023-01-05 15:57:14.986000,1.33896,1.3389,3600000,3980000
2023-01-05 15:57:15.087000,1.33898,1.33891,1200000,3900000
2023-01-05 15:57:15.291000,1.33898,1.33891,1200000,3830000
2023-01-05 15:57:15.393000,1.33899,1.33893,4500000,3600000
2023-01-05 15:57:15.495000,1.33897,1.33891,3600000,3900000
2023-01-05 15:57:15.751000,1.339,1.3389,3600000,5450000
2023-01-05 15:57:15.853000,1.33897,1.33891,3600000,3600000
2023-01-05 15:57:15.955000,1.33897,1.3389,4500000,3600000
2023-01-05 15:57:16.077000,1.33896,1.3389,3600000,3600000
2023-01-05 15:57:16.179000,1.33897,1.3389,4500000,3600000
2023-01-05 15:57:16.782000,1.33896,1.3389,1200000,3600000
2023-01-05 15:57:16.884000,1.33892,1.33886,4500000,5240000
2023-01-05 15:57:17.197000,1.33894,1.33888,4940000,3600000
2023-01-05 15:57:17.941000,1.33894,1.33887,3600000,4500000
2023-01-05 15:57:18.621000,1.33893,1.33887,3600000,3600000
2023-01-05 15:57:18.724000,1.33889,1.33885,3600000,1200000
2023-01-05 15:57:18.775000,1.33893,1.33885,3600000,3900000
2023-01-05 15:57:18.928000,1.33893,1.33887,4500000,3600000
2023-01-05 15:57:19.292000,1.33891,1.33886,3600000,1500000
2023-01-05 15:57:19.394000,1.33893,1.33886,5040000,4500000
2023-01-05 15:57:19.447000,1.33891,1.33885,3600000,1200000
2023-01-05 15:57:19.498000,1.3389,1.33884,4500000,1200000
2023-01-05 15:57:19.650000,1.33891,1.33883,4500000,4500000
2023-01-05 15:57:19.854000,1.3389,1.33884,4500000,3600000
2023-01-05 15:57:20.162000,1.33891,1.33883,4580000,4500000
2023-01-05 15:57:20.264000,1.33893,1.33883,5400000,4800000
2023-01-05 15:57:20.315000,1.33891,1.33885,3600000,3830000
2023-01-05 15:57:20.900000,1.33891,1.33885,3600000,3900000
2023-01-05 15:57:21.475000,1.3389,1.33884,3600000,3600000
2023-01-05 15:57:21.526000,1.33889,1.33882,3600000,3910000
2023-01-05 15:57:21.628000,1.33891,1.33882,3600000,3600000
2023-01-05 15:57:21.844000,1.33889,1.33881,3600000,4040000
2023-01-05 15:57:21.946000,1.33887,1.33881,3600000,3600000
2023-01-05 15:57:22.048000,1.33889,1.33881,4140000,3600000
2023-01-05 15:57:22.441000,1.33887,1.33881,3600000,3600000
2023-01-05 15:57:22.492000,1.33889,1.33882,1200000,3600000
2023-01-05 15:57:22.746000,1.33889,1.33881,1200000,3600000
2023-01-05 15:57:22.797000,1.33887,1.33881,3600000,3600000
2023-01-05 15:57:22.899000,1.33888,1.33881,3600000,3600000
2023-01-05 15:57:23.084000,1.33887,1.33881,3600000,3600000
2023-01-05 15:57:23.513000,1.33888,1.33882,3600000,3600000
2023-01-05 15:57:23.615000,1.33889,1.33882,4940000,3600000
2023-01-05 15:57:24.407000,1.33887,1.33881,3600000,3600000
2023-01-05 15:57:24.509000,1.33888,1.33881,1200000,4140000
2023-01-05 15:57:24.662000,1.33887,1.33881,4500000,4500000
2023-01-05 15:57:25.092000,1.33887,1.33882,1200000,3600000
2023-01-05 15:57:25.194000,1.33887,1.33881,4500000,3600000
2023-01-05 15:57:25.523000,1.33887,1.33882,1200000,3600000
2023-01-05 15:57:25.625000,1.33886,1.3388,3600000,3600000
2023-01-05 15:57:25.980000,1.33886,1.33879,4500000,3830000
2023-01-05 15:57:26.082000,1.33886,1.3388,4500000,3900000
2023-01-05 15:57:26.387000,1.33886,1.3388,4730000,3600000
2023-01-05 15:57:26.489000,1.33881,1.33877,3600000,1200000
2023-01-05 15:57:26.591000,1.33882,1.33876,4500000,3600000
2023-01-05 15:57:26.693000,1.33881,1.33874,1200000,4320000
2023-01-05 15:57:26.794000,1.3388,1.33874,1200000,4320000
2023-01-05 15:57:27.468000,1.33881,1.33878,1200000,3600000
2023-01-05 15:57:27.570000,1.33884,1.33877,1200000,3600000
2023-01-05 15:57:27.672000,1.33884,1.33875,1200000,4370000
2023-01-05 15:57:27.774000,1.33882,1.33876,4500000,3830000
2023-01-05 15:57:27.876000,1.33881,1.33875,3600000,4140000
2023-01-05 15:57:27.927000,1.3388,1.33874,3600000,5340000
2023-01-05 15:57:28.029000,1.33881,1.33875,3600000,3900000
2023-01-05 15:57:28.447000,1.33883,1.33877,1200000,3600000
2023-01-05 15:57:28.499000,1.33881,1.33875,3600000,3900000
2023-01-05 15:57:29.132000,1.3388,1.33874,3600000,5520000
2023-01-05 15:57:29.183000,1.33882,1.33876,1200000,3900000
2023-01-05 15:57:29.539000,1.33882,1.33878,1200000,3600000
2023-01-05 15:57:29.842000,1.33882,1.33876,1200000,4340000
2023-01-05 15:57:30.178000,1.33883,1.33876,1200000,5060000
2023-01-05 15:57:30.229000,1.33883,1.33879,1200000,2820000
2023-01-05 15:57:30.280000,1.33888,1.33881,5400000,4440000
2023-01-05 15:57:30.382000,1.33889,1.33881,4500000,7760000
2023-01-05 15:57:30.788000,1.33889,1.33883,1200000,3600000
2023-01-05 15:57:30.890000,1.33889,1.33882,1200000,3600000
2023-01-05 15:57:31.888000,1.33887,1.33882,1340000,3600000
2023-01-05 15:57:32.030000,1.33888,1.3388,4940000,3600000
2023-01-05 15:57:32.636000,1.33888,1.33882,4500000,3600000
2023-01-05 15:57:32.738000,1.33888,1.33881,1200000,3830000
2023-01-05 15:57:33.232000,1.33889,1.33881,1200000,4140000
2023-01-05 15:57:33.334000,1.33891,1.33885,3600000,3600000
2023-01-05 15:57:33.588000,1.33892,1.33886,5400000,3600000
2023-01-05 15:57:33.700000,1.33893,1.33884,1200000,3830000
2023-01-05 15:57:35.092000,1.33893,1.33889,1200000,4220000
2023-01-05 15:57:35.194000,1.33896,1.33891,1800000,3600000
2023-01-05 15:57:35.300000,1.33896,1.33887,3600000,4520000
2023-01-05 15:57:35.402000,1.33895,1.33887,3900000,4140000
2023-01-05 15:57:35.504000,1.33895,1.33888,3900000,3600000
2023-01-05 15:57:35.717000,1.33894,1.33886,3830000,3600000
2023-01-05 15:57:35.769000,1.3389,1.33884,4200000,5770000
2023-01-05 15:57:35.871000,1.3389,1.33883,1340000,3600000
2023-01-05 15:57:35.973000,1.3389,1.33881,3600000,3600000
2023-01-05 15:57:36.075000,1.33888,1.33882,3600000,3600000
2023-01-05 15:57:36.177000,1.33889,1.33882,3600000,3600000
2023-01-05 15:57:36.389000,1.33888,1.33882,3600000,3600000
2023-01-05 15:57:36.622000,1.33888,1.3388,3600000,4140000
2023-01-05 15:57:36.917000,1.33888,1.33881,3600000,3600000
2023-01-05 15:57:37.019000,1.33889,1.33882,4040000,3830000
2023-01-05 15:57:37.527000,1.33888,1.33881,3600000,3600000
2023-01-05 15:57:38.116000,1.33887,1.33881,3610000,3600000
2023-01-05 15:57:38.218000,1.33885,1.33879,3600000,4800000
2023-01-05 15:57:38.320000,1.33886,1.3388,4040000,3830000
2023-01-05 15:57:38.422000,1.33886,1.3388,4940000,4800000
2023-01-05 15:57:38.718000,1.33887,1.33881,3600000,3900000
2023-01-05 15:57:38.820000,1.33888,1.33882,1200000,3830000
2023-01-05 15:57:39.209000,1.33888,1.33884,1200000,4140000
2023-01-05 15:57:39.311000,1.33893,1.33886,1200000,3600000
2023-01-05 15:57:39.413000,1.3389,1.33884,3600000,3910000
2023-01-05 15:57:39.515000,1.33893,1.33887,1340000,3900000
2023-01-05 15:57:39.667000,1.33893,1.33887,1200000,3830000
2023-01-05 15:57:40.067000,1.33894,1.33887,4500000,3830000
2023-01-05 15:57:40.169000,1.33899,1.33892,6300000,3600000
2023-01-05 15:57:40.278000,1.33898,1.33892,3600000,3600000
2023-01-05 15:57:40.532000,1.33902,1.33895,6000000,3600000
2023-01-05 15:57:40.634000,1.33903,1.33895,5540000,3600000
2023-01-05 15:57:41.468000,1.33901,1.33894,4500000,3600000
2023-01-05 15:57:41.620000,1.33901,1.33893,1200000,3600000
2023-01-05 15:57:41.773000,1.33899,1.33893,1200000,3600000
2023-01-05 15:57:41.875000,1.33897,1.33891,3600000,3830000
2023-01-05 15:57:41.977000,1.33898,1.33891,4040000,3600000
2023-01-05 15:57:42.079000,1.33899,1.33891,4500000,3600000
2023-01-05 15:57:42.191000,1.339,1.33891,4500000,3600000
2023-01-05 15:57:42.302000,1.33899,1.33891,4500000,3600000
2023-01-05 15:57:42.404000,1.33901,1.33895,1800000,3600000
2023-01-05 15:57:42.506000,1.33902,1.33896,4940000,3830000
2023-01-05 15:57:42.658000,1.33903,1.33895,4040000,3900000
2023-01-05 15:57:43.328000,1.33902,1.33896,4040000,3830000
2023-01-05 15:57:43.836000,1.33902,1.33896,4040000,3900000
2023-01-05 15:57:44.141000,1.33902,1.33896,4040000,3910000
2023-01-05 15:57:44.447000,1.339,1.33894,3830000,3600000
2023-01-05 15:57:44.599000,1.339,1.33894,3900000,3600000
2023-01-05 15:57:44.752000,1.33894,1.3389,6740000,1340000
2023-01-05 15:57:44.803000,1.33892,1.33887,3600000,1320000
2023-01-05 15:57:44.854000,1.33893,1.33884,3600000,3680000
2023-01-05 15:57:44.956000,1.33894,1.33886,3900000,3600000
2023-01-05 15:57:45.058000,1.33893,1.33884,3600000,4140000
2023-01-05 15:57:45.364000,1.33891,1.33885,3830000,3600000
2023-01-05 15:57:45.465000,1.3389,1.33884,3600000,3600000
2023-01-05 15:57:45.799000,1.33889,1.33882,3600000,4630000
2023-01-05 15:57:45.901000,1.3389,1.33883,3600000,3600000
2023-01-05 15:57:46.003000,1.33891,1.33883,4340000,4160000
2023-01-05 15:57:46.106000,1.33891,1.33883,3600000,3680000
2023-01-05 15:57:46.208000,1.33891,1.33884,4040000,3600000
2023-01-05 15:57:46.411000,1.33891,1.33883,4940000,3680000
2023-01-05 15:57:46.764000,1.3389,1.33883,3600000,3680000
2023-01-05 15:57:47.057000,1.33891,1.33883,1340000,3680000
2023-01-05 15:57:47.159000,1.3389,1.33883,3600000,3680000
2023-01-05 15:57:47.296000,1.33891,1.33883,4500000,3680000
2023-01-05 15:57:47.398000,1.3389,1.33884,3600000,3600000
2023-01-05 15:57:47.500000,1.33891,1.33883,4500000,3680000
2023-01-05 15:57:47.602000,1.33891,1.33884,1200000,3600000
2023-01-05 15:57:47.704000,1.3389,1.33884,3600000,4640000
2023-01-05 15:57:47.806000,1.33893,1.33887,5170000,1200000
2023-01-05 15:57:47.908000,1.3389,1.33885,3600000,1200000
2023-01-05 15:57:47.959000,1.33889,1.33882,3600000,3680000
2023-01-05 15:57:48.061000,1.33888,1.33882,3600000,3680000
2023-01-05 15:57:48.163000,1.33886,1.3388,3600000,3680000
2023-01-05 15:57:48.265000,1.33886,1.3388,3600000,4160000
2023-01-05 15:57:48.519000,1.33886,1.3388,3600000,3680000
2023-01-05 15:57:48.620000,1.33886,1.3388,3600000,4160000
2023-01-05 15:57:48.976000,1.33886,1.3388,3600000,3680000
2023-01-05 15:57:49.078000,1.33885,1.33879,3600000,6120000
2023-01-05 15:57:49.180000,1.33886,1.3388,3600000,4320000
2023-01-05 15:57:49.282000,1.33888,1.33882,4040000,3680000
2023-01-05 15:57:49.383000,1.33887,1.33881,3600000,4160000
2023-01-05 15:57:49.485000,1.33888,1.33882,4040000,3680000
2023-01-05 15:57:49.587000,1.33887,1.33881,3600000,4160000
2023-01-05 15:57:49.689000,1.33888,1.33881,3600000,4160000
2023-01-05 15:57:50.180000,1.33889,1.33882,3600000,4160000
2023-01-05 15:57:50.282000,1.33891,1.33881,4940000,4160000
2023-01-05 15:57:50.383000,1.3389,1.33884,4940000,3600000
2023-01-05 15:57:50.587000,1.33889,1.33882,1500000,4160000
2023-01-05 15:57:50.908000,1.33889,1.33882,1200000,3680000
2023-01-05 15:57:51.010000,1.33888,1.33881,3600000,4160000
2023-01-05 15:57:51.111000,1.33889,1.33881,1200000,4160000
2023-01-05 15:57:51.213000,1.33888,1.33881,3600000,4160000
2023-01-05 15:57:51.315000,1.33891,1.33885,3730000,1200000
2023-01-05 15:57:51.367000,1.33898,1.33894,1500000,3600000
2023-01-05 15:57:51.469000,1.339,1.33891,3600000,4800000
2023-01-05 15:57:51.520000,1.33896,1.33892,3600000,1500000
2023-01-05 15:57:51.571000,1.33894,1.33888,3600000,3980000
2023-01-05 15:57:51.673000,1.33894,1.33888,4500000,3680000
2023-01-05 15:57:51.787000,1.33895,1.33888,3600000,3600000
2023-01-05 15:57:51.990000,1.33895,1.33888,4800000,3600000
2023-01-05 15:57:52.092000,1.33895,1.33887,3740000,3600000
2023-01-05 15:57:52.802000,1.33891,1.33887,3600000,1200000
2023-01-05 15:57:52.853000,1.33891,1.33885,3600000,3680000
2023-01-05 15:57:52.955000,1.33892,1.33885,4730000,3680000
2023-01-05 15:57:53.230000,1.33892,1.33885,4730000,4160000
2023-01-05 15:57:53.332000,1.33893,1.33886,1200000,3600000
2023-01-05 15:57:53.707000,1.33891,1.33885,4500000,3680000
2023-01-05 15:57:53.911000,1.33891,1.33885,4500000,4160000
2023-01-05 15:57:54.063000,1.33892,1.33886,3600000,4160000
2023-01-05 15:57:54.165000,1.33894,1.33888,4800000,3960000
2023-01-05 15:57:54.832000,1.33896,1.3389,4200000,4160000
2023-01-05 15:57:54.884000,1.33897,1.33892,1200000,3600000
2023-01-05 15:57:54.986000,1.33898,1.33891,4500000,3600000
2023-01-05 15:57:55.240000,1.33897,1.33891,5240000,3600000
2023-01-05 15:57:55.342000,1.33897,1.33891,4500000,3600000
2023-01-05 15:57:55.444000,1.33897,1.3389,4500000,3910000
2023-01-05 15:57:55.546000,1.33897,1.33891,5240000,3600000
2023-01-05 15:57:55.648000,1.33897,1.33889,5700000,3600000
2023-01-05 15:57:55.749000,1.33895,1.33889,3830000,3860000
2023-01-05 15:57:55.861000,1.33896,1.3389,5630000,3600000
2023-01-05 15:57:56.309000,1.33895,1.33889,3600000,3860000
2023-01-05 15:57:56.411000,1.33896,1.3389,5700000,3600000
2023-01-05 15:57:56.513000,1.33895,1.33889,3600000,4090000
2023-01-05 15:57:56.718000,1.33895,1.33889,3900000,3860000
2023-01-05 15:57:56.819000,1.33895,1.33889,3830000,3860000
2023-01-05 15:57:57.518000,1.33896,1.33889,1340000,3860000
2023-01-05 15:57:57.743000,1.33895,1.33889,3600000,3860000
2023-01-05 15:57:57.844000,1.33897,1.33891,5900000,4500000
2023-01-05 15:57:57.946000,1.33897,1.33891,3730000,3830000
2023-01-05 15:57:58.048000,1.33896,1.3389,3600000,5220000
2023-01-05 15:57:58.150000,1.33898,1.33893,1380000,3600000
2023-01-05 15:57:58.353000,1.33898,1.33892,3780000,3600000
2023-01-05 15:57:58.455000,1.33897,1.33891,3730000,3600000
2023-01-05 15:57:58.557000,1.33898,1.33892,3780000,3720000
2023-01-05 15:57:58.659000,1.33902,1.33894,5400000,3830000
2023-01-05 15:57:58.869000,1.33901,1.33896,1200000,3600000
2023-01-05 15:57:59.204000,1.33901,1.33895,4500000,3910000
2023-01-05 15:58:00.307000,1.339,1.33894,3600000,3910000
2023-01-05 15:58:00.409000,1.33901,1.33895,3830000,3600000
2023-01-05 15:58:01.121000,1.339,1.33894,4800000,3680000
2023-01-05 15:58:01.172000,1.339,1.33894,4040000,3680000
2023-01-05 15:58:01.223000,1.339,1.33894,6140000,3680000
2023-01-05 15:58:01.955000,1.339,1.33894,4040000,3680000
2023-01-05 15:58:02.057000,1.33901,1.33895,5480000,3830000
2023-01-05 15:58:02.209000,1.339,1.33894,3600000,3680000
2023-01-05 15:58:02.311000,1.339,1.33894,4800000,3680000
2023-01-05 15:58:02.363000,1.339,1.33894,3830000,3680000
2023-01-05 15:58:02.515000,1.33901,1.33895,5270000,3600000
2023-01-05 15:58:02.727000,1.339,1.33894,3600000,3680000
2023-01-05 15:58:02.829000,1.33901,1.33895,6170000,3600000
2023-01-05 15:58:02.932000,1.339,1.33894,3600000,3680000
2023-01-05 15:58:03.086000,1.33901,1.33895,4140000,3830000
2023-01-05 15:58:03.188000,1.339,1.33894,3600000,5240000
2023-01-05 15:58:03.341000,1.33901,1.33895,4040000,3830000
2023-01-05 15:58:03.493000,1.33902,1.33896,5840000,3600000
2023-01-05 15:58:03.980000,1.33902,1.33897,1340000,3600000
2023-01-05 15:58:04.133000,1.33902,1.33896,4940000,4100000
2023-01-05 15:58:04.609000,1.33902,1.33896,5100000,4100000
2023-01-05 15:58:05.224000,1.33901,1.33896,2540000,4010000
2023-01-05 15:58:05.427000,1.33901,1.33896,1340000,4010000
2023-01-05 15:58:05.590000,1.33901,1.33896,1200000,4010000
2023-01-05 15:58:05.862000,1.33899,1.33892,3600000,3600000
2023-01-05 15:58:05.963000,1.33899,1.33893,4500000,3600000
2023-01-05 15:58:06.015000,1.33899,1.33891,4500000,4500000
2023-01-05 15:58:06.116000,1.33898,1.33891,3600000,4500000
2023-01-05 15:58:06.684000,1.33899,1.33893,4500000,3600000
2023-01-05 15:58:06.786000,1.339,1.33892,5040000,4040000
2023-01-05 15:58:06.888000,1.33899,1.33892,4500000,3600000
2023-01-05 15:58:07.807000,1.33898,1.33892,3600000,3600000
2023-01-05 15:58:07.909000,1.339,1.33891,4040000,3600000
2023-01-05 15:58:08.377000,1.33898,1.33892,3600000,3600000
2023-01-05 15:58:08.866000,1.33898,1.33891,4040000,3600000
2023-01-05 15:58:08.993000,1.33899,1.33892,6000000,3600000
2023-01-05 15:58:09.095000,1.33898,1.33891,4040000,3600000
2023-01-05 15:58:09.210000,1.33899,1.33892,6000000,3600000
2023-01-05 15:58:09.636000,1.33898,1.33891,4040000,3600000
2023-01-05 15:58:09.738000,1.33898,1.33891,5240000,3600000
2023-01-05 15:58:09.789000,1.33898,1.33891,4040000,3600000
2023-01-05 15:58:09.858000,1.33898,1.33891,4340000,3600000
2023-01-05 15:58:10.048000,1.33897,1.33891,3600000,3600000
2023-01-05 15:58:10.150000,1.33898,1.33892,4040000,3600000
2023-01-05 15:58:10.612000,1.33897,1.33891,3600000,3600000
2023-01-05 15:58:10.765000,1.33898,1.33892,4040000,3600000
2023-01-05 15:58:10.816000,1.33898,1.3389,4270000,4730000
2023-01-05 15:58:10.918000,1.33898,1.33892,4270000,3600000
2023-01-05 15:58:11.020000,1.33899,1.33892,5940000,3600000
2023-01-05 15:58:11.071000,1.33898,1.3389,3600000,4500000
2023-01-05 15:58:11.122000,1.33896,1.3389,3600000,4730000
2023-01-05 15:58:11.376000,1.33898,1.33891,4640000,3600000
2023-01-05 15:58:11.478000,1.33898,1.33891,3600000,3600000
2023-01-05 15:58:11.737000,1.33897,1.33891,3600000,3600000
2023-01-05 15:58:11.839000,1.33896,1.3389,3600000,4730000
2023-01-05 15:58:12.020000,1.33891,1.33889,8640000,1200000
2023-01-05 15:58:12.072000,1.33889,1.33886,1620000,1200000
2023-01-05 15:58:12.123000,1.33888,1.3388,3790000,3600000
2023-01-05 15:58:12.276000,1.33886,1.3388,3740000,4500000
2023-01-05 15:58:12.479000,1.33884,1.3388,1500000,3600000
2023-01-05 15:58:12.581000,1.33877,1.33872,3600000,2700000
2023-01-05 15:58:12.632000,1.33876,1.33871,4500000,1200000
2023-01-05 15:58:12.734000,1.33877,1.33871,4500000,3830000
2023-01-05 15:58:12.836000,1.33877,1.33871,5700000,3680000
2023-01-05 15:58:12.887000,1.33877,1.33871,4500000,3680000
2023-01-05 15:58:13.152000,1.33873,1.33867,4500000,5630000
2023-01-05 15:58:13.356000,1.33873,1.33866,3600000,4140000
2023-01-05 15:58:13.622000,1.33874,1.33869,1500000,5660000
2023-01-05 15:58:13.724000,1.33878,1.33873,1500000,3600000
2023-01-05 15:58:13.826000,1.33881,1.33872,3830000,3600000
2023-01-05 15:58:14.069000,1.33877,1.33871,4200000,3600000
2023-01-05 15:58:14.424000,1.33879,1.33872,4200000,3600000
2023-01-05 15:58:14.475000,1.33879,1.33872,3600000,3600000
2023-01-05 15:58:14.577000,1.33879,1.33873,3910000,3600000
2023-01-05 15:58:14.679000,1.33878,1.33872,3680000,3600000
2023-01-05 15:58:15.528000,1.33879,1.33873,1200000,3600000
2023-01-05 15:58:15.629000,1.3388,1.33873,4140000,3600000
2023-01-05 15:58:15.731000,1.33879,1.33872,4140000,3600000
2023-01-05 15:58:15.833000,1.33876,1.33871,3600000,1200000
2023-01-05 15:58:16.037000,1.33876,1.33872,1200000,3600000
2023-01-05 15:58:16.088000,1.33879,1.33872,3600000,3600000
2023-01-05 15:58:16.196000,1.33883,1.33877,5740000,3600000
2023-01-05 15:58:16.247000,1.33883,1.33874,5590000,4730000
2023-01-05 15:58:16.298000,1.33884,1.33876,4660000,3600000
2023-01-05 15:58:16.349000,1.33884,1.33876,3980000,4500000
2023-01-05 15:58:16.451000,1.33884,1.33877,4920000,3600000
2023-01-05 15:58:16.604000,1.33885,1.33877,4760000,3600000
2023-01-05 15:58:16.809000,1.33886,1.33878,4620000,3600000
2023-01-05 15:58:16.961000,1.33886,1.33878,5360000,3600000
2023-01-05 15:58:17.113000,1.33886,1.33879,3830000,3600000
2023-01-05 15:58:17.215000,1.33886,1.33878,3600000,3680000
2023-01-05 15:58:17.266000,1.33886,1.3388,3600000,3600000
2023-01-05 15:58:17.419000,1.33885,1.3388,3600000,1200000
2023-01-05 15:58:17.470000,1.33887,1.33881,3600000,3600000
2023-01-05 15:58:17.572000,1.33887,1.33879,3600000,4500000
2023-01-05 15:58:17.674000,1.33887,1.33881,3600000,3600000
2023-01-05 15:58:17.898000,1.33886,1.3388,3830000,4500000
2023-01-05 15:58:18.524000,1.33886,1.3388,5700000,4500000
2023-01-05 15:58:19.209000,1.33886,1.33879,2100000,5040000
2023-01-05 15:58:19.312000,1.33888,1.33882,4430000,3600000
2023-01-05 15:58:19.515000,1.33887,1.33881,6140000,4040000
2023-01-05 15:58:20.202000,1.33887,1.33881,3830000,4040000
2023-01-05 15:58:20.801000,1.33889,1.33882,4030000,5060000
2023-01-05 15:58:20.903000,1.33892,1.3389,2100000,1340000
2023-01-05 15:58:20.954000,1.33893,1.3389,4040000,1200000
2023-01-05 15:58:21.057000,1.33896,1.3389,4800000,3600000
2023-01-05 15:58:21.108000,1.33894,1.33889,1500000,3680000
2023-01-05 15:58:21.159000,1.33895,1.33889,3600000,3680000
2023-01-05 15:58:21.312000,1.33892,1.33886,3600000,5540000
2023-01-05 15:58:21.414000,1.33894,1.33888,1500000,3600000
2023-01-05 15:58:21.465000,1.33895,1.33888,5240000,4140000
2023-01-05 15:58:21.516000,1.33894,1.33888,3600000,4090000
2023-01-05 15:58:21.618000,1.33894,1.33887,3900000,1200000
2023-01-05 15:58:21.720000,1.33893,1.33886,3900000,3600000
2023-01-05 15:58:21.822000,1.33893,1.33885,5700000,5040000
2023-01-05 15:58:21.924000,1.33893,1.33884,3830000,3600000
2023-01-05 15:58:21.975000,1.33893,1.33887,4800000,3600000
2023-01-05 15:58:22.077000,1.33891,1.33885,3830000,3600000
2023-01-05 15:58:22.332000,1.33893,1.33887,4520000,3600000
2023-01-05 15:58:22.485000,1.33892,1.33886,3600000,3600000
2023-01-05 15:58:22.933000,1.33892,1.33886,3900000,3600000
2023-01-05 15:58:23.140000,1.33893,1.33885,3600000,3600000
2023-01-05 15:58:23.509000,1.33891,1.33885,3830000,3600000
2023-01-05 15:58:23.712000,1.33892,1.33886,4500000,3600000
2023-01-05 15:58:24.240000,1.33893,1.33885,3900000,3600000
2023-01-05 15:58:24.477000,1.33892,1.33887,3600000,1200000
2023-01-05 15:58:24.579000,1.33895,1.33889,3790000,3600000
2023-01-05 15:58:24.681000,1.33896,1.3389,4240000,3600000
2023-01-05 15:58:24.951000,1.33897,1.33891,3790000,3600000
2023-01-05 15:58:25.003000,1.33898,1.33892,3830000,3600000
2023-01-05 15:58:25.105000,1.33899,1.33891,5340000,3600000
2023-01-05 15:58:25.207000,1.33897,1.33891,3830000,3600000
2023-01-05 15:58:25.757000,1.33899,1.33893,4340000,3600000
2023-01-05 15:58:25.859000,1.339,1.33894,3600000,3600000
2023-01-05 15:58:26.063000,1.33901,1.33895,3600000,3600000
2023-01-05 15:58:26.165000,1.33902,1.33896,3600000,3600000
2023-01-05 15:58:26.269000,1.33903,1.33897,3830000,3600000
2023-01-05 15:58:26.371000,1.33901,1.33895,4730000,3600000
2023-01-05 15:58:26.473000,1.339,1.33894,3600000,5040000
2023-01-05 15:58:26.626000,1.33901,1.33895,5630000,3600000
2023-01-05 15:58:26.727000,1.339,1.33894,3600000,5040000
2023-01-05 15:58:26.829000,1.33901,1.33895,3830000,3600000
2023-01-05 15:58:26.931000,1.33901,1.33895,4800000,3600000
2023-01-05 15:58:27.038000,1.33898,1.33893,1500000,3600000
2023-01-05 15:58:27.089000,1.33895,1.33889,3830000,4500000
2023-01-05 15:58:27.141000,1.33895,1.33889,4800000,4500000
2023-01-05 15:58:27.243000,1.33893,1.33886,3830000,5400000
2023-01-05 15:58:27.345000,1.33893,1.33887,3830000,3600000
2023-01-05 15:58:27.609000,1.33893,1.33887,3900000,3600000
2023-01-05 15:58:27.660000,1.3389,1.33885,3600000,1200000
2023-01-05 15:58:27.762000,1.3389,1.33884,3830000,4500000
2023-01-05 15:58:28.169000,1.33891,1.33885,4800000,3600000
2023-01-05 15:58:28.321000,1.3389,1.33884,3830000,4500000
2023-01-05 15:58:28.423000,1.33888,1.33881,3830000,3600000
2023-01-05 15:58:28.474000,1.33887,1.3388,4800000,3600000
2023-01-05 15:58:28.576000,1.33887,1.33881,3830000,3600000
2023-01-05 15:58:28.830000,1.33887,1.33881,3900000,3600000
2023-01-05 15:58:29.408000,1.33887,1.33881,3600000,3600000
2023-01-05 15:58:29.459000,1.33889,1.33881,4500000,4500000
2023-01-05 15:58:29.561000,1.33889,1.33882,4500000,3600000
2023-01-05 15:58:29.612000,1.33888,1.33881,4800000,3600000
2023-01-05 15:58:29.765000,1.33886,1.3388,3600000,4500000
2023-01-05 15:58:29.867000,1.33887,1.33881,3830000,3600000
2023-01-05 15:58:29.969000,1.33886,1.3388,3830000,3600000
2023-01-05 15:58:30.071000,1.33887,1.33881,3900000,3600000
2023-01-05 15:58:30.173000,1.33887,1.33881,4500000,3600000
2023-01-05 15:58:30.274000,1.33886,1.3388,3600000,3600000
2023-01-05 15:58:30.579000,1.33886,1.3388,5240000,3600000
2023-01-05 15:58:30.681000,1.33885,1.33877,3900000,3600000
2023-01-05 15:58:30.834000,1.33881,1.33873,3600000,3600000
2023-01-05 15:58:30.936000,1.33876,1.3387,3830000,3600000
2023-01-05 15:58:31.038000,1.33873,1.33867,4810000,1200000
2023-01-05 15:58:31.140000,1.33873,1.33865,5270000,3600000
2023-01-05 15:58:31.242000,1.33868,1.33862,3600000,4040000
2023-01-05 15:58:31.344000,1.33869,1.33863,3600000,3600000
2023-01-05 15:58:31.711000,1.33871,1.33864,4730000,3600000
2023-01-05 15:58:31.814000,1.33872,1.33862,4500000,4500000
2023-01-05 15:58:31.916000,1.33871,1.33864,1200000,3600000
2023-01-05 15:58:32.452000,1.33871,1.33863,4500000,4500000
2023-01-05 15:58:32.554000,1.33871,1.33864,1200000,3600000
2023-01-05 15:58:32.737000,1.3387,1.33863,3600000,3600000
2023-01-05 15:58:32.839000,1.33871,1.33863,4730000,3600000
2023-01-05 15:58:33.107000,1.33872,1.33865,4730000,3600000
2023-01-05 15:58:33.209000,1.33872,1.33866,3600000,3600000
2023-01-05 15:58:33.311000,1.33873,1.33867,4500000,3600000
2023-01-05 15:58:33.535000,1.33873,1.33868,1200000,3600000
2023-01-05 15:58:33.637000,1.33873,1.33867,1200000,3600000
2023-01-05 15:58:34.283000,1.33875,1.33866,4500000,3600000
2023-01-05 15:58:34.448000,1.33873,1.33866,3600000,3600000
2023-01-05 15:58:34.601000,1.33874,1.33867,5400000,3600000
2023-01-05 15:58:34.986000,1.33875,1.33866,6120000,3600000
2023-01-05 15:58:35.088000,1.33872,1.33864,3600000,3680000
2023-01-05 15:58:35.190000,1.33872,1.33866,4500000,3600000
2023-01-05 15:58:35.292000,1.33872,1.33866,3600000,5960000
2023-01-05 15:58:35.445000,1.33873,1.33867,1200000,3680000
2023-01-05 15:58:35.597000,1.33874,1.33867,4730000,3680000
2023-01-05 15:58:35.649000,1.33874,1.33868,4730000,4560000
2023-01-05 15:58:35.751000,1.33876,1.33868,4500000,4860000
2023-01-05 15:58:35.853000,1.33876,1.3387,4730000,3600000
2023-01-05 15:58:35.954000,1.33876,1.33871,1200000,3600000
2023-01-05 15:58:36.056000,1.33876,1.3387,4500000,3680000
2023-01-05 15:58:36.158000,1.33875,1.33869,3600000,4280000
2023-01-05 15:58:36.549000,1.33875,1.33869,3600000,4040000
2023-01-05 15:58:36.651000,1.33876,1.3387,3600000,3600000
2023-01-05 15:58:36.753000,1.33876,1.33869,3600000,4040000
2023-01-05 15:58:36.804000,1.33876,1.33869,6240000,3600000
2023-01-05 15:58:36.855000,1.33874,1.33867,3600000,4040000
2023-01-05 15:58:36.906000,1.33873,1.33865,3600000,4500000
2023-01-05 15:58:36.957000,1.33875,1.33865,3830000,1200000
2023-01-05 15:58:37.059000,1.33875,1.33866,5710000,4500000
2023-01-05 15:58:37.161000,1.33875,1.33867,4500000,3600000
2023-01-05 15:58:37.263000,1.33874,1.33867,4500000,3600000
2023-01-05 15:58:37.711000,1.33874,1.33867,4800000,3600000
2023-01-05 15:58:37.814000,1.33873,1.33866,4730000,3600000
2023-01-05 15:58:37.916000,1.33873,1.33866,6600000,3600000
2023-01-05 15:58:38.018000,1.33874,1.33865,4730000,3600000
2023-01-05 15:58:38.144000,1.33872,1.33866,1200000,3600000
2023-01-05 15:58:39.481000,1.33872,1.33866,4800000,3600000
2023-01-05 15:58:39.583000,1.33871,1.33866,2100000,3600000
2023-01-05 15:58:39.685000,1.33869,1.33863,4500000,4040000
2023-01-05 15:58:39.787000,1.33867,1.33863,1500000,3600000
2023-01-05 15:58:39.905000,1.33868,1.33861,1500000,3600000
2023-01-05 15:58:40.057000,1.33867,1.33861,4800000,3600000
2023-01-05 15:58:40.159000,1.33867,1.33859,3830000,4140000
2023-01-05 15:58:40.312000,1.33867,1.33861,4800000,3600000
2023-01-05 15:58:40.414000,1.33866,1.3386,3830000,4140000
2023-01-05 15:58:40.790000,1.33867,1.33862,1500000,3600000
2023-01-05 15:58:40.892000,1.33867,1.33861,4730000,4500000
2023-01-05 15:58:40.993000,1.33867,1.33861,5700000,4500000
2023-01-05 15:58:41.811000,1.33867,1.33862,2100000,3600000
2023-01-05 15:58:41.913000,1.33867,1.33861,4730000,4040000
2023-01-05 15:58:42.015000,1.33864,1.3386,3900000,1200000
2023-01-05 15:58:42.207000,1.33864,1.33858,4800000,3600000
2023-01-05 15:58:43.061000,1.33865,1.33859,5700000,3600000
2023-01-05 15:58:43.163000,1.33865,1.33859,3600000,4040000
2023-01-05 15:58:43.366000,1.33867,1.33859,3600000,3600000
2023-01-05 15:58:43.620000,1.33867,1.3386,3830000,4040000
2023-01-05 15:58:43.805000,1.33866,1.3386,3900000,4500000
2023-01-05 15:58:43.907000,1.33865,1.33859,4800000,3600000
2023-01-05 15:58:44.009000,1.33865,1.33859,3600000,4500000
2023-01-05 15:58:44.111000,1.33866,1.3386,3600000,5420000
2023-01-05 15:58:44.275000,1.33867,1.33861,3600000,4220000
2023-01-05 15:58:47.919000,1.33868,1.33865,1380000,3600000
2023-01-05 15:58:48.021000,1.33874,1.33866,5170000,3600000
2023-01-05 15:58:48.153000,1.33872,1.33866,3600000,3600000
2023-01-05 15:58:48.500000,1.33872,1.33866,5700000,3600000
2023-01-05 15:58:48.653000,1.33871,1.33865,3900000,3600000
2023-01-05 15:58:48.704000,1.33872,1.33865,5170000,3600000
2023-01-05 15:58:48.755000,1.33872,1.33867,1500000,3600000
2023-01-05 15:58:48.806000,1.33871,1.33865,3600000,3600000
2023-01-05 15:58:48.991000,1.33872,1.33866,4730000,3600000
2023-01-05 15:58:49.093000,1.33873,1.33868,1200000,3680000
2023-01-05 15:58:49.195000,1.33875,1.3387,1200000,3600000
2023-01-05 15:58:49.297000,1.33873,1.33868,1200000,4040000
2023-01-05 15:58:49.565000,1.33873,1.33865,5700000,6980000
2023-01-05 15:58:49.667000,1.33863,1.33858,4800000,1200000
2023-01-05 15:58:49.719000,1.33861,1.33856,1200000,3680000
2023-01-05 15:58:50.139000,1.33861,1.33855,1500000,3600000
2023-01-05 15:58:50.389000,1.33861,1.33856,1500000,3600000
2023-01-05 15:58:50.600000,1.33861,1.33859,1200000,3600000
2023-01-05 15:58:50.652000,1.33866,1.33857,6900000,3600000
2023-01-05 15:58:50.804000,1.33864,1.33856,1940000,3600000
2023-01-05 15:58:50.906000,1.33862,1.33856,4500000,3600000
2023-01-05 15:58:51.008000,1.3386,1.33854,1500000,3600000
2023-01-05 15:58:51.111000,1.33858,1.3385,4500000,3600000
2023-01-05 15:58:51.212000,1.33856,1.3385,3600000,3600000
2023-01-05 15:58:51.315000,1.33857,1.33852,1500000,3600000
2023-01-05 15:58:51.467000,1.33857,1.33852,2100000,3600000
2023-01-05 15:58:51.619000,1.33856,1.3385,3900000,3600000
2023-01-05 15:58:51.823000,1.33855,1.33851,1200000,3600000
2023-01-05 15:58:52.364000,1.33855,1.3385,1200000,3600000
2023-01-05 15:58:52.516000,1.33855,1.33852,1200000,3600000
2023-01-05 15:58:52.933000,1.33855,1.33851,1200000,3600000
2023-01-05 15:58:53.138000,1.33855,1.3385,1200000,3600000
2023-01-05 15:58:53.453000,1.33855,1.33851,1200000,3600000
2023-01-05 15:58:53.656000,1.33856,1.33851,1200000,3600000
2023-01-05 15:58:53.766000,1.33857,1.33851,1200000,3600000
2023-01-05 15:58:54.118000,1.33856,1.33853,1200000,3600000
2023-01-05 15:58:54.220000,1.33856,1.33852,1200000,3600000
2023-01-05 15:58:54.272000,1.33859,1.33857,1200000,3600000
2023-01-05 15:58:54.323000,1.33862,1.33857,1200000,3600000
2023-01-05 15:58:54.374000,1.33861,1.33855,3600000,3600000
2023-01-05 15:58:54.780000,1.33861,1.33856,1200000,3600000
2023-01-05 15:58:55.135000,1.33861,1.33855,4500000,3600000
2023-01-05 15:58:55.288000,1.33862,1.33853,4730000,3600000
2023-01-05 15:58:55.389000,1.33861,1.33855,1200000,3600000
2023-01-05 15:58:55.491000,1.33861,1.33856,1200000,3600000
2023-01-05 15:58:55.593000,1.33862,1.33856,1200000,3600000
2023-01-05 15:58:55.695000,1.33863,1.33857,4730000,3600000
2023-01-05 15:58:56.202000,1.33864,1.33858,4500000,3600000
2023-01-05 15:58:56.304000,1.33851,1.33847,1320000,3600000
2023-01-05 15:58:56.355000,1.33852,1.33843,4740000,3600000
2023-01-05 15:58:56.406000,1.33847,1.33842,3600000,1200000
2023-01-05 15:58:56.458000,1.33847,1.33839,5660000,5840000
2023-01-05 15:58:56.509000,1.33844,1.33839,5040000,1800000
2023-01-05 15:58:56.560000,1.33842,1.33836,4500000,4040000
2023-01-05 15:58:56.662000,1.33841,1.33836,1200000,3600000
2023-01-05 15:58:56.919000,1.33838,1.33834,4140000,2700000
2023-01-05 15:58:56.970000,1.33837,1.33831,3600000,3600000
2023-01-05 15:58:57.072000,1.33838,1.33831,4500000,3600000
2023-01-05 15:58:57.174000,1.33837,1.33831,3600000,3600000
2023-01-05 15:58:57.282000,1.33838,1.3383,5400000,3600000
2023-01-05 15:58:57.333000,1.33838,1.33832,1800000,3600000
2023-01-05 15:58:57.486000,1.33838,1.3383,1200000,3600000
2023-01-05 15:58:58.099000,1.33839,1.3383,4500000,6120000
2023-01-05 15:58:58.204000,1.3384,1.3383,4500000,1440000
2023-01-05 15:58:58.358000,1.33839,1.33832,1200000,3600000
2023-01-05 15:58:58.740000,1.33837,1.3383,1200000,4140000
2023-01-05 15:58:58.887000,1.33836,1.3383,3600000,4140000
2023-01-05 15:58:59.092000,1.33837,1.33831,4730000,3600000
2023-01-05 15:58:59.821000,1.33839,1.33834,1800000,3600000
2023-01-05 15:58:59.973000,1.3384,1.33831,4500000,4550000
2023-01-05 15:59:00.075000,1.33838,1.33832,1500000,3600000
2023-01-05 15:59:00.278000,1.33837,1.33831,1500000,3600000
2023-01-05 15:59:00.380000,1.33837,1.3383,1500000,3600000
2023-01-05 15:59:00.482000,1.33837,1.33831,1200000,3600000
2023-01-05 15:59:00.584000,1.33837,1.3383,1500000,3600000
2023-01-05 15:59:00.686000,1.33838,1.33835,1200000,3600000
2023-01-05 15:59:00.737000,1.33841,1.33836,1380000,3600000
2023-01-05 15:59:00.862000,1.33842,1.33834,4680000,3600000
2023-01-05 15:59:00.964000,1.3384,1.33834,1680000,3600000
2023-01-05 15:59:01.066000,1.33839,1.33833,3830000,3600000
2023-01-05 15:59:01.551000,1.3384,1.33834,1680000,3600000
2023-01-05 15:59:01.856000,1.3384,1.33832,3830000,3680000
2023-01-05 15:59:01.958000,1.33838,1.33832,3830000,4550000
2023-01-05 15:59:02.060000,1.33831,1.33824,4730000,3900000
2023-01-05 15:59:02.111000,1.3383,1.33824,3600000,3600000
2023-01-05 15:59:02.213000,1.33832,1.33824,5630000,3600000
2023-01-05 15:59:02.467000,1.33831,1.33823,3600000,3600000
2023-01-05 15:59:02.569000,1.33831,1.33825,6600000,3600000
2023-01-05 15:59:02.992000,1.33832,1.33825,1800000,3600000
2023-01-05 15:59:03.094000,1.33833,1.33829,1800000,3600000
2023-01-05 15:59:03.196000,1.33833,1.3383,1200000,3600000
2023-01-05 15:59:03.518000,1.33833,1.33829,1200000,4040000
2023-01-05 15:59:04.162000,1.33834,1.33831,1200000,4140000
2023-01-05 15:59:04.264000,1.33838,1.33832,1500000,3600000
2023-01-05 15:59:04.730000,1.33838,1.33831,4800000,3600000
2023-01-05 15:59:04.833000,1.33836,1.33831,1500000,3600000
2023-01-05 15:59:04.935000,1.33834,1.33829,1500000,4040000
2023-01-05 15:59:05.138000,1.33834,1.3383,1200000,3680000
2023-01-05 15:59:05.241000,1.33836,1.3383,4500000,3600000
2023-01-05 15:59:05.343000,1.33836,1.33831,1200000,3600000
2023-01-05 15:59:05.445000,1.33837,1.33831,1200000,3600000
2023-01-05 15:59:05.699000,1.33837,1.33832,1200000,3600000
2023-01-05 15:59:05.801000,1.33835,1.33831,1200000,1200000
2023-01-05 15:59:05.852000,1.33835,1.33828,1200000,3680000
2023-01-05 15:59:05.954000,1.33833,1.33826,1200000,5480000
2023-01-05 15:59:06.056000,1.33832,1.33826,1500000,3600000
2023-01-05 15:59:06.158000,1.33832,1.33827,1500000,3600000
2023-01-05 15:59:06.677000,1.33833,1.33827,4730000,3600000
2023-01-05 15:59:06.779000,1.33835,1.33828,1800000,3680000
2023-01-05 15:59:06.983000,1.33832,1.33825,3830000,4280000
2023-01-05 15:59:07.085000,1.33834,1.33832,1200000,3600000
2023-01-05 15:59:07.187000,1.33837,1.33831,3600000,4500000
2023-01-05 15:59:07.238000,1.33839,1.33833,5700000,3600000
2023-01-05 15:59:07.289000,1.33839,1.33833,4730000,3600000
2023-01-05 15:59:07.340000,1.33839,1.33833,5700000,3600000
2023-01-05 15:59:07.392000,1.33838,1.33831,4800000,4500000
2023-01-05 15:59:07.494000,1.3384,1.33833,5390000,3600000
2023-01-05 15:59:07.596000,1.33841,1.33835,6620000,3680000
2023-01-05 15:59:07.697000,1.33842,1.33836,3780000,3600000
2023-01-05 15:59:08.937000,1.33841,1.33835,4010000,3600000
2023-01-05 15:59:09.113000,1.3384,1.33834,3730000,3600000
2023-01-05 15:59:09.476000,1.33839,1.33833,1200000,3900000
2023-01-05 15:59:09.578000,1.33841,1.33835,3780000,5480000
2023-01-05 15:59:09.680000,1.33844,1.33836,2280000,3600000
2023-01-05 15:59:09.731000,1.33843,1.33839,1200000,3600000
2023-01-05 15:59:09.782000,1.33845,1.33837,5700000,3600000
2023-01-05 15:59:09.884000,1.33845,1.33838,4500000,3600000
2023-01-05 15:59:09.986000,1.33845,1.33837,4500000,3600000
2023-01-05 15:59:10.443000,1.33845,1.33837,3600000,4320000
2023-01-05 15:59:10.494000,1.33846,1.33841,1200000,3600000
2023-01-05 15:59:10.596000,1.33848,1.33842,1200000,3600000
2023-01-05 15:59:10.698000,1.33849,1.33841,1200000,4500000
2023-01-05 15:59:10.800000,1.3385,1.33841,1200000,3600000
2023-01-05 15:59:12.109000,1.3385,1.33848,1200000,3600000
2023-01-05 15:59:12.161000,1.33855,1.33847,1800000,4160000
2023-01-05 15:59:12.212000,1.33855,1.33849,1200000,3600000
2023-01-05 15:59:12.314000,1.33855,1.33847,3600000,5040000
2023-01-05 15:59:12.416000,1.33856,1.33847,3830000,3600000
2023-01-05 15:59:12.468000,1.33855,1.33848,3600000,3420000
2023-01-05 15:59:12.519000,1.33857,1.33851,5630000,4400000
2023-01-05 15:59:12.621000,1.33856,1.3385,3600000,4680000
2023-01-05 15:59:12.774000,1.33857,1.33849,3830000,5580000
2023-01-05 15:59:12.876000,1.33857,1.3385,3830000,4500000
2023-01-05 15:59:12.927000,1.33858,1.33852,4800000,3600000
2023-01-05 15:59:13.029000,1.33855,1.33848,3830000,6320000
2023-01-05 15:59:13.131000,1.33854,1.33848,3600000,4800000
2023-01-05 15:59:13.233000,1.33853,1.33848,3600000,1500000
2023-01-05 15:59:13.386000,1.33855,1.3385,1200000,3600000
2023-01-05 15:59:13.487000,1.33856,1.3385,3600000,3600000
2023-01-05 15:59:13.657000,1.33854,1.33849,3600000,1200000
2023-01-05 15:59:14.025000,1.33857,1.33848,4500000,4500000
2023-01-05 15:59:14.076000,1.33855,1.33849,2100000,3600000
2023-01-05 15:59:14.178000,1.33857,1.33848,4500000,3600000
2023-01-05 15:59:14.280000,1.33856,1.33848,4500000,4810000
2023-01-05 15:59:14.584000,1.33856,1.3385,3600000,3600000
2023-01-05 15:59:14.687000,1.33856,1.3385,3900000,3600000
2023-01-05 15:59:14.789000,1.33854,1.33848,3830000,4730000
2023-01-05 15:59:14.892000,1.33854,1.33848,4500000,4800000
2023-01-05 15:59:15.096000,1.33854,1.3385,1200000,3600000
2023-01-05 15:59:15.197000,1.33856,1.33849,1200000,4500000
2023-01-05 15:59:15.249000,1.33856,1.33852,1200000,3600000
2023-01-05 15:59:15.300000,1.33856,1.3385,3600000,4500000
2023-01-05 15:59:15.351000,1.33857,1.33852,1390000,3600000
2023-01-05 15:59:15.402000,1.33857,1.3385,4870000,3600000
2023-01-05 15:59:15.504000,1.33857,1.33849,3600000,3600000
2023-01-05 15:59:15.606000,1.33855,1.33847,3600000,3830000
2023-01-05 15:59:15.708000,1.33854,1.33848,3600000,3900000
2023-01-05 15:59:15.810000,1.33853,1.33847,4270000,4730000
2023-01-05 15:59:15.861000,1.33851,1.33846,1500000,1200000
2023-01-05 15:59:15.913000,1.33849,1.33842,1500000,3600000
2023-01-05 15:59:16.015000,1.33848,1.33842,3830000,4730000
2023-01-05 15:59:16.066000,1.33847,1.33842,4800000,1200000
2023-01-05 15:59:16.170000,1.33846,1.33841,1340000,4500000
2023-01-05 15:59:16.375000,1.33845,1.33841,4500000,1200000
2023-01-05 15:59:16.426000,1.33844,1.33838,3830000,3600000
2023-01-05 15:59:16.528000,1.33843,1.33837,3600000,4500000
2023-01-05 15:59:16.630000,1.33842,1.33837,1200000,3600000
2023-01-05 15:59:18.208000,1.33843,1.33835,4500000,4500000
2023-01-05 15:59:18.310000,1.33841,1.33836,1200000,3600000
2023-01-05 15:59:18.978000,1.33842,1.33836,4500000,4500000
2023-01-05 15:59:19.578000,1.33843,1.33839,1200000,1500000
2023-01-05 15:59:19.680000,1.33844,1.33839,4500000,1500000
2023-01-05 15:59:19.782000,1.33844,1.33838,4730000,4730000
2023-01-05 15:59:19.884000,1.33843,1.33838,1200000,3900000
2023-01-05 15:59:19.985000,1.33844,1.33838,4940000,3900000
2023-01-05 15:59:20.087000,1.33843,1.33837,3600000,5700000
2023-01-05 15:59:20.396000,1.33844,1.33838,4500000,4800000
2023-01-05 15:59:21.074000,1.33844,1.3384,1340000,3600000
2023-01-05 15:59:21.175000,1.33845,1.3384,1500000,3600000
2023-01-05 15:59:21.972000,1.33847,1.33843,1800000,3600000
2023-01-05 15:59:22.074000,1.3385,1.33841,1200000,5040000
2023-01-05 15:59:22.327000,1.33848,1.33842,3600000,5040000
2023-01-05 15:59:22.429000,1.33849,1.33844,1200000,3600000
2023-01-05 15:59:22.531000,1.33848,1.33841,2100000,6380000
2023-01-05 15:59:22.632000,1.33849,1.33841,6140000,3600000
2023-01-05 15:59:22.734000,1.33847,1.33841,3600000,5040000
2023-01-05 15:59:22.836000,1.33847,1.33841,4800000,4140000
2023-01-05 15:59:23.039000,1.33846,1.3384,3900000,4500000
2023-01-05 15:59:23.251000,1.33847,1.33841,6600000,3600000
2023-01-05 15:59:23.403000,1.33847,1.33841,4500000,4500000
2023-01-05 15:59:23.607000,1.33846,1.3384,3900000,5040000
2023-01-05 15:59:23.810000,1.33846,1.3384,3600000,5040000
2023-01-05 15:59:23.912000,1.33847,1.33841,4730000,3600000
2023-01-05 15:59:24.014000,1.33846,1.3384,3600000,4140000
2023-01-05 15:59:24.177000,1.33848,1.3384,4500000,4500000
2023-01-05 15:59:24.279000,1.33848,1.33842,5770000,3600000
2023-01-05 15:59:25.215000,1.33849,1.33845,1200000,5940000
2023-01-05 15:59:25.267000,1.3385,1.33846,1800000,5040000
2023-01-05 15:59:25.318000,1.33852,1.33846,3600000,5040000
2023-01-05 15:59:25.919000,1.33851,1.33845,3600000,5220000
2023-01-05 15:59:26.072000,1.33853,1.33848,1500000,3600000
2023-01-05 15:59:26.174000,1.33853,1.33847,3830000,3600000
2023-01-05 15:59:26.759000,1.33852,1.33846,3600000,5040000
2023-01-05 15:59:26.962000,1.33854,1.33848,4940000,3600000
2023-01-05 15:59:27.064000,1.33854,1.33848,4640000,3600000
2023-01-05 15:59:27.217000,1.33853,1.33847,3600000,5040000
2023-01-05 15:59:28.318000,1.33852,1.33846,3600000,4940000
2023-01-05 15:59:28.420000,1.33852,1.33847,1500000,3600000
2023-01-05 15:59:28.898000,1.33853,1.33848,1200000,4500000
2023-01-05 15:59:29,1.33853,1.33847,3600000,4500000
2023-01-05 15:59:29.597000,1.33854,1.33848,1380000,3600000
2023-01-05 15:59:29.749000,1.33854,1.33849,1380000,3600000
2023-01-05 15:59:30.003000,1.33854,1.33846,3600000,4500000
2023-01-05 15:59:30.105000,1.33853,1.3385,3600000,1440000
2023-01-05 15:59:30.207000,1.33857,1.33855,1200000,4500000
2023-01-05 15:59:30.258000,1.33861,1.33855,3680000,4500000
2023-01-05 15:59:30.360000,1.33862,1.33856,4620000,5040000
2023-01-05 15:59:30.462000,1.33861,1.33857,3680000,1200000
2023-01-05 15:59:30.564000,1.33864,1.33858,4500000,4040000
2023-01-05 15:59:30.666000,1.33863,1.33857,3600000,3600000
2023-01-05 15:59:31.123000,1.33862,1.33856,3600000,5400000
2023-01-05 15:59:31.225000,1.3386,1.33854,4370000,4500000
2023-01-05 15:59:31.327000,1.33854,1.33851,5040000,1200000
2023-01-05 15:59:31.378000,1.33852,1.33846,4370000,3600000
2023-01-05 15:59:31.430000,1.3385,1.33844,4500000,5040000
2023-01-05 15:59:31.531000,1.33849,1.33844,1200000,4500000
2023-01-05 15:59:31.895000,1.33849,1.33843,4500000,4500000
2023-01-05 15:59:31.997000,1.33845,1.33841,6240000,1200000
2023-01-05 15:59:32.099000,1.3384,1.33835,1920000,4040000
2023-01-05 15:59:32.201000,1.33837,1.33831,4500000,4500000
2023-01-05 15:59:32.506000,1.33838,1.33832,1200000,3600000
2023-01-05 15:59:32.658000,1.33839,1.33832,5040000,3600000
2023-01-05 15:59:32.709000,1.33837,1.33831,3600000,4500000
2023-01-05 15:59:33.008000,1.33839,1.33835,3600000,1200000
2023-01-05 15:59:33.059000,1.33841,1.33835,4500000,4500000
2023-01-05 15:59:33.161000,1.33842,1.33836,4940000,3600000
2023-01-05 15:59:33.508000,1.33842,1.33837,4500000,1200000
2023-01-05 15:59:33.712000,1.33842,1.33836,4500000,4500000
2023-01-05 15:59:33.918000,1.33842,1.33837,1200000,3600000
2023-01-05 15:59:34.020000,1.33842,1.33836,4500000,4500000
2023-01-05 15:59:34.173000,1.33844,1.33836,4500000,3600000
2023-01-05 15:59:34.275000,1.33842,1.33836,3600000,5400000
2023-01-05 15:59:34.376000,1.33843,1.33837,4500000,3600000
2023-01-05 15:59:34.478000,1.33844,1.33837,1200000,3600000
2023-01-05 15:59:34.812000,1.33843,1.33837,4730000,3600000
2023-01-05 15:59:34.921000,1.33842,1.33836,3600000,4500000
2023-01-05 15:59:35.023000,1.33842,1.33836,3900000,3600000
2023-01-05 15:59:35.176000,1.33842,1.33836,4940000,5300000
2023-01-05 15:59:35.889000,1.33841,1.33835,3600000,4500000
2023-01-05 15:59:35.991000,1.33841,1.33836,3600000,1200000
2023-01-05 15:59:36.522000,1.33841,1.33835,3830000,4500000
2023-01-05 15:59:37.236000,1.33842,1.33836,4040000,3600000
2023-01-05 15:59:37.338000,1.33841,1.33835,3600000,5400000
2023-01-05 15:59:37.440000,1.33842,1.33836,4040000,3600000
2023-01-05 15:59:37.593000,1.33843,1.33837,3830000,3600000
2023-01-05 15:59:37.695000,1.33844,1.33838,6070000,3600000
2023-01-05 15:59:37.797000,1.33845,1.33843,1200000,3600000
2023-01-05 15:59:37.899000,1.33853,1.33847,5170000,3680000
2023-01-05 15:59:37.951000,1.33853,1.33849,1200000,5040000
2023-01-05 15:59:38.002000,1.33855,1.33849,3600000,3680000
2023-01-05 15:59:38.104000,1.33857,1.33851,4500000,3600000
2023-01-05 15:59:38.220000,1.33858,1.33852,4500000,3600000
2023-01-05 15:59:38.423000,1.33857,1.33851,3600000,3600000
2023-01-05 15:59:38.627000,1.33857,1.33851,3900000,3600000
2023-01-05 15:59:38.729000,1.33855,1.33849,1500000,3600000
2023-01-05 15:59:38.831000,1.33854,1.33848,3600000,3600000
2023-01-05 15:59:38.882000,1.33856,1.3385,1200000,3600000
2023-01-05 15:59:39.085000,1.33859,1.33854,1200000,3600000
2023-01-05 15:59:39.542000,1.3386,1.33854,5400000,4400000
2023-01-05 15:59:39.704000,1.3386,1.33855,4500000,1200000
2023-01-05 15:59:39.807000,1.33859,1.33855,3600000,1200000
2023-01-05 15:59:39.908000,1.3386,1.33855,4500000,1200000
2023-01-05 15:59:40.017000,1.33861,1.33856,1200000,3600000
2023-01-05 15:59:40.119000,1.3386,1.33854,3600000,3680000
2023-01-05 15:59:40.221000,1.3386,1.33854,3600000,3920000
2023-01-05 15:59:40.364000,1.33862,1.33857,1560000,3600000
2023-01-05 15:59:40.466000,1.33865,1.33859,5810000,3600000
2023-01-05 15:59:40.568000,1.33863,1.33857,3600000,4580000
2023-01-05 15:59:40.670000,1.33865,1.33858,3960000,3600000
2023-01-05 15:59:40.816000,1.33864,1.33858,3600000,3600000
2023-01-05 15:59:40.867000,1.33866,1.3386,5120000,3600000
2023-01-05 15:59:42.907000,1.33863,1.33857,3830000,3600000
2023-01-05 15:59:43.009000,1.33864,1.33857,5630000,3600000
2023-01-05 15:59:43.060000,1.33862,1.33856,3830000,3780000
2023-01-05 15:59:43.376000,1.33862,1.33856,5780000,3780000
2023-01-05 15:59:43.478000,1.33862,1.33854,3600000,3840000
2023-01-05 15:59:43.580000,1.33862,1.33857,1490000,3600000
2023-01-05 15:59:44.060000,1.33862,1.33855,1200000,3600000
2023-01-05 15:59:44.111000,1.33862,1.33857,1200000,3600000
2023-01-05 15:59:44.213000,1.33863,1.33859,1200000,3600000
2023-01-05 15:59:44.315000,1.33864,1.33858,4730000,7020000
2023-01-05 15:59:44.417000,1.33864,1.33858,4800000,5040000
2023-01-05 15:59:44.570000,1.33863,1.33857,3830000,3600000
2023-01-05 15:59:44.974000,1.33862,1.33856,3600000,5660000
2023-01-05 15:59:45.533000,1.33863,1.33857,4730000,3600000
2023-01-05 15:59:45.858000,1.33863,1.33857,3830000,7920000
2023-01-05 15:59:45.961000,1.33868,1.33864,2060000,3600000
2023-01-05 15:59:46.063000,1.33872,1.33868,3600000,1200000
2023-01-05 15:59:46.165000,1.33877,1.33871,6070000,4140000
2023-01-05 15:59:46.267000,1.33877,1.33872,4730000,1200000
2023-01-05 15:59:46.368000,1.33877,1.33871,4730000,3600000
2023-01-05 15:59:46.962000,1.33876,1.3387,3600000,5040000
2023-01-05 15:59:47.739000,1.33874,1.3387,3600000,1200000
2023-01-05 15:59:47.790000,1.33873,1.33867,3600000,5040000
2023-01-05 15:59:47.841000,1.33875,1.33869,3830000,3600000
2023-01-05 15:59:48.099000,1.33873,1.33867,3600000,5040000
2023-01-05 15:59:48.201000,1.33876,1.33872,1420000,5040000
2023-01-05 15:59:49.397000,1.33875,1.33868,3830000,4140000
2023-01-05 15:59:49.449000,1.33873,1.33868,1200000,3600000
2023-01-05 15:59:49.551000,1.33873,1.33865,3830000,3600000
2023-01-05 15:59:49.653000,1.33871,1.33865,4800000,3600000
2023-01-05 15:59:49.754000,1.3387,1.33864,3830000,5040000
2023-01-05 15:59:50.211000,1.33867,1.33859,3000000,5540000
2023-01-05 15:59:50.313000,1.33865,1.33859,3600000,3600000
2023-01-05 15:59:50.516000,1.33866,1.33859,5630000,3600000
2023-01-05 15:59:50.618000,1.33866,1.3386,3830000,3600000
2023-01-05 15:59:50.720000,1.33867,1.33859,4040000,4730000
2023-01-05 15:59:50.822000,1.33867,1.33859,3600000,3600000
2023-01-05 15:59:51.279000,1.3387,1.33863,4940000,3600000
2023-01-05 15:59:51.533000,1.3387,1.33863,4800000,3600000
2023-01-05 15:59:51.635000,1.3387,1.33864,4800000,3600000
2023-01-05 15:59:51.686000,1.33868,1.33862,3830000,4500000
2023-01-05 15:59:52.129000,1.33868,1.3386,3830000,5400000
2023-01-05 15:59:52.536000,1.33866,1.3386,4800000,4500000
2023-01-05 15:59:52.638000,1.33866,1.3386,3600000,3600000
2023-01-05 15:59:53.106000,1.33868,1.33861,1200000,3600000
2023-01-05 15:59:54.042000,1.33867,1.33861,4270000,4360000
2023-01-05 15:59:54.201000,1.33867,1.33861,5240000,4360000
2023-01-05 15:59:54.303000,1.33867,1.33862,1200000,3600000
2023-01-05 15:59:54.405000,1.33867,1.33861,4800000,4360000
2023-01-05 15:59:54.507000,1.33868,1.3386,3900000,4360000
2023-01-05 15:59:54.609000,1.33866,1.3386,3600000,3600000
2023-01-05 15:59:54.937000,1.33866,1.3386,3900000,3600000
2023-01-05 15:59:55.106000,1.33868,1.33859,5170000,3600000
2023-01-05 15:59:55.208000,1.33867,1.33859,3600000,3600000
2023-01-05 15:59:55.941000,1.33866,1.33861,3600000,1200000
2023-01-05 15:59:56.059000,1.3387,1.33864,3830000,3830000
2023-01-05 15:59:56.539000,1.33869,1.33864,1500000,4500000
2023-01-05 15:59:56.791000,1.3387,1.33864,3600000,5630000
2023-01-05 15:59:56.893000,1.33872,1.33864,3740000,4500000
2023-01-05 15:59:56.995000,1.33872,1.33866,5150000,3600000
2023-01-05 15:59:57.097000,1.33874,1.33868,4990000,3600000
2023-01-05 15:59:57.199000,1.33875,1.33868,4920000,1500000
2023-01-05 15:59:57.249000,1.33875,1.33869,4730000,3830000
2023-01-05 15:59:57.301000,1.33877,1.33873,2700000,3600000
2023-01-05 15:59:57.402000,1.33878,1.33872,3830000,3600000
2023-01-05 15:59:57.747000,1.33877,1.33871,4500000,3600000
2023-01-05 15:59:57.849000,1.33875,1.33869,3830000,4500000
2023-01-05 15:59:58.140000,1.33877,1.33871,5840000,3600000
2023-01-05 15:59:58.347000,1.33877,1.33871,4640000,4320000
2023-01-05 15:59:58.962000,1.33875,1.33871,1500000,4140000
2023-01-05 15:59:59.013000,1.33874,1.33869,3600000,1200000
2023-01-05 15:59:59.165000,1.33875,1.33869,3600000,4500000
2023-01-05 15:59:59.354000,1.33875,1.33869,3900000,4500000
2023-01-05 15:59:59.506000,1.33875,1.33869,3600000,4500000
2023-01-05 15:59:59.647000,1.33874,1.33868,3830000,4500000
2023-01-05 15:59:59.748000,1.33874,1.33869,3830000,1200000
2023-01-05 16:00:00.034000,1.33876,1.33869,5170000,4500000
2023-01-05 16:00:00.136000,1.33874,1.33868,3830000,4500000
2023-01-05 16:00:00.389000,1.33874,1.33868,4800000,3600000
2023-01-05 16:00:00.492000,1.33874,1.33868,3600000,3900000
2023-01-05 16:00:00.916000,1.33874,1.3387,3600000,1200000
2023-01-05 16:00:01.119000,1.33874,1.33868,5400000,3900000
2023-01-05 16:00:01.271000,1.33876,1.3387,8240000,3600000
2023-01-05 16:00:01.373000,1.33876,1.33868,4270000,3600000
2023-01-05 16:00:01.475000,1.33869,1.33867,1200000,1320000
2023-01-05 16:00:01.526000,1.33869,1.33864,3600000,1200000
2023-01-05 16:00:01.691000,1.3387,1.33865,3600000,1200000
2023-01-05 16:00:01.743000,1.33873,1.33866,1800000,4500000
2023-01-05 16:00:01.845000,1.33873,1.33867,3600000,3600000
2023-01-05 16:00:01.946000,1.33874,1.33867,4940000,3600000
2023-01-05 16:00:02.048000,1.33872,1.33866,3600000,4500000
2023-01-05 16:00:02.150000,1.33874,1.33866,3600000,3600000
2023-01-05 16:00:02.302000,1.33874,1.33867,6070000,3600000
2023-01-05 16:00:02.453000,1.33873,1.33867,1200000,3600000
2023-01-05 16:00:02.555000,1.33871,1.33865,3600000,4730000
2023-01-05 16:00:02.708000,1.33874,1.33868,1570000,4500000
2023-01-05 16:00:02.810000,1.33876,1.3387,3740000,3600000
2023-01-05 16:00:02.911000,1.33877,1.33873,1200000,3600000
2023-01-05 16:00:02.962000,1.3388,1.33874,3720000,3600000
2023-01-05 16:00:03.064000,1.3388,1.33874,3600000,4500000
2023-01-05 16:00:03.115000,1.33884,1.33877,1940000,3600000
2023-01-05 16:00:03.166000,1.33884,1.33879,1200000,3600000
2023-01-05 16:00:03.218000,1.33886,1.3388,3600000,3600000
2023-01-05 16:00:03.522000,1.33887,1.33881,4500000,3600000
2023-01-05 16:00:03.624000,1.33889,1.33883,4500000,4500000
2023-01-05 16:00:04.104000,1.33889,1.33882,5240000,3600000
2023-01-05 16:00:04.205000,1.33888,1.33883,1200000,3600000
2023-01-05 16:00:04.309000,1.33888,1.33882,3600000,3600000
2023-01-05 16:00:04.411000,1.33889,1.33883,3600000,3600000
2023-01-05 16:00:04.680000,1.33888,1.33882,3600000,3600000
2023-01-05 16:00:04.883000,1.33889,1.33884,3600000,1200000
2023-01-05 16:00:05.036000,1.33889,1.33883,3600000,3600000
2023-01-05 16:00:05.138000,1.33889,1.33881,3600000,4500000
2023-01-05 16:00:05.240000,1.33889,1.33883,3600000,3600000
2023-01-05 16:00:05.341000,1.3389,1.33884,3600000,3600000
2023-01-05 16:00:05.494000,1.33889,1.33883,3600000,3600000
2023-01-05 16:00:05.596000,1.33889,1.33881,3600000,4500000
2023-01-05 16:00:06.078000,1.3389,1.33884,3600000,3900000
2023-01-05 16:00:06.180000,1.33893,1.33887,3790000,3600000
2023-01-05 16:00:06.282000,1.33895,1.33889,3600000,4940000
2023-01-05 16:00:06.333000,1.33898,1.3389,4500000,3600000
2023-01-05 16:00:06.435000,1.33898,1.33889,3600000,3600000
2023-01-05 16:00:06.752000,1.33897,1.33891,3600000,4730000
2023-01-05 16:00:06.803000,1.33898,1.33894,1200000,1200000
2023-01-05 16:00:06.854000,1.33903,1.33899,3600000,1200000
2023-01-05 16:00:06.972000,1.3391,1.33904,3600000,3600000
2023-01-05 16:00:07.075000,1.33911,1.33905,3600000,3600000
2023-01-05 16:00:07.177000,1.3391,1.33904,3600000,4140000
2023-01-05 16:00:07.279000,1.33909,1.33903,3600000,5040000
2023-01-05 16:00:07.382000,1.3391,1.33904,3600000,3600000
2023-01-05 16:00:07.990000,1.33912,1.33905,4500000,3600000
2023-01-05 16:00:08.041000,1.33912,1.33909,1200000,4580000
2023-01-05 16:00:08.143000,1.33914,1.33906,3600000,3600000
2023-01-05 16:00:08.245000,1.33912,1.33906,3600000,4500000
2023-01-05 16:00:09.024000,1.33913,1.33907,3600000,5040000
2023-01-05 16:00:09.228000,1.33913,1.33906,4500000,3830000
2023-01-05 16:00:09.279000,1.33911,1.33904,3900000,5040000
2023-01-05 16:00:09.381000,1.33908,1.33901,4500000,1200000
2023-01-05 16:00:09.483000,1.33904,1.33898,4500000,4080000
2023-01-05 16:00:09.585000,1.33905,1.33899,4500000,3960000
2023-01-05 16:00:09.687000,1.33906,1.339,3600000,3600000
2023-01-05 16:00:09.840000,1.33907,1.33901,3600000,1440000
2023-01-05 16:00:10.099000,1.33909,1.33902,3600000,3600000
2023-01-05 16:00:10.201000,1.33907,1.33901,3600000,3600000
2023-01-05 16:00:10.303000,1.33906,1.339,4730000,3600000
2023-01-05 16:00:10.547000,1.33905,1.339,1500000,3600000
2023-01-05 16:00:10.649000,1.33905,1.33899,4500000,3960000
2023-01-05 16:00:10.751000,1.33904,1.33898,3600000,4080000
2023-01-05 16:00:10.853000,1.33906,1.339,3600000,3600000
2023-01-05 16:00:10.954000,1.33907,1.33901,1200000,3600000
2023-01-05 16:00:11.006000,1.33909,1.33901,3600000,4160000
2023-01-05 16:00:11.108000,1.3391,1.33902,3600000,4580000
2023-01-05 16:00:11.260000,1.33909,1.33903,3600000,3600000
2023-01-05 16:00:11.362000,1.33911,1.33902,3600000,3600000
2023-01-05 16:00:11.464000,1.33912,1.33905,3600000,3680000
2023-01-05 16:00:11.567000,1.33911,1.33905,3600000,4580000
2023-01-05 16:00:11.669000,1.33919,1.33909,3600000,3600000
2023-01-05 16:00:11.720000,1.33916,1.3391,3600000,3600000
2023-01-05 16:00:11.822000,1.33915,1.33909,3600000,1200000
2023-01-05 16:00:11.924000,1.33916,1.33908,3600000,3600000
2023-01-05 16:00:12.077000,1.33917,1.33909,4500000,5940000
2023-01-05 16:00:12.179000,1.33915,1.3391,3600000,1500000
2023-01-05 16:00:12.281000,1.33917,1.33911,3830000,3600000
2023-01-05 16:00:12.433000,1.33918,1.33912,3600000,3600000
2023-01-05 16:00:12.535000,1.33919,1.33913,4630000,3600000
2023-01-05 16:00:12.637000,1.33919,1.33911,3600000,3600000
2023-01-05 16:00:12.891000,1.33917,1.33911,3600000,4370000
2023-01-05 16:00:13.044000,1.33916,1.33912,1500000,3600000
2023-01-05 16:00:13.095000,1.33914,1.33907,1200000,4500000
2023-01-05 16:00:13.197000,1.33915,1.33907,4730000,3600000
2023-01-05 16:00:13.349000,1.33913,1.33907,3600000,4580000
2023-01-05 16:00:13.689000,1.33914,1.33908,4730000,3600000
2023-01-05 16:00:13.841000,1.33913,1.33907,3600000,4580000
2023-01-05 16:00:13.893000,1.33914,1.33909,1200000,5060000
2023-01-05 16:00:13.995000,1.33918,1.33911,5400000,3600000
2023-01-05 16:00:14.046000,1.33916,1.33909,3600000,4580000
2023-01-05 16:00:14.219000,1.33914,1.33908,3600000,3600000
2023-01-05 16:00:14.321000,1.33915,1.33909,3600000,3600000
2023-01-05 16:00:14.582000,1.33914,1.33908,3600000,3600000
2023-01-05 16:00:15.277000,1.3391,1.33905,3600000,1200000
2023-01-05 16:00:15.379000,1.33909,1.33903,3830000,3900000
2023-01-05 16:00:15.481000,1.33909,1.33903,4370000,3600000
2023-01-05 16:00:15.583000,1.33908,1.339,3600000,3830000
2023-01-05 16:00:16.091000,1.33908,1.33902,1210000,3600000
2023-01-05 16:00:16.193000,1.33907,1.33901,3600000,3600000
2023-01-05 16:00:16.659000,1.33908,1.33901,1200000,3600000
2023-01-05 16:00:16.761000,1.33907,1.33899,1200000,4140000
2023-01-05 16:00:16.863000,1.33907,1.339,4500000,3600000
2023-01-05 16:00:17.421000,1.33906,1.33899,1200000,3600000
2023-01-05 16:00:17.473000,1.33903,1.33897,3600000,4940000
2023-01-05 16:00:17.575000,1.33904,1.33897,3600000,3600000
2023-01-05 16:00:17.677000,1.33905,1.33897,1440000,3600000
2023-01-05 16:00:17.779000,1.33904,1.33897,3600000,3600000
2023-01-05 16:00:18.337000,1.33906,1.33898,5040000,3600000
2023-01-05 16:00:18.439000,1.33906,1.33899,4500000,3600000
2023-01-05 16:00:18.809000,1.33904,1.33897,3600000,3600000
2023-01-05 16:00:18.911000,1.33904,1.33896,4040000,3600000
2023-01-05 16:00:19.013000,1.33904,1.33897,3600000,3600000
2023-01-05 16:00:19.115000,1.33903,1.33896,1920000,3600000
2023-01-05 16:00:19.217000,1.339,1.33894,4500000,3600000
2023-01-05 16:00:19.319000,1.339,1.33895,1200000,3830000
2023-01-05 16:00:19.421000,1.33904,1.33898,4500000,3600000
2023-01-05 16:00:19.523000,1.33904,1.33897,3600000,3830000
2023-01-05 16:00:19.676000,1.33905,1.33899,3600000,3600000
2023-01-05 16:00:19.778000,1.33906,1.339,3600000,4500000
2023-01-05 16:00:19.880000,1.33907,1.33904,1200000,3600000
2023-01-05 16:00:20.134000,1.33906,1.33902,3600000,1200000
2023-01-05 16:00:20.185000,1.33906,1.339,3600000,3600000
2023-01-05 16:00:20.287000,1.33908,1.339,5040000,3600000
2023-01-05 16:00:20.338000,1.33908,1.33902,5040000,3600000
2023-01-05 16:00:20.441000,1.33908,1.33904,1200000,3600000
2023-01-05 16:00:20.492000,1.33908,1.33902,3600000,3600000
2023-01-05 16:00:20.645000,1.33909,1.33903,3830000,3600000
2023-01-05 16:00:20.798000,1.3391,1.33904,3600000,3600000
2023-01-05 16:00:20.899000,1.33911,1.33904,4140000,3600000
2023-01-05 16:00:21.008000,1.33911,1.33903,4140000,3600000
2023-01-05 16:00:21.120000,1.33912,1.33907,1200000,3600000
2023-01-05 16:00:21.234000,1.33913,1.33907,3600000,3600000
2023-01-05 16:00:21.843000,1.3391,1.33904,3600000,4500000
2023-01-05 16:00:21.945000,1.33911,1.33905,3600000,3600000
2023-01-05 16:00:22.046000,1.3391,1.33904,3600000,3600000
2023-01-05 16:00:22.148000,1.3391,1.33905,1500000,3600000
2023-01-05 16:00:22.440000,1.33911,1.33905,4500000,3600000
2023-01-05 16:00:22.626000,1.3391,1.33904,3900000,3600000
2023-01-05 16:00:22.728000,1.33911,1.33903,4730000,3830000
2023-01-05 16:00:23.812000,1.3391,1.33904,5240000,3600000
2023-01-05 16:00:23.915000,1.3391,1.33904,3830000,3830000
2023-01-05 16:00:24.118000,1.33906,1.33902,1320000,1500000
2023-01-05 16:00:24.170000,1.33901,1.33895,4800000,3600000
2023-01-05 16:00:24.221000,1.33898,1.33892,3600000,4500000
2023-01-05 16:00:24.323000,1.33899,1.33892,3600000,4500000
2023-01-05 16:00:24.476000,1.33899,1.33893,3600000,3600000
2023-01-05 16:00:24.577000,1.33898,1.33891,1440000,1200000
2023-01-05 16:00:24.679000,1.33897,1.33893,3600000,1200000
2023-01-05 16:00:24.755000,1.33891,1.33888,3900000,1200000
2023-01-05 16:00:24.810000,1.3389,1.33883,5960000,3600000
2023-01-05 16:00:24.912000,1.33889,1.33884,4140000,1200000
2023-01-05 16:00:25.065000,1.33891,1.33884,4370000,1200000
2023-01-05 16:00:25.218000,1.33891,1.33885,3600000,1200000
2023-01-05 16:00:25.320000,1.33891,1.33887,3600000,1200000
2023-01-05 16:00:25.422000,1.33892,1.33887,3600000,1200000
2023-01-05 16:00:25.524000,1.33894,1.33887,4140000,4500000
2023-01-05 16:00:25.575000,1.33891,1.33887,3600000,1200000
2023-01-05 16:00:25.677000,1.33893,1.33887,3600000,4500000
2023-01-05 16:00:25.729000,1.33895,1.33888,4140000,1200000
2023-01-05 16:00:25.831000,1.33896,1.33889,4370000,3600000
2023-01-05 16:00:25.933000,1.33897,1.33891,3600000,4500000
2023-01-05 16:00:25.984000,1.33899,1.33892,5120000,3600000
2023-01-05 16:00:26.086000,1.339,1.33893,1200000,4730000
2023-01-05 16:00:26.137000,1.339,1.33897,3600000,1200000
2023-01-05 16:00:26.290000,1.339,1.33896,3600000,1200000
2023-01-05 16:00:26.392000,1.339,1.33892,3910000,1800000
2023-01-05 16:00:26.443000,1.33898,1.33892,3600000,1200000
2023-01-05 16:00:26.545000,1.33899,1.33891,3980000,1200000
2023-01-05 16:00:26.646000,1.33898,1.33892,3830000,3600000
2023-01-05 16:00:26.748000,1.33899,1.33891,3980000,1200000
2023-01-05 16:00:27.618000,1.33897,1.33891,1500000,1200000
2023-01-05 16:00:27.720000,1.33897,1.33891,3600000,4500000
2023-01-05 16:00:27.873000,1.33899,1.33891,3980000,1200000
2023-01-05 16:00:27.974000,1.33899,1.33893,3600000,3600000
2023-01-05 16:00:28.076000,1.33899,1.33892,4460000,1200000
2023-01-05 16:00:28.178000,1.33897,1.33892,3600000,1200000
2023-01-05 16:00:28.280000,1.33897,1.33892,3900000,1200000
2023-01-05 16:00:28.332000,1.33893,1.33888,3600000,1200000
2023-01-05 16:00:28.383000,1.33896,1.33888,4390000,1200000
2023-01-05 16:00:28.487000,1.33894,1.33887,3600000,4500000
2023-01-05 16:00:28.811000,1.33893,1.33887,3900000,1200000
2023-01-05 16:00:28.914000,1.33891,1.33887,3600000,1200000
2023-01-05 16:00:28.965000,1.33892,1.33885,1200000,5040000
2023-01-05 16:00:29.017000,1.33892,1.33887,1200000,1200000
2023-01-05 16:00:29.068000,1.33895,1.33887,4550000,4500000
2023-01-05 16:00:29.472000,1.33891,1.33887,3600000,1200000
2023-01-05 16:00:29.523000,1.33891,1.33885,3600000,3600000
2023-01-05 16:00:29.574000,1.33891,1.33883,3910000,1800000
2023-01-05 16:00:29.676000,1.33892,1.33882,3980000,1200000
2023-01-05 16:00:29.778000,1.33891,1.33883,3910000,1200000
2023-01-05 16:00:30.103000,1.33892,1.33886,4580000,4140000
2023-01-05 16:00:30.154000,1.33895,1.33886,3900000,4140000
2023-01-05 16:00:30.206000,1.33895,1.33888,3900000,1200000
2023-01-05 16:00:30.308000,1.33893,1.33888,3600000,1200000
2023-01-05 16:00:30.409000,1.33894,1.33886,3900000,4500000
2023-01-05 16:00:30.461000,1.33891,1.33885,3600000,1200000
