time,ask,bid,ask_volume,bid_volume
2017-12-21 13:25:00.830000,1.13532,1.13529,1250000,4870000
2017-12-21 13:25:01.448000,1.13532,1.1353,1690000,1120000
2017-12-21 13:25:02.951000,1.13531,1.1353,1500000,1120000
2017-12-21 13:25:03.527000,1.13531,1.13529,1250000,1120000
2017-12-21 13:25:08.408000,1.1353,1.13529,1690000,1120000
2017-12-21 13:25:08.719000,1.13529,1.13527,1000000,1870000
2017-12-21 13:25:09.232000,1.1353,1.13527,1690000,1870000
2017-12-21 13:25:09.866000,1.1353,1.13527,1690000,2620000
2017-12-21 13:25:10.777000,1.13528,1.13527,1000000,1120000
2017-12-21 13:25:11.003000,1.13529,1.13526,1690000,2620000
2017-12-21 13:25:11.517000,1.1353,1.13527,1690000,1870000
2017-12-21 13:25:12.109000,1.1353,1.13528,1690000,1120000
2017-12-21 13:25:12.637000,1.13529,1.13527,1250000,2620000
2017-12-21 13:25:14.327000,1.13529,1.13528,1250000,1120000
2017-12-21 13:25:14.947000,1.1353,1.13527,2440000,2620000
2017-12-21 13:25:15.437000,1.13527,1.13525,1690000,1000000
2017-12-21 13:25:15.962000,1.13526,1.13524,1050000,2250000
2017-12-21 13:25:16.959000,1.13525,1.13524,1250000,1120000
2017-12-21 13:25:26.121000,1.13525,1.13523,1000000,1120000
2017-12-21 13:25:26.633000,1.13525,1.13524,1000000,1120000
2017-12-21 13:25:28.095000,1.13525,1.13523,1000000,1120000
2017-12-21 13:25:36.435000,1.13524,1.13521,1000000,2810000
2017-12-21 13:25:39.245000,1.13523,1.1352,1500000,2060000
2017-12-21 13:25:39.350000,1.13521,1.1352,1000000,1120000
2017-12-21 13:25:39.932000,1.13521,1.13518,1000000,2810000
2017-12-21 13:25:40.469000,1.13522,1.13519,1000000,1500000
2017-12-21 13:25:41.062000,1.13522,1.13519,1000000,1370000
2017-12-21 13:25:43.396000,1.13521,1.13519,1000000,1370000
2017-12-21 13:25:43.924000,1.13521,1.13519,1000000,1120000
2017-12-21 13:25:44.462000,1.13519,1.13517,1000000,1500000
2017-12-21 13:25:44.994000,1.13519,1.13517,1000000,1500000
2017-12-21 13:25:45.570000,1.13519,1.13517,1500000,1570000
2017-12-21 13:25:47.926000,1.13519,1.13517,1000000,1570000
2017-12-21 13:25:51.083000,1.1352,1.13519,1050000,1000000
2017-12-21 13:25:51.247000,1.13522,1.1352,1000000,1100000
2017-12-21 13:25:52.033000,1.13523,1.1352,1000000,2700000
2017-12-21 13:25:52.598000,1.13523,1.13521,1000000,1100000
2017-12-21 13:25:53.706000,1.13522,1.1352,1000000,1570000
2017-12-21 13:25:53.809000,1.13521,1.13518,1000000,3450000
2017-12-21 13:25:54.325000,1.1352,1.13518,1050000,1950000
2017-12-21 13:25:54.848000,1.13519,1.13517,1000000,2700000
2017-12-21 13:25:55.841000,1.13519,1.13517,1000000,1950000
2017-12-21 13:25:56.612000,1.1352,1.13517,1050000,2700000
2017-12-21 13:25:57.154000,1.1352,1.13517,1540000,2700000
2017-12-21 13:26:00.199000,1.13523,1.1352,2170000,2620000
2017-12-21 13:26:00.326000,1.13524,1.13521,1420000,1500000
2017-12-21 13:26:00.870000,1.13525,1.13521,3940000,3000000
2017-12-21 13:26:01.974000,1.13525,1.13521,2440000,3000000
2017-12-21 13:26:02.775000,1.13525,1.13521,2440000,3000000
2017-12-21 13:26:03.392000,1.13525,1.13521,2440000,3000000
2017-12-21 13:26:05.105000,1.13524,1.13521,1250000,3000000
2017-12-21 13:26:05.797000,1.13525,1.13521,2060000,3000000
2017-12-21 13:26:10.442000,1.13525,1.13521,2810000,4200000
2017-12-21 13:26:11.824000,1.13525,1.13521,1690000,2250000
2017-12-21 13:26:12.361000,1.13525,1.13521,3560000,3000000
2017-12-21 13:26:21.513000,1.13523,1.13521,1120000,1000000
2017-12-21 13:26:22.102000,1.13524,1.13521,1310000,1120000
2017-12-21 13:26:22.641000,1.13524,1.13521,1310000,1870000
2017-12-21 13:26:30.692000,1.13525,1.13522,1690000,1570000
2017-12-21 13:26:35.111000,1.13524,1.13521,1000000,2320000
2017-12-21 13:26:35.623000,1.13524,1.13521,2440000,2320000
2017-12-21 13:26:36.433000,1.13523,1.1352,1000000,3070000
2017-12-21 13:26:36.983000,1.13524,1.1352,3560000,3450000
2017-12-21 13:26:38.464000,1.13522,1.1352,1000000,3450000
2017-12-21 13:26:38.654000,1.13524,1.1352,1250000,2320000
2017-12-21 13:26:39.189000,1.13524,1.13521,1250000,1120000
2017-12-21 13:26:44.486000,1.13523,1.1352,3190000,1870000
2017-12-21 13:26:45.034000,1.13523,1.1352,1250000,3750000
2017-12-21 13:26:45.558000,1.13523,1.1352,1000000,2250000
2017-12-21 13:26:50.074000,1.1352,1.13518,1000000,1390000
2017-12-21 13:26:50.584000,1.1352,1.13518,1000000,1120000
2017-12-21 13:26:51.445000,1.1352,1.13518,1000000,1370000
2017-12-21 13:26:53.494000,1.1352,1.13517,1690000,1370000
2017-12-21 13:26:54.511000,1.1352,1.13517,3940000,1120000
2017-12-21 13:26:59.182000,1.13519,1.13517,1000000,1120000
2017-12-21 13:26:59.709000,1.1352,1.13517,1690000,1370000
2017-12-21 13:27:10.840000,1.1352,1.13517,1000000,3220000
2017-12-21 13:27:11.145000,1.13522,1.1352,1000000,1870000
2017-12-21 13:27:11.659000,1.13524,1.1352,2060000,1870000
2017-12-21 13:27:12.315000,1.13523,1.1352,1250000,1870000
2017-12-21 13:27:16.424000,1.13523,1.1352,1250000,1870000
2017-12-21 13:27:18.765000,1.13524,1.1352,2810000,3000000
2017-12-21 13:27:22.358000,1.13523,1.13521,1000000,1120000
2017-12-21 13:27:22.564000,1.13522,1.13519,1690000,1870000
2017-12-21 13:27:22.821000,1.13524,1.13521,4010000,1000000
2017-12-21 13:27:26.082000,1.13523,1.1352,1910000,1470000
2017-12-21 13:27:26.635000,1.13524,1.13521,1310000,1120000
2017-12-21 13:27:41.450000,1.13523,1.1352,4160000,1870000
2017-12-21 13:27:41.995000,1.13523,1.1352,1690000,1120000
2017-12-21 13:27:42.687000,1.13522,1.13519,1870000,1370000
2017-12-21 13:27:43.292000,1.13521,1.13518,3750000,1500000
2017-12-21 13:27:44.675000,1.13521,1.13518,3000000,1500000
2017-12-21 13:27:56.522000,1.1352,1.13518,1000000,1500000
2017-12-21 13:27:57.701000,1.13521,1.13518,3000000,1500000
2017-12-21 13:28:00.382000,1.13519,1.13518,1120000,1120000
2017-12-21 13:28:00.572000,1.1352,1.13516,1690000,1870000
2017-12-21 13:28:01.093000,1.13519,1.13516,1000000,1870000
2017-12-21 13:28:01.623000,1.13519,1.13516,1000000,2320000
2017-12-21 13:28:04.228000,1.1352,1.13516,2810000,2320000
2017-12-21 13:28:04.549000,1.13518,1.13515,1000000,2320000
2017-12-21 13:28:05.080000,1.13519,1.13516,3190000,1870000
2017-12-21 13:28:05.866000,1.13519,1.13517,1000000,1500000
2017-12-21 13:28:06.423000,1.1352,1.13517,2440000,1870000
2017-12-21 13:28:06.953000,1.13519,1.13517,1000000,1870000
2017-12-21 13:28:10.890000,1.13515,1.13514,2290000,1120000
2017-12-21 13:28:11.099000,1.13514,1.13511,1310000,1120000
2017-12-21 13:28:11.602000,1.13515,1.13511,2810000,26059999
2017-12-21 13:28:12.127000,1.13515,1.13511,2060000,10310000
2017-12-21 13:28:12.179000,1.13513,1.13511,1000000,12750000
2017-12-21 13:28:12.492000,1.13515,1.13513,2440000,1000000
2017-12-21 13:28:14.767000,1.13515,1.13512,2440000,3190000
2017-12-21 13:28:15.307000,1.13514,1.13511,1000000,23809999
2017-12-21 13:28:20.382000,1.13513,1.13511,1000000,1870000
2017-12-21 13:28:20.905000,1.13514,1.13511,1500000,1870000
2017-12-21 13:28:25.129000,1.13513,1.13511,1000000,1870000
2017-12-21 13:28:25.647000,1.13514,1.13511,1500000,1870000
2017-12-21 13:28:27.757000,1.13513,1.13511,1500000,1000000
2017-12-21 13:28:28.347000,1.13514,1.13511,2060000,1000000
2017-12-21 13:28:32.192000,1.13513,1.13511,1000000,1000000
2017-12-21 13:28:32.704000,1.13514,1.13511,1310000,1000000
2017-12-21 13:28:36.152000,1.13513,1.13511,3000000,1000000
2017-12-21 13:28:37.840000,1.13514,1.13511,2810000,1000000
2017-12-21 13:28:41.158000,1.13514,1.13512,1690000,1000000
2017-12-21 13:28:41.572000,1.13519,1.13516,6820000,1000000
2017-12-21 13:28:41.675000,1.13521,1.13517,4870000,1000000
2017-12-21 13:28:42.187000,1.13519,1.13517,1000000,1000000
2017-12-21 13:28:45.504000,1.13521,1.13517,4870000,1000000
2017-12-21 13:28:46.024000,1.1352,1.13517,1000000,1000000
2017-12-21 13:28:48.220000,1.13519,1.13517,1000000,1000000
2017-12-21 13:28:50.024000,1.1352,1.13517,1000000,1000000
2017-12-21 13:28:51.145000,1.13519,1.13517,1000000,1000000
2017-12-21 13:28:55.625000,1.13521,1.13519,1870000,3100000
2017-12-21 13:28:55.729000,1.1352,1.13518,1000000,2700000
2017-12-21 13:28:55.781000,1.13521,1.13519,2250000,1000000
2017-12-21 13:28:56.448000,1.13521,1.13519,1500000,1200000
2017-12-21 13:28:57.466000,1.13521,1.1352,1500000,1000000
2017-12-21 13:28:57.979000,1.13524,1.13522,1500000,1000000
2017-12-21 13:28:58.492000,1.13525,1.13523,1000000,1000000
2017-12-21 13:28:59.881000,1.13525,1.13522,1000000,1000000
2017-12-21 13:29:00.985000,1.13526,1.13523,1000000,2100000
2017-12-21 13:29:03.966000,1.13526,1.13522,1500000,3300000
2017-12-21 13:29:05.791000,1.13525,1.13522,1000000,1420000
2017-12-21 13:29:06.322000,1.13524,1.13522,1000000,1350000
2017-12-21 13:29:07.003000,1.13525,1.13522,1500000,1350000
2017-12-21 13:29:08.322000,1.13523,1.1352,1000000,4800000
2017-12-21 13:29:08.379000,1.13525,1.13522,1500000,1350000
2017-12-21 13:29:09.045000,1.13526,1.13522,2250000,3670000
2017-12-21 13:29:12.924000,1.13525,1.13522,1500000,1420000
2017-12-21 13:29:13.452000,1.13526,1.13522,1500000,2170000
2017-12-21 13:29:15.831000,1.13525,1.13522,1000000,1420000
2017-12-21 13:29:16.456000,1.13526,1.13523,1000000,1500000
2017-12-21 13:29:16.985000,1.13527,1.13523,1500000,1500000
2017-12-21 13:29:18.228000,1.13528,1.13524,1870000,1000000
2017-12-21 13:29:18.749000,1.13527,1.13523,2250000,1570000
2017-12-21 13:29:19.114000,1.13525,1.13523,1000000,1000000
2017-12-21 13:29:19.454000,1.13527,1.13524,1000000,1000000
2017-12-21 13:29:19.994000,1.13528,1.13524,1870000,1950000
2017-12-21 13:29:20.510000,1.13527,1.13524,1500000,1200000
2017-12-21 13:29:21.083000,1.13528,1.13524,1000000,2700000
2017-12-21 13:29:21.615000,1.13528,1.13525,1000000,1200000
2017-12-21 13:29:21.938000,1.13529,1.13528,1200000,1000000
2017-12-21 13:29:22.096000,1.13529,1.13526,1000000,1200000
2017-12-21 13:29:22.603000,1.13531,1.13527,1000000,2700000
2017-12-21 13:29:23.172000,1.13531,1.13527,1000000,1570000
2017-12-21 13:29:24.864000,1.13531,1.13528,1000000,1200000
2017-12-21 13:29:26.232000,1.1353,1.13527,1000000,1950000
2017-12-21 13:29:26.438000,1.13527,1.13524,1000000,1000000
2017-12-21 13:29:26.697000,1.13527,1.13525,1000000,2850000
2017-12-21 13:29:27.653000,1.13529,1.13525,1200000,2850000
2017-12-21 13:29:28.949000,1.13529,1.13524,1200000,3600000
2017-12-21 13:29:29.592000,1.13529,1.13524,1000000,4050000
2017-12-21 13:29:30.056000,1.1353,1.13527,1000000,1000000
2017-12-21 13:29:30.253000,1.13539,1.13533,1000000,1100000
2017-12-21 13:29:30.842000,1.13539,1.13534,1000000,1100000
2017-12-21 13:29:30.896000,1.13538,1.13531,1000000,3070000
2017-12-21 13:29:31.765000,1.13541,1.13534,1100000,1520000
2017-12-21 13:29:32.281000,1.1354,1.13533,3000000,3070000
2017-12-21 13:29:32.589000,1.13538,1.13531,1000000,1070000
2017-12-21 13:29:34.729000,1.13538,1.13531,1000000,1950000
2017-12-21 13:29:35.395000,1.13538,1.1353,1000000,3520000
2017-12-21 13:29:36.567000,1.13536,1.1353,1000000,1170000
2017-12-21 13:29:37.117000,1.13537,1.13529,1500000,2020000
2017-12-21 13:29:39.384000,1.13538,1.13531,2320000,1000000
2017-12-21 13:29:39.898000,1.13539,1.13531,2320000,1100000
2017-12-21 13:29:40.512000,1.13539,1.1353,5770000,1200000
2017-12-21 13:29:40.926000,1.13538,1.13528,1950000,1150000
2017-12-21 13:29:41.029000,1.13538,1.13529,3450000,1170000
2017-12-21 13:29:41.549000,1.13538,1.13528,3440000,1170000
2017-12-21 13:29:42.015000,1.13533,1.13528,1500000,1070000
2017-12-21 13:29:43.015000,1.13532,1.13527,1000000,1070000
2017-12-21 13:29:43.324000,1.13532,1.13525,1200000,2320000
2017-12-21 13:29:44.073000,1.13531,1.13525,1000000,1100000
2017-12-21 13:29:44.613000,1.13532,1.13525,1100000,3070000
2017-12-21 13:29:45.174000,1.13533,1.13529,1070000,1000000
2017-12-21 13:29:45.549000,1.13536,1.13529,1470000,1000000
2017-12-21 13:29:45.653000,1.13537,1.13534,1000000,1630000
2017-12-21 13:29:45.757000,1.13537,1.13529,1570000,1630000
2017-12-21 13:29:46.276000,1.13537,1.1353,1570000,1000000
2017-12-21 13:29:47.157000,1.13537,1.1353,2320000,1500000
2017-12-21 13:29:47.635000,1.13535,1.1353,1000000,1000000
2017-12-21 13:29:48.167000,1.13535,1.13529,1100000,1000000
2017-12-21 13:29:48.358000,1.13538,1.1353,1100000,1570000
2017-12-21 13:29:48.667000,1.1354,1.13533,1500000,1000000
2017-12-21 13:29:48.772000,1.13546,1.13538,1500000,1500000
2017-12-21 13:29:48.927000,1.13546,1.13539,1500000,1070000
2017-12-21 13:29:49.532000,1.13547,1.13539,1000000,1200000
2017-12-21 13:29:50.070000,1.13547,1.13539,1000000,1000000
2017-12-21 13:29:50.573000,1.13548,1.1354,1000000,1000000
2017-12-21 13:29:51.122000,1.13548,1.13539,1000000,1000000
2017-12-21 13:29:51.281000,1.13551,1.13543,1000000,1500000
2017-12-21 13:29:51.917000,1.13552,1.13544,1500000,1500000
2017-12-21 13:29:52.428000,1.13552,1.13543,1500000,1000000
2017-12-21 13:29:52.952000,1.13551,1.13543,1000000,1000000
2017-12-21 13:29:54.023000,1.13551,1.13543,1000000,1370000
2017-12-21 13:29:54.526000,1.13551,1.13542,1000000,1370000
2017-12-21 13:29:55.064000,1.1355,1.13542,2440000,370000
2017-12-21 13:29:55.116000,1.1355,1.13532,1690000,1370000
2017-12-21 13:29:55.169000,1.13546,1.13531,1000000,1870000
2017-12-21 13:29:55.481000,1.13544,1.13529,1000000,1370000
2017-12-21 13:29:56.128000,1.13544,1.13529,1000000,1370000
2017-12-21 13:29:56.720000,1.13544,1.13529,1000000,1370000
2017-12-21 13:29:57.243000,1.13545,1.13529,1000000,1370000
2017-12-21 13:29:58.443000,1.13545,1.13529,1000000,1370000
2017-12-21 13:29:58.699000,1.13545,1.13529,1000000,1000000
2017-12-21 13:29:59.544000,1.13545,1.13524,1000000,1500000
2017-12-21 13:30:00.228000,1.13545,1.13524,1000000,1000000
2017-12-21 13:30:00.615000,1.13543,1.13525,1000000,1000000
2017-12-21 13:30:00.719000,1.13545,1.13525,1000000,1000000
2017-12-21 13:30:00.770000,1.13545,1.13527,1000000,1000000
2017-12-21 13:30:01.083000,1.13561,1.13552,1500000,1000000
2017-12-21 13:30:01.247000,1.1357,1.1355,1000000,1000000
2017-12-21 13:30:01.299000,1.1357,1.13558,1000000,1000000
2017-12-21 13:30:01.351000,1.13575,1.13555,1500000,1000000
2017-12-21 13:30:01.404000,1.13575,1.13562,1500000,1000000
2017-12-21 13:30:01.533000,1.13578,1.13555,1500000,3750000
2017-12-21 13:30:01.585000,1.13513,1.13486,1000000,4500000
2017-12-21 13:30:01.974000,1.13519,1.13502,1500000,1000000
2017-12-21 13:30:02.034000,1.13518,1.13491,1000000,1000000
2017-12-21 13:30:02.086000,1.13517,1.13486,2250000,1000000
2017-12-21 13:30:02.138000,1.13515,1.13483,1000000,2250000
2017-12-21 13:30:02.503000,1.13512,1.13477,1000000,1500000
2017-12-21 13:30:02.769000,1.13512,1.1349,1000000,1000000
2017-12-21 13:30:03.101000,1.13514,1.13493,1000000,4120000
2017-12-21 13:30:03.413000,1.13508,1.13493,1000000,1000000
2017-12-21 13:30:03.520000,1.13508,1.1349,1500000,1000000
2017-12-21 13:30:03.572000,1.13506,1.1349,1000000,1000000
2017-12-21 13:30:03.747000,1.13502,1.13485,1000000,1000000
2017-12-21 13:30:03.851000,1.13505,1.13485,1000000,1000000
2017-12-21 13:30:03.903000,1.13505,1.13488,1000000,1000000
2017-12-21 13:30:04.214000,1.13505,1.135,1000000,1000000
2017-12-21 13:30:04.267000,1.13514,1.135,1000000,1150000
2017-12-21 13:30:04.462000,1.13514,1.1349,1300000,1500000
2017-12-21 13:30:04.514000,1.13511,1.1349,1500000,1000000
2017-12-21 13:30:04.826000,1.13509,1.1349,1040000,1000000
2017-12-21 13:30:04.981000,1.13523,1.13504,1000000,1500000
2017-12-21 13:30:05.170000,1.13518,1.13509,1000000,3000000
2017-12-21 13:30:05.222000,1.13518,1.13506,1000000,3750000
2017-12-21 13:30:05.274000,1.13529,1.13507,1040000,1000000
2017-12-21 13:30:05.736000,1.13528,1.13511,1040000,1500000
2017-12-21 13:30:05.987000,1.13525,1.13507,1690000,1000000
2017-12-21 13:30:06.698000,1.1352,1.13506,1000000,1000000
2017-12-21 13:30:07.685000,1.13521,1.13507,1040000,1000000
2017-12-21 13:30:08.876000,1.1352,1.13506,1050000,1000000
2017-12-21 13:30:09.426000,1.13521,1.13508,1540000,1000000
2017-12-21 13:30:09.948000,1.13521,1.13509,1540000,1000000
2017-12-21 13:30:10.263000,1.13512,1.13505,1000000,1000000
2017-12-21 13:30:10.316000,1.13514,1.13503,1540000,1000000
2017-12-21 13:30:10.369000,1.13512,1.13499,1500000,3000000
2017-12-21 13:30:10.666000,1.13509,1.13499,1000000,1500000
2017-12-21 13:30:10.719000,1.1351,1.13497,1500000,1000000
2017-12-21 13:30:10.771000,1.13508,1.13495,1000000,2250000
2017-12-21 13:30:11.158000,1.13488,1.13485,1750000,1000000
2017-12-21 13:30:11.267000,1.13495,1.13486,1000000,2250000
2017-12-21 13:30:11.374000,1.13495,1.13482,1040000,1000000
2017-12-21 13:30:11.583000,1.13493,1.1348,1000000,2250000
2017-12-21 13:30:11.813000,1.13494,1.13483,1000000,1000000
2017-12-21 13:30:12.123000,1.13491,1.13486,1500000,1000000
2017-12-21 13:30:12.176000,1.13488,1.13481,1000000,1500000
2017-12-21 13:30:12.228000,1.13495,1.13482,1000000,1000000
2017-12-21 13:30:12.454000,1.13494,1.13488,1000000,1000000
2017-12-21 13:30:12.560000,1.13496,1.13488,1000000,1000000
2017-12-21 13:30:13.097000,1.13495,1.13488,1000000,1000000
2017-12-21 13:30:13.252000,1.13496,1.1349,1000000,1000000
2017-12-21 13:30:13.742000,1.13496,1.13483,1000000,2250000
2017-12-21 13:30:13.797000,1.13491,1.13481,1500000,3000000
2017-12-21 13:30:14.108000,1.13482,1.13475,1250000,1000000
2017-12-21 13:30:14.426000,1.13494,1.13487,1000000,1000000
2017-12-21 13:30:14.738000,1.13492,1.13487,1000000,1000000
2017-12-21 13:30:15.067000,1.13489,1.13485,7130000,1000000
2017-12-21 13:30:15.121000,1.13485,1.13479,1540000,1000000
2017-12-21 13:30:15.225000,1.13485,1.1348,1540000,1000000
2017-12-21 13:30:15.281000,1.13485,1.13473,1540000,1000000
2017-12-21 13:30:15.384000,1.13485,1.13476,2290000,1000000
2017-12-21 13:30:15.688000,1.13482,1.13475,1000000,1000000
2017-12-21 13:30:15.796000,1.13482,1.13473,1000000,1500000
2017-12-21 13:30:15.852000,1.13486,1.13473,1000000,1500000
2017-12-21 13:30:16.011000,1.13485,1.13476,1000000,1000000
2017-12-21 13:30:16.164000,1.13492,1.13478,1500000,1000000
2017-12-21 13:30:16.372000,1.13483,1.13478,1000000,1000000
2017-12-21 13:30:16.477000,1.13475,1.13467,1000000,1500000
2017-12-21 13:30:16.530000,1.13475,1.13467,3440000,1000000
2017-12-21 13:30:16.582000,1.13475,1.13467,4560000,1000000
2017-12-21 13:30:16.687000,1.13472,1.13465,1500000,1000000
2017-12-21 13:30:16.739000,1.13472,1.13458,1000000,1000000
2017-12-21 13:30:16.880000,1.13472,1.13456,1500000,3000000
2017-12-21 13:30:16.933000,1.13472,1.13457,2620000,2620000
2017-12-21 13:30:17.698000,1.13472,1.13458,2870000,1000000
2017-12-21 13:30:17.804000,1.13472,1.1347,1000000,1000000
2017-12-21 13:30:17.857000,1.13477,1.13473,1870000,1000000
2017-12-21 13:30:17.962000,1.13477,1.13466,3440000,1500000
2017-12-21 13:30:18.016000,1.13476,1.13461,1500000,4500000
2017-12-21 13:30:18.541000,1.13475,1.13461,1500000,1570000
2017-12-21 13:30:18.956000,1.1347,1.13456,1570000,4760000
2017-12-21 13:30:19.527000,1.13469,1.13455,1120000,5140000
2017-12-21 13:30:19.840000,1.1347,1.1346,1950000,1250000
2017-12-21 13:30:20.176000,1.13471,1.13464,1570000,1250000
2017-12-21 13:30:20.231000,1.13474,1.13464,2320000,3000000
2017-12-21 13:30:20.388000,1.13475,1.13464,1500000,1000000
2017-12-21 13:30:20.519000,1.13476,1.13464,2320000,2250000
2017-12-21 13:30:20.727000,1.13476,1.13464,1370000,2250000
2017-12-21 13:30:20.781000,1.13475,1.13464,1070000,3000000
2017-12-21 13:30:20.970000,1.13476,1.13465,1370000,2250000
2017-12-21 13:30:21.022000,1.13479,1.13467,1000000,1000000
2017-12-21 13:30:21.075000,1.13477,1.13465,1000000,2250000
2017-12-21 13:30:21.234000,1.13482,1.13469,1000000,3000000
2017-12-21 13:30:21.441000,1.13481,1.13469,1370000,1370000
2017-12-21 13:30:21.498000,1.13476,1.13463,1100000,1950000
2017-12-21 13:30:21.613000,1.13476,1.13469,1100000,1370000
2017-12-21 13:30:21.666000,1.1348,1.13467,3450000,1500000
2017-12-21 13:30:21.722000,1.13482,1.13469,1570000,1570000
2017-12-21 13:30:22.275000,1.13483,1.13471,2320000,1100000
2017-12-21 13:30:22.432000,1.13485,1.13472,1000000,2250000
2017-12-21 13:30:22.587000,1.13484,1.13472,1570000,1100000
2017-12-21 13:30:22.639000,1.13482,1.1347,1000000,2250000
2017-12-21 13:30:22.744000,1.13481,1.1347,1070000,2320000
2017-12-21 13:30:22.956000,1.13482,1.1347,1000000,2250000
2017-12-21 13:30:23.063000,1.13482,1.13472,1000000,1070000
2017-12-21 13:30:24.088000,1.13481,1.13471,1000000,1000000
2017-12-21 13:30:24.141000,1.13481,1.13471,1570000,1000000
2017-12-21 13:30:24.194000,1.13479,1.13469,1570000,1000000
2017-12-21 13:30:24.705000,1.13477,1.13468,1570000,1870000
2017-12-21 13:30:24.758000,1.13475,1.13468,1500000,1870000
2017-12-21 13:30:25.309000,1.13476,1.13468,1100000,1000000
2017-12-21 13:30:25.955000,1.13474,1.13468,1000000,1000000
2017-12-21 13:30:26.508000,1.13475,1.13467,1500000,3750000
2017-12-21 13:30:27.028000,1.13474,1.13467,1000000,3750000
2017-12-21 13:30:27.562000,1.13475,1.13467,1100000,3750000
2017-12-21 13:30:28.320000,1.13474,1.13468,1000000,1000000
2017-12-21 13:30:29.427000,1.13474,1.13467,1000000,3070000
2017-12-21 13:30:30.027000,1.13474,1.13467,1100000,2320000
2017-12-21 13:30:30.335000,1.13472,1.13467,1500000,1100000
2017-12-21 13:30:30.962000,1.13472,1.13468,1000000,1000000
2017-12-21 13:30:31.483000,1.13471,1.13467,1200000,1500000
2017-12-21 13:30:32.004000,1.13472,1.13468,1450000,1000000
2017-12-21 13:30:32.529000,1.13472,1.13469,2700000,1000000
2017-12-21 13:30:33.076000,1.13472,1.13469,1000000,1000000
2017-12-21 13:30:33.628000,1.13473,1.13469,1570000,1000000
2017-12-21 13:30:34.509000,1.1347,1.13464,1000000,2320000
2017-12-21 13:30:34.669000,1.1347,1.13464,1570000,1100000
2017-12-21 13:30:34.722000,1.13464,1.13462,1000000,1000000
2017-12-21 13:30:34.828000,1.13465,1.13459,2250000,1070000
2017-12-21 13:30:34.882000,1.13465,1.13457,3070000,3450000
2017-12-21 13:30:35.381000,1.13462,1.13457,1950000,1000000
2017-12-21 13:30:35.522000,1.13461,1.13455,2700000,1100000
2017-12-21 13:30:36.295000,1.1346,1.13454,1950000,3080000
2017-12-21 13:30:36.454000,1.1346,1.13455,1950000,1000000
2017-12-21 13:30:36.509000,1.13458,1.13454,1200000,1000000
2017-12-21 13:30:36.562000,1.13457,1.13452,1450000,1000000
2017-12-21 13:30:37.064000,1.13458,1.13451,2320000,2700000
2017-12-21 13:30:37.580000,1.13457,1.13451,1570000,1100000
2017-12-21 13:30:37.633000,1.13455,1.1345,1000000,3450000
2017-12-21 13:30:37.737000,1.13457,1.1345,2320000,1950000
2017-12-21 13:30:38.235000,1.13455,1.1345,1000000,3450000
2017-12-21 13:30:38.878000,1.13455,1.1345,2320000,1000000
2017-12-21 13:30:39.906000,1.13455,1.13451,1120000,1100000
2017-12-21 13:30:40.411000,1.13455,1.1345,1100000,1000000
2017-12-21 13:30:40.722000,1.13453,1.13449,1500000,1500000
2017-12-21 13:30:41.870000,1.13453,1.13448,1000000,3450000
2017-12-21 13:30:42.401000,1.13454,1.13449,1570000,1000000
2017-12-21 13:30:42.743000,1.1345,1.13448,1000000,1500000
2017-12-21 13:30:42.796000,1.13454,1.13448,4950000,2250000
2017-12-21 13:30:42.952000,1.1345,1.13445,1000000,1950000
2017-12-21 13:30:43.056000,1.1345,1.13445,1100000,1000000
2017-12-21 13:30:43.488000,1.1345,1.13447,1000000,1000000
2017-12-21 13:30:43.591000,1.1345,1.13444,1000000,1570000
2017-12-21 13:30:43.849000,1.1345,1.13444,1000000,4570000
2017-12-21 13:30:44.247000,1.1345,1.13445,2250000,2320000
2017-12-21 13:30:44.354000,1.1345,1.13446,2250000,2320000
2017-12-21 13:30:44.867000,1.1345,1.13446,1000000,1950000
2017-12-21 13:30:45.383000,1.13452,1.13447,1750000,2700000
2017-12-21 13:30:45.529000,1.13453,1.13448,3000000,2320000
2017-12-21 13:30:45.583000,1.13454,1.13448,2700000,1100000
2017-12-21 13:30:46.097000,1.13456,1.13449,5510000,1100000
2017-12-21 13:30:46.597000,1.13452,1.13447,1000000,4200000
2017-12-21 13:30:46.910000,1.13453,1.13448,1200000,1190000
2017-12-21 13:30:47.289000,1.13456,1.13452,1250000,1500000
2017-12-21 13:30:47.445000,1.13458,1.13454,1000000,1000000
2017-12-21 13:30:47.757000,1.13462,1.13455,4570000,1950000
2017-12-21 13:30:48.240000,1.13466,1.1346,1120000,2320000
2017-12-21 13:30:48.298000,1.13468,1.13463,1870000,1950000
2017-12-21 13:30:48.613000,1.1348,1.13475,1120000,1100000
2017-12-21 13:30:49.156000,1.13481,1.13476,3070000,1000000
2017-12-21 13:30:49.519000,1.13481,1.13474,3820000,1370000
2017-12-21 13:30:49.623000,1.13481,1.13474,2700000,1470000
2017-12-21 13:30:50.093000,1.1348,1.13477,1200000,1370000
2017-12-21 13:30:50.622000,1.1348,1.13476,1470000,1870000
2017-12-21 13:30:51.611000,1.13479,1.13474,1470000,1370000
2017-12-21 13:30:52.125000,1.13477,1.13473,1200000,1500000
2017-12-21 13:30:52.420000,1.13477,1.13473,1200000,1120000
2017-12-21 13:30:52.750000,1.13475,1.13471,1250000,1500000
2017-12-21 13:30:53.058000,1.13474,1.1347,1470000,1000000
2017-12-21 13:30:53.696000,1.13474,1.13469,1470000,4500000
2017-12-21 13:30:54.246000,1.13473,1.1347,1200000,1500000
2017-12-21 13:30:54.758000,1.13474,1.13469,1000000,1570000
2017-12-21 13:30:55.246000,1.13478,1.13471,1100000,3070000
2017-12-21 13:30:56.269000,1.13476,1.13471,1120000,1100000
2017-12-21 13:30:56.784000,1.13476,1.13471,2510000,1000000
2017-12-21 13:30:57.125000,1.13478,1.13473,2040000,1000000
2017-12-21 13:30:57.178000,1.13479,1.13473,4950000,1500000
2017-12-21 13:30:57.732000,1.13478,1.13471,1950000,5700000
2017-12-21 13:30:58.494000,1.13476,1.13471,1000000,3070000
2017-12-21 13:30:58.546000,1.13478,1.13471,1950000,3450000
2017-12-21 13:30:59.934000,1.13479,1.13474,1100000,2250000
2017-12-21 13:31:00.265000,1.13483,1.13477,2700000,1500000
2017-12-21 13:31:00.792000,1.13483,1.13478,1100000,1000000
2017-12-21 13:31:01.297000,1.13485,1.13478,3820000,3450000
2017-12-21 13:31:02.013000,1.13485,1.13478,3820000,6070000
2017-12-21 13:31:02.221000,1.13485,1.13479,1240000,2700000
2017-12-21 13:31:03.593000,1.13486,1.1348,1100000,1950000
2017-12-21 13:31:04.096000,1.13487,1.13481,1950000,1950000
2017-12-21 13:31:04.253000,1.13488,1.13483,1470000,1000000
2017-12-21 13:31:04.304000,1.13488,1.13483,1010000,1000000
2017-12-21 13:31:04.825000,1.13488,1.13483,1570000,1000000
2017-12-21 13:31:05.341000,1.13488,1.13482,2320000,1120000
2017-12-21 13:31:05.922000,1.13488,1.13482,2140000,1570000
2017-12-21 13:31:06.428000,1.13488,1.13482,3260000,1500000
2017-12-21 13:31:07.166000,1.13487,1.13483,1100000,1000000
2017-12-21 13:31:07.689000,1.13486,1.13482,1200000,1870000
2017-12-21 13:31:08.199000,1.13486,1.13482,1470000,1870000
2017-12-21 13:31:09.707000,1.13487,1.13482,1570000,1870000
2017-12-21 13:31:10.552000,1.13487,1.13482,1570000,1000000
2017-12-21 13:31:10.913000,1.13487,1.13482,1390000,1120000
2017-12-21 13:31:11.416000,1.13487,1.13482,1760000,1120000
2017-12-21 13:31:12.569000,1.13486,1.13481,1950000,1500000
2017-12-21 13:31:12.622000,1.13482,1.13479,1000000,1570000
2017-12-21 13:31:12.674000,1.13482,1.13478,1000000,4870000
2017-12-21 13:31:13.742000,1.13482,1.13477,1950000,1120000
2017-12-21 13:31:14.822000,1.13482,1.13477,2320000,1120000
2017-12-21 13:31:15.366000,1.13482,1.13476,4200000,3820000
2017-12-21 13:31:15.912000,1.13482,1.13476,3450000,1950000
2017-12-21 13:31:16.685000,1.13482,1.13477,1760000,1350000
2017-12-21 13:31:17.208000,1.13483,1.13478,1690000,1100000
2017-12-21 13:31:19.265000,1.13484,1.13483,1100000,2250000
2017-12-21 13:31:19.322000,1.13487,1.13485,1120000,1120000
2017-12-21 13:31:19.374000,1.1349,1.13484,1010000,4570000
2017-12-21 13:31:20.070000,1.13491,1.13485,3070000,1200000
2017-12-21 13:31:20.875000,1.13491,1.13485,2700000,1870000
2017-12-21 13:31:21.237000,1.13489,1.13485,4420000,1000000
2017-12-21 13:31:21.288000,1.13489,1.13483,4420000,2620000
2017-12-21 13:31:21.809000,1.13489,1.13483,7050000,1120000
2017-12-21 13:31:22.170000,1.13486,1.13481,1100000,1500000
2017-12-21 13:31:22.863000,1.13485,1.13481,1200000,4870000
2017-12-21 13:31:23.545000,1.13481,1.13478,2250000,7950000
2017-12-21 13:31:23.719000,1.13479,1.13475,1010000,1500000
2017-12-21 13:31:24.571000,1.1348,1.13475,2440000,1570000
2017-12-21 13:31:25.707000,1.1348,1.13474,2140000,3450000
2017-12-21 13:31:26.119000,1.1348,1.13474,3560000,3820000
2017-12-21 13:31:27.061000,1.1348,1.13474,2060000,3820000
2017-12-21 13:31:27.575000,1.1348,1.13474,2810000,2700000
2017-12-21 13:31:28.463000,1.1348,1.13475,1390000,1000000
2017-12-21 13:31:28.977000,1.1348,1.13475,1120000,1950000
2017-12-21 13:31:29.568000,1.13481,1.13476,1390000,1500000
2017-12-21 13:31:31.426000,1.13481,1.13476,1310000,1450000
2017-12-21 13:31:33.060000,1.13481,1.13476,2510000,1870000
2017-12-21 13:31:34.001000,1.1348,1.13475,2700000,1000000
2017-12-21 13:31:34.562000,1.1348,1.13476,1000000,1000000
2017-12-21 13:31:36.011000,1.1348,1.13475,1870000,2320000
2017-12-21 13:31:36.947000,1.13479,1.13475,1120000,1120000
2017-12-21 13:31:37.258000,1.13476,1.13472,1540000,1000000
2017-12-21 13:31:37.387000,1.13475,1.1347,1690000,1200000
2017-12-21 13:31:37.901000,1.13474,1.13469,1010000,1870000
2017-12-21 13:31:38.055000,1.13472,1.13469,4540000,1000000
2017-12-21 13:31:38.275000,1.13471,1.13466,1200000,1870000
2017-12-21 13:31:38.485000,1.13469,1.13466,3370000,1100000
2017-12-21 13:31:38.538000,1.13469,1.13464,5320000,1000000
2017-12-21 13:31:39.060000,1.13469,1.13463,2320000,4950000
2017-12-21 13:31:39.562000,1.13468,1.13463,1000000,4950000
2017-12-21 13:31:41.059000,1.13468,1.13463,1570000,3370000
2017-12-21 13:31:42.186000,1.13468,1.13462,2700000,2700000
2017-12-21 13:31:43.104000,1.13467,1.13462,4540000,1200000
2017-12-21 13:31:43.778000,1.13467,1.13461,4390000,2700000
2017-12-21 13:31:44.293000,1.13466,1.1346,3260000,2320000
2017-12-21 13:31:45.967000,1.13466,1.13461,1310000,1100000
2017-12-21 13:31:46.624000,1.13467,1.13462,2060000,1950000
2017-12-21 13:31:47.650000,1.13467,1.13463,1000000,1000000
2017-12-21 13:31:48.093000,1.13469,1.13465,1390000,1000000
2017-12-21 13:31:48.604000,1.13469,1.13464,1010000,2250000
2017-12-21 13:31:49.207000,1.13469,1.13463,3820000,3070000
2017-12-21 13:31:49.731000,1.13468,1.13463,1570000,2250000
2017-12-21 13:31:50.393000,1.13469,1.13465,1200000,1120000
2017-12-21 13:31:51.165000,1.13471,1.13467,1760000,1000000
2017-12-21 13:31:51.321000,1.13473,1.13468,1200000,1870000
2017-12-21 13:31:51.850000,1.13473,1.13468,1000000,3450000
2017-12-21 13:31:52.613000,1.13469,1.13467,1000000,4950000
2017-12-21 13:31:52.667000,1.13469,1.13465,1000000,1500000
2017-12-21 13:31:52.924000,1.13467,1.13465,1000000,1000000
2017-12-21 13:31:53.183000,1.13471,1.13467,1000000,6000000
2017-12-21 13:31:53.372000,1.13472,1.1347,1000000,1000000
2017-12-21 13:31:53.425000,1.13474,1.1347,1000000,2250000
2017-12-21 13:31:53.967000,1.13474,1.13471,1000000,4120000
2017-12-21 13:31:54.514000,1.13476,1.13471,3000000,4200000
2017-12-21 13:31:55.491000,1.13475,1.13471,1250000,1570000
2017-12-21 13:31:56.014000,1.13475,1.1347,1690000,3640000
2017-12-21 13:31:56.963000,1.13474,1.13469,1500000,3070000
2017-12-21 13:31:57.477000,1.13474,1.1347,1000000,1000000
2017-12-21 13:31:59.322000,1.13473,1.13469,1000000,1100000
2017-12-21 13:31:59.932000,1.13473,1.13468,4500000,1100000
2017-12-21 13:32:00.448000,1.13471,1.13466,3970000,2700000
2017-12-21 13:32:00.758000,1.13468,1.13464,1000000,1000000
2017-12-21 13:32:01.302000,1.13468,1.13463,3000000,1100000
2017-12-21 13:32:01.819000,1.13467,1.13462,1500000,1950000
2017-12-21 13:32:02.359000,1.13466,1.13461,1500000,3070000
2017-12-21 13:32:02.667000,1.13466,1.13463,1500000,1000000
2017-12-21 13:32:03.181000,1.13465,1.13462,1910000,1000000
2017-12-21 13:32:03.716000,1.13465,1.13461,1500000,1000000
2017-12-21 13:32:04.231000,1.13465,1.1346,1570000,1120000
2017-12-21 13:32:04.543000,1.13462,1.13457,1570000,1500000
2017-12-21 13:32:05.005000,1.13459,1.13455,1000000,4760000
2017-12-21 13:32:05.058000,1.13456,1.13453,1000000,1190000
2017-12-21 13:32:05.110000,1.13456,1.13452,1000000,1100000
2017-12-21 13:32:05.616000,1.13456,1.13451,1570000,1120000
2017-12-21 13:32:06.028000,1.13456,1.13452,1000000,4050000
2017-12-21 13:32:06.234000,1.13458,1.13453,1950000,4870000
2017-12-21 13:32:07.658000,1.13459,1.13453,1950000,4200000
2017-12-21 13:32:07.967000,1.13459,1.13454,1140000,1690000
2017-12-21 13:32:08.124000,1.13461,1.13457,2320000,1500000
2017-12-21 13:32:08.654000,1.13461,1.13458,1500000,1120000
2017-12-21 13:32:09.067000,1.13459,1.13458,1000000,1120000
2017-12-21 13:32:09.120000,1.13462,1.13458,3450000,1120000
2017-12-21 13:32:09.383000,1.13463,1.13458,3750000,2700000
2017-12-21 13:32:09.947000,1.13463,1.13458,2620000,3450000
2017-12-21 13:32:10.863000,1.13464,1.13461,1120000,1000000
2017-12-21 13:32:10.967000,1.13468,1.13463,3070000,1500000
2017-12-21 13:32:11.479000,1.13469,1.13463,4870000,6820000
2017-12-21 13:32:12.006000,1.13469,1.13463,3750000,6820000
2017-12-21 13:32:12.161000,1.1347,1.13467,1000000,1500000
2017-12-21 13:32:12.265000,1.13474,1.13469,1870000,2320000
2017-12-21 13:32:12.574000,1.13476,1.13471,5620000,1470000
2017-12-21 13:32:13.360000,1.13476,1.13471,2620000,1950000
2017-12-21 13:32:13.671000,1.13478,1.13474,1150000,2250000
2017-12-21 13:32:13.880000,1.13481,1.13476,4950000,1000000
2017-12-21 13:32:14.389000,1.13482,1.13478,5060000,1000000
2017-12-21 13:32:14.941000,1.13482,1.13477,1310000,4200000
2017-12-21 13:32:16.142000,1.13483,1.13479,2060000,1120000
2017-12-21 13:32:16.485000,1.13489,1.13484,4870000,2320000
2017-12-21 13:32:17.034000,1.13489,1.13484,4690000,1470000
2017-12-21 13:32:17.554000,1.13489,1.13483,2810000,4570000
2017-12-21 13:32:18.387000,1.13488,1.13483,1000000,3450000
2017-12-21 13:32:18.740000,1.13481,1.13479,1500000,1100000
2017-12-21 13:32:18.896000,1.1348,1.13477,1000000,1200000
2017-12-21 13:32:19.408000,1.13481,1.13476,1120000,2320000
2017-12-21 13:32:19.930000,1.13482,1.13476,2250000,4570000
2017-12-21 13:32:20.481000,1.13482,1.13477,1000000,1200000
2017-12-21 13:32:21.236000,1.13482,1.13478,1000000,1000000
2017-12-21 13:32:22.391000,1.13483,1.13478,7010000,1000000
2017-12-21 13:32:23.251000,1.13483,1.13477,5140000,2700000
2017-12-21 13:32:23.611000,1.13481,1.13477,1000000,1120000
2017-12-21 13:32:24.164000,1.13481,1.13476,2700000,2250000
2017-12-21 13:32:24.878000,1.13481,1.13475,4950000,1950000
2017-12-21 13:32:25.473000,1.13481,1.13476,2700000,1000000
2017-12-21 13:32:28.937000,1.1348,1.13475,1000000,3820000
2017-12-21 13:32:29.477000,1.13481,1.13475,1950000,3820000
2017-12-21 13:32:30.636000,1.13477,1.13474,2620000,2700000
2017-12-21 13:32:30.690000,1.13476,1.13472,1250000,1500000
2017-12-21 13:32:31.207000,1.13477,1.13472,2250000,1100000
2017-12-21 13:32:31.751000,1.13476,1.13472,3940000,1000000
2017-12-21 13:32:32.807000,1.13475,1.13472,1000000,1000000
2017-12-21 13:32:34.549000,1.13476,1.13472,4760000,1500000
2017-12-21 13:32:35.094000,1.13476,1.13472,4690000,1370000
2017-12-21 13:32:35.625000,1.13475,1.1347,1120000,3070000
2017-12-21 13:32:39.882000,1.13476,1.13471,2440000,3450000
2017-12-21 13:32:44.748000,1.13477,1.13475,1120000,5100000
2017-12-21 13:32:44.852000,1.1348,1.13477,1500000,1000000
2017-12-21 13:32:45.388000,1.13481,1.13476,2810000,5320000
2017-12-21 13:32:47.777000,1.13481,1.13477,1000000,1870000
2017-12-21 13:32:48.344000,1.13482,1.13477,1500000,6070000
2017-12-21 13:32:50.095000,1.13482,1.13477,1100000,3370000
2017-12-21 13:32:50.607000,1.13482,1.13477,1500000,3450000
2017-12-21 13:32:52.676000,1.13482,1.13477,1000000,3450000
2017-12-21 13:32:53.390000,1.13482,1.13477,1500000,2700000
2017-12-21 13:32:54.898000,1.13482,1.13477,1950000,3000000
2017-12-21 13:32:55.417000,1.13481,1.13477,1000000,1000000
2017-12-21 13:32:55.723000,1.1348,1.13475,1310000,3450000
2017-12-21 13:32:55.929000,1.13481,1.13476,2510000,2810000
2017-12-21 13:32:59.699000,1.13481,1.13476,7390000,1000000
2017-12-21 13:32:59.855000,1.13478,1.13473,3860000,1120000
2017-12-21 13:33:00.433000,1.13478,1.13473,3260000,1310000
2017-12-21 13:33:00.805000,1.13479,1.13474,2140000,4120000
2017-12-21 13:33:01.921000,1.13479,1.13475,1000000,2440000
2017-12-21 13:33:03.050000,1.13479,1.13474,2250000,2890000
2017-12-21 13:33:04.003000,1.13476,1.13474,1120000,1000000
2017-12-21 13:33:04.376000,1.13476,1.13471,2250000,1390000
2017-12-21 13:33:04.892000,1.13476,1.13471,2620000,1200000
2017-12-21 13:33:09.518000,1.13476,1.13471,2250000,4200000
2017-12-21 13:33:10.319000,1.13476,1.13471,2620000,3070000
2017-12-21 13:33:17.136000,1.13476,1.13471,2320000,4310000
2017-12-21 13:33:17.721000,1.13476,1.13471,3450000,1000000
2017-12-21 13:33:19.093000,1.13473,1.13471,1500000,1000000
2017-12-21 13:33:19.145000,1.13473,1.13468,3600000,2140000
2017-12-21 13:33:19.774000,1.13473,1.13468,3260000,2060000
2017-12-21 13:33:23.314000,1.13473,1.1347,1690000,1000000
2017-12-21 13:33:24.161000,1.13473,1.13468,1250000,4760000
2017-12-21 13:33:24.675000,1.13473,1.13468,3640000,6790000
2017-12-21 13:33:26.599000,1.13473,1.13472,1000000,1000000
2017-12-21 13:33:26.651000,1.13476,1.13472,5510000,1000000
2017-12-21 13:33:27.165000,1.13476,1.13471,2890000,2810000
2017-12-21 13:33:27.691000,1.13476,1.13471,2890000,2810000
2017-12-21 13:33:28.212000,1.13476,1.13471,2700000,2060000
2017-12-21 13:33:28.912000,1.13476,1.13473,1870000,1000000
2017-12-21 13:33:29.020000,1.13479,1.13475,4760000,3370000
2017-12-21 13:33:29.532000,1.1348,1.13475,1010000,5810000
2017-12-21 13:33:30.169000,1.1348,1.13476,1010000,1000000
2017-12-21 13:33:37.374000,1.13481,1.13477,4010000,2250000
2017-12-21 13:33:37.919000,1.13481,1.13476,3640000,1000000
2017-12-21 13:33:49.198000,1.13481,1.13477,2440000,1000000
2017-12-21 13:33:50.231000,1.13481,1.1348,3940000,5100000
2017-12-21 13:33:50.284000,1.13484,1.13482,1690000,1000000
2017-12-21 13:33:50.823000,1.13485,1.13481,2060000,1000000
2017-12-21 13:33:51.622000,1.13485,1.13482,1250000,1000000
2017-12-21 13:34:04.658000,1.13486,1.13481,3940000,2700000
2017-12-21 13:34:08.252000,1.13484,1.1348,2060000,1950000
2017-12-21 13:34:08.305000,1.13483,1.13479,5620000,3450000
2017-12-21 13:34:08.819000,1.13484,1.13479,2440000,1950000
2017-12-21 13:34:09.980000,1.13483,1.13478,4200000,2100000
2017-12-21 13:34:10.520000,1.13482,1.13478,1250000,1890000
2017-12-21 13:34:17.297000,1.13482,1.13477,3190000,3310000
2017-12-21 13:34:18.096000,1.13482,1.13478,3190000,1000000
2017-12-21 13:34:19.692000,1.13482,1.13478,7690000,1000000
2017-12-21 13:34:23.717000,1.13482,1.13478,1310000,1870000
2017-12-21 13:34:25.357000,1.13481,1.13478,1560000,1000000
2017-12-21 13:34:25.409000,1.13473,1.13469,1500000,1000000
2017-12-21 13:34:25.463000,1.1347,1.13467,1250000,1570000
2017-12-21 13:34:25.567000,1.13472,1.13468,1200000,3370000
2017-12-21 13:34:26.088000,1.13471,1.13468,1200000,3370000
2017-12-21 13:34:27.296000,1.13472,1.13468,1200000,2620000
2017-12-21 13:34:27.807000,1.13472,1.13469,1200000,1000000
2017-12-21 13:34:28.063000,1.13474,1.13469,3450000,1000000
2017-12-21 13:34:28.675000,1.13474,1.1347,1250000,1000000
2017-12-21 13:34:31.131000,1.13476,1.13472,9640000,1000000
2017-12-21 13:34:33.398000,1.1347,1.13469,1350000,1500000
2017-12-21 13:34:33.554000,1.13464,1.13462,3260000,1500000
2017-12-21 13:34:33.605000,1.13464,1.1346,4010000,1000000
2017-12-21 13:34:34.116000,1.13462,1.1346,1200000,1000000
2017-12-21 13:34:34.629000,1.13459,1.13457,1870000,3250000
2017-12-21 13:34:34.817000,1.13455,1.13453,4010000,1000000
2017-12-21 13:34:34.870000,1.13454,1.13452,1470000,1000000
2017-12-21 13:34:35.922000,1.13455,1.13452,6260000,1000000
2017-12-21 13:34:36.443000,1.13456,1.13453,1760000,1000000
2017-12-21 13:34:37.171000,1.13457,1.13453,9820000,1000000
2017-12-21 13:34:38.656000,1.13456,1.13454,1010000,1000000
2017-12-21 13:34:39.197000,1.13456,1.13453,1010000,1000000
2017-12-21 13:34:40.741000,1.13457,1.13453,1950000,1000000
2017-12-21 13:34:41.653000,1.13459,1.13456,1570000,1500000
2017-12-21 13:34:41.757000,1.13461,1.13457,1010000,1000000
2017-12-21 13:34:42.290000,1.13462,1.13458,1690000,1500000
2017-12-21 13:34:42.956000,1.13463,1.13459,3860000,1000000
2017-12-21 13:34:44.870000,1.13462,1.13458,4690000,1500000
2017-12-21 13:34:45.701000,1.13462,1.13458,3260000,1500000
2017-12-21 13:34:46.232000,1.13463,1.13459,2890000,1000000
2017-12-21 13:34:47.747000,1.13463,1.13459,1500000,1250000
2017-12-21 13:34:48.147000,1.13464,1.13461,3260000,1000000
2017-12-21 13:34:48.499000,1.13463,1.13459,1300000,1010000
2017-12-21 13:34:49.040000,1.13463,1.13459,5920000,1250000
2017-12-21 13:34:50.474000,1.1346,1.13458,1000000,1250000
2017-12-21 13:34:50.782000,1.13458,1.13456,1310000,1500000
2017-12-21 13:34:53.121000,1.13457,1.13454,1000000,1570000
2017-12-21 13:34:53.677000,1.13457,1.13453,1000000,1000000
2017-12-21 13:34:54.194000,1.13458,1.13454,4950000,1000000
2017-12-21 13:34:54.848000,1.13458,1.13454,3070000,1000000
2017-12-21 13:34:55.391000,1.13457,1.13454,1000000,1000000
2017-12-21 13:35:00.619000,1.13458,1.13456,1730000,1000000
2017-12-21 13:35:01.148000,1.1346,1.13457,1920000,1000000
2017-12-21 13:35:02.414000,1.13461,1.13458,1690000,4350000
2017-12-21 13:35:02.466000,1.13463,1.13459,1760000,1000000
2017-12-21 13:35:08.632000,1.13463,1.1346,2060000,1000000
2017-12-21 13:35:09.143000,1.13463,1.13459,1870000,1690000
2017-12-21 13:35:09.401000,1.13464,1.1346,1760000,1000000
2017-12-21 13:35:09.909000,1.13465,1.13461,2510000,1000000
2017-12-21 13:35:10.430000,1.13465,1.13462,1250000,1000000
2017-12-21 13:35:11.014000,1.13466,1.13463,1200000,1000000
2017-12-21 13:35:11.552000,1.13468,1.13463,7390000,1000000
2017-12-21 13:35:12.087000,1.13467,1.13464,1010000,1000000
2017-12-21 13:35:12.193000,1.13464,1.13462,1000000,1000000
2017-12-21 13:35:12.245000,1.13464,1.1346,1950000,1000000
2017-12-21 13:35:12.758000,1.13464,1.13463,1390000,1000000
2017-12-21 13:35:13.300000,1.13466,1.13463,1010000,1000000
2017-12-21 13:35:13.850000,1.13467,1.13464,3260000,1000000
2017-12-21 13:35:14.362000,1.13467,1.13464,1390000,1000000
2017-12-21 13:35:16.238000,1.13468,1.13464,4390000,1000000
2017-12-21 13:35:16.811000,1.13465,1.13464,2850000,1000000
2017-12-21 13:35:16.863000,1.13464,1.13461,1500000,1010000
2017-12-21 13:35:17.401000,1.13465,1.1346,3640000,1000000
2017-12-21 13:35:17.936000,1.13465,1.13461,1290000,1000000
2017-12-21 13:35:20.605000,1.13466,1.13462,2890000,1000000
2017-12-21 13:35:20.658000,1.13467,1.13463,3640000,1500000
2017-12-21 13:35:21.207000,1.13467,1.13463,2060000,1500000
2017-12-21 13:35:22.254000,1.13468,1.13464,4010000,1000000
2017-12-21 13:35:24.476000,1.13468,1.13464,2060000,1500000
2017-12-21 13:35:25.035000,1.13468,1.13465,1250000,1000000
2017-12-21 13:35:25.192000,1.1347,1.13468,1950000,3370000
2017-12-21 13:35:25.538000,1.13475,1.13471,5920000,1250000
2017-12-21 13:35:26.530000,1.13474,1.13471,1570000,1000000
2017-12-21 13:35:27.563000,1.13474,1.1347,3450000,1000000
2017-12-21 13:35:29.086000,1.13474,1.13471,4950000,1000000
2017-12-21 13:35:30.051000,1.13474,1.13471,2700000,1000000
2017-12-21 13:35:32.407000,1.13474,1.1347,7800000,1120000
2017-12-21 13:35:32.960000,1.13474,1.13471,4800000,1000000
2017-12-21 13:35:33.232000,1.13472,1.13469,1250000,1120000
2017-12-21 13:35:33.764000,1.13473,1.1347,1190000,1000000
2017-12-21 13:35:34.323000,1.13474,1.13471,1690000,1000000
2017-12-21 13:35:34.481000,1.13475,1.13472,2920000,1000000
2017-12-21 13:35:39.113000,1.1347,1.13469,3190000,1000000
2017-12-21 13:35:39.168000,1.13471,1.13466,3190000,7200000
2017-12-21 13:35:39.273000,1.13468,1.13466,1310000,1000000
2017-12-21 13:35:39.377000,1.13468,1.13464,1250000,1000000
2017-12-21 13:35:39.533000,1.13465,1.13463,1000000,1950000
2017-12-21 13:35:39.586000,1.13467,1.13463,1310000,1870000
2017-12-21 13:35:42.079000,1.13467,1.13463,2060000,1500000
2017-12-21 13:35:42.182000,1.13465,1.13461,1190000,5320000
2017-12-21 13:35:42.345000,1.13464,1.13459,7570000,2250000
2017-12-21 13:35:42.605000,1.13465,1.13462,1250000,1500000
2017-12-21 13:35:42.761000,1.13467,1.13463,2140000,1120000
2017-12-21 13:35:44.016000,1.13467,1.13463,1250000,4200000
2017-12-21 13:35:44.518000,1.13468,1.13464,1120000,1310000
2017-12-21 13:35:49.160000,1.13466,1.13463,4350000,1500000
2017-12-21 13:35:49.672000,1.13466,1.13462,2890000,1000000
2017-12-21 13:35:50.204000,1.13465,1.13461,1100000,1120000
2017-12-21 13:35:50.738000,1.13466,1.13462,1010000,2250000
2017-12-21 13:35:51.252000,1.13467,1.13463,2140000,1000000
2017-12-21 13:35:51.567000,1.13463,1.13458,2510000,3190000
2017-12-21 13:35:52.526000,1.13463,1.13458,2140000,2440000
2017-12-21 13:35:53.547000,1.13463,1.13458,6260000,2060000
2017-12-21 13:35:54.191000,1.13462,1.13458,1100000,1690000
2017-12-21 13:35:58.851000,1.13463,1.1346,1390000,1500000
2017-12-21 13:35:59.370000,1.13463,1.13459,2140000,1000000
2017-12-21 13:35:59.872000,1.13462,1.13459,1000000,1000000
2017-12-21 13:36:01.244000,1.13462,1.13459,3260000,1000000
2017-12-21 13:36:01.746000,1.13461,1.13458,2510000,1000000
2017-12-21 13:36:02.266000,1.13461,1.13457,3260000,1000000
2017-12-21 13:36:02.781000,1.13461,1.13457,5510000,1000000
2017-12-21 13:36:03.321000,1.1346,1.13456,3640000,1500000
2017-12-21 13:36:03.919000,1.13461,1.13457,2140000,1000000
2017-12-21 13:36:04.444000,1.13461,1.13457,1010000,1000000
2017-12-21 13:36:06.132000,1.13461,1.13457,2140000,1000000
2017-12-21 13:36:10.406000,1.13458,1.13456,1120000,1120000
2017-12-21 13:36:10.715000,1.13455,1.13451,1000000,4760000
2017-12-21 13:36:11.228000,1.13455,1.13452,1000000,1000000
2017-12-21 13:36:11.730000,1.13456,1.13452,1760000,1000000
2017-12-21 13:36:11.833000,1.13457,1.13455,2620000,1870000
2017-12-21 13:36:11.885000,1.13459,1.13455,5890000,2620000
2017-12-21 13:36:12.432000,1.13459,1.13456,1000000,1500000
2017-12-21 13:36:12.943000,1.1346,1.13456,1690000,3370000
2017-12-21 13:36:13.548000,1.1346,1.13457,1250000,1000000
2017-12-21 13:36:13.706000,1.13458,1.13456,1120000,1500000
2017-12-21 13:36:13.758000,1.13458,1.13454,1870000,1390000
2017-12-21 13:36:14.225000,1.13457,1.13453,4350000,5140000
2017-12-21 13:36:14.330000,1.13455,1.13451,1690000,4950000
2017-12-21 13:36:14.866000,1.13455,1.13452,1000000,3940000
2017-12-21 13:36:15.425000,1.13456,1.13452,1000000,5060000
2017-12-21 13:36:15.956000,1.13457,1.13453,1690000,1000000
2017-12-21 13:36:17.220000,1.13457,1.13455,1000000,1000000
2017-12-21 13:36:17.683000,1.13456,1.13453,1000000,1100000
2017-12-21 13:36:18.218000,1.13456,1.13452,1500000,1310000
2017-12-21 13:36:18.723000,1.13455,1.13451,1000000,3560000
2017-12-21 13:36:19.698000,1.13454,1.13451,1000000,1310000
2017-12-21 13:36:21.919000,1.13455,1.13451,1000000,2660000
2017-12-21 13:36:22.431000,1.13456,1.13452,1760000,5100000
2017-12-21 13:36:23.458000,1.13457,1.13453,1690000,1000000
2017-12-21 13:36:24.543000,1.13458,1.13454,1760000,5250000
2017-12-21 13:36:24.852000,1.1346,1.13456,1690000,2620000
2017-12-21 13:36:25.427000,1.13461,1.13457,1000000,1250000
2017-12-21 13:36:25.703000,1.1346,1.13458,1800000,1000000
2017-12-21 13:36:25.862000,1.13459,1.13455,3640000,1120000
2017-12-21 13:36:25.967000,1.13456,1.13455,1000000,3000000
2017-12-21 13:36:26.018000,1.13455,1.13451,1500000,1700000
2017-12-21 13:36:26.070000,1.13455,1.13451,1000000,1010000
2017-12-21 13:36:27.907000,1.13454,1.13451,1000000,1500000
2017-12-21 13:36:28.439000,1.13454,1.1345,1000000,1570000
2017-12-21 13:36:30.539000,1.13454,1.1345,1000000,2700000
2017-12-21 13:36:31.335000,1.13455,1.13451,1250000,1370000
2017-12-21 13:36:31.644000,1.13453,1.1345,1000000,1720000
2017-12-21 13:36:32.160000,1.13454,1.1345,2320000,1370000
2017-12-21 13:36:33.770000,1.13454,1.1345,1000000,3450000
2017-12-21 13:36:50.011000,1.13455,1.13451,1000000,2810000
2017-12-21 13:36:50.536000,1.13455,1.13451,1000000,3260000
2017-12-21 13:36:51.130000,1.13456,1.13452,1250000,5250000
2017-12-21 13:36:53.546000,1.13455,1.13453,1500000,1370000
2017-12-21 13:36:53.853000,1.13455,1.13452,1000000,1120000
2017-12-21 13:36:54.601000,1.13455,1.13454,1000000,1000000
2017-12-21 13:36:54.706000,1.13458,1.13454,3940000,3000000
2017-12-21 13:36:55.226000,1.13459,1.13455,1310000,2250000
2017-12-21 13:36:56.530000,1.13458,1.13454,1250000,1370000
2017-12-21 13:36:57.137000,1.13458,1.13454,1250000,1370000
2017-12-21 13:36:57.936000,1.13458,1.13455,1250000,1370000
2017-12-21 13:36:58.766000,1.13457,1.13453,1500000,1620000
2017-12-21 13:36:59.022000,1.13457,1.13453,1500000,1620000
2017-12-21 13:36:59.555000,1.13457,1.13453,2060000,1370000
2017-12-21 13:37:00.109000,1.13456,1.13453,1000000,1370000
2017-12-21 13:37:00.687000,1.13456,1.13453,1000000,1370000
2017-12-21 13:37:01.274000,1.13454,1.13452,1000000,1120000
2017-12-21 13:37:01.325000,1.13454,1.1345,1500000,1310000
2017-12-21 13:37:02.003000,1.13453,1.1345,1000000,1370000
2017-12-21 13:37:02.517000,1.13454,1.1345,2140000,1370000
2017-12-21 13:37:03.148000,1.13454,1.1345,2140000,1870000
2017-12-21 13:37:04.436000,1.13454,1.1345,2140000,1370000
2017-12-21 13:37:04.950000,1.13454,1.1345,2140000,1370000
2017-12-21 13:37:05.467000,1.13454,1.13451,1250000,1370000
2017-12-21 13:37:06.549000,1.13454,1.13451,1000000,1370000
2017-12-21 13:37:07.984000,1.13453,1.1345,1000000,1370000
2017-12-21 13:37:08.140000,1.13451,1.13448,1120000,1560000
2017-12-21 13:37:08.192000,1.13451,1.13448,1120000,1190000
2017-12-21 13:37:08.722000,1.13452,1.1345,1000000,1000000
2017-12-21 13:37:16.555000,1.13453,1.1345,1010000,1000000
2017-12-21 13:37:17.124000,1.13454,1.1345,1950000,3600000
2017-12-21 13:37:17.511000,1.1345,1.13449,1000000,1690000
2017-12-21 13:37:17.675000,1.13438,1.13435,2250000,1100000
2017-12-21 13:37:17.728000,1.13436,1.13434,1250000,2250000
2017-12-21 13:37:17.956000,1.13434,1.13432,1570000,1000000
2017-12-21 13:37:18.417000,1.13435,1.13434,1570000,1000000
2017-12-21 13:37:18.811000,1.13436,1.13432,1570000,3000000
2017-12-21 13:37:19.327000,1.13436,1.13433,1570000,2250000
2017-12-21 13:37:19.830000,1.13436,1.13433,1250000,1000000
2017-12-21 13:37:20.196000,1.13435,1.13431,1000000,2810000
2017-12-21 13:37:20.744000,1.13436,1.13434,2250000,1190000
2017-12-21 13:37:20.799000,1.13438,1.13437,1500000,1500000
2017-12-21 13:37:21.313000,1.13439,1.13438,1000000,1500000
2017-12-21 13:37:22.669000,1.13443,1.13439,2140000,1000000
2017-12-21 13:37:22.824000,1.1344,1.13438,1000000,1500000
2017-12-21 13:37:23.907000,1.13438,1.13437,1000000,1500000
2017-12-21 13:37:23.962000,1.13437,1.13435,1100000,2250000
2017-12-21 13:37:24.203000,1.13438,1.13434,4760000,1000000
2017-12-21 13:37:25.076000,1.13437,1.13433,4990000,2250000
2017-12-21 13:37:25.642000,1.13436,1.13433,1200000,1500000
2017-12-21 13:37:26.215000,1.13437,1.13433,2360000,1000000
2017-12-21 13:37:26.472000,1.13438,1.13435,3260000,1500000
2017-12-21 13:37:27.086000,1.13439,1.13436,2890000,1000000
2017-12-21 13:37:27.824000,1.13439,1.13436,1000000,1500000
2017-12-21 13:37:28.686000,1.13437,1.13436,1000000,1000000
2017-12-21 13:37:28.740000,1.13436,1.13433,1120000,1570000
2017-12-21 13:37:29.181000,1.13435,1.13431,2440000,1000000
2017-12-21 13:37:29.693000,1.13434,1.13431,6490000,1000000
2017-12-21 13:37:32.063000,1.13434,1.1343,5590000,1000000
2017-12-21 13:37:32.567000,1.13433,1.1343,1000000,1000000
2017-12-21 13:37:32.619000,1.13431,1.1343,1350000,1000000
2017-12-21 13:37:32.672000,1.13431,1.13428,5290000,1000000
2017-12-21 13:37:32.859000,1.1343,1.13426,1200000,1250000
2017-12-21 13:37:35.157000,1.13426,1.13425,1500000,1690000
2017-12-21 13:37:35.209000,1.13425,1.13423,3600000,1870000
2017-12-21 13:37:35.469000,1.13427,1.13423,1390000,1870000
2017-12-21 13:37:37.080000,1.13426,1.13423,1000000,2620000
2017-12-21 13:37:37.595000,1.13427,1.13423,2140000,2620000
2017-12-21 13:37:39.256000,1.13427,1.13423,4390000,2250000
2017-12-21 13:37:39.790000,1.13427,1.13423,2810000,2620000
2017-12-21 13:37:40.347000,1.13423,1.13422,1000000,2620000
2017-12-21 13:37:40.490000,1.13422,1.13418,5290000,3000000
2017-12-21 13:37:41.061000,1.13423,1.13421,1760000,2620000
2017-12-21 13:37:41.256000,1.13427,1.13424,2700000,1000000
2017-12-21 13:37:41.670000,1.13429,1.13426,1290000,1000000
2017-12-21 13:37:42.177000,1.13429,1.13425,7610000,1500000
2017-12-21 13:37:42.689000,1.13429,1.13426,1000000,1000000
2017-12-21 13:37:43.199000,1.13429,1.13425,1100000,1250000
2017-12-21 13:37:43.852000,1.13429,1.13425,5920000,1250000
2017-12-21 13:37:44.361000,1.13428,1.13424,5550000,1000000
2017-12-21 13:37:46.909000,1.13427,1.13424,1000000,1000000
2017-12-21 13:37:47.014000,1.13424,1.1342,1000000,2440000
2017-12-21 13:37:47.258000,1.13423,1.13419,2850000,1250000
2017-12-21 13:37:48.804000,1.1342,1.13418,2850000,1500000
2017-12-21 13:37:49.316000,1.1342,1.13417,3820000,2250000
2017-12-21 13:37:51.617000,1.13421,1.13418,1320000,3370000
2017-12-21 13:37:51.722000,1.13422,1.13419,1000000,1120000
2017-12-21 13:37:52.223000,1.13424,1.1342,2810000,1000000
2017-12-21 13:37:52.806000,1.13423,1.13419,3790000,1570000
2017-12-21 13:37:53.326000,1.13422,1.13418,1000000,2810000
2017-12-21 13:37:56.282000,1.13421,1.13418,1000000,1250000
2017-12-21 13:37:56.387000,1.13419,1.13417,3750000,3070000
2017-12-21 13:37:56.625000,1.13414,1.13412,1500000,1000000
2017-12-21 13:37:57.039000,1.13416,1.13412,3070000,1250000
2017-12-21 13:37:57.197000,1.13416,1.13414,1500000,1000000
2017-12-21 13:37:57.769000,1.13417,1.13413,1200000,2440000
2017-12-21 13:37:58.069000,1.13421,1.13417,1990000,1500000
2017-12-21 13:37:58.617000,1.13422,1.13418,4800000,2440000
2017-12-21 13:37:59.134000,1.13422,1.13418,1120000,2440000
2017-12-21 13:38:00.059000,1.13422,1.1342,1120000,1000000
2017-12-21 13:38:00.192000,1.13427,1.13424,1570000,1000000
2017-12-21 13:38:00.708000,1.13428,1.13424,1120000,1690000
2017-12-21 13:38:01.212000,1.13429,1.13425,3560000,1500000
2017-12-21 13:38:01.754000,1.13428,1.13425,1000000,1500000
2017-12-21 13:38:02.274000,1.13429,1.13425,3560000,1500000
2017-12-21 13:38:02.861000,1.13429,1.13426,1250000,1000000
2017-12-21 13:38:03.373000,1.1343,1.13427,1000000,1000000
2017-12-21 13:38:03.901000,1.13431,1.13427,2810000,1000000
2017-12-21 13:38:05.090000,1.13431,1.13427,7410000,1000000
2017-12-21 13:38:05.950000,1.13431,1.13427,6790000,1000000
2017-12-21 13:38:06.468000,1.13431,1.13427,9790000,1000000
2017-12-21 13:38:07.573000,1.13429,1.13425,1000000,5140000
2017-12-21 13:38:08.767000,1.13428,1.13425,1000000,2440000
2017-12-21 13:38:09.307000,1.13429,1.13425,1120000,2890000
2017-12-21 13:38:10.317000,1.13433,1.1343,4200000,1690000
2017-12-21 13:38:10.472000,1.13431,1.13428,1500000,2060000
2017-12-21 13:38:11.005000,1.1343,1.13427,1350000,1250000
2017-12-21 13:38:11.543000,1.13429,1.13426,1000000,1250000
2017-12-21 13:38:12.452000,1.13429,1.13426,5100000,1690000
2017-12-21 13:38:14.346000,1.13429,1.13425,5850000,1690000
2017-12-21 13:38:15.323000,1.13427,1.13425,1000000,1250000
2017-12-21 13:38:15.865000,1.13426,1.13423,1000000,1190000
2017-12-21 13:38:16.174000,1.13426,1.13422,2250000,3190000
2017-12-21 13:38:16.489000,1.13421,1.1342,1000000,3560000
2017-12-21 13:38:16.543000,1.13421,1.13419,2100000,1250000
2017-12-21 13:38:17.481000,1.13422,1.1342,1450000,1000000
2017-12-21 13:38:17.997000,1.13423,1.1342,1450000,1000000
2017-12-21 13:38:18.562000,1.13423,1.13419,2550000,1310000
2017-12-21 13:38:19.106000,1.13423,1.13419,2550000,1310000
2017-12-21 13:38:23.752000,1.13424,1.1342,13050000,2060000
2017-12-21 13:38:24.273000,1.13422,1.1342,1500000,1000000
2017-12-21 13:38:26.151000,1.13424,1.1342,3000000,1250000
2017-12-21 13:38:26.745000,1.13424,1.13421,1120000,1000000
2017-12-21 13:38:27.520000,1.13425,1.13421,9490000,1000000
2017-12-21 13:38:28.093000,1.13424,1.13421,1000000,1000000
2017-12-21 13:38:29.021000,1.13425,1.13423,2320000,1000000
2017-12-21 13:38:29.178000,1.13427,1.13424,1010000,1000000
2017-12-21 13:38:31.940000,1.13425,1.13424,1000000,1000000
2017-12-21 13:38:32.044000,1.13425,1.13422,2100000,1000000
2017-12-21 13:38:33.215000,1.13426,1.13423,5140000,1000000
2017-12-21 13:38:33.507000,1.13425,1.13421,3560000,4870000
2017-12-21 13:38:33.716000,1.13427,1.13424,9600000,1000000
2017-12-21 13:38:38.411000,1.13427,1.13425,1500000,1000000
2017-12-21 13:38:39.221000,1.1343,1.13428,2140000,1000000
2017-12-21 13:38:39.422000,1.13432,1.13428,7760000,1000000
2017-12-21 13:38:39.835000,1.13433,1.1343,3000000,1690000
2017-12-21 13:38:40.043000,1.13435,1.13431,4950000,1250000
2017-12-21 13:38:40.337000,1.13437,1.13433,6450000,1000000
2017-12-21 13:38:42.654000,1.13437,1.13436,1000000,1250000
2017-12-21 13:38:42.813000,1.1344,1.13436,10950000,1250000
2017-12-21 13:38:43.153000,1.13438,1.13436,3790000,1000000
2017-12-21 13:38:43.205000,1.13437,1.13434,1540000,1690000
2017-12-21 13:38:43.886000,1.13437,1.13433,4540000,2060000
2017-12-21 13:38:46.845000,1.13438,1.13434,7570000,1000000
2017-12-21 13:38:47.363000,1.13438,1.13435,1950000,1000000
2017-12-21 13:38:48.866000,1.13438,1.13435,1500000,1370000
2017-12-21 13:38:50.489000,1.13439,1.13437,1000000,1000000
2017-12-21 13:38:51.014000,1.1344,1.13437,1500000,1310000
2017-12-21 13:38:51.948000,1.13441,1.13437,4500000,1310000
2017-12-21 13:38:52.479000,1.13441,1.13437,2620000,1620000
2017-12-21 13:38:52.981000,1.1344,1.13437,1000000,1310000
2017-12-21 13:38:53.497000,1.13441,1.13437,4390000,1370000
2017-12-21 13:39:00.827000,1.13441,1.13437,2440000,1120000
2017-12-21 13:39:01.440000,1.13441,1.13437,1190000,1470000
2017-12-21 13:39:02.960000,1.13436,1.13435,1500000,3000000
2017-12-21 13:39:03.269000,1.13434,1.13431,2140000,1370000
2017-12-21 13:39:03.373000,1.13434,1.13431,2140000,1120000
2017-12-21 13:39:05.237000,1.13433,1.1343,5850000,1870000
2017-12-21 13:39:05.291000,1.13429,1.13426,1000000,2060000
2017-12-21 13:39:05.394000,1.13429,1.13426,1000000,1370000
2017-12-21 13:39:05.927000,1.13429,1.13426,1000000,1470000
2017-12-21 13:39:08.980000,1.13428,1.13425,1000000,1500000
2017-12-21 13:39:09.083000,1.13428,1.13425,1000000,1500000
2017-12-21 13:39:09.685000,1.13426,1.13424,1000000,2510000
2017-12-21 13:39:09.791000,1.13427,1.13423,1690000,1500000
2017-12-21 13:39:10.299000,1.13427,1.13423,1690000,1370000
2017-12-21 13:39:13.963000,1.13426,1.13424,1000000,1000000
2017-12-21 13:39:14.015000,1.13424,1.13422,1000000,1250000
2017-12-21 13:39:14.596000,1.13424,1.1342,3750000,1870000
2017-12-21 13:39:16.895000,1.13423,1.1342,1000000,1370000
2017-12-21 13:39:17.349000,1.13419,1.13418,1350000,11140000
2017-12-21 13:39:17.455000,1.13415,1.13413,2250000,1120000
2017-12-21 13:39:17.613000,1.13412,1.1341,1690000,1000000
2017-12-21 13:39:17.718000,1.13409,1.13406,1000000,1310000
2017-12-21 13:39:18.219000,1.1341,1.13406,4390000,1000000
2017-12-21 13:39:18.767000,1.1341,1.13406,6260000,1000000
2017-12-21 13:39:19.385000,1.13403,1.13401,1120000,3940000
2017-12-21 13:39:19.653000,1.13407,1.13404,4310000,1000000
2017-12-21 13:39:20.422000,1.13406,1.13404,2250000,1870000
2017-12-21 13:39:20.941000,1.13407,1.13403,1200000,2060000
2017-12-21 13:39:21.455000,1.13409,1.13405,3260000,1000000
2017-12-21 13:39:21.758000,1.13409,1.13405,2440000,1370000
2017-12-21 13:39:22.017000,1.13403,1.134,1000000,1120000
2017-12-21 13:39:22.172000,1.13403,1.134,1000000,1370000
2017-12-21 13:39:22.681000,1.13404,1.134,10010000,1370000
2017-12-21 13:39:23.193000,1.13406,1.13404,1310000,1350000
2017-12-21 13:39:23.245000,1.13408,1.13405,6640000,2100000
2017-12-21 13:39:23.415000,1.13409,1.13405,1500000,4160000
2017-12-21 13:39:24.003000,1.1341,1.13406,1310000,1370000
2017-12-21 13:39:24.941000,1.13403,1.13401,1000000,1120000
2017-12-21 13:39:24.994000,1.13404,1.13401,3600000,1120000
2017-12-21 13:39:25.099000,1.13404,1.134,3070000,1620000
2017-12-21 13:39:25.672000,1.13404,1.134,4760000,1370000
2017-12-21 13:39:28.185000,1.13404,1.13401,1690000,1370000
2017-12-21 13:39:28.712000,1.13405,1.13401,3070000,1370000
2017-12-21 13:39:29.188000,1.13406,1.13404,1290000,1000000
2017-12-21 13:39:29.240000,1.13407,1.13404,1250000,1120000
2017-12-21 13:39:29.790000,1.13409,1.13405,9260000,1120000
2017-12-21 13:39:30.315000,1.13406,1.13402,1000000,2140000
2017-12-21 13:39:30.627000,1.13403,1.13399,1690000,3150000
2017-12-21 13:39:30.938000,1.13405,1.13401,2890000,1000000
2017-12-21 13:39:31.468000,1.13403,1.13401,1390000,1370000
2017-12-21 13:39:32.002000,1.13404,1.13401,2140000,1120000
2017-12-21 13:39:33.092000,1.13404,1.13401,1010000,1120000
2017-12-21 13:39:33.598000,1.13404,1.13401,1010000,1370000
2017-12-21 13:39:34.937000,1.13404,1.13401,4390000,1370000
2017-12-21 13:39:35.460000,1.13404,1.13401,4010000,1120000
2017-12-21 13:39:36.001000,1.13404,1.13401,2510000,1120000
2017-12-21 13:39:36.344000,1.13406,1.13402,1570000,2440000
2017-12-21 13:39:36.550000,1.13408,1.13405,3260000,1120000
2017-12-21 13:39:36.756000,1.13409,1.13405,1760000,1500000
2017-12-21 13:39:37.431000,1.13409,1.13405,1200000,1690000
2017-12-21 13:39:37.980000,1.1341,1.13406,3260000,1370000
2017-12-21 13:39:39.194000,1.13412,1.1341,3640000,3370000
2017-12-21 13:39:39.247000,1.13413,1.13411,1250000,1870000
2017-12-21 13:39:39.460000,1.13415,1.13412,1760000,1500000
2017-12-21 13:39:40.001000,1.13415,1.13412,1010000,1500000
2017-12-21 13:39:40.368000,1.13413,1.13409,11140000,2250000
2017-12-21 13:39:40.831000,1.13417,1.13416,1000000,1000000
2017-12-21 13:39:40.884000,1.13419,1.13417,2250000,3750000
2017-12-21 13:39:40.989000,1.13421,1.13418,2320000,1120000
2017-12-21 13:39:41.501000,1.13421,1.13419,1570000,1000000
2017-12-21 13:39:41.986000,1.13423,1.13421,4500000,2250000
2017-12-21 13:39:42.349000,1.13423,1.1342,1100000,1870000
2017-12-21 13:39:44.933000,1.13423,1.1342,1570000,1120000
2017-12-21 13:39:46.809000,1.1342,1.13418,2140000,1370000
2017-12-21 13:39:47.668000,1.13421,1.13417,1760000,2250000
2017-12-21 13:39:48.218000,1.13421,1.13417,2510000,2620000
2017-12-21 13:39:49.290000,1.13421,1.13417,3260000,1500000
2017-12-21 13:39:51.214000,1.1342,1.13417,2140000,1120000
2017-12-21 13:39:51.526000,1.13418,1.13415,1100000,1370000
2017-12-21 13:39:51.805000,1.13416,1.13413,1200000,1690000
2017-12-21 13:39:55.177000,1.13416,1.13412,3070000,1620000
2017-12-21 13:39:55.700000,1.13415,1.13412,1200000,1620000
2017-12-21 13:39:57.004000,1.13417,1.13415,3370000,1500000
2017-12-21 13:39:57.342000,1.13416,1.13412,3260000,3600000
2017-12-21 13:39:57.959000,1.13416,1.13413,1760000,1370000
2017-12-21 13:40:00.743000,1.13416,1.13413,1100000,1370000
2017-12-21 13:40:01.273000,1.13416,1.13413,1100000,1370000
2017-12-21 13:40:01.631000,1.13417,1.13415,2140000,5850000
2017-12-21 13:40:01.686000,1.13419,1.13417,1250000,1500000
2017-12-21 13:40:02.202000,1.13418,1.13416,1200000,1120000
2017-12-21 13:40:02.410000,1.1342,1.13417,2320000,1120000
2017-12-21 13:40:02.941000,1.13422,1.13419,2510000,1500000
2017-12-21 13:40:03.447000,1.13422,1.13419,1010000,1500000
2017-12-21 13:40:05.586000,1.1342,1.13418,3970000,1000000
2017-12-21 13:40:06.134000,1.13421,1.13417,3640000,1500000
2017-12-21 13:40:06.653000,1.13421,1.13417,4390000,1500000
2017-12-21 13:40:07.181000,1.1342,1.13417,1200000,1500000
2017-12-21 13:40:07.730000,1.13421,1.13417,3260000,1500000
2017-12-21 13:40:08.384000,1.13421,1.13417,3260000,2250000
2017-12-21 13:40:09.929000,1.13422,1.13419,1950000,1370000
2017-12-21 13:40:10.470000,1.13422,1.13419,1950000,1370000
2017-12-21 13:40:11.229000,1.13422,1.13419,1950000,1000000
2017-12-21 13:40:12.390000,1.13422,1.1342,1950000,1000000
2017-12-21 13:40:14.807000,1.13422,1.1342,1950000,1000000
2017-12-21 13:40:15.321000,1.13422,1.13419,1950000,1000000
2017-12-21 13:40:16.403000,1.13422,1.13419,1950000,1000000
2017-12-21 13:40:17.577000,1.1342,1.13419,1000000,1000000
2017-12-21 13:40:17.722000,1.1342,1.13416,4870000,1190000
2017-12-21 13:40:17.828000,1.13419,1.13415,4760000,1120000
2017-12-21 13:40:18.376000,1.13419,1.13415,2890000,1120000
2017-12-21 13:40:22.309000,1.13419,1.13417,1470000,1500000
2017-12-21 13:40:22.485000,1.13421,1.13418,1470000,1000000
2017-12-21 13:40:23.005000,1.13421,1.13418,1950000,1000000
2017-12-21 13:40:23.583000,1.13422,1.13419,1200000,1000000
2017-12-21 13:40:24.282000,1.13422,1.13419,2140000,1000000
2017-12-21 13:40:27.233000,1.13422,1.13419,1200000,1000000
2017-12-21 13:40:27.781000,1.13422,1.1342,1200000,1000000
2017-12-21 13:40:35.959000,1.13422,1.1342,2140000,1000000
2017-12-21 13:40:36.463000,1.13422,1.13419,2890000,1000000
2017-12-21 13:40:36.981000,1.13422,1.13418,4010000,1120000
2017-12-21 13:40:38.955000,1.1342,1.13418,1760000,1000000
2017-12-21 13:40:41.584000,1.1342,1.13418,1760000,1000000
2017-12-21 13:40:43.257000,1.1342,1.13419,1310000,1000000
2017-12-21 13:40:43.833000,1.1342,1.13418,1620000,1000000
2017-12-21 13:40:47.521000,1.1342,1.13417,1620000,1870000
2017-12-21 13:40:49.988000,1.13419,1.13417,2060000,1000000
2017-12-21 13:40:51.652000,1.1342,1.13417,2060000,1870000
2017-12-21 13:40:55.327000,1.13419,1.13417,1370000,1000000
2017-12-21 13:40:55.868000,1.1342,1.13416,3190000,3750000
2017-12-21 13:40:56.788000,1.1342,1.13417,2440000,1000000
2017-12-21 13:40:58.597000,1.1342,1.13417,1500000,1000000
2017-12-21 13:40:59.153000,1.1342,1.13417,1500000,2250000
2017-12-21 13:40:59.654000,1.13421,1.13417,2440000,2620000
2017-12-21 13:41:00.384000,1.1342,1.13417,1120000,1870000
2017-12-21 13:41:02.047000,1.13419,1.13416,1120000,4010000
2017-12-21 13:41:02.099000,1.13417,1.13414,1000000,2440000
2017-12-21 13:41:02.650000,1.13416,1.13412,1870000,4690000
2017-12-21 13:41:03.567000,1.13415,1.13412,1000000,2620000
2017-12-21 13:41:04.078000,1.13415,1.13411,2060000,1500000
2017-12-21 13:41:04.590000,1.13414,1.1341,1120000,6640000
2017-12-21 13:41:05.092000,1.13413,1.1341,1120000,5440000
2017-12-21 13:41:11.783000,1.13413,1.1341,1870000,5060000
2017-12-21 13:41:15.636000,1.13411,1.1341,1500000,1500000
2017-12-21 13:41:15.741000,1.1341,1.13407,1000000,1500000
2017-12-21 13:41:16.051000,1.1341,1.13406,2440000,1000000
2017-12-21 13:41:16.552000,1.1341,1.13406,2440000,1000000
2017-12-21 13:41:17.083000,1.1341,1.13406,2440000,1500000
2017-12-21 13:41:17.645000,1.1341,1.13406,2440000,1500000
2017-12-21 13:41:18.249000,1.13409,1.13405,1120000,2890000
2017-12-21 13:41:19.087000,1.13409,1.13406,1310000,1000000
2017-12-21 13:41:20.861000,1.13411,1.13407,2510000,1500000
2017-12-21 13:41:21.373000,1.13411,1.13407,1870000,1250000
2017-12-21 13:41:22.024000,1.13411,1.13408,1370000,1000000
2017-12-21 13:41:24.974000,1.13411,1.13407,3070000,2810000
2017-12-21 13:41:25.507000,1.13411,1.13407,3560000,1000000
2017-12-21 13:41:25.970000,1.13408,1.13405,2700000,1250000
2017-12-21 13:41:26.498000,1.13406,1.13404,1000000,1000000
2017-12-21 13:41:27.020000,1.13407,1.13403,2320000,1310000
2017-12-21 13:41:27.632000,1.13407,1.13404,1570000,1000000
2017-12-21 13:41:28.819000,1.13408,1.13405,2890000,1000000
2017-12-21 13:41:29.364000,1.13407,1.13405,1200000,1000000
2017-12-21 13:41:30.494000,1.1341,1.13406,2060000,1120000
2017-12-21 13:41:30.646000,1.1341,1.13407,2250000,1000000
2017-12-21 13:41:30.701000,1.13413,1.13412,1690000,1000000
2017-12-21 13:41:30.869000,1.13418,1.13416,1100000,4120000
2017-12-21 13:41:30.973000,1.13421,1.13418,1100000,1000000
2017-12-21 13:41:31.476000,1.13422,1.13419,1250000,1000000
2017-12-21 13:41:32.660000,1.13423,1.13419,1000000,1690000
2017-12-21 13:41:33.297000,1.13421,1.13418,3000000,2060000
2017-12-21 13:41:33.351000,1.13419,1.13415,5360000,3370000
2017-12-21 13:41:33.813000,1.13417,1.13413,1200000,3190000
2017-12-21 13:41:34.726000,1.13417,1.13413,1950000,1250000
2017-12-21 13:41:36.282000,1.13417,1.13413,3070000,1310000
2017-12-21 13:41:36.692000,1.13417,1.13413,1870000,1690000
2017-12-21 13:41:38.786000,1.13418,1.13415,2320000,1120000
2017-12-21 13:41:42.482000,1.13418,1.13415,1760000,1370000
2017-12-21 13:41:43.567000,1.13419,1.13416,1390000,1500000
2017-12-21 13:41:45.416000,1.13419,1.13417,1760000,1000000
2017-12-21 13:41:46.013000,1.13419,1.13415,1390000,2620000
2017-12-21 13:41:46.656000,1.13418,1.13415,2700000,1370000
2017-12-21 13:41:46.913000,1.13418,1.13415,2510000,1500000
2017-12-21 13:41:47.450000,1.13418,1.13415,2510000,1370000
2017-12-21 13:41:47.966000,1.13417,1.13414,1000000,1870000
2017-12-21 13:41:49.026000,1.13417,1.13414,1000000,1870000
2017-12-21 13:41:50.669000,1.13417,1.13414,1000000,1870000
2017-12-21 13:41:51.120000,1.13419,1.13417,2700000,1120000
2017-12-21 13:41:51.648000,1.13421,1.13418,3260000,1000000
2017-12-21 13:41:52.175000,1.13419,1.13415,5060000,4120000
2017-12-21 13:41:52.687000,1.13417,1.13413,4500000,2440000
2017-12-21 13:41:52.739000,1.13417,1.13413,5620000,1690000
2017-12-21 13:41:53.847000,1.13415,1.13412,5250000,1250000
2017-12-21 13:41:53.995000,1.13413,1.1341,1570000,1250000
2017-12-21 13:41:54.047000,1.13412,1.13408,1950000,2060000
2017-12-21 13:41:54.562000,1.13411,1.13408,2320000,1370000
2017-12-21 13:41:55.670000,1.13411,1.13409,1950000,1370000
2017-12-21 13:41:57.171000,1.13411,1.13409,1000000,1500000
2017-12-21 13:41:57.684000,1.13412,1.13409,2440000,1370000
2017-12-21 13:42:00.274000,1.13412,1.13411,1250000,1000000
2017-12-21 13:42:00.789000,1.13413,1.13411,1000000,1120000
2017-12-21 13:42:01.336000,1.13413,1.13411,1000000,1370000
2017-12-21 13:42:02.014000,1.13415,1.13412,2890000,1120000
2017-12-21 13:42:02.551000,1.13415,1.13412,1250000,1120000
2017-12-21 13:42:05.024000,1.13414,1.13411,1120000,1370000
2017-12-21 13:42:05.692000,1.13414,1.13411,2060000,1120000
2017-12-21 13:42:10.435000,1.13414,1.13412,2440000,1000000
2017-12-21 13:42:11.047000,1.13413,1.13411,1120000,1120000
2017-12-21 13:42:12.807000,1.13413,1.1341,6190000,1370000
2017-12-21 13:42:12.962000,1.13412,1.13408,4570000,1370000
2017-12-21 13:42:13.815000,1.13412,1.13409,4200000,1120000
2017-12-21 13:42:13.969000,1.13411,1.13408,1690000,1370000
2017-12-21 13:42:14.175000,1.1341,1.13407,2060000,1120000
2017-12-21 13:42:14.728000,1.13409,1.13407,1000000,1120000
2017-12-21 13:42:15.281000,1.13408,1.13405,1000000,1370000
2017-12-21 13:42:15.487000,1.13408,1.13405,1000000,1120000
2017-12-21 13:42:16.359000,1.13408,1.13405,1000000,1370000
2017-12-21 13:42:17.830000,1.13409,1.13408,1010000,1500000
2017-12-21 13:42:17.987000,1.13414,1.13411,2620000,10120000
2017-12-21 13:42:18.308000,1.13415,1.13412,11810000,1370000
2017-12-21 13:42:18.919000,1.13415,1.13412,1120000,1000000
2017-12-21 13:42:18.972000,1.13416,1.13412,1690000,1370000
2017-12-21 13:42:19.621000,1.13416,1.13413,1690000,1370000
2017-12-21 13:42:20.118000,1.13416,1.13413,1690000,1120000
2017-12-21 13:42:20.787000,1.13415,1.13413,1000000,1370000
2017-12-21 13:42:21.301000,1.13416,1.13413,1310000,1370000
2017-12-21 13:42:21.813000,1.13415,1.13413,1000000,1120000
2017-12-21 13:42:22.378000,1.13416,1.13413,1310000,1370000
2017-12-21 13:42:22.919000,1.13416,1.13413,2060000,1120000
2017-12-21 13:42:24.225000,1.13416,1.13413,1310000,1370000
2017-12-21 13:42:27.165000,1.13415,1.13413,1310000,1370000
2017-12-21 13:42:27.700000,1.13415,1.13413,2060000,1000000
2017-12-21 13:42:28.777000,1.13415,1.13412,1310000,2250000
2017-12-21 13:42:29.333000,1.13415,1.13412,1310000,1870000
2017-12-21 13:42:30.761000,1.13415,1.13412,1690000,1870000
2017-12-21 13:42:31.275000,1.13415,1.13412,2810000,1870000
2017-12-21 13:42:31.975000,1.13415,1.13412,2440000,1870000
2017-12-21 13:42:35.997000,1.13415,1.13412,2060000,1120000
2017-12-21 13:42:36.778000,1.13415,1.13412,2060000,1370000
2017-12-21 13:42:38.378000,1.13415,1.13412,2060000,1120000
2017-12-21 13:42:41.775000,1.13413,1.13411,8890000,1120000
2017-12-21 13:42:41.930000,1.13412,1.13409,8700000,1000000
2017-12-21 13:42:42.445000,1.1341,1.13408,1390000,1120000
2017-12-21 13:42:43.953000,1.13409,1.13407,1250000,1120000
2017-12-21 13:42:44.262000,1.13407,1.13405,1190000,1120000
2017-12-21 13:42:44.785000,1.13406,1.13404,1190000,1120000
2017-12-21 13:42:46.879000,1.13406,1.13405,1250000,1000000
2017-12-21 13:42:47.845000,1.13406,1.13404,1190000,1500000
2017-12-21 13:42:50.221000,1.13407,1.13405,1310000,1000000
2017-12-21 13:42:50.733000,1.13407,1.13406,1250000,1000000
2017-12-21 13:42:50.960000,1.13409,1.13406,4760000,1000000
2017-12-21 13:42:51.115000,1.1341,1.13406,5510000,1000000
2017-12-21 13:42:51.270000,1.13411,1.13408,2510000,1000000
2017-12-21 13:42:51.779000,1.13412,1.13409,4950000,1120000
2017-12-21 13:42:55.137000,1.1341,1.13409,1000000,1000000
2017-12-21 13:42:55.243000,1.13408,1.13405,2320000,1120000
2017-12-21 13:42:55.295000,1.13407,1.13403,5440000,1000000
2017-12-21 13:42:55.872000,1.13407,1.13403,6450000,1370000
2017-12-21 13:42:56.391000,1.13405,1.13403,1250000,1000000
2017-12-21 13:42:57.863000,1.13407,1.13404,2620000,1000000
2017-12-21 13:42:58.433000,1.13408,1.13406,2510000,1000000
2017-12-21 13:42:58.953000,1.13408,1.13406,2440000,1000000
2017-12-21 13:42:59.489000,1.13408,1.13406,1250000,1000000
2017-12-21 13:43:00.001000,1.13409,1.13407,2440000,1000000
2017-12-21 13:43:00.457000,1.1341,1.13408,1950000,1000000
2017-12-21 13:43:01.480000,1.13411,1.13409,1120000,1000000
2017-12-21 13:43:01.996000,1.13412,1.1341,1870000,1000000
2017-12-21 13:43:02.907000,1.13412,1.13411,1120000,1000000
2017-12-21 13:43:03.133000,1.13416,1.13412,1700000,1500000
2017-12-21 13:43:03.185000,1.13416,1.13414,1190000,1500000
2017-12-21 13:43:04.041000,1.13416,1.13414,1690000,1000000
2017-12-21 13:43:04.093000,1.13417,1.13414,8140000,1000000
2017-12-21 13:43:04.196000,1.13415,1.13414,1000000,1000000
2017-12-21 13:43:05.281000,1.13417,1.13415,3190000,1000000
2017-12-21 13:43:05.793000,1.13418,1.13415,1870000,1870000
2017-12-21 13:43:06.300000,1.13418,1.13415,3370000,1870000
2017-12-21 13:43:06.827000,1.13417,1.13415,1000000,1870000
2017-12-21 13:43:14.587000,1.13419,1.13416,2440000,1120000
2017-12-21 13:43:14.690000,1.13417,1.13415,1000000,1370000
2017-12-21 13:43:15.291000,1.13418,1.13415,1500000,1120000
2017-12-21 13:43:18.615000,1.13418,1.13416,3370000,1000000
2017-12-21 13:43:19.799000,1.13417,1.13416,1000000,1000000
2017-12-21 13:43:20.321000,1.13418,1.13416,2060000,1000000
2017-12-21 13:43:21.665000,1.13418,1.13416,1250000,1000000
2017-12-21 13:43:22.184000,1.13419,1.13417,1690000,1000000
2017-12-21 13:43:22.953000,1.13419,1.13417,1500000,1000000
2017-12-21 13:43:23.005000,1.13419,1.13416,1500000,1120000
2017-12-21 13:43:23.205000,1.13419,1.13418,1000000,1500000
2017-12-21 13:43:23.309000,1.13421,1.13419,1000000,1000000
2017-12-21 13:43:24.032000,1.13421,1.13418,1000000,2810000
2017-12-21 13:43:24.751000,1.13421,1.13418,1000000,2440000
2017-12-21 13:43:25.300000,1.13421,1.13418,1000000,3260000
2017-12-21 13:43:27.440000,1.13421,1.13419,1000000,1000000
2017-12-21 13:43:27.952000,1.13421,1.13418,1000000,2060000
2017-12-21 13:43:30.092000,1.13424,1.13422,1310000,1000000
2017-12-21 13:43:30.696000,1.13426,1.13424,4950000,1000000
2017-12-21 13:43:30.748000,1.13426,1.13422,13390000,1120000
2017-12-21 13:43:30.853000,1.13425,1.13423,4760000,1000000
2017-12-21 13:43:31.008000,1.13424,1.13422,2440000,1870000
2017-12-21 13:43:31.770000,1.13423,1.13422,1000000,1000000
2017-12-21 13:43:31.874000,1.13421,1.13419,1500000,1000000
2017-12-21 13:43:32.185000,1.13422,1.13421,1250000,2620000
2017-12-21 13:43:32.789000,1.13423,1.13421,3260000,1000000
2017-12-21 13:43:33.106000,1.13418,1.13416,1000000,1000000
2017-12-21 13:43:37.056000,1.13418,1.13417,1000000,1000000
2017-12-21 13:43:37.160000,1.1342,1.13418,1250000,1000000
2017-12-21 13:43:37.212000,1.13421,1.13419,4760000,1000000
2017-12-21 13:43:38.734000,1.13421,1.13418,1690000,1370000
2017-12-21 13:43:39.260000,1.13421,1.13418,2440000,1120000
2017-12-21 13:43:39.649000,1.13419,1.13416,1500000,1620000
2017-12-21 13:43:39.804000,1.13418,1.13415,1000000,1870000
2017-12-21 13:43:40.432000,1.13419,1.13416,2060000,1120000
2017-12-21 13:43:42.516000,1.13419,1.13416,1690000,1370000
2017-12-21 13:43:45.371000,1.13419,1.13417,1000000,1370000
2017-12-21 13:43:45.911000,1.13419,1.13417,1250000,1120000
2017-12-21 13:43:46.424000,1.13418,1.13416,1000000,1370000
2017-12-21 13:43:46.934000,1.13419,1.13417,1000000,1120000
2017-12-21 13:43:47.851000,1.13419,1.13417,1000000,1370000
2017-12-21 13:43:48.373000,1.1342,1.13418,1250000,1120000
2017-12-21 13:43:48.692000,1.13419,1.13416,3190000,1000000
2017-12-21 13:43:48.848000,1.13419,1.13418,1690000,1000000
2017-12-21 13:43:49.352000,1.1342,1.13417,1690000,1370000
2017-12-21 13:43:49.898000,1.13419,1.13415,5250000,1620000
2017-12-21 13:43:50.095000,1.13418,1.13416,1000000,1500000
2017-12-21 13:43:50.404000,1.13417,1.13415,1000000,1310000
2017-12-21 13:43:50.508000,1.13415,1.13413,1000000,1120000
2017-12-21 13:43:50.560000,1.13416,1.13414,1250000,1500000
2017-12-21 13:43:50.862000,1.13415,1.13413,1000000,1120000
2017-12-21 13:43:51.273000,1.13413,1.13411,2250000,1000000
2017-12-21 13:43:51.378000,1.13412,1.13409,7540000,1620000
2017-12-21 13:43:51.563000,1.13411,1.13407,1500000,2140000
2017-12-21 13:43:54.065000,1.1341,1.13407,1000000,1120000
2017-12-21 13:43:54.873000,1.1341,1.13408,1000000,1000000
2017-12-21 13:43:55.374000,1.13412,1.13409,2920000,1000000
2017-12-21 13:43:56.303000,1.13412,1.13409,2290000,1370000
2017-12-21 13:43:57.240000,1.13412,1.13409,2290000,1500000
2017-12-21 13:43:57.782000,1.13412,1.13409,1540000,1370000
2017-12-21 13:43:58.335000,1.13412,1.13409,1540000,1120000
2017-12-21 13:43:58.906000,1.13412,1.13409,1540000,1370000
2017-12-21 13:44:01.034000,1.13414,1.13411,1870000,1120000
2017-12-21 13:44:02.184000,1.13415,1.13412,2890000,1000000
2017-12-21 13:44:02.591000,1.13413,1.1341,2250000,4010000
2017-12-21 13:44:03.103000,1.13412,1.13411,1000000,1000000
2017-12-21 13:44:03.655000,1.13413,1.13411,1100000,1000000
2017-12-21 13:44:04.168000,1.13412,1.1341,1000000,1120000
2017-12-21 13:44:07.192000,1.1341,1.13409,1000000,1120000
2017-12-21 13:44:07.988000,1.13409,1.13407,1000000,1120000
2017-12-21 13:44:08.043000,1.13405,1.13404,1000000,1250000
2017-12-21 13:44:08.096000,1.13405,1.13403,1500000,1000000
2017-12-21 13:44:09.327000,1.13406,1.13403,3190000,1120000
2017-12-21 13:44:10.005000,1.13406,1.13404,2440000,1000000
2017-12-21 13:44:11.806000,1.13404,1.13403,1000000,1000000
2017-12-21 13:44:11.913000,1.13404,1.13402,2620000,1000000
2017-12-21 13:44:12.217000,1.13405,1.13403,2060000,1000000
2017-12-21 13:44:12.805000,1.13406,1.13404,2250000,1120000
2017-12-21 13:44:13.911000,1.13406,1.13405,1000000,1000000
2017-12-21 13:44:14.695000,1.13406,1.13404,1500000,1120000
2017-12-21 13:44:15.339000,1.13406,1.13404,1500000,1370000
2017-12-21 13:44:15.902000,1.13406,1.13404,1500000,1120000
2017-12-21 13:44:16.497000,1.13406,1.13405,1500000,1000000
2017-12-21 13:44:17.268000,1.13406,1.13404,1500000,1120000
2017-12-21 13:44:17.782000,1.13406,1.13405,1500000,1000000
2017-12-21 13:44:18.497000,1.13406,1.13404,1500000,1120000
2017-12-21 13:44:19.010000,1.13406,1.13405,1500000,1000000
2017-12-21 13:44:24.742000,1.13407,1.13405,3190000,1000000
2017-12-21 13:44:25.255000,1.13406,1.13405,1000000,1120000
2017-12-21 13:44:27.474000,1.13406,1.13404,4690000,1120000
2017-12-21 13:44:28.072000,1.13406,1.13404,1690000,1370000
2017-12-21 13:44:28.627000,1.13406,1.13404,3190000,1120000
2017-12-21 13:44:29.193000,1.13405,1.13403,4500000,1500000
2017-12-21 13:44:29.714000,1.13405,1.13403,4500000,1500000
2017-12-21 13:44:30.511000,1.13406,1.13404,3000000,1120000
2017-12-21 13:44:34.531000,1.13406,1.13404,1000000,1370000
2017-12-21 13:44:35.148000,1.13406,1.13404,1500000,1120000
2017-12-21 13:44:35.654000,1.13407,1.13405,3000000,1000000
2017-12-21 13:44:36.283000,1.13406,1.13405,1500000,1120000
2017-12-21 13:44:36.893000,1.13407,1.13405,3750000,1000000
2017-12-21 13:44:37.437000,1.13406,1.13405,2250000,1120000
2017-12-21 13:44:38.054000,1.13406,1.13404,4500000,1310000
2017-12-21 13:44:38.603000,1.13406,1.13405,4500000,1000000
2017-12-21 13:44:39.109000,1.13407,1.13405,3000000,1000000
2017-12-21 13:44:40.413000,1.13409,1.13407,1200000,1120000
2017-12-21 13:44:40.467000,1.1341,1.13409,1120000,1000000
2017-12-21 13:44:40.779000,1.13412,1.1341,1500000,1000000
2017-12-21 13:44:41.287000,1.13412,1.13411,1500000,1000000
2017-12-21 13:44:41.832000,1.13412,1.1341,2500000,1870000
2017-12-21 13:44:42.384000,1.13412,1.13411,1500000,1000000
2017-12-21 13:44:44.055000,1.13413,1.13411,1910000,1000000
2017-12-21 13:44:44.210000,1.13415,1.13413,1000000,2060000
2017-12-21 13:44:44.263000,1.13417,1.13416,1000000,1000000
2017-12-21 13:44:45.582000,1.13417,1.13416,1000000,1000000
2017-12-21 13:44:46.088000,1.13417,1.13416,1000000,1120000
2017-12-21 13:44:46.399000,1.13418,1.13417,1000000,1500000
2017-12-21 13:44:46.962000,1.13418,1.13417,1000000,1000000
2017-12-21 13:44:47.576000,1.13417,1.13416,1000000,1870000
2017-12-21 13:44:47.885000,1.13413,1.13412,1000000,1250000
2017-12-21 13:44:48.434000,1.13412,1.13411,1050000,2060000
2017-12-21 13:44:51.393000,1.13412,1.13411,1050000,1690000
2017-12-21 13:44:52.271000,1.13413,1.13411,1050000,2810000
2017-12-21 13:44:52.578000,1.13415,1.13413,3190000,1500000
2017-12-21 13:44:52.887000,1.13413,1.13412,1000000,1870000
2017-12-21 13:44:53.439000,1.13413,1.13411,1000000,1690000
2017-12-21 13:44:54.435000,1.13414,1.13412,1120000,1250000
2017-12-21 13:44:54.744000,1.13415,1.13414,1250000,1500000
2017-12-21 13:44:55.296000,1.13416,1.13413,1190000,4690000
2017-12-21 13:44:55.747000,1.13417,1.13414,1190000,2440000
2017-12-21 13:44:55.850000,1.13417,1.13416,1000000,8250000
2017-12-21 13:44:56.399000,1.13418,1.13417,1000000,1000000
2017-12-21 13:44:56.911000,1.13418,1.13417,1000000,1000000
2017-12-21 13:44:57.533000,1.13418,1.13417,1000000,1000000
2017-12-21 13:45:00.100000,1.13418,1.13415,1500000,3190000
