time,ask,bid,ask_volume,bid_volume
2019-12-23 14:55:00.968000,1.0937,1.09368,1250000,3370000
2019-12-23 14:55:01.070000,1.0937,1.09369,1000000,1000000
2019-12-23 14:55:01.273000,1.09372,1.0937,1690000,1000000
2019-12-23 14:55:01.760000,1.09372,1.09369,1200000,1500000
2019-12-23 14:55:02.379000,1.09373,1.0937,5290000,1000000
2019-12-23 14:55:15.040000,1.09372,1.09371,1000000,1250000
2019-12-23 14:55:15.179000,1.09372,1.0937,1000000,1500000
2019-12-23 14:55:21.013000,1.09371,1.09369,2200000,1000000
2019-12-23 14:55:21.114000,1.0937,1.09368,2200000,3000000
2019-12-23 14:55:25.511000,1.09369,1.09366,2720000,1000000
2019-12-23 14:55:26.002000,1.09368,1.09365,1010000,2440000
2019-12-23 14:55:45.995000,1.09368,1.09366,1690000,1000000
2019-12-23 14:55:53.687000,1.09369,1.09368,1000000,1100000
2019-12-23 14:55:53.738000,1.09372,1.0937,2060000,1000000
2019-12-23 14:55:53.840000,1.09373,1.09371,1200000,1500000
2019-12-23 14:55:54.886000,1.09373,1.0937,1950000,2250000
2019-12-23 14:56:01.332000,1.09369,1.09368,1250000,3070000
2019-12-23 14:56:01.433000,1.09369,1.09367,1690000,1690000
2019-12-23 14:56:06.079000,1.09368,1.09366,1500000,1750000
2019-12-23 14:56:06.181000,1.09368,1.09366,1690000,1250000
2019-12-23 14:56:11.517000,1.09367,1.09366,1000000,1250000
2019-12-23 14:56:15.699000,1.09368,1.09366,1760000,1250000
2019-12-23 14:56:20.529000,1.09366,1.09365,1000000,1250000
2019-12-23 14:56:20.631000,1.09367,1.09366,1760000,1000000
2019-12-23 14:56:26.661000,1.09366,1.09364,1690000,1500000
2019-12-23 14:56:26.763000,1.09365,1.09362,1750000,3820000
2019-12-23 14:56:26.866000,1.09363,1.09362,1000000,1000000
2019-12-23 14:56:27.018000,1.09364,1.09362,1500000,1000000
2019-12-23 14:56:27.374000,1.09363,1.09361,1000000,3750000
2019-12-23 14:56:27.476000,1.09364,1.09362,1500000,1500000
2019-12-23 14:56:27.628000,1.09366,1.09364,1950000,1000000
2019-12-23 14:56:31.808000,1.09365,1.09363,1010000,1000000
2019-12-23 14:56:31.858000,1.09364,1.09362,1690000,2250000
2019-12-23 14:56:41.843000,1.09363,1.09361,1000000,1310000
2019-12-23 14:56:49.468000,1.09364,1.09361,1250000,3260000
2019-12-23 14:56:50.250000,1.09365,1.09362,2200000,1000000
2019-12-23 14:56:50.927000,1.09365,1.09361,1750000,1310000
2019-12-23 14:56:51.130000,1.09365,1.09362,1750000,1000000
2019-12-23 14:56:51.513000,1.09363,1.09361,1000000,1310000
2019-12-23 14:56:55.429000,1.09364,1.09361,1760000,1690000
2019-12-23 14:56:59.650000,1.09363,1.09361,1000000,1250000
2019-12-23 14:56:59.701000,1.09362,1.0936,1100000,2310000
2019-12-23 14:56:59.802000,1.09361,1.09359,1500000,2810000
2019-12-23 14:56:59.959000,1.09361,1.09359,1500000,2060000
2019-12-23 14:57:00.061000,1.09361,1.09359,1500000,2870000
2019-12-23 14:57:00.500000,1.09361,1.09359,1500000,2060000
2019-12-23 14:57:06.796000,1.09361,1.09358,1500000,2320000
2019-12-23 14:57:07.187000,1.0936,1.09358,1750000,1000000
2019-12-23 14:57:07.288000,1.0936,1.09357,2500000,4760000
2019-12-23 14:57:09.424000,1.09358,1.09357,1000000,1250000
2019-12-23 14:57:10.187000,1.09359,1.09357,1000000,1250000
2019-12-23 14:57:10.289000,1.0936,1.09358,1000000,1000000
2019-12-23 14:57:10.391000,1.0936,1.09357,1000000,1690000
2019-12-23 14:57:11.521000,1.09359,1.09358,1000000,1000000
2019-12-23 14:57:12.503000,1.09359,1.09358,1500000,1000000
2019-12-23 14:57:12.605000,1.0936,1.09359,1000000,1000000
2019-12-23 14:57:13.115000,1.09361,1.09359,1760000,1000000
2019-12-23 14:57:14.102000,1.0936,1.09359,1000000,1000000
2019-12-23 14:57:14.406000,1.0936,1.09357,1500000,1870000
2019-12-23 14:57:17.475000,1.09359,1.09357,1000000,1690000
2019-12-23 14:57:17.577000,1.0936,1.09357,1500000,2130000
2019-12-23 14:57:22.397000,1.09359,1.09357,1000000,1690000
2019-12-23 14:57:22.751000,1.09358,1.09356,1000000,5060000
2019-12-23 14:57:24.155000,1.09357,1.09356,1000000,1250000
2019-12-23 14:57:24.256000,1.09358,1.09356,1000000,1250000
2019-12-23 14:57:26.201000,1.09357,1.09356,1000000,1250000
2019-12-23 14:57:29.545000,1.09358,1.09356,1000000,1250000
2019-12-23 14:57:31.883000,1.09357,1.09355,1000000,3320000
2019-12-23 14:57:35.385000,1.09355,1.09353,1000000,3260000
2019-12-23 14:57:35.487000,1.09355,1.09351,1500000,5040000
2019-12-23 14:57:37.462000,1.09354,1.09352,1000000,2130000
2019-12-23 14:57:44.154000,1.09353,1.09351,1000000,3320000
2019-12-23 14:57:45.677000,1.09353,1.0935,1690000,4640000
2019-12-23 14:57:47.997000,1.09352,1.0935,1000000,3890000
2019-12-23 14:57:48.161000,1.09353,1.0935,1690000,3890000
2019-12-23 14:57:51.551000,1.09352,1.0935,1000000,2570000
2019-12-23 14:57:51.653000,1.09353,1.0935,1760000,3440000
2019-12-23 14:57:58.008000,1.09352,1.0935,1000000,2620000
2019-12-23 14:58:00.082000,1.09351,1.09349,1000000,1000000
2019-12-23 14:58:00.133000,1.09351,1.09348,1950000,4690000
2019-12-23 14:58:00.235000,1.0935,1.09348,1000000,1250000
2019-12-23 14:58:01.884000,1.09349,1.09348,1000000,1000000
2019-12-23 14:58:03.161000,1.0935,1.09349,1000000,1000000
2019-12-23 14:58:03.212000,1.09352,1.0935,3370000,1250000
2019-12-23 14:58:03.364000,1.09352,1.0935,1500000,1250000
2019-12-23 14:58:03.516000,1.09352,1.09351,1500000,1250000
2019-12-23 14:58:04.031000,1.09352,1.0935,1000000,1000000
2019-12-23 14:58:08.123000,1.09351,1.09349,1820000,1000000
2019-12-23 14:58:08.225000,1.0935,1.09348,1000000,1000000
2019-12-23 14:58:08.727000,1.09349,1.09347,1000000,3190000
2019-12-23 14:58:11.461000,1.09352,1.0935,1500000,1450000
2019-12-23 14:58:11.563000,1.09353,1.0935,1690000,2200000
2019-12-23 14:58:12.166000,1.09353,1.0935,1500000,1000000
2019-12-23 14:58:12.284000,1.09353,1.09351,1570000,1690000
2019-12-23 14:58:13.794000,1.09352,1.0935,1350000,1000000
2019-12-23 14:58:13.845000,1.0935,1.09349,1000000,1310000
2019-12-23 14:58:13.947000,1.09349,1.09348,1000000,1000000
2019-12-23 14:58:24.651000,1.0935,1.09348,1500000,1000000
2019-12-23 14:58:27.083000,1.09351,1.09349,1500000,1000000
2019-12-23 14:58:27.518000,1.09351,1.0935,1000000,1000000
2019-12-23 14:58:27.756000,1.09353,1.09352,3750000,1000000
2019-12-23 14:58:27.857000,1.09353,1.09351,1000000,1690000
2019-12-23 14:58:35.888000,1.09352,1.09351,1000000,1690000
2019-12-23 14:58:42.790000,1.09353,1.09351,1250000,2060000
2019-12-23 14:58:47.863000,1.09353,1.09351,1000000,1760000
2019-12-23 14:58:49.143000,1.09353,1.09351,1690000,1010000
2019-12-23 14:58:52.235000,1.09352,1.09351,1000000,1010000
2019-12-23 14:58:52.336000,1.09351,1.0935,1000000,1000000
2019-12-23 14:58:52.724000,1.09352,1.0935,1000000,1000000
2019-12-23 14:58:54.198000,1.09351,1.0935,1000000,1000000
2019-12-23 14:58:54.511000,1.09351,1.09349,1000000,3750000
2019-12-23 14:58:54.931000,1.09353,1.09351,1500000,1310000
2019-12-23 14:58:55.695000,1.09352,1.0935,1000000,1000000
2019-12-23 14:58:56.611000,1.09353,1.0935,1690000,2570000
2019-12-23 14:58:56.783000,1.09352,1.0935,1000000,4470000
2019-12-23 14:58:59.710000,1.09353,1.09351,1690000,1010000
2019-12-23 14:58:59.811000,1.09352,1.0935,1500000,3290000
2019-12-23 14:59:00.656000,1.09352,1.0935,1500000,2510000
2019-12-23 14:59:08.857000,1.09352,1.0935,1500000,4370000
2019-12-23 14:59:08.958000,1.09353,1.09351,1760000,1250000
2019-12-23 14:59:13.964000,1.09354,1.09352,1250000,1000000
2019-12-23 14:59:15.882000,1.09353,1.09352,1000000,1690000
2019-12-23 14:59:15.984000,1.09354,1.09352,1000000,1690000
2019-12-23 14:59:25.590000,1.09354,1.09353,1000000,1000000
2019-12-23 14:59:25.641000,1.09356,1.09354,1500000,1000000
2019-12-23 14:59:25.743000,1.09356,1.09355,1500000,1000000
2019-12-23 14:59:25.844000,1.09356,1.09354,1500000,1120000
2019-12-23 14:59:27.448000,1.09355,1.09354,1000000,1000000
2019-12-23 14:59:28.788000,1.09356,1.09354,1500000,3000000
2019-12-23 14:59:30.158000,1.09356,1.09355,1250000,1000000
2019-12-23 14:59:30.260000,1.09356,1.09354,1690000,1000000
2019-12-23 14:59:34.619000,1.09356,1.09354,1500000,1750000
2019-12-23 14:59:34.720000,1.09356,1.09354,1690000,1000000
2019-12-23 14:59:44.924000,1.09359,1.09356,2250000,1500000
2019-12-23 14:59:45.026000,1.09361,1.09358,3040000,1000000
2019-12-23 14:59:45.127000,1.09361,1.09358,2250000,2250000
2019-12-23 14:59:45.431000,1.09361,1.09359,1000000,1000000
2019-12-23 14:59:47.410000,1.0936,1.09358,1000000,1000000
2019-12-23 14:59:48.651000,1.0936,1.09357,1000000,4690000
2019-12-23 14:59:57.095000,1.09359,1.09356,1000000,2810000
2019-12-23 14:59:59.034000,1.09359,1.09358,1000000,1000000
2019-12-23 14:59:59.271000,1.09361,1.09359,1500000,1000000
2019-12-23 14:59:59.808000,1.0936,1.09359,1000000,1000000
2019-12-23 15:00:00,1.0936,1.09355,1000000,3810000
2019-12-23 15:00:00.102000,1.0936,1.09355,1000000,3190000
2019-12-23 15:00:00.305000,1.09358,1.09355,1000000,3120000
2019-12-23 15:00:01.006000,1.0936,1.09359,1000000,1000000
2019-12-23 15:00:01.953000,1.09359,1.09354,1000000,3620000
2019-12-23 15:00:02.993000,1.0936,1.09358,1500000,1000000
2019-12-23 15:00:04.028000,1.09359,1.09355,1000000,3440000
2019-12-23 15:00:04.973000,1.09359,1.09357,1000000,1000000
2019-12-23 15:00:05.808000,1.0936,1.09357,1000000,1000000
2019-12-23 15:00:05.909000,1.09361,1.09357,1500000,1000000
2019-12-23 15:00:06.115000,1.0936,1.09359,1000000,1250000
2019-12-23 15:00:07.291000,1.09363,1.0936,1250000,1250000
2019-12-23 15:00:07.393000,1.09364,1.0936,3250000,1750000
2019-12-23 15:00:07.546000,1.09364,1.09361,1000000,2500000
2019-12-23 15:00:07.647000,1.09366,1.09362,1000000,2440000
2019-12-23 15:00:10.144000,1.09366,1.09364,1000000,1750000
2019-12-23 15:00:10.293000,1.09367,1.09364,1000000,1500000
2019-12-23 15:00:10.445000,1.09368,1.09365,1000000,1120000
2019-12-23 15:00:17.879000,1.09368,1.09365,2000000,1000000
2019-12-23 15:00:18.032000,1.09367,1.09364,1120000,1000000
2019-12-23 15:00:20.663000,1.09367,1.09365,1000000,1000000
2019-12-23 15:00:24.462000,1.09363,1.09362,1000000,2620000
2019-12-23 15:00:24.564000,1.09363,1.09361,1250000,2250000
2019-12-23 15:00:24.617000,1.09362,1.0936,1000000,1000000
2019-12-23 15:00:24.718000,1.09362,1.09359,1500000,1690000
2019-12-23 15:00:29.572000,1.09363,1.09362,1250000,1000000
2019-12-23 15:00:29.674000,1.09363,1.09361,1000000,1000000
2019-12-23 15:00:31.164000,1.09363,1.0936,1500000,1000000
2019-12-23 15:00:33.841000,1.09362,1.0936,1000000,1500000
2019-12-23 15:00:35.679000,1.09362,1.09361,1000000,1250000
2019-12-23 15:00:35.781000,1.09362,1.09359,1000000,3560000
2019-12-23 15:00:43.430000,1.09358,1.09357,1000000,1500000
2019-12-23 15:00:43.594000,1.09358,1.09356,1570000,1000000
2019-12-23 15:00:43.747000,1.09358,1.09355,1570000,1500000
2019-12-23 15:00:44.019000,1.09356,1.09354,1000000,1000000
2019-12-23 15:00:44.121000,1.09356,1.09353,1000000,2810000
2019-12-23 15:00:48.085000,1.09357,1.09356,1310000,1000000
2019-12-23 15:00:48.187000,1.09357,1.09355,1690000,1000000
2019-12-23 15:00:48.288000,1.09356,1.09355,1000000,1000000
2019-12-23 15:00:48.389000,1.09357,1.09355,1500000,1120000
2019-12-23 15:00:49.561000,1.09357,1.09356,1000000,1000000
2019-12-23 15:00:50.177000,1.09357,1.09355,1500000,1000000
2019-12-23 15:00:58.656000,1.09359,1.09357,1000000,2060000
2019-12-23 15:00:58.707000,1.09361,1.09358,1950000,2060000
2019-12-23 15:00:58.810000,1.09362,1.09359,2250000,2250000
2019-12-23 15:00:59.253000,1.09363,1.09361,1120000,1500000
2019-12-23 15:00:59.657000,1.09363,1.09362,1000000,1500000
2019-12-23 15:01:00.252000,1.09365,1.09362,4470000,2250000
2019-12-23 15:01:02.119000,1.09365,1.09362,1690000,3940000
2019-12-23 15:01:02.220000,1.09366,1.09364,3000000,1000000
2019-12-23 15:01:02.676000,1.09367,1.09364,1950000,2250000
2019-12-23 15:01:02.727000,1.0937,1.09368,3390000,1000000
2019-12-23 15:01:02.829000,1.09371,1.09368,1500000,5570000
2019-12-23 15:01:02.980000,1.09372,1.0937,1000000,2570000
2019-12-23 15:01:03.082000,1.09373,1.09371,1000000,1250000
2019-12-23 15:01:05.441000,1.09372,1.09371,1000000,1000000
2019-12-23 15:01:05.542000,1.09373,1.09371,3250000,1000000
2019-12-23 15:01:06.334000,1.09373,1.09372,1500000,1000000
2019-12-23 15:01:06.436000,1.09373,1.09371,1000000,2620000
2019-12-23 15:01:12.329000,1.09375,1.09372,2700000,1000000
2019-12-23 15:01:24.863000,1.09373,1.09371,1000000,4370000
2019-12-23 15:01:34.739000,1.09373,1.09371,1120000,1250000
2019-12-23 15:01:34.992000,1.09373,1.09371,1120000,1750000
2019-12-23 15:01:35.093000,1.09373,1.09371,1120000,1250000
2019-12-23 15:01:35.300000,1.09373,1.09371,1120000,1750000
2019-12-23 15:01:39.670000,1.09373,1.09371,1000000,1250000
2019-12-23 15:01:44.900000,1.09373,1.09371,1000000,1750000
2019-12-23 15:01:51.010000,1.09372,1.09371,1000000,1250000
2019-12-23 15:01:51.111000,1.09373,1.09371,1500000,1750000
2019-12-23 15:01:51.213000,1.09373,1.09371,1500000,1820000
2019-12-23 15:01:52.059000,1.09373,1.09371,1500000,1250000
2019-12-23 15:01:53.114000,1.09373,1.09371,1500000,1820000
2019-12-23 15:01:58.110000,1.09373,1.09371,1000000,1690000
2019-12-23 15:02:00.255000,1.09373,1.09371,1000000,1820000
2019-12-23 15:02:00.356000,1.09373,1.09371,1000000,1250000
2019-12-23 15:02:02.143000,1.09372,1.0937,1000000,1250000
2019-12-23 15:02:02.194000,1.09368,1.09367,1000000,1250000
2019-12-23 15:02:02.295000,1.09368,1.09365,1870000,2140000
2019-12-23 15:02:02.397000,1.09367,1.09365,1000000,1390000
2019-12-23 15:02:02.498000,1.09367,1.09366,1000000,1250000
2019-12-23 15:02:02.674000,1.09368,1.09366,1870000,1250000
2019-12-23 15:02:03.344000,1.09369,1.09367,1500000,1250000
2019-12-23 15:02:03.445000,1.0937,1.09367,2440000,3640000
2019-12-23 15:02:04.234000,1.09369,1.09367,1000000,2060000
2019-12-23 15:02:04.717000,1.09368,1.09367,1000000,1250000
2019-12-23 15:02:04.913000,1.09368,1.09366,1000000,2060000
2019-12-23 15:02:07.599000,1.09367,1.09365,1000000,2120000
2019-12-23 15:02:07.700000,1.09367,1.09364,1000000,5810000
2019-12-23 15:02:08.484000,1.09368,1.09364,1000000,4370000
2019-12-23 15:02:09.960000,1.09368,1.09364,2060000,1690000
2019-12-23 15:02:10.062000,1.09366,1.09364,1000000,1690000
2019-12-23 15:02:18.557000,1.09366,1.09363,1950000,3000000
2019-12-23 15:02:22.275000,1.09364,1.09363,1250000,1000000
2019-12-23 15:02:22.421000,1.09364,1.09362,2140000,1000000
2019-12-23 15:02:24.915000,1.09362,1.09361,1000000,1250000
2019-12-23 15:02:25.017000,1.09363,1.09361,1500000,1250000
2019-12-23 15:02:26.475000,1.09363,1.0936,1690000,3260000
2019-12-23 15:02:29.535000,1.09362,1.09359,1690000,3370000
2019-12-23 15:02:31.030000,1.09361,1.09359,1000000,1000000
2019-12-23 15:02:33.097000,1.09361,1.09358,1000000,4010000
2019-12-23 15:02:33.199000,1.0936,1.09358,1000000,1570000
2019-12-23 15:02:35.138000,1.0936,1.09357,2440000,1950000
2019-12-23 15:02:35.514000,1.09358,1.09355,1690000,6410000
2019-12-23 15:02:37.992000,1.09358,1.09357,1000000,1000000
2019-12-23 15:02:40.555000,1.0936,1.09357,2500000,1500000
2019-12-23 15:02:41.441000,1.0936,1.09357,1690000,2250000
2019-12-23 15:02:48.066000,1.0936,1.09358,1000000,1000000
2019-12-23 15:02:49.592000,1.09359,1.09356,1500000,3090000
2019-12-23 15:02:49.693000,1.09358,1.09355,1250000,3790000
2019-12-23 15:02:49.795000,1.09355,1.09354,1000000,3820000
2019-12-23 15:02:49.886000,1.09355,1.09352,1000000,3070000
2019-12-23 15:02:49.937000,1.09354,1.09352,1000000,2320000
2019-12-23 15:02:52.538000,1.09354,1.09352,1000000,2320000
2019-12-23 15:02:54.522000,1.09355,1.09352,1500000,3450000
2019-12-23 15:02:56.294000,1.09355,1.09352,1500000,2350000
2019-12-23 15:02:57.470000,1.09355,1.09352,2440000,2620000
2019-12-23 15:02:57.658000,1.09355,1.09352,2440000,3100000
2019-12-23 15:02:59.258000,1.09354,1.09351,1750000,3950000
2019-12-23 15:02:59.359000,1.09353,1.09351,1250000,1870000
2019-12-23 15:03:03.387000,1.09353,1.09351,1000000,2850000
2019-12-23 15:03:03.488000,1.09354,1.09351,1690000,5470000
2019-12-23 15:03:03.893000,1.09353,1.09351,1000000,3970000
2019-12-23 15:03:03.994000,1.09353,1.09351,1000000,1570000
2019-12-23 15:03:04.697000,1.09353,1.09351,1000000,1760000
2019-12-23 15:03:04.799000,1.09354,1.09351,1000000,7010000
2019-12-23 15:03:04.900000,1.09354,1.09352,1000000,1120000
2019-12-23 15:03:06.342000,1.09353,1.09351,1690000,1570000
2019-12-23 15:03:07.864000,1.09352,1.0935,1690000,1000000
2019-12-23 15:03:07.973000,1.0935,1.09347,1250000,8770000
2019-12-23 15:03:08.076000,1.09349,1.09346,1000000,2640000
2019-12-23 15:03:08.177000,1.09349,1.09346,1000000,2510000
2019-12-23 15:03:09.119000,1.09349,1.09346,1000000,5640000
2019-12-23 15:03:09.932000,1.09351,1.09347,2570000,2060000
2019-12-23 15:03:10.444000,1.09349,1.09347,1000000,1250000
2019-12-23 15:03:10.546000,1.09349,1.09346,1690000,3190000
2019-12-23 15:03:10.647000,1.09349,1.09348,1690000,1000000
2019-12-23 15:03:20.485000,1.0935,1.09348,1690000,1000000
2019-12-23 15:03:20.587000,1.09355,1.09353,4390000,1000000
2019-12-23 15:03:20.639000,1.09354,1.09352,1100000,1250000
2019-12-23 15:03:20.740000,1.09353,1.09352,1000000,1250000
2019-12-23 15:03:21.156000,1.09356,1.09354,3190000,1000000
2019-12-23 15:03:21.602000,1.09356,1.09354,2440000,1000000
2019-12-23 15:03:23.807000,1.09354,1.09353,1000000,1250000
2019-12-23 15:03:23.909000,1.09355,1.09353,1010000,1000000
2019-12-23 15:03:24.089000,1.09354,1.09352,1000000,1250000
2019-12-23 15:03:24.140000,1.09355,1.09354,1000000,1000000
2019-12-23 15:03:26.305000,1.09353,1.09351,1100000,2060000
2019-12-23 15:03:26.407000,1.09355,1.09352,2060000,3370000
2019-12-23 15:03:26.841000,1.09354,1.09352,1000000,1690000
2019-12-23 15:03:27.474000,1.09355,1.09352,1000000,1870000
2019-12-23 15:03:27.576000,1.09356,1.09352,1690000,1870000
2019-12-23 15:03:29.831000,1.09356,1.09354,1250000,1000000
2019-12-23 15:03:30.650000,1.09355,1.09354,1000000,1000000
2019-12-23 15:03:31.661000,1.09356,1.09355,1250000,1000000
2019-12-23 15:03:31.762000,1.09355,1.09354,1000000,1000000
2019-12-23 15:03:31.813000,1.09353,1.09352,1000000,1000000
2019-12-23 15:03:33.588000,1.09354,1.09352,1100000,1000000
2019-12-23 15:03:33.639000,1.09353,1.0935,1000000,2440000
2019-12-23 15:03:33.740000,1.09353,1.09351,1000000,2570000
2019-12-23 15:03:35.234000,1.09355,1.09351,4010000,3320000
2019-12-23 15:03:35.336000,1.09355,1.09353,2810000,1000000
2019-12-23 15:03:37.092000,1.09354,1.09353,1000000,1000000
2019-12-23 15:03:37.193000,1.09353,1.09352,1000000,1250000
2019-12-23 15:03:37.294000,1.09354,1.09352,1000000,1250000
2019-12-23 15:03:40.905000,1.09353,1.09351,2250000,1000000
2019-12-23 15:03:41.108000,1.09354,1.09351,2060000,2510000
2019-12-23 15:03:41.368000,1.09352,1.09351,1000000,1690000
2019-12-23 15:03:41.480000,1.09354,1.09351,3410000,1690000
2019-12-23 15:03:41.835000,1.09354,1.09351,2620000,2500000
2019-12-23 15:03:42.841000,1.09355,1.09352,2890000,1250000
2019-12-23 15:03:51.292000,1.09355,1.09353,1000000,1500000
2019-12-23 15:04:11.207000,1.09356,1.09354,1500000,1000000
2019-12-23 15:04:19.337000,1.09355,1.09354,1000000,1000000
2019-12-23 15:04:19.502000,1.09356,1.09354,1000000,1000000
2019-12-23 15:04:32.700000,1.09357,1.09354,2060000,1500000
2019-12-23 15:04:42.015000,1.09356,1.09354,1000000,1000000
2019-12-23 15:04:43.166000,1.09355,1.09353,1000000,1500000
2019-12-23 15:04:43.267000,1.09355,1.09354,1000000,1000000
2019-12-23 15:04:43.377000,1.09356,1.09354,2060000,1000000
2019-12-23 15:04:45.813000,1.09357,1.09355,2060000,1000000
2019-12-23 15:04:49.882000,1.09358,1.09356,4760000,1000000
2019-12-23 15:04:49.933000,1.09356,1.09355,1000000,1000000
2019-12-23 15:04:50.212000,1.09356,1.09354,1000000,1250000
2019-12-23 15:04:50.262000,1.09356,1.09355,1000000,1000000
2019-12-23 15:04:57.058000,1.09355,1.09354,1000000,1250000
2019-12-23 15:04:58.233000,1.09356,1.09355,1000000,1000000
2019-12-23 15:04:59.006000,1.09356,1.09354,1000000,1250000
2019-12-23 15:05:00.133000,1.09355,1.09353,1000000,2250000
2019-12-23 15:05:00.234000,1.09355,1.09354,1000000,1250000
2019-12-23 15:05:01.660000,1.09355,1.09353,1000000,1870000
2019-12-23 15:05:01.819000,1.09356,1.09355,1000000,1000000
2019-12-23 15:05:01.920000,1.09356,1.09354,1500000,1250000
2019-12-23 15:05:02.072000,1.09355,1.09354,1000000,1250000
2019-12-23 15:05:02.224000,1.09356,1.09354,1500000,1250000
2019-12-23 15:05:02.570000,1.09357,1.09355,1500000,1010000
2019-12-23 15:05:02.721000,1.09358,1.09357,1000000,1250000
2019-12-23 15:05:02.823000,1.09359,1.09357,1000000,1250000
2019-12-23 15:05:03.026000,1.0936,1.09356,2140000,3700000
2019-12-23 15:05:03.127000,1.09359,1.09356,1000000,2950000
2019-12-23 15:05:03.258000,1.0936,1.09356,2140000,2950000
2019-12-23 15:05:03.631000,1.09359,1.09356,1000000,2950000
2019-12-23 15:05:04.603000,1.0936,1.09358,1310000,1000000
2019-12-23 15:05:04.705000,1.09361,1.09358,3190000,2250000
2019-12-23 15:05:11.469000,1.09361,1.09359,1500000,1000000
2019-12-23 15:05:19.119000,1.09362,1.09359,3820000,1000000
2019-12-23 15:05:19.283000,1.09361,1.09359,1000000,1000000
2019-12-23 15:05:20.720000,1.09361,1.0936,1000000,1000000
2019-12-23 15:05:20.875000,1.09362,1.0936,4390000,1000000
2019-12-23 15:05:23.034000,1.09361,1.09359,1200000,1000000
2019-12-23 15:05:25.927000,1.09362,1.0936,4570000,1000000
2019-12-23 15:05:26.029000,1.09363,1.09361,3450000,1000000
2019-12-23 15:05:28.460000,1.09364,1.09361,2700000,1690000
2019-12-23 15:05:30.454000,1.09364,1.09362,2700000,1000000
2019-12-23 15:05:31.141000,1.09364,1.09362,1000000,2950000
2019-12-23 15:05:31.192000,1.09367,1.09365,1770000,2250000
2019-12-23 15:05:31.294000,1.09367,1.09365,1200000,2250000
2019-12-23 15:05:32.565000,1.09368,1.09365,3820000,1500000
2019-12-23 15:05:36.181000,1.09367,1.09365,1000000,1000000
2019-12-23 15:05:42.631000,1.09368,1.09365,4570000,1690000
2019-12-23 15:05:46.680000,1.09367,1.09365,1000000,1500000
2019-12-23 15:05:48.770000,1.09364,1.09363,1000000,1000000
2019-12-23 15:05:48.876000,1.09363,1.09362,1850000,1000000
2019-12-23 15:05:49.641000,1.09364,1.09362,2600000,1500000
2019-12-23 15:05:50.962000,1.09365,1.09363,3070000,1000000
2019-12-23 15:05:51.487000,1.09366,1.09364,2250000,1000000
2019-12-23 15:05:51.588000,1.09367,1.09365,3070000,1000000
2019-12-23 15:05:52.409000,1.09366,1.09364,1000000,1000000
2019-12-23 15:05:52.511000,1.09366,1.09363,1690000,1500000
2019-12-23 15:05:52.562000,1.09364,1.09362,1000000,1250000
2019-12-23 15:05:52.764000,1.09364,1.09362,3700000,1000000
2019-12-23 15:05:53.390000,1.09364,1.09362,3640000,1000000
2019-12-23 15:05:53.493000,1.09365,1.09363,4010000,1000000
2019-12-23 15:05:53.595000,1.09364,1.09363,1000000,1000000
2019-12-23 15:05:53.771000,1.09366,1.09364,2590000,1000000
2019-12-23 15:05:55.673000,1.09365,1.09364,1100000,1000000
2019-12-23 15:05:56.529000,1.09366,1.09364,1690000,1000000
2019-12-23 15:05:57.145000,1.09365,1.09364,1000000,1000000
2019-12-23 15:05:57.846000,1.09363,1.09361,2140000,1500000
2019-12-23 15:05:57.948000,1.09362,1.0936,3750000,1000000
2019-12-23 15:06:05.969000,1.09362,1.09359,1950000,2890000
2019-12-23 15:06:06.070000,1.09362,1.09359,1970000,2890000
2019-12-23 15:06:06.791000,1.09362,1.09359,1570000,2890000
2019-12-23 15:06:07.443000,1.09362,1.09359,1970000,1690000
2019-12-23 15:06:07.594000,1.09359,1.09358,1000000,1010000
2019-12-23 15:06:07.696000,1.0936,1.09357,2910000,2140000
2019-12-23 15:06:07.798000,1.09358,1.09355,2570000,2250000
2019-12-23 15:06:07.900000,1.09358,1.09355,1760000,3190000
2019-12-23 15:06:08.414000,1.09358,1.09356,1010000,1000000
2019-12-23 15:06:09.328000,1.09359,1.09356,3470000,1750000
2019-12-23 15:06:09.431000,1.09359,1.09358,1000000,1000000
2019-12-23 15:06:09.482000,1.09361,1.09359,1310000,1000000
2019-12-23 15:06:13.341000,1.09362,1.0936,2890000,1000000
2019-12-23 15:06:13.903000,1.09361,1.0936,1200000,1000000
2019-12-23 15:06:14.004000,1.09362,1.09359,5140000,1500000
2019-12-23 15:06:15.022000,1.09362,1.09359,5290000,1500000
2019-12-23 15:06:21.436000,1.09361,1.0936,1200000,1000000
2019-12-23 15:06:36.439000,1.09363,1.09361,1190000,1250000
2019-12-23 15:06:36.540000,1.09364,1.09362,1690000,1000000
2019-12-23 15:06:38.184000,1.09364,1.09362,2200000,1000000
2019-12-23 15:06:42.804000,1.09362,1.09361,1100000,1000000
2019-12-23 15:06:43.602000,1.09362,1.09361,1000000,1000000
2019-12-23 15:06:43.703000,1.09362,1.09361,1000000,1000000
2019-12-23 15:06:43.806000,1.09363,1.09361,2140000,1000000
2019-12-23 15:06:45.372000,1.09361,1.09358,2620000,1970000
2019-12-23 15:06:45.474000,1.09359,1.09356,1970000,3640000
2019-12-23 15:06:46.080000,1.09362,1.0936,2440000,1000000
2019-12-23 15:06:49.043000,1.09364,1.09362,2810000,1000000
2019-12-23 15:06:51.098000,1.09364,1.09361,1690000,2960000
2019-12-23 15:06:56.021000,1.09364,1.09362,1200000,1250000
2019-12-23 15:06:56.122000,1.09365,1.09362,3560000,1690000
2019-12-23 15:06:56.224000,1.09364,1.09362,1000000,1690000
2019-12-23 15:06:56.325000,1.09365,1.09362,3560000,1690000
2019-12-23 15:06:56.427000,1.09364,1.09362,1000000,1690000
2019-12-23 15:06:57.854000,1.09364,1.09362,2950000,1000000
2019-12-23 15:06:59.342000,1.09364,1.09362,2320000,1000000
2019-12-23 15:06:59.443000,1.09364,1.09362,2500000,1000000
2019-12-23 15:06:59.545000,1.09364,1.09362,1500000,1000000
2019-12-23 15:06:59.956000,1.09364,1.09362,1750000,1000000
2019-12-23 15:07:06.185000,1.09364,1.09362,1690000,1500000
2019-12-23 15:07:09.253000,1.09363,1.09362,1000000,1500000
2019-12-23 15:07:14.883000,1.09364,1.09362,2060000,1500000
2019-12-23 15:07:14.984000,1.09364,1.09363,1310000,1000000
2019-12-23 15:07:15.136000,1.09365,1.09364,1500000,1000000
2019-12-23 15:07:15.238000,1.09366,1.09363,2660000,1690000
2019-12-23 15:07:15.289000,1.09366,1.09364,2510000,10350000
2019-12-23 15:07:15.388000,1.09364,1.09362,1000000,2140000
2019-12-23 15:07:15.694000,1.09365,1.09362,2510000,2890000
2019-12-23 15:07:15.846000,1.09365,1.09363,1760000,1000000
2019-12-23 15:07:16.322000,1.09365,1.09362,2510000,2890000
2019-12-23 15:07:16.571000,1.09364,1.09362,3260000,1100000
2019-12-23 15:07:16.875000,1.09363,1.09362,1250000,1000000
2019-12-23 15:07:17.187000,1.09362,1.09361,1500000,1000000
2019-12-23 15:07:17.803000,1.09363,1.09361,1310000,1000000
2019-12-23 15:07:18.051000,1.09362,1.09361,1000000,1000000
2019-12-23 15:07:19.205000,1.09363,1.09361,1310000,1000000
2019-12-23 15:07:19.306000,1.09362,1.09361,1000000,1000000
2019-12-23 15:07:19.409000,1.09363,1.09361,2060000,1000000
2019-12-23 15:07:20.321000,1.09363,1.09362,2060000,1000000
2019-12-23 15:07:20.422000,1.09364,1.09362,2890000,1000000
2019-12-23 15:07:27.077000,1.09365,1.09363,1120000,1200000
2019-12-23 15:07:27.128000,1.09367,1.09365,1450000,1000000
2019-12-23 15:07:27.280000,1.09368,1.09365,6100000,2250000
2019-12-23 15:07:29.171000,1.09368,1.09365,1310000,2250000
2019-12-23 15:07:31.547000,1.09369,1.09366,4570000,1000000
2019-12-23 15:07:32.837000,1.09368,1.09365,2060000,1000000
2019-12-23 15:07:32.989000,1.09365,1.09364,1000000,1100000
2019-12-23 15:07:33.091000,1.09364,1.09361,1750000,1270000
2019-12-23 15:07:33.193000,1.09363,1.0936,3260000,1950000
2019-12-23 15:07:33.295000,1.09362,1.0936,1120000,1000000
2019-12-23 15:07:36.062000,1.09363,1.09361,3820000,1000000
2019-12-23 15:07:36.271000,1.09363,1.09361,2510000,1000000
2019-12-23 15:07:36.372000,1.09362,1.0936,1500000,1000000
2019-12-23 15:07:37.003000,1.09363,1.09361,1760000,1000000
2019-12-23 15:07:37.105000,1.09362,1.09361,1000000,1000000
2019-12-23 15:07:37.437000,1.09364,1.09361,6200000,1500000
2019-12-23 15:07:37.541000,1.09364,1.09362,1200000,1690000
2019-12-23 15:07:37.642000,1.09365,1.09363,1950000,1250000
2019-12-23 15:07:37.744000,1.09367,1.09364,4390000,1000000
2019-12-23 15:07:37.845000,1.09367,1.09363,4390000,1250000
2019-12-23 15:07:38.735000,1.09366,1.09364,1120000,1000000
2019-12-23 15:07:39.133000,1.09366,1.09363,1870000,2890000
2019-12-23 15:07:39.184000,1.09364,1.09363,1690000,1950000
2019-12-23 15:07:39.286000,1.09364,1.09362,3560000,1000000
2019-12-23 15:07:39.387000,1.09363,1.09362,1250000,1000000
2019-12-23 15:07:43.069000,1.09366,1.09365,1010000,1250000
2019-12-23 15:07:43.120000,1.09371,1.09369,4870000,1000000
2019-12-23 15:07:43.222000,1.09372,1.0937,1000000,2250000
2019-12-23 15:07:43.273000,1.09373,1.09371,1100000,1000000
2019-12-23 15:07:43.374000,1.09375,1.09373,1000000,1000000
2019-12-23 15:07:43.475000,1.09375,1.09372,1410000,1000000
2019-12-23 15:07:43.576000,1.09374,1.09371,1760000,1000000
2019-12-23 15:07:43.854000,1.09374,1.09372,1760000,1000000
2019-12-23 15:07:44.135000,1.09373,1.09371,1100000,1000000
2019-12-23 15:07:44.287000,1.0937,1.09368,4390000,1000000
2019-12-23 15:07:44.338000,1.0937,1.09367,4950000,1000000
2019-12-23 15:07:45.120000,1.09368,1.09367,1000000,1000000
2019-12-23 15:07:45.727000,1.0937,1.09367,2950000,1000000
2019-12-23 15:07:46.317000,1.09368,1.09367,1000000,1000000
2019-12-23 15:07:46.418000,1.09369,1.09367,1250000,1000000
2019-12-23 15:07:46.520000,1.09369,1.09368,1000000,1310000
2019-12-23 15:07:46.622000,1.0938,1.09377,2160000,1250000
2019-12-23 15:07:46.673000,1.09378,1.09376,1000000,1350000
2019-12-23 15:07:46.774000,1.09378,1.09376,1000000,3340000
2019-12-23 15:07:46.890000,1.0938,1.09377,1790000,1200000
2019-12-23 15:07:47.193000,1.0938,1.09376,1790000,3150000
2019-12-23 15:07:47.346000,1.09378,1.09375,1000000,5720000
2019-12-23 15:07:47.448000,1.09376,1.09375,1000000,1000000
2019-12-23 15:07:47.550000,1.09376,1.09374,1690000,1000000
2019-12-23 15:07:47.652000,1.09378,1.09376,2620000,1000000
2019-12-23 15:07:47.753000,1.0938,1.09377,3470000,1500000
2019-12-23 15:07:48.210000,1.0938,1.09379,1250000,1000000
2019-12-23 15:07:48.311000,1.09379,1.09378,1250000,1000000
2019-12-23 15:07:48.904000,1.09379,1.09377,1690000,1570000
2019-12-23 15:07:49.006000,1.09376,1.09374,1250000,3640000
2019-12-23 15:07:49.107000,1.09374,1.09372,1250000,2810000
2019-12-23 15:07:49.209000,1.09373,1.09371,1000000,1500000
2019-12-23 15:07:49.311000,1.09372,1.09371,1000000,1000000
2019-12-23 15:07:49.710000,1.09374,1.09371,6310000,1500000
2019-12-23 15:07:50.116000,1.09374,1.09371,3610000,1500000
2019-12-23 15:07:50.719000,1.09373,1.09371,1000000,1000000
2019-12-23 15:07:51.531000,1.09372,1.09371,1000000,1000000
2019-12-23 15:07:51.685000,1.09373,1.0937,1790000,1100000
2019-12-23 15:07:51.736000,1.09369,1.09367,1690000,2910000
2019-12-23 15:07:51.788000,1.09368,1.09366,1060000,2250000
2019-12-23 15:07:51.890000,1.09368,1.09365,1310000,1100000
2019-12-23 15:07:52.193000,1.09369,1.09366,2110000,1690000
2019-12-23 15:07:52.295000,1.09368,1.09366,1000000,2890000
2019-12-23 15:07:52.396000,1.09369,1.09366,2110000,1690000
2019-12-23 15:07:54.322000,1.09368,1.09366,1000000,1690000
2019-12-23 15:07:54.632000,1.09369,1.09366,1730000,1690000
2019-12-23 15:07:54.734000,1.09369,1.09367,1060000,1870000
2019-12-23 15:07:54.785000,1.09374,1.09372,3980000,1000000
2019-12-23 15:07:54.887000,1.09376,1.09375,1000000,1250000
2019-12-23 15:07:54.939000,1.0938,1.09377,4540000,1690000
2019-12-23 15:07:55.296000,1.0938,1.09377,2440000,3740000
2019-12-23 15:07:56.210000,1.0938,1.09377,2440000,3340000
2019-12-23 15:07:57.056000,1.0938,1.09377,2500000,3900000
2019-12-23 15:08:00.459000,1.0938,1.09378,1690000,1200000
2019-12-23 15:08:01.798000,1.0938,1.09379,1000000,1000000
2019-12-23 15:08:01.900000,1.0938,1.09378,1000000,2510000
2019-12-23 15:08:02.001000,1.09381,1.09379,1250000,1000000
2019-12-23 15:08:08.156000,1.09382,1.09379,2250000,3150000
2019-12-23 15:08:09.075000,1.09382,1.09379,3250000,3150000
2019-12-23 15:08:09.177000,1.09382,1.0938,1500000,1000000
2019-12-23 15:08:09.769000,1.09381,1.0938,1000000,1000000
2019-12-23 15:08:09.900000,1.09382,1.0938,1690000,1000000
2019-12-23 15:08:10.741000,1.09382,1.09381,1690000,1000000
2019-12-23 15:08:11.148000,1.09381,1.0938,1000000,1000000
2019-12-23 15:08:12.369000,1.09381,1.09379,1760000,1000000
2019-12-23 15:08:12.470000,1.09381,1.09379,1820000,1000000
2019-12-23 15:08:13.520000,1.09381,1.09379,1010000,1000000
2019-12-23 15:08:13.722000,1.09382,1.09379,1690000,2020000
2019-12-23 15:08:16.643000,1.09382,1.09379,2570000,1000000
2019-12-23 15:08:18.193000,1.09381,1.09379,1820000,1000000
2019-12-23 15:08:20.020000,1.0938,1.09378,1250000,1000000
2019-12-23 15:08:22.330000,1.09379,1.09377,1000000,1500000
2019-12-23 15:08:22.431000,1.0938,1.09378,2440000,1000000
2019-12-23 15:08:23.156000,1.09377,1.09376,1000000,1000000
2019-12-23 15:08:23.358000,1.09376,1.09375,1000000,1000000
2019-12-23 15:08:23.510000,1.09377,1.09376,1000000,1000000
2019-12-23 15:08:23.611000,1.09377,1.09375,1000000,1000000
2019-12-23 15:08:23.944000,1.09378,1.09375,2510000,1500000
2019-12-23 15:08:23.995000,1.09379,1.09377,3190000,1000000
2019-12-23 15:08:29.800000,1.09379,1.09376,2440000,4760000
2019-12-23 15:08:32.568000,1.09381,1.09378,4500000,1200000
2019-12-23 15:08:32.670000,1.09381,1.09379,1000000,3110000
2019-12-23 15:08:32.771000,1.09381,1.09379,1000000,2810000
2019-12-23 15:08:32.873000,1.09382,1.0938,3940000,1200000
2019-12-23 15:08:33.025000,1.09381,1.09379,1250000,1500000
2019-12-23 15:08:33.128000,1.09381,1.09379,1000000,2290000
2019-12-23 15:08:33.230000,1.09381,1.09379,1250000,1200000
2019-12-23 15:08:34.280000,1.0938,1.09379,1000000,1200000
2019-12-23 15:08:36.822000,1.0938,1.09378,1000000,1570000
2019-12-23 15:08:37.188000,1.0938,1.09378,1750000,1200000
2019-12-23 15:08:37.290000,1.09379,1.09377,1250000,1570000
2019-12-23 15:08:44.921000,1.09378,1.09376,1000000,2950000
2019-12-23 15:08:45.178000,1.09379,1.09376,1250000,2950000
2019-12-23 15:09:00.168000,1.09378,1.09376,1000000,1820000
2019-12-23 15:09:05.169000,1.09379,1.09376,1690000,2570000
2019-12-23 15:09:06.352000,1.09378,1.09376,1000000,1750000
2019-12-23 15:09:06.794000,1.09377,1.09375,1000000,1250000
2019-12-23 15:09:06.895000,1.09377,1.09376,1500000,1010000
2019-12-23 15:09:06.946000,1.09376,1.09373,3640000,3370000
2019-12-23 15:09:06.997000,1.09373,1.09371,1500000,4110000
2019-12-23 15:09:07.099000,1.09373,1.09371,1500000,1690000
2019-12-23 15:09:09.284000,1.09376,1.09375,2620000,1500000
2019-12-23 15:09:09.335000,1.09379,1.09378,1500000,1000000
2019-12-23 15:09:09.386000,1.09378,1.09377,1000000,1000000
2019-12-23 15:09:09.639000,1.09378,1.09376,1000000,1570000
2019-12-23 15:09:10.962000,1.09378,1.09376,1000000,2320000
2019-12-23 15:09:11.848000,1.09376,1.09375,1250000,1950000
2019-12-23 15:09:11.899000,1.09375,1.09373,1000000,2060000
2019-12-23 15:09:11.950000,1.09373,1.09371,1000000,4460000
2019-12-23 15:09:12.051000,1.09374,1.09371,2440000,2890000
2019-12-23 15:09:13.663000,1.09373,1.09371,1000000,1690000
2019-12-23 15:09:19.532000,1.09372,1.09371,1000000,1690000
2019-12-23 15:09:25.815000,1.09371,1.09369,1000000,2060000
2019-12-23 15:09:25.918000,1.09371,1.09369,1000000,1000000
2019-12-23 15:09:26.019000,1.09371,1.09368,1000000,2060000
2019-12-23 15:09:26.178000,1.0937,1.09368,1000000,2060000
2019-12-23 15:09:26.280000,1.09368,1.09367,1000000,3000000
2019-12-23 15:09:26.382000,1.09367,1.09366,1000000,1000000
2019-12-23 15:09:31.827000,1.09366,1.09365,1000000,1120000
2019-12-23 15:09:33.663000,1.09368,1.09366,1000000,1000000
2019-12-23 15:09:34.470000,1.09367,1.09366,1010000,1000000
2019-12-23 15:09:34.521000,1.09366,1.09364,6190000,1200000
2019-12-23 15:09:34.573000,1.09365,1.09364,1000000,1000000
2019-12-23 15:09:34.942000,1.09365,1.09363,1000000,1500000
2019-12-23 15:09:38.360000,1.09366,1.09363,3580000,2440000
2019-12-23 15:09:42.433000,1.09364,1.09363,1000000,1500000
2019-12-23 15:09:42.643000,1.09365,1.09363,1000000,1250000
2019-12-23 15:09:42.847000,1.09365,1.09363,1750000,1000000
2019-12-23 15:09:43.148000,1.09365,1.09363,1000000,1250000
2019-12-23 15:09:43.249000,1.09365,1.09363,1750000,1000000
2019-12-23 15:09:47.438000,1.09365,1.09363,1500000,1250000
2019-12-23 15:09:48.163000,1.09365,1.09363,2500000,1000000
2019-12-23 15:09:48.321000,1.09365,1.09363,2250000,1250000
2019-12-23 15:09:48.429000,1.09365,1.09363,2500000,1000000
2019-12-23 15:09:48.927000,1.09365,1.09362,1250000,2810000
2019-12-23 15:09:52.461000,1.09364,1.09362,1000000,2620000
2019-12-23 15:09:53.968000,1.09365,1.09363,2120000,1000000
2019-12-23 15:09:54.520000,1.09365,1.09362,1750000,2810000
2019-12-23 15:09:54.643000,1.09365,1.09362,1250000,3560000
2019-12-23 15:09:55.703000,1.09365,1.09364,1250000,1000000
2019-12-23 15:09:57.094000,1.09366,1.09365,1120000,1000000
2019-12-23 15:09:57.349000,1.09368,1.09366,1000000,1690000
2019-12-23 15:09:57.450000,1.09368,1.09367,1000000,1000000
2019-12-23 15:09:58.306000,1.09369,1.09367,1310000,1000000
2019-12-23 15:10:00.712000,1.09372,1.0937,1200000,1250000
2019-12-23 15:10:00.814000,1.09374,1.09371,2250000,1250000
2019-12-23 15:10:00.916000,1.09374,1.09373,1000000,1000000
2019-12-23 15:10:01.257000,1.09373,1.09372,1000000,1000000
2019-12-23 15:10:02.404000,1.09374,1.09372,1570000,1000000
2019-12-23 15:10:03.308000,1.09374,1.09372,1000000,1690000
2019-12-23 15:10:20.078000,1.09375,1.09372,1690000,2440000
2019-12-23 15:10:29.583000,1.09375,1.09372,1690000,3040000
2019-12-23 15:10:30.256000,1.09375,1.09372,1750000,3040000
2019-12-23 15:10:30.730000,1.09378,1.09376,1390000,2200000
2019-12-23 15:10:30.832000,1.09379,1.09378,1690000,1000000
2019-12-23 15:10:30.933000,1.0938,1.09378,1000000,1000000
2019-12-23 15:10:31.034000,1.0938,1.09379,1000000,1000000
2019-12-23 15:10:31.136000,1.09381,1.09379,1000000,1000000
2019-12-23 15:10:31.470000,1.0938,1.09378,1000000,1000000
2019-12-23 15:10:34.960000,1.09381,1.09378,3000000,1500000
2019-12-23 15:10:35.111000,1.09381,1.09379,1000000,1000000
2019-12-23 15:10:35.162000,1.09384,1.09383,1000000,1000000
2019-12-23 15:10:35.280000,1.09385,1.09383,1000000,1000000
2019-12-23 15:10:35.382000,1.09386,1.09385,1000000,1000000
2019-12-23 15:10:36.929000,1.09387,1.09385,1250000,1000000
2019-12-23 15:10:37.298000,1.09387,1.09384,1690000,1500000
2019-12-23 15:10:38.367000,1.09386,1.09384,1000000,1000000
2019-12-23 15:10:38.771000,1.09387,1.09384,2250000,1000000
2019-12-23 15:10:39.175000,1.09387,1.09385,1500000,1310000
2019-12-23 15:10:39.276000,1.09391,1.09389,1690000,1000000
2019-12-23 15:10:39.378000,1.09392,1.0939,1250000,1000000
2019-12-23 15:10:39.683000,1.09393,1.0939,1690000,1500000
2019-12-23 15:10:39.994000,1.09393,1.09391,1250000,1000000
2019-12-23 15:10:40.095000,1.09393,1.09391,1750000,1000000
2019-12-23 15:10:41.427000,1.09393,1.0939,1750000,1950000
2019-12-23 15:10:41.529000,1.09393,1.09391,1250000,1000000
2019-12-23 15:10:42.372000,1.09393,1.0939,3440000,1000000
2019-12-23 15:10:42.511000,1.09392,1.09389,1250000,3070000
2019-12-23 15:10:44.313000,1.0939,1.09388,1000000,1000000
2019-12-23 15:10:44.363000,1.09388,1.09386,2500000,1250000
2019-12-23 15:10:44.465000,1.09386,1.09385,1690000,4500000
2019-12-23 15:10:44.567000,1.09385,1.09382,1690000,2720000
2019-12-23 15:10:44.735000,1.09385,1.09382,1690000,1100000
2019-12-23 15:10:45.116000,1.09385,1.09383,1250000,1500000
2019-12-23 15:10:46.846000,1.09385,1.09382,2690000,1500000
2019-12-23 15:10:55.222000,1.09383,1.09382,1000000,1000000
2019-12-23 15:10:56.328000,1.09383,1.0938,1500000,1870000
2019-12-23 15:10:56.659000,1.09382,1.0938,1000000,1500000
2019-12-23 15:10:56.711000,1.09381,1.09379,1000000,1500000
2019-12-23 15:10:56.813000,1.0938,1.09378,2250000,1000000
2019-12-23 15:10:56.914000,1.09378,1.09376,1000000,3820000
2019-12-23 15:10:58.331000,1.09378,1.09377,1000000,1000000
2019-12-23 15:10:58.534000,1.09378,1.09376,1000000,2620000
2019-12-23 15:10:59.253000,1.0938,1.09377,2250000,1000000
2019-12-23 15:10:59.354000,1.09379,1.09377,1000000,1000000
2019-12-23 15:11:00.057000,1.09379,1.09377,1000000,1500000
2019-12-23 15:11:00.275000,1.09379,1.09378,1000000,1000000
2019-12-23 15:11:00.594000,1.09379,1.09377,1000000,1500000
2019-12-23 15:11:03.939000,1.09381,1.0938,1000000,1000000
2019-12-23 15:11:03.990000,1.0938,1.09378,1000000,2140000
2019-12-23 15:11:04.091000,1.09379,1.09378,1250000,1200000
2019-12-23 15:11:04.193000,1.09378,1.09377,1000000,1000000
2019-12-23 15:11:06.187000,1.09378,1.09376,1000000,1250000
2019-12-23 15:11:18.237000,1.09378,1.09376,1000000,1750000
2019-12-23 15:11:18.786000,1.09379,1.09377,1250000,2140000
2019-12-23 15:11:19.792000,1.0938,1.09378,1750000,1000000
2019-12-23 15:11:20.818000,1.0938,1.09378,1690000,1000000
2019-12-23 15:11:21.224000,1.09381,1.09379,1000000,1000000
2019-12-23 15:11:21.275000,1.09382,1.0938,1500000,1000000
2019-12-23 15:11:21.326000,1.09385,1.09383,2060000,1000000
2019-12-23 15:11:21.377000,1.09386,1.09384,1000000,1000000
2019-12-23 15:11:27.673000,1.09387,1.09384,1690000,1000000
2019-12-23 15:11:28.524000,1.09386,1.09384,1250000,1000000
2019-12-23 15:11:28.575000,1.09385,1.09383,1000000,1250000
2019-12-23 15:11:30.317000,1.09384,1.09383,1000000,1250000
2019-12-23 15:11:30.490000,1.09385,1.09383,1000000,1250000
2019-12-23 15:11:30.707000,1.09384,1.09382,1000000,1250000
2019-12-23 15:11:47.949000,1.09384,1.09381,1250000,2510000
2019-12-23 15:11:51.617000,1.09381,1.09379,1000000,2870000
2019-12-23 15:11:52.586000,1.09382,1.09381,1000000,1690000
2019-12-23 15:11:55.895000,1.0938,1.09379,1000000,2320000
2019-12-23 15:11:55.998000,1.09379,1.09378,1000000,1000000
2019-12-23 15:12:01.341000,1.09379,1.09376,1250000,5270000
2019-12-23 15:12:01.494000,1.09379,1.09376,1690000,2510000
2019-12-23 15:12:01.595000,1.09377,1.09376,1000000,2060000
2019-12-23 15:12:01.909000,1.09378,1.09376,1000000,2060000
2019-12-23 15:12:02.959000,1.09378,1.09376,1000000,1750000
2019-12-23 15:12:03.061000,1.09379,1.09377,1690000,1250000
2019-12-23 15:12:04.550000,1.09378,1.09376,1500000,1690000
2019-12-23 15:12:06.359000,1.09377,1.09375,2440000,1000000
2019-12-23 15:12:06.410000,1.09375,1.09373,1000000,3820000
2019-12-23 15:12:07.624000,1.09374,1.09373,1000000,1000000
2019-12-23 15:12:07.879000,1.09377,1.09375,1000000,1690000
2019-12-23 15:12:11.976000,1.09375,1.09373,2440000,2890000
2019-12-23 15:12:12.078000,1.09374,1.09373,1250000,1000000
2019-12-23 15:12:12.534000,1.09374,1.09372,2500000,1000000
2019-12-23 15:12:12.686000,1.09374,1.09372,1690000,1000000
2019-12-23 15:12:15.833000,1.09377,1.09376,1100000,1500000
2019-12-23 15:12:15.934000,1.09377,1.09376,1000000,1500000
2019-12-23 15:12:20.598000,1.09379,1.09376,2440000,2250000
2019-12-23 15:12:20.852000,1.0938,1.09377,2440000,1500000
2019-12-23 15:12:21.161000,1.09379,1.09377,1000000,1000000
2019-12-23 15:12:22.599000,1.0938,1.09377,3750000,1000000
2019-12-23 15:12:27.213000,1.09379,1.09377,1000000,1000000
2019-12-23 15:12:28.604000,1.0938,1.09377,3940000,1500000
2019-12-23 15:12:31,1.0938,1.09378,3190000,1000000
2019-12-23 15:12:31.101000,1.0938,1.09378,3250000,1000000
2019-12-23 15:12:32.614000,1.0938,1.09378,1250000,1000000
2019-12-23 15:12:33.916000,1.09379,1.09378,1000000,1000000
2019-12-23 15:12:34.067000,1.09379,1.09377,1000000,1690000
2019-12-23 15:12:41.964000,1.09379,1.09378,1000000,1000000
2019-12-23 15:12:42.116000,1.09379,1.09377,1000000,1250000
2019-12-23 15:12:45.363000,1.09381,1.09378,6060000,1000000
2019-12-23 15:12:45.465000,1.09382,1.09381,2810000,1250000
2019-12-23 15:12:45.566000,1.09383,1.0938,2810000,1500000
2019-12-23 15:12:45.704000,1.09384,1.09381,1250000,1500000
2019-12-23 15:12:45.806000,1.09386,1.09383,4500000,1500000
2019-12-23 15:12:45.907000,1.09386,1.09384,1500000,1000000
2019-12-23 15:12:46.262000,1.09385,1.09384,1000000,1000000
2019-12-23 15:12:47.888000,1.09386,1.09384,1000000,1000000
2019-12-23 15:12:47.999000,1.09385,1.09383,1000000,1500000
2019-12-23 15:12:50.391000,1.09384,1.09382,1000000,2250000
2019-12-23 15:12:51.279000,1.09383,1.09381,1000000,3190000
2019-12-23 15:13:15.057000,1.0938,1.09378,1750000,1570000
2019-12-23 15:13:15.158000,1.0938,1.09377,1690000,1570000
2019-12-23 15:13:15.462000,1.0938,1.09379,1000000,1000000
2019-12-23 15:13:15.935000,1.0938,1.09378,1000000,1000000
2019-12-23 15:13:16.036000,1.09381,1.0938,1000000,1250000
2019-12-23 15:13:16.138000,1.09381,1.09379,1000000,1500000
2019-12-23 15:13:21.563000,1.09382,1.09381,1000000,1000000
2019-12-23 15:13:21.665000,1.09384,1.09382,3250000,1000000
2019-12-23 15:13:21.816000,1.09384,1.09381,2500000,2250000
2019-12-23 15:13:24.215000,1.09384,1.09382,1750000,1000000
2019-12-23 15:13:24.961000,1.09384,1.09381,2500000,2250000
2019-12-23 15:14:04.953000,1.09382,1.09381,1000000,1500000
2019-12-23 15:14:05.004000,1.0938,1.09378,1000000,3690000
2019-12-23 15:14:05.105000,1.0938,1.09378,1250000,1500000
2019-12-23 15:14:05.423000,1.09379,1.09378,1250000,1000000
2019-12-23 15:14:05.525000,1.09379,1.09377,1250000,1500000
2019-12-23 15:14:11.935000,1.09379,1.09377,1750000,1000000
2019-12-23 15:14:12.037000,1.09379,1.09376,2500000,1870000
2019-12-23 15:14:37.140000,1.09375,1.09373,1000000,4760000
2019-12-23 15:14:37.242000,1.09375,1.09373,1690000,1500000
2019-12-23 15:14:37.800000,1.09374,1.09373,1000000,1500000
2019-12-23 15:14:37.929000,1.09375,1.09373,3000000,1500000
2019-12-23 15:14:38.392000,1.09374,1.09373,1000000,1500000
2019-12-23 15:14:38.602000,1.09375,1.09373,2440000,1500000
2019-12-23 15:14:40.600000,1.09374,1.09373,1000000,1500000
2019-12-23 15:14:41.582000,1.09373,1.09372,1250000,1500000
2019-12-23 15:14:41.683000,1.09373,1.09372,1250000,1000000
2019-12-23 15:14:41.913000,1.09374,1.09372,3190000,1000000
2019-12-23 15:14:42.263000,1.09374,1.09371,3190000,1120000
2019-12-23 15:14:44.575000,1.09374,1.09371,1250000,2620000
2019-12-23 15:14:49.910000,1.09375,1.09373,1120000,2250000
2019-12-23 15:14:50.012000,1.09377,1.09376,1000000,1000000
2019-12-23 15:14:50.113000,1.09377,1.09375,1500000,1310000
2019-12-23 15:14:52.013000,1.09377,1.09376,1000000,1000000
2019-12-23 15:14:52.715000,1.09377,1.09375,1000000,1690000
2019-12-23 15:14:52.816000,1.09377,1.09376,1000000,1000000
2019-12-23 15:14:59.613000,1.09377,1.09375,1000000,2060000
2019-12-23 15:14:59.714000,1.09377,1.09376,1000000,1000000
2019-12-23 15:15:02.812000,1.09377,1.09375,1000000,1250000
