time,ask,bid,ask_volume,bid_volume
2020-09-24 14:25:05.811000,1.05373,1.05372,1250000,1000000
2020-09-24 14:25:05.862000,1.05376,1.05374,1390000,1500000
2020-09-24 14:25:05.963000,1.05377,1.05374,4690000,1500000
2020-09-24 14:25:07.410000,1.05378,1.05374,1000000,1000000
2020-09-24 14:25:07.612000,1.05377,1.05376,1000000,3000000
2020-09-24 14:25:07.713000,1.05379,1.05376,3250000,3000000
2020-09-24 14:25:07.814000,1.05379,1.05376,1390000,3940000
2020-09-24 14:25:08.619000,1.05379,1.05376,4070000,3750000
2020-09-24 14:25:09.346000,1.05379,1.05376,2440000,3940000
2020-09-24 14:25:11.721000,1.05379,1.05376,2870000,3750000
2020-09-24 14:25:15.648000,1.05379,1.05376,1690000,3940000
2020-09-24 14:25:19.713000,1.05379,1.05376,2950000,4500000
2020-09-24 14:25:19.815000,1.05377,1.05373,4450000,6000000
2020-09-24 14:25:19.917000,1.05377,1.05374,2060000,3940000
2020-09-24 14:25:21.812000,1.05378,1.05375,3620000,1000000
2020-09-24 14:25:23.062000,1.05378,1.05375,3750000,3010000
2020-09-24 14:25:23.164000,1.05379,1.05376,1690000,4870000
2020-09-24 14:25:24.121000,1.0538,1.05377,4570000,1000000
2020-09-24 14:25:26.439000,1.05381,1.05379,1620000,3750000
2020-09-24 14:25:26.541000,1.05381,1.05379,1250000,3750000
2020-09-24 14:25:30.801000,1.05382,1.05379,4390000,1000000
2020-09-24 14:25:32.430000,1.05382,1.0538,3000000,1690000
2020-09-24 14:25:33.012000,1.05382,1.05381,3000000,1000000
2020-09-24 14:25:33.164000,1.05385,1.05382,3190000,1200000
2020-09-24 14:25:41.495000,1.05386,1.05383,3190000,1000000
2020-09-24 14:25:45.076000,1.05385,1.05383,1720000,1000000
2020-09-24 14:25:45.177000,1.05385,1.05382,1120000,5140000
2020-09-24 14:25:45.768000,1.05386,1.05381,3970000,4690000
2020-09-24 14:25:45.869000,1.05385,1.05382,2440000,4950000
2020-09-24 14:25:47.385000,1.05386,1.05382,1000000,1000000
2020-09-24 14:25:47.486000,1.05386,1.05383,5810000,1000000
2020-09-24 14:25:47.699000,1.05387,1.05384,4500000,1690000
2020-09-24 14:25:47.851000,1.05388,1.05385,7510000,1000000
2020-09-24 14:25:49.065000,1.05387,1.05386,1250000,1500000
2020-09-24 14:25:49.368000,1.05388,1.05387,1250000,1000000
2020-09-24 14:25:50.114000,1.0539,1.05387,5250000,1950000
2020-09-24 14:25:50.165000,1.05391,1.05389,1650000,1000000
2020-09-24 14:25:54.166000,1.05393,1.05391,4810000,1500000
2020-09-24 14:25:54.267000,1.05393,1.05391,3000000,1500000
2020-09-24 14:25:54.469000,1.05393,1.0539,5510000,1500000
2020-09-24 14:25:57.358000,1.05392,1.0539,3000000,1250000
2020-09-24 14:25:57.673000,1.05393,1.0539,6450000,1250000
2020-09-24 14:25:57.775000,1.05392,1.0539,1000000,3750000
2020-09-24 14:25:57.877000,1.05393,1.0539,4390000,1000000
2020-09-24 14:25:58.080000,1.05392,1.0539,1000000,1000000
2020-09-24 14:25:58.181000,1.05393,1.0539,4390000,1000000
2020-09-24 14:25:58.954000,1.05392,1.05389,3640000,3000000
2020-09-24 14:25:59.055000,1.05392,1.05388,7760000,5890000
2020-09-24 14:25:59.841000,1.05391,1.05388,1000000,4760000
2020-09-24 14:26:05.052000,1.0539,1.05387,4950000,1000000
2020-09-24 14:26:07.051000,1.0539,1.05385,1000000,5700000
2020-09-24 14:26:09.207000,1.05388,1.05386,1000000,1250000
2020-09-24 14:26:09.308000,1.05386,1.05383,2250000,1750000
2020-09-24 14:26:09.409000,1.05386,1.05382,2250000,1250000
2020-09-24 14:26:09.511000,1.05385,1.05381,5250000,3190000
2020-09-24 14:26:09.914000,1.05384,1.05381,3000000,2250000
2020-09-24 14:26:10.066000,1.05385,1.05381,5250000,2250000
2020-09-24 14:26:10.168000,1.05385,1.05382,2250000,3000000
2020-09-24 14:26:10.320000,1.05385,1.05381,5250000,2250000
2020-09-24 14:26:10.421000,1.05385,1.05382,2250000,3000000
2020-09-24 14:26:10.522000,1.05384,1.05381,3000000,2850000
2020-09-24 14:26:10.831000,1.05384,1.05381,3450000,2250000
2020-09-24 14:26:12.275000,1.05381,1.05379,2250000,4950000
2020-09-24 14:26:12.376000,1.05382,1.05377,1690000,4950000
2020-09-24 14:26:13.252000,1.05382,1.0538,1000000,1250000
2020-09-24 14:26:13.353000,1.05383,1.0538,3750000,2140000
2020-09-24 14:26:13.506000,1.05384,1.05381,6260000,1000000
2020-09-24 14:26:13.982000,1.05384,1.0538,6260000,2140000
2020-09-24 14:26:15.306000,1.05384,1.05381,5890000,1000000
2020-09-24 14:26:19.600000,1.05386,1.05384,4950000,1000000
2020-09-24 14:26:19.651000,1.05388,1.05387,1250000,1000000
2020-09-24 14:26:19.752000,1.0539,1.05388,1250000,3450000
2020-09-24 14:26:19.904000,1.0539,1.05389,1000000,1250000
2020-09-24 14:26:20.893000,1.05391,1.05389,1000000,4690000
2020-09-24 14:26:20.994000,1.05392,1.0539,1500000,1250000
2020-09-24 14:26:21.575000,1.05394,1.0539,4500000,1000000
2020-09-24 14:26:21.677000,1.05393,1.05392,3000000,1000000
2020-09-24 14:26:21.779000,1.05396,1.05392,1250000,1120000
2020-09-24 14:26:21.981000,1.05396,1.05393,1250000,1570000
2020-09-24 14:26:24.140000,1.05397,1.05393,5810000,5510000
2020-09-24 14:26:24.591000,1.05397,1.05394,2810000,3750000
2020-09-24 14:26:24.693000,1.05397,1.05395,1000000,1250000
2020-09-24 14:26:25.047000,1.05398,1.05395,5620000,1690000
2020-09-24 14:26:26.095000,1.05398,1.05396,1120000,1000000
2020-09-24 14:26:26.399000,1.054,1.05397,6650000,1690000
2020-09-24 14:26:26.500000,1.054,1.05397,5320000,1690000
2020-09-24 14:26:26.602000,1.054,1.05398,1200000,1000000
2020-09-24 14:26:27.274000,1.05401,1.05398,4390000,1000000
2020-09-24 14:26:29.431000,1.054,1.05398,3620000,1000000
2020-09-24 14:26:29.532000,1.05399,1.05397,3450000,1250000
2020-09-24 14:26:30.432000,1.054,1.05396,4390000,5500000
2020-09-24 14:26:30.534000,1.05401,1.05398,4920000,1000000
2020-09-24 14:26:30.686000,1.05401,1.05397,6350000,4690000
2020-09-24 14:26:30.788000,1.054,1.05397,4890000,1690000
2020-09-24 14:26:32.136000,1.05401,1.05395,2070000,5440000
2020-09-24 14:26:33.893000,1.05401,1.05398,5550000,1690000
2020-09-24 14:26:47.020000,1.054,1.05398,2350000,1000000
2020-09-24 14:26:47.124000,1.054,1.05395,1200000,4500000
2020-09-24 14:26:48.034000,1.054,1.05396,6010000,5570000
2020-09-24 14:26:48.695000,1.054,1.05395,1100000,5440000
2020-09-24 14:26:48.797000,1.05399,1.05396,1600000,5440000
2020-09-24 14:26:49.723000,1.05399,1.05396,1870000,4500000
2020-09-24 14:26:50.235000,1.05399,1.05396,1120000,5500000
2020-09-24 14:26:51.034000,1.05399,1.05396,3290000,1000000
2020-09-24 14:26:53.792000,1.05399,1.05395,7610000,5890000
2020-09-24 14:26:54.322000,1.05397,1.05395,1870000,4200000
2020-09-24 14:26:55.552000,1.05396,1.05395,3000000,1000000
2020-09-24 14:26:55.927000,1.05398,1.05394,4570000,1200000
2020-09-24 14:26:56.130000,1.05395,1.05393,1390000,1000000
2020-09-24 14:26:58.892000,1.05395,1.05394,1000000,3000000
2020-09-24 14:26:59.447000,1.05395,1.05393,1000000,1000000
2020-09-24 14:26:59.996000,1.05395,1.05394,1000000,3450000
2020-09-24 14:27:00.250000,1.05395,1.05393,1000000,1000000
2020-09-24 14:27:04.400000,1.05396,1.05394,2140000,3000000
2020-09-24 14:27:04.501000,1.05396,1.05393,2140000,1000000
2020-09-24 14:27:08.249000,1.05397,1.05394,4760000,2100000
2020-09-24 14:27:11.515000,1.05396,1.05393,2160000,2060000
2020-09-24 14:27:14.949000,1.05396,1.05393,5890000,1000000
2020-09-24 14:27:17.181000,1.05396,1.05393,6700000,1000000
2020-09-24 14:27:19.293000,1.05396,1.05394,3000000,1000000
2020-09-24 14:27:19.395000,1.05399,1.05396,1890000,4870000
2020-09-24 14:27:19.496000,1.05399,1.05396,1390000,4500000
2020-09-24 14:27:20.367000,1.05399,1.05397,1390000,1000000
2020-09-24 14:27:20.468000,1.05399,1.05396,5160000,1000000
2020-09-24 14:27:23.101000,1.05397,1.05396,1000000,1000000
2020-09-24 14:27:23.203000,1.05396,1.05395,1570000,1000000
2020-09-24 14:27:23.304000,1.05395,1.05394,1000000,1690000
2020-09-24 14:27:24.643000,1.05396,1.05395,1000000,1000000
2020-09-24 14:27:25.430000,1.05397,1.05395,1390000,1200000
2020-09-24 14:27:25.793000,1.05398,1.05396,4390000,1000000
2020-09-24 14:27:28.029000,1.05397,1.05396,1000000,1000000
2020-09-24 14:27:30.305000,1.05396,1.05394,2890000,1000000
2020-09-24 14:27:31.661000,1.05395,1.05393,1000000,1690000
2020-09-24 14:27:31.763000,1.05395,1.05392,5440000,1000000
2020-09-24 14:27:31.864000,1.05395,1.05393,5440000,1000000
2020-09-24 14:27:32.723000,1.05395,1.05392,6040000,1000000
2020-09-24 14:27:32.824000,1.05395,1.05391,1100000,1000000
2020-09-24 14:27:36.140000,1.05395,1.05392,3260000,1000000
2020-09-24 14:27:41.720000,1.05395,1.05393,2510000,1000000
2020-09-24 14:27:41.771000,1.05397,1.05396,1570000,1000000
2020-09-24 14:27:41.822000,1.05399,1.05396,2320000,1000000
2020-09-24 14:27:43.746000,1.05397,1.05395,1000000,3750000
2020-09-24 14:27:44.859000,1.05396,1.05395,1200000,1000000
2020-09-24 14:27:44.960000,1.05396,1.05394,5890000,1000000
2020-09-24 14:27:45.401000,1.05396,1.05392,6640000,5700000
2020-09-24 14:27:46.128000,1.05395,1.05392,1000000,4200000
2020-09-24 14:27:46.279000,1.05394,1.05392,1220000,1000000
2020-09-24 14:27:46.330000,1.05395,1.05392,4010000,1000000
2020-09-24 14:27:46.630000,1.05395,1.05391,7010000,4500000
2020-09-24 14:27:48.346000,1.05394,1.05391,1000000,5250000
2020-09-24 14:27:48.448000,1.05391,1.05389,1500000,1310000
2020-09-24 14:27:48.651000,1.05391,1.05388,1500000,4760000
2020-09-24 14:27:49.233000,1.05392,1.05388,5140000,4760000
2020-09-24 14:27:49.334000,1.05392,1.05388,4120000,7970000
2020-09-24 14:27:50.201000,1.05392,1.05387,1500000,5200000
2020-09-24 14:27:51.077000,1.05391,1.05388,1500000,3640000
2020-09-24 14:27:51.178000,1.05389,1.05386,2160000,3000000
2020-09-24 14:27:51.279000,1.05389,1.05385,5060000,6640000
2020-09-24 14:27:52.097000,1.05389,1.05385,5910000,6190000
2020-09-24 14:27:52.199000,1.05389,1.05385,4690000,6640000
2020-09-24 14:27:53.050000,1.0539,1.05386,6070000,4500000
2020-09-24 14:27:53.152000,1.0539,1.05387,2250000,3000000
2020-09-24 14:27:53.293000,1.0539,1.05386,5250000,5700000
2020-09-24 14:27:53.446000,1.05389,1.05386,3000000,2700000
2020-09-24 14:27:57.943000,1.05389,1.05387,3750000,1000000
2020-09-24 14:27:58.424000,1.05389,1.05386,4950000,1250000
2020-09-24 14:28:01.773000,1.05389,1.05387,4390000,1000000
2020-09-24 14:28:02.120000,1.05393,1.05389,1110000,1000000
2020-09-24 14:28:02.221000,1.05393,1.05391,7600000,1000000
2020-09-24 14:28:02.322000,1.05393,1.05391,1390000,1000000
2020-09-24 14:28:03.384000,1.05393,1.05392,1000000,1000000
2020-09-24 14:28:03.435000,1.05395,1.05392,7760000,1000000
2020-09-24 14:28:03.536000,1.05395,1.05393,7010000,1000000
2020-09-24 14:28:05.225000,1.05396,1.05394,5440000,1000000
2020-09-24 14:28:05.326000,1.05397,1.05395,1690000,3750000
2020-09-24 14:28:06.170000,1.05397,1.05394,2510000,3750000
2020-09-24 14:28:07.346000,1.05396,1.05394,1000000,3750000
2020-09-24 14:28:07.498000,1.05396,1.05393,4390000,1500000
2020-09-24 14:28:08.111000,1.05396,1.05394,4310000,1000000
2020-09-24 14:28:08.213000,1.05398,1.05396,1250000,1500000
2020-09-24 14:28:08.315000,1.05399,1.05397,1850000,1000000
2020-09-24 14:28:08.467000,1.05399,1.05397,1200000,1000000
2020-09-24 14:28:08.825000,1.05396,1.05395,1200000,1000000
2020-09-24 14:28:08.927000,1.05396,1.05393,6640000,1500000
2020-09-24 14:28:09.140000,1.05395,1.05393,3000000,1500000
2020-09-24 14:28:09.292000,1.05396,1.05393,6450000,1500000
2020-09-24 14:28:09.672000,1.05395,1.05393,3000000,1500000
2020-09-24 14:28:09.823000,1.05396,1.05393,5700000,1500000
2020-09-24 14:28:12.557000,1.05396,1.05392,6070000,4690000
2020-09-24 14:28:15.596000,1.05396,1.05393,4500000,1000000
2020-09-24 14:28:18.010000,1.05396,1.05392,1000000,1000000
2020-09-24 14:28:27.763000,1.05395,1.05393,4500000,1000000
2020-09-24 14:28:30.264000,1.05399,1.05394,4160000,1000000
2020-09-24 14:28:30.365000,1.05398,1.05396,5320000,1000000
2020-09-24 14:28:31.946000,1.05398,1.05395,6070000,1000000
2020-09-24 14:28:32.651000,1.05397,1.05395,3000000,1000000
2020-09-24 14:28:32.943000,1.05398,1.05395,6070000,1000000
2020-09-24 14:28:32.994000,1.05396,1.05395,3750000,1000000
2020-09-24 14:28:35.192000,1.05395,1.05393,3000000,2060000
2020-09-24 14:28:37.223000,1.05395,1.05392,3750000,1500000
2020-09-24 14:28:38.339000,1.05395,1.05392,5100000,1000000
2020-09-24 14:28:39.065000,1.05393,1.05391,1200000,1500000
2020-09-24 14:28:39.166000,1.05394,1.05392,2140000,1000000
2020-09-24 14:28:39.329000,1.05394,1.05391,6070000,1250000
2020-09-24 14:28:39.380000,1.05392,1.0539,4200000,1000000
2020-09-24 14:28:39.752000,1.05391,1.0539,1000000,3750000
2020-09-24 14:28:39.803000,1.0539,1.05387,5850000,1570000
2020-09-24 14:28:39.906000,1.05389,1.05386,4570000,1690000
2020-09-24 14:28:41.272000,1.05388,1.05386,3000000,1000000
2020-09-24 14:28:41.517000,1.05389,1.05386,1570000,1000000
2020-09-24 14:28:41.618000,1.05388,1.05386,3000000,1000000
2020-09-24 14:28:41.720000,1.05389,1.05386,1570000,1000000
2020-09-24 14:28:42.773000,1.05386,1.05384,1000000,1000000
2020-09-24 14:28:42.874000,1.05385,1.05382,1500000,4070000
2020-09-24 14:28:42.976000,1.05384,1.05381,5810000,1500000
2020-09-24 14:28:43.831000,1.05383,1.05381,3070000,1000000
2020-09-24 14:28:45.200000,1.05383,1.05378,1570000,3750000
2020-09-24 14:28:45.301000,1.05381,1.05378,4760000,1000000
2020-09-24 14:28:45.554000,1.0538,1.05378,1000000,1000000
2020-09-24 14:28:45.756000,1.0538,1.05377,1100000,3750000
2020-09-24 14:28:45.858000,1.05379,1.05376,2440000,3750000
2020-09-24 14:28:47.361000,1.05379,1.05377,1000000,3000000
2020-09-24 14:28:47.715000,1.0538,1.05375,1000000,3750000
2020-09-24 14:28:48.900000,1.05381,1.05378,1690000,6640000
2020-09-24 14:28:49.001000,1.05379,1.05378,1000000,3000000
2020-09-24 14:28:49.103000,1.05379,1.05376,1000000,4760000
2020-09-24 14:28:49.660000,1.0538,1.05376,5510000,5510000
2020-09-24 14:28:49.761000,1.0538,1.05377,2510000,3000000
2020-09-24 14:28:50.214000,1.05379,1.05377,1000000,3000000
2020-09-24 14:28:50.316000,1.05378,1.05374,3000000,1000000
2020-09-24 14:28:50.417000,1.05378,1.05375,2890000,1000000
2020-09-24 14:28:50.669000,1.05377,1.05375,1000000,1000000
2020-09-24 14:28:56.546000,1.05381,1.05379,1950000,1100000
2020-09-24 14:28:56.648000,1.05379,1.05376,1500000,6040000
2020-09-24 14:28:56.749000,1.05379,1.05376,1690000,4120000
2020-09-24 14:28:57.924000,1.05382,1.05379,6200000,1010000
2020-09-24 14:28:58.025000,1.05382,1.0538,1000000,1000000
2020-09-24 14:28:58.892000,1.05382,1.05379,1000000,4570000
2020-09-24 14:28:58.994000,1.05382,1.0538,1000000,1000000
2020-09-24 14:28:59.095000,1.05383,1.0538,5250000,1000000
2020-09-24 14:28:59.854000,1.05384,1.05379,3750000,2870000
2020-09-24 14:28:59.955000,1.05383,1.0538,3750000,1870000
2020-09-24 14:29:01.535000,1.05384,1.05381,3000000,2140000
2020-09-24 14:29:02.200000,1.05384,1.0538,5890000,5810000
2020-09-24 14:29:03.615000,1.05383,1.0538,1000000,5140000
2020-09-24 14:29:06.154000,1.05381,1.05379,1010000,3750000
2020-09-24 14:29:06.255000,1.05379,1.05376,1500000,5810000
2020-09-24 14:29:06.356000,1.05378,1.05376,3750000,1690000
2020-09-24 14:29:07.368000,1.05376,1.05374,1000000,4870000
2020-09-24 14:29:07.470000,1.05374,1.05372,1950000,1250000
2020-09-24 14:29:07.572000,1.05373,1.05371,3750000,1250000
2020-09-24 14:29:07.673000,1.05373,1.05371,4500000,1250000
2020-09-24 14:29:07.886000,1.05372,1.05371,1000000,1250000
2020-09-24 14:29:08.687000,1.05373,1.0537,3750000,3040000
2020-09-24 14:29:08.790000,1.05372,1.05369,3000000,2140000
2020-09-24 14:29:12.375000,1.05373,1.05369,6640000,3940000
2020-09-24 14:29:13.482000,1.05372,1.05369,3000000,1250000
2020-09-24 14:29:14.264000,1.05374,1.05372,1000000,3750000
2020-09-24 14:29:14.367000,1.05376,1.05373,4500000,1310000
2020-09-24 14:29:15.059000,1.05374,1.05371,2440000,5100000
2020-09-24 14:29:15.161000,1.05374,1.05371,1690000,3750000
2020-09-24 14:29:15.262000,1.05373,1.05371,1000000,1000000
2020-09-24 14:29:16.150000,1.05374,1.05369,1000000,4690000
2020-09-24 14:29:16.251000,1.05374,1.05371,4690000,1000000
2020-09-24 14:29:17.484000,1.05373,1.0537,3000000,2060000
2020-09-24 14:29:20.420000,1.05376,1.05373,3940000,1000000
2020-09-24 14:29:20.522000,1.05373,1.05372,1000000,3750000
2020-09-24 14:29:20.624000,1.05374,1.0537,1250000,1000000
2020-09-24 14:29:24.698000,1.05375,1.05373,3190000,1000000
2020-09-24 14:29:24.850000,1.05373,1.05372,1000000,4690000
2020-09-24 14:29:25.053000,1.05373,1.05371,1000000,5060000
2020-09-24 14:29:28.402000,1.05374,1.05372,4370000,1500000
2020-09-24 14:29:28.453000,1.05377,1.05375,1120000,1000000
2020-09-24 14:29:28.710000,1.05378,1.05375,4390000,1500000
2020-09-24 14:29:29.244000,1.05379,1.05376,2500000,3750000
2020-09-24 14:29:29.497000,1.0538,1.05377,3700000,3750000
2020-09-24 14:29:29.599000,1.05381,1.05378,1310000,3750000
2020-09-24 14:29:29.700000,1.05381,1.05379,1250000,1000000
2020-09-24 14:29:29.852000,1.05381,1.05379,4750000,1000000
2020-09-24 14:29:31.542000,1.05383,1.05381,3820000,1000000
2020-09-24 14:29:32.269000,1.05383,1.05382,1000000,3000000
2020-09-24 14:29:33.470000,1.05384,1.05383,1000000,1000000
2020-09-24 14:29:34.531000,1.05385,1.05383,1250000,3750000
2020-09-24 14:29:34.633000,1.05384,1.05383,1000000,3750000
2020-09-24 14:29:36.881000,1.05385,1.05383,1690000,1000000
2020-09-24 14:29:38.346000,1.05386,1.05384,1310000,3750000
2020-09-24 14:29:39.355000,1.05386,1.05383,2060000,4500000
2020-09-24 14:29:39.756000,1.05386,1.05385,2060000,1000000
2020-09-24 14:29:40.127000,1.05387,1.05385,1250000,1000000
2020-09-24 14:29:41.244000,1.05387,1.05385,3010000,1000000
2020-09-24 14:29:41.824000,1.05387,1.05385,2060000,1000000
2020-09-24 14:29:42.790000,1.05386,1.05385,1250000,1000000
2020-09-24 14:29:43.144000,1.05386,1.05384,1390000,3750000
2020-09-24 14:29:46.139000,1.05388,1.05386,1200000,1000000
2020-09-24 14:29:46.190000,1.0539,1.05387,6020000,1000000
2020-09-24 14:29:46.291000,1.0539,1.05388,3750000,1000000
2020-09-24 14:29:47.660000,1.05393,1.05391,4950000,1000000
2020-09-24 14:29:47.761000,1.05395,1.05393,3750000,1000000
2020-09-24 14:29:48.014000,1.05397,1.05393,2220000,1500000
2020-09-24 14:29:48.116000,1.05396,1.05395,3070000,1000000
2020-09-24 14:29:48.217000,1.05398,1.05395,2350000,1000000
2020-09-24 14:29:48.319000,1.05399,1.05397,7040000,1000000
2020-09-24 14:29:48.420000,1.05398,1.05396,1010000,1000000
2020-09-24 14:29:48.783000,1.05398,1.05396,3320000,1000000
2020-09-24 14:29:48.985000,1.05398,1.05395,4070000,3750000
2020-09-24 14:29:50.154000,1.05396,1.05395,1250000,3000000
2020-09-24 14:29:50.306000,1.05396,1.05394,1250000,3750000
2020-09-24 14:29:50.509000,1.05396,1.05391,1750000,4950000
2020-09-24 14:29:51.828000,1.05392,1.05389,2320000,3820000
2020-09-24 14:29:51.930000,1.05391,1.05388,1000000,4270000
2020-09-24 14:29:52.031000,1.05392,1.05388,1000000,3000000
2020-09-24 14:29:52.132000,1.05391,1.05388,1000000,3750000
2020-09-24 14:29:52.492000,1.0539,1.05388,1000000,1000000
2020-09-24 14:29:52.593000,1.05391,1.05386,3750000,1000000
2020-09-24 14:29:53.031000,1.0539,1.05386,4500000,6820000
2020-09-24 14:29:55.068000,1.0539,1.05387,4500000,1000000
2020-09-24 14:29:55.170000,1.0539,1.05388,1000000,3000000
2020-09-24 14:29:55.272000,1.0539,1.05387,1000000,4200000
2020-09-24 14:29:55.581000,1.05391,1.05388,3750000,1200000
2020-09-24 14:29:56.862000,1.0539,1.05388,3940000,1000000
2020-09-24 14:29:57.024000,1.05389,1.05388,3000000,1000000
2020-09-24 14:29:57.328000,1.0539,1.05387,1250000,1000000
2020-09-24 14:29:57.480000,1.0539,1.05388,1250000,3000000
2020-09-24 14:29:57.531000,1.05387,1.05384,1500000,4220000
2020-09-24 14:29:57.632000,1.05388,1.05386,1000000,1000000
2020-09-24 14:29:58.036000,1.05389,1.05386,3940000,1000000
2020-09-24 14:29:58.138000,1.05389,1.05387,3750000,1000000
2020-09-24 14:30:01.690000,1.0539,1.05387,1000000,1000000
2020-09-24 14:30:02.752000,1.05389,1.05387,1200000,1000000
2020-09-24 14:30:06.355000,1.0539,1.05388,2140000,3750000
2020-09-24 14:30:07.506000,1.0539,1.05388,2870000,3750000
2020-09-24 14:30:07.608000,1.0539,1.05387,2660000,1000000
2020-09-24 14:30:08.110000,1.0539,1.05387,5510000,1000000
2020-09-24 14:30:08.695000,1.0539,1.05388,5140000,1000000
2020-09-24 14:30:09.481000,1.0539,1.05388,1750000,3750000
2020-09-24 14:30:10.925000,1.0539,1.05387,6320000,1000000
2020-09-24 14:30:11.483000,1.0539,1.05387,3940000,1390000
2020-09-24 14:30:11.635000,1.0539,1.05387,4750000,1100000
2020-09-24 14:30:12.057000,1.0539,1.05387,1750000,1220000
2020-09-24 14:30:13.493000,1.0539,1.05387,1750000,1200000
2020-09-24 14:30:14.440000,1.05389,1.05386,3450000,3750000
2020-09-24 14:30:15.139000,1.05389,1.05387,3450000,1000000
2020-09-24 14:30:15.569000,1.0539,1.05387,5140000,1000000
2020-09-24 14:30:15.670000,1.0539,1.05387,5950000,1000000
2020-09-24 14:30:17.025000,1.0539,1.05389,4120000,1000000
2020-09-24 14:30:17.077000,1.05392,1.0539,2000000,1690000
2020-09-24 14:30:17.129000,1.05394,1.05391,1950000,1000000
2020-09-24 14:30:17.231000,1.05395,1.05392,3820000,1000000
2020-09-24 14:30:17.572000,1.05396,1.05393,4200000,1000000
2020-09-24 14:30:18.362000,1.05396,1.05394,1000000,3000000
2020-09-24 14:30:18.463000,1.05396,1.05393,1000000,1200000
2020-09-24 14:30:18.615000,1.05397,1.05393,1000000,3000000
2020-09-24 14:30:19.458000,1.05398,1.05395,3260000,3750000
2020-09-24 14:30:19.863000,1.05396,1.05393,1200000,2810000
2020-09-24 14:30:19.964000,1.05396,1.05392,6700000,5140000
2020-09-24 14:30:20.905000,1.05395,1.05392,1250000,4950000
2020-09-24 14:30:21.157000,1.05393,1.05391,1000000,3750000
2020-09-24 14:30:21.511000,1.05394,1.05392,1120000,1000000
2020-09-24 14:30:21.613000,1.05394,1.05391,1000000,3750000
2020-09-24 14:30:21.715000,1.05396,1.0539,5440000,5250000
2020-09-24 14:30:21.917000,1.05395,1.05393,4690000,1000000
2020-09-24 14:30:22.282000,1.05396,1.05393,3000000,1500000
2020-09-24 14:30:22.585000,1.05397,1.05393,3640000,4870000
2020-09-24 14:30:22.687000,1.05396,1.05393,1200000,4120000
2020-09-24 14:30:22.788000,1.05397,1.05392,5200000,1120000
2020-09-24 14:30:23.103000,1.05396,1.05393,3000000,2320000
2020-09-24 14:30:23.204000,1.05397,1.05393,2140000,5320000
2020-09-24 14:30:23.309000,1.05396,1.05393,1820000,4120000
2020-09-24 14:30:23.851000,1.05397,1.05393,2640000,4950000
2020-09-24 14:30:24.586000,1.05398,1.05392,2510000,5320000
2020-09-24 14:30:25.346000,1.05397,1.05394,2440000,1000000
2020-09-24 14:30:25.448000,1.05397,1.05396,1000000,1000000
2020-09-24 14:30:25.498000,1.05399,1.05396,2810000,3940000
2020-09-24 14:30:26.414000,1.054,1.05397,2870000,1500000
2020-09-24 14:30:26.870000,1.05398,1.05397,1000000,1000000
2020-09-24 14:30:26.921000,1.05398,1.05395,1120000,4690000
2020-09-24 14:30:27.174000,1.05398,1.05394,1000000,1000000
2020-09-24 14:30:27.276000,1.05396,1.05393,2500000,4500000
2020-09-24 14:30:27.591000,1.05399,1.05394,1350000,1500000
2020-09-24 14:30:27.692000,1.05399,1.05395,4570000,3750000
2020-09-24 14:30:29.292000,1.05399,1.05396,2060000,1690000
2020-09-24 14:30:29.445000,1.05399,1.05396,1120000,5950000
2020-09-24 14:30:30.870000,1.05401,1.05396,1390000,1250000
2020-09-24 14:30:32.894000,1.05401,1.05396,2200000,1120000
2020-09-24 14:30:34.413000,1.05401,1.05399,1120000,1000000
2020-09-24 14:30:34.514000,1.05404,1.05401,5540000,1000000
2020-09-24 14:30:34.717000,1.05404,1.054,5470000,4500000
2020-09-24 14:30:35.021000,1.05404,1.054,1870000,4500000
2020-09-24 14:30:36.382000,1.05403,1.054,1000000,4500000
2020-09-24 14:30:37.264000,1.05402,1.054,1200000,3000000
2020-09-24 14:30:37.416000,1.05402,1.05399,1200000,1500000
2020-09-24 14:30:38.963000,1.05402,1.05397,2200000,6000000
2020-09-24 14:30:39.066000,1.05399,1.05397,1000000,3190000
2020-09-24 14:30:39.167000,1.05399,1.05396,1220000,5500000
2020-09-24 14:30:39.270000,1.05398,1.05395,2320000,4690000
2020-09-24 14:30:39.371000,1.05398,1.05395,3570000,4690000
2020-09-24 14:30:42.398000,1.05397,1.05394,4320000,4750000
2020-09-24 14:30:42.500000,1.05393,1.0539,1950000,5600000
2020-09-24 14:30:42.601000,1.05392,1.05389,2320000,4000000
2020-09-24 14:30:43.442000,1.05392,1.05389,2510000,3190000
2020-09-24 14:30:44.441000,1.05392,1.05388,7070000,5060000
2020-09-24 14:30:44.491000,1.05389,1.05386,1720000,5760000
2020-09-24 14:30:45.068000,1.05389,1.05386,4570000,1750000
2020-09-24 14:30:45.811000,1.05389,1.05386,4760000,1250000
2020-09-24 14:30:46.214000,1.05389,1.05386,5570000,1000000
2020-09-24 14:30:46.906000,1.05389,1.05386,4760000,1000000
2020-09-24 14:30:47.871000,1.05389,1.05386,4910000,1120000
2020-09-24 14:30:48.077000,1.05389,1.05386,5140000,1000000
2020-09-24 14:30:48.519000,1.0539,1.05387,1820000,1500000
2020-09-24 14:30:49.834000,1.0539,1.05387,1760000,1250000
2020-09-24 14:30:50.162000,1.0539,1.05387,5570000,1000000
2020-09-24 14:30:54.590000,1.0539,1.05387,4760000,1310000
2020-09-24 14:30:54.844000,1.05393,1.0539,5070000,3190000
2020-09-24 14:30:54.946000,1.05391,1.05389,2950000,3820000
2020-09-24 14:30:55.047000,1.05391,1.05388,3350000,4500000
2020-09-24 14:30:55.149000,1.05391,1.05388,1000000,6190000
2020-09-24 14:30:55.250000,1.05392,1.05389,5620000,1000000
2020-09-24 14:30:55.351000,1.05391,1.05389,1000000,1000000
2020-09-24 14:30:55.543000,1.05391,1.05388,1000000,5810000
2020-09-24 14:30:56.405000,1.0539,1.05388,1000000,5810000
2020-09-24 14:30:56.859000,1.05391,1.05388,1000000,5810000
2020-09-24 14:30:57.397000,1.0539,1.05388,1000000,5810000
2020-09-24 14:30:58.313000,1.0539,1.05387,1570000,4690000
2020-09-24 14:30:58.415000,1.05389,1.05387,1250000,4870000
2020-09-24 14:31:00.578000,1.05389,1.05386,1690000,6260000
2020-09-24 14:31:02.276000,1.05388,1.05386,1000000,6260000
2020-09-24 14:31:02.454000,1.05389,1.05386,1690000,6260000
2020-09-24 14:31:03.007000,1.05388,1.05386,1000000,2510000
2020-09-24 14:31:03.537000,1.05386,1.05384,1000000,2140000
2020-09-24 14:31:03.589000,1.05383,1.05381,1570000,1100000
2020-09-24 14:31:03.690000,1.05384,1.05381,1000000,6070000
2020-09-24 14:31:05.621000,1.05386,1.05384,1000000,4200000
2020-09-24 14:31:05.672000,1.05387,1.05386,1000000,1000000
2020-09-24 14:31:05.775000,1.05389,1.05385,1000000,1000000
2020-09-24 14:31:07.468000,1.05389,1.05386,1500000,5140000
2020-09-24 14:31:07.570000,1.05389,1.05387,1000000,1000000
2020-09-24 14:31:07.923000,1.05389,1.05386,1570000,3000000
2020-09-24 14:31:08.025000,1.05389,1.05385,4760000,4950000
2020-09-24 14:31:08.228000,1.05389,1.05386,1760000,3000000
2020-09-24 14:31:08.329000,1.05389,1.05385,4760000,4870000
2020-09-24 14:31:10.423000,1.05389,1.05386,1570000,3000000
2020-09-24 14:31:10.723000,1.05389,1.05385,4570000,4690000
2020-09-24 14:31:11.140000,1.05388,1.05385,1000000,3750000
2020-09-24 14:31:11.242000,1.05388,1.05386,1000000,1000000
2020-09-24 14:31:11.344000,1.05389,1.05386,4500000,1760000
2020-09-24 14:31:11.445000,1.05389,1.05387,1500000,1000000
2020-09-24 14:31:12.244000,1.0539,1.05387,1000000,3000000
2020-09-24 14:31:15.406000,1.05392,1.05387,1000000,5440000
2020-09-24 14:31:15.507000,1.05391,1.05389,1000000,3000000
2020-09-24 14:31:16.286000,1.05391,1.0539,1000000,1000000
2020-09-24 14:31:16.337000,1.05393,1.05391,1120000,1000000
2020-09-24 14:31:16.438000,1.05394,1.05391,1500000,4690000
2020-09-24 14:31:16.539000,1.05394,1.05391,1000000,4790000
2020-09-24 14:31:16.759000,1.05394,1.05391,1000000,4760000
2020-09-24 14:31:17.012000,1.05392,1.0539,1000000,1120000
2020-09-24 14:31:17.165000,1.05391,1.05388,1500000,4390000
2020-09-24 14:31:17.881000,1.0539,1.05388,1000000,3940000
2020-09-24 14:31:18.084000,1.0539,1.05386,5890000,1760000
2020-09-24 14:31:18.185000,1.0539,1.05386,2060000,4990000
2020-09-24 14:31:18.287000,1.0539,1.05386,2510000,4760000
2020-09-24 14:31:19.729000,1.05389,1.05386,1000000,2510000
2020-09-24 14:31:20.435000,1.0539,1.05385,1000000,3040000
2020-09-24 14:31:24.434000,1.0539,1.05387,2060000,1100000
2020-09-24 14:31:28.862000,1.0539,1.05388,1500000,1390000
2020-09-24 14:31:29.115000,1.05391,1.05389,1120000,1250000
2020-09-24 14:31:29.166000,1.05393,1.05391,1950000,1250000
2020-09-24 14:31:29.267000,1.05394,1.05392,1000000,2320000
2020-09-24 14:31:29.369000,1.05395,1.05393,4500000,1310000
2020-09-24 14:31:31.182000,1.05394,1.05391,1200000,5510000
2020-09-24 14:31:33.348000,1.05393,1.05391,1000000,2510000
2020-09-24 14:31:37.602000,1.05395,1.05392,4690000,2560000
2020-09-24 14:31:37.704000,1.05396,1.05393,2250000,2660000
2020-09-24 14:31:37.805000,1.05397,1.05395,1500000,2440000
2020-09-24 14:31:37.856000,1.054,1.05398,4000000,1100000
2020-09-24 14:31:37.958000,1.054,1.05397,4000000,2250000
2020-09-24 14:31:38.256000,1.05401,1.05397,5250000,6600000
2020-09-24 14:31:39.032000,1.05401,1.05397,5250000,6600000
2020-09-24 14:31:47.034000,1.05402,1.054,1500000,3000000
2020-09-24 14:31:47.135000,1.05402,1.05399,4690000,1200000
2020-09-24 14:31:47.941000,1.05401,1.05398,3000000,3040000
2020-09-24 14:31:48.050000,1.05402,1.05398,5440000,6040000
2020-09-24 14:31:49.292000,1.05401,1.05398,3000000,2290000
2020-09-24 14:31:49.400000,1.05402,1.05398,6370000,5290000
2020-09-24 14:31:49.502000,1.05401,1.05398,1000000,4540000
2020-09-24 14:31:50.769000,1.05401,1.05398,3750000,1390000
2020-09-24 14:31:50.870000,1.05398,1.05394,1500000,2900000
2020-09-24 14:31:50.971000,1.05397,1.05394,1120000,5290000
2020-09-24 14:31:51.224000,1.05397,1.05395,1000000,3600000
2020-09-24 14:31:51.326000,1.05397,1.05394,1000000,5290000
2020-09-24 14:31:53.951000,1.05399,1.05396,1870000,5140000
2020-09-24 14:31:54.002000,1.05399,1.05396,1500000,7160000
2020-09-24 14:31:54.205000,1.054,1.05397,1000000,3790000
2020-09-24 14:31:57.268000,1.05401,1.05399,1250000,1250000
2020-09-24 14:31:57.369000,1.05403,1.05399,1500000,1390000
2020-09-24 14:32:03.150000,1.05402,1.054,1000000,1600000
2020-09-24 14:32:03.252000,1.05403,1.05401,1120000,4540000
2020-09-24 14:32:03.353000,1.05403,1.05401,1120000,3940000
2020-09-24 14:32:03.505000,1.05403,1.054,1120000,5140000
2020-09-24 14:32:04.258000,1.05406,1.05402,3490000,2890000
2020-09-24 14:32:04.360000,1.05406,1.05403,6000000,1760000
2020-09-24 14:32:04.463000,1.05407,1.05405,1000000,1000000
2020-09-24 14:32:04.665000,1.05407,1.05404,1500000,5140000
2020-09-24 14:32:04.817000,1.05408,1.05404,5440000,5890000
2020-09-24 14:32:06.004000,1.05409,1.05404,1870000,1390000
2020-09-24 14:32:06.106000,1.05409,1.05405,3560000,5140000
2020-09-24 14:32:06.703000,1.05408,1.05405,1000000,5890000
2020-09-24 14:32:11.054000,1.0541,1.05406,5640000,4010000
2020-09-24 14:32:11.156000,1.0541,1.05406,1870000,6640000
2020-09-24 14:32:11.307000,1.05409,1.05406,1000000,3640000
2020-09-24 14:32:11.611000,1.0541,1.05406,4870000,5890000
2020-09-24 14:32:11.712000,1.05409,1.05406,1000000,5890000
2020-09-24 14:32:11.826000,1.0541,1.05406,1870000,2890000
2020-09-24 14:32:12.141000,1.05413,1.05408,2470000,3750000
2020-09-24 14:32:12.242000,1.05412,1.05409,1870000,3750000
2020-09-24 14:32:12.495000,1.05412,1.0541,1000000,1000000
2020-09-24 14:32:12.596000,1.05413,1.0541,1950000,1000000
2020-09-24 14:32:15.493000,1.05418,1.05415,3820000,1950000
2020-09-24 14:32:15.544000,1.05422,1.05416,2250000,2100000
2020-09-24 14:32:15.647000,1.05421,1.0542,1000000,1310000
2020-09-24 14:32:15.699000,1.0542,1.05418,4500000,1000000
2020-09-24 14:32:16.104000,1.05419,1.05417,1000000,1200000
2020-09-24 14:32:16.205000,1.0542,1.05417,5510000,1200000
2020-09-24 14:32:17.225000,1.05418,1.05416,1250000,3820000
2020-09-24 14:32:17.528000,1.05418,1.05414,4500000,7010000
2020-09-24 14:32:18.112000,1.05418,1.05415,3000000,2510000
2020-09-24 14:32:18.229000,1.05419,1.05415,2250000,5510000
2020-09-24 14:32:18.336000,1.05418,1.05415,3000000,2510000
2020-09-24 14:32:18.718000,1.05419,1.05415,2250000,5510000
2020-09-24 14:32:18.874000,1.05419,1.05416,1500000,1000000
2020-09-24 14:32:19.591000,1.05422,1.05418,9410000,1500000
2020-09-24 14:32:19.692000,1.05422,1.05419,3940000,3000000
2020-09-24 14:32:19.794000,1.05423,1.0542,1000000,4570000
2020-09-24 14:32:19.895000,1.05424,1.05421,1000000,3940000
2020-09-24 14:32:21.163000,1.05425,1.05421,6000000,4690000
2020-09-24 14:32:24.388000,1.05426,1.05421,2250000,1000000
2020-09-24 14:32:25.657000,1.05425,1.05421,3000000,4690000
2020-09-24 14:32:25.759000,1.05424,1.05421,3000000,1690000
2020-09-24 14:32:26.441000,1.05425,1.05421,3370000,4690000
2020-09-24 14:32:26.593000,1.05424,1.0542,4500000,7070000
2020-09-24 14:32:26.695000,1.05424,1.0542,5620000,5510000
2020-09-24 14:32:30.176000,1.05424,1.0542,4500000,6390000
2020-09-24 14:32:30.277000,1.05424,1.0542,4500000,6260000
2020-09-24 14:32:31.002000,1.05424,1.05419,3000000,2700000
2020-09-24 14:32:31.154000,1.05424,1.0542,5810000,5700000
2020-09-24 14:32:31.256000,1.05423,1.0542,3000000,3070000
2020-09-24 14:32:32.175000,1.05425,1.05423,1000000,1250000
2020-09-24 14:32:32.277000,1.05425,1.05422,3750000,2250000
2020-09-24 14:32:33.610000,1.05424,1.05422,1000000,1500000
2020-09-24 14:32:34.622000,1.05424,1.05421,1950000,3000000
2020-09-24 14:32:34.723000,1.05423,1.0542,3750000,1000000
2020-09-24 14:32:34.824000,1.05422,1.0542,1000000,1000000
2020-09-24 14:32:34.926000,1.05423,1.0542,3750000,1000000
2020-09-24 14:32:36.563000,1.05424,1.0542,1000000,1000000
2020-09-24 14:32:37.490000,1.05424,1.05421,3940000,1500000
2020-09-24 14:32:39.962000,1.05425,1.05422,5250000,1200000
2020-09-24 14:32:40.064000,1.05424,1.05421,1000000,1500000
2020-09-24 14:32:42.579000,1.05423,1.05421,1200000,1000000
2020-09-24 14:32:42.681000,1.05423,1.0542,1950000,5250000
2020-09-24 14:32:44.543000,1.05424,1.05421,3750000,1500000
2020-09-24 14:32:44.644000,1.05424,1.05422,1000000,1000000
2020-09-24 14:32:46.438000,1.05425,1.0542,2100000,3750000
2020-09-24 14:32:46.738000,1.05424,1.05421,4950000,1000000
2020-09-24 14:32:47.765000,1.05423,1.0542,3000000,2250000
2020-09-24 14:33:02.518000,1.05423,1.05419,3070000,5620000
2020-09-24 14:33:02.619000,1.05423,1.0542,3070000,3000000
2020-09-24 14:33:02.720000,1.05422,1.0542,1000000,3000000
2020-09-24 14:33:04.495000,1.05422,1.05419,1200000,2620000
2020-09-24 14:33:05.593000,1.05422,1.0542,1200000,3000000
2020-09-24 14:33:10.939000,1.05423,1.0542,3070000,3000000
2020-09-24 14:33:18.930000,1.05426,1.05422,2610000,1000000
2020-09-24 14:33:19.031000,1.05425,1.0542,3600000,1000000
2020-09-24 14:33:19.284000,1.05423,1.05421,1000000,1000000
2020-09-24 14:33:19.436000,1.05423,1.05421,1220000,1000000
2020-09-24 14:33:19.549000,1.05423,1.0542,1970000,1000000
2020-09-24 14:33:24.133000,1.05423,1.0542,2320000,1000000
2020-09-24 14:33:25.583000,1.05426,1.05422,2340000,1500000
2020-09-24 14:33:25.685000,1.05425,1.05422,3260000,5250000
2020-09-24 14:33:25.786000,1.05424,1.0542,1200000,5250000
2020-09-24 14:33:25.961000,1.05423,1.05421,1220000,2250000
2020-09-24 14:33:27.186000,1.05423,1.05421,1200000,2250000
2020-09-24 14:33:27.538000,1.05423,1.0542,2140000,4500000
2020-09-24 14:33:29.923000,1.05422,1.0542,1000000,1000000
2020-09-24 14:33:31.067000,1.05423,1.05421,1000000,3000000
2020-09-24 14:33:31.950000,1.05424,1.05419,1000000,3940000
2020-09-24 14:33:33.361000,1.05422,1.0542,1000000,3940000
2020-09-24 14:33:33.944000,1.05422,1.05419,1950000,1690000
2020-09-24 14:33:34.787000,1.05421,1.05418,2570000,4870000
2020-09-24 14:33:34.839000,1.05417,1.05415,1000000,5440000
2020-09-24 14:33:34.890000,1.05416,1.05414,3640000,1000000
2020-09-24 14:33:34.992000,1.05416,1.05413,2140000,1500000
2020-09-24 14:33:35.093000,1.05415,1.05413,2890000,3000000
2020-09-24 14:33:35.144000,1.05414,1.05411,3820000,1500000
2020-09-24 14:33:37.146000,1.05416,1.05413,5890000,1000000
2020-09-24 14:33:37.248000,1.05417,1.05414,4760000,3000000
2020-09-24 14:33:37.757000,1.05416,1.05414,1000000,3750000
2020-09-24 14:33:41.750000,1.05417,1.05414,3260000,3750000
2020-09-24 14:33:44.743000,1.05417,1.05413,1000000,1000000
2020-09-24 14:33:48.871000,1.05417,1.05413,6070000,4590000
2020-09-24 14:33:49.347000,1.05417,1.05413,6070000,7460000
2020-09-24 14:33:49.860000,1.05417,1.05414,5320000,1000000
2020-09-24 14:33:53.975000,1.05417,1.05413,6070000,4840000
2020-09-24 14:33:55.288000,1.05417,1.05414,7010000,1000000
2020-09-24 14:33:57.255000,1.05417,1.05415,1000000,1370000
2020-09-24 14:33:57.408000,1.05419,1.05416,4310000,2140000
2020-09-24 14:33:57.510000,1.05419,1.05416,1690000,3010000
2020-09-24 14:33:58.461000,1.05419,1.05416,5060000,2140000
2020-09-24 14:33:58.874000,1.05418,1.05415,1950000,6570000
2020-09-24 14:33:58.975000,1.05419,1.05414,6790000,1000000
2020-09-24 14:33:59.091000,1.05418,1.05414,7540000,6070000
2020-09-24 14:34:04.061000,1.05418,1.05416,3000000,2320000
2020-09-24 14:34:04.163000,1.05418,1.05416,3000000,4570000
2020-09-24 14:34:04.763000,1.05418,1.05416,3000000,3340000
2020-09-24 14:34:05.117000,1.0542,1.05415,2060000,2890000
2020-09-24 14:34:05.811000,1.05418,1.05416,1500000,1000000
2020-09-24 14:34:05.912000,1.05418,1.05415,8890000,1500000
2020-09-24 14:34:06.014000,1.05417,1.05415,3000000,1500000
2020-09-24 14:34:07.348000,1.05417,1.05414,1500000,1200000
2020-09-24 14:34:09.626000,1.05416,1.05414,1000000,3750000
2020-09-24 14:34:13.890000,1.05417,1.05414,5890000,1000000
2020-09-24 14:34:18.032000,1.05417,1.05413,5810000,7270000
2020-09-24 14:34:18.184000,1.05416,1.05413,1000000,5770000
2020-09-24 14:34:18.235000,1.05413,1.0541,7890000,3760000
2020-09-24 14:34:18.337000,1.05413,1.05411,3000000,1010000
2020-09-24 14:34:18.439000,1.05412,1.05409,1570000,6700000
2020-09-24 14:34:18.541000,1.05412,1.05409,1950000,3750000
2020-09-24 14:34:18.643000,1.05412,1.05409,4140000,3750000
2020-09-24 14:34:19.104000,1.05412,1.05409,3640000,3750000
2020-09-24 14:34:19.492000,1.05411,1.05408,1000000,1200000
2020-09-24 14:34:19.823000,1.05412,1.05408,2510000,1670000
2020-09-24 14:34:19.924000,1.05412,1.05408,2510000,2400000
2020-09-24 14:34:20.026000,1.05412,1.05409,2510000,1100000
2020-09-24 14:34:23.158000,1.05411,1.05408,1750000,1650000
2020-09-24 14:34:23.411000,1.05411,1.05407,4570000,2020000
2020-09-24 14:34:24.475000,1.05411,1.05408,4570000,1000000
2020-09-24 14:34:25.599000,1.05415,1.05413,2620000,1120000
2020-09-24 14:34:25.701000,1.05416,1.05413,2060000,4570000
2020-09-24 14:34:25.802000,1.05417,1.05414,2500000,4270000
2020-09-24 14:34:25.904000,1.05418,1.05415,1250000,7050000
2020-09-24 14:34:25.955000,1.05421,1.05418,2720000,4570000
2020-09-24 14:34:26.611000,1.0542,1.05417,7600000,1570000
2020-09-24 14:34:26.712000,1.05418,1.05416,1250000,1000000
2020-09-24 14:34:27.705000,1.0542,1.05417,4060000,1000000
2020-09-24 14:34:27.806000,1.05419,1.05418,3000000,1000000
2020-09-24 14:34:27.981000,1.05421,1.05419,2140000,1000000
2020-09-24 14:34:28.618000,1.05421,1.05419,1750000,1000000
2020-09-24 14:34:28.719000,1.05426,1.05423,3000000,4570000
2020-09-24 14:34:28.821000,1.05426,1.05423,1000000,2510000
2020-09-24 14:34:28.922000,1.05427,1.05424,1690000,1000000
2020-09-24 14:34:29.630000,1.05428,1.05425,4540000,2620000
2020-09-24 14:34:29.731000,1.05428,1.05425,3750000,1570000
2020-09-24 14:34:31.174000,1.05429,1.05425,4010000,1950000
2020-09-24 14:34:31.484000,1.05428,1.05425,1500000,1200000
2020-09-24 14:34:32.285000,1.05425,1.05423,1250000,3820000
2020-09-24 14:34:32.386000,1.05424,1.05419,2320000,1100000
2020-09-24 14:34:33.010000,1.05423,1.05422,1570000,1000000
2020-09-24 14:34:33.061000,1.05425,1.05424,1000000,3750000
2020-09-24 14:34:33.112000,1.05428,1.05424,7570000,5500000
2020-09-24 14:34:33.214000,1.05428,1.05424,4690000,5590000
2020-09-24 14:34:33.315000,1.05428,1.05425,1500000,3750000
2020-09-24 14:34:34.124000,1.05428,1.05424,4500000,5210000
2020-09-24 14:34:34.527000,1.05425,1.05424,1690000,3000000
2020-09-24 14:34:34.578000,1.05424,1.05421,2470000,1500000
2020-09-24 14:34:34.680000,1.05424,1.05419,1950000,1000000
2020-09-24 14:34:35.700000,1.05423,1.05419,5140000,1390000
2020-09-24 14:34:35.851000,1.05423,1.0542,1760000,3000000
2020-09-24 14:34:37.478000,1.05426,1.05424,1620000,1000000
2020-09-24 14:34:37.529000,1.05427,1.05424,4690000,1100000
2020-09-24 14:34:39.166000,1.05426,1.05424,1000000,3000000
2020-09-24 14:34:39.217000,1.05424,1.05421,1000000,1120000
2020-09-24 14:34:39.318000,1.05424,1.05419,1010000,1000000
2020-09-24 14:34:39.823000,1.05423,1.05419,1760000,7090000
2020-09-24 14:34:40.083000,1.05423,1.0542,1760000,3000000
2020-09-24 14:34:40.184000,1.05424,1.05418,4760000,7010000
2020-09-24 14:34:40.537000,1.05423,1.05419,4690000,7490000
2020-09-24 14:34:41.644000,1.05423,1.05419,4690000,7090000
2020-09-24 14:34:42.398000,1.05423,1.05419,4760000,7110000
2020-09-24 14:34:42.690000,1.05423,1.05419,4760000,7090000
2020-09-24 14:34:43,1.05423,1.05419,4760000,7110000
2020-09-24 14:34:43.101000,1.05423,1.05419,4760000,5590000
2020-09-24 14:34:43.203000,1.05422,1.05419,1250000,4950000
2020-09-24 14:34:43.354000,1.05423,1.05419,5140000,5210000
2020-09-24 14:34:45.076000,1.05422,1.05419,3000000,2140000
2020-09-24 14:34:45.392000,1.05423,1.05419,5140000,5210000
2020-09-24 14:34:45.494000,1.05422,1.05419,1250000,4270000
2020-09-24 14:34:47.677000,1.05423,1.0542,2060000,3000000
2020-09-24 14:34:48.977000,1.05424,1.05422,1310000,1000000
2020-09-24 14:34:49.129000,1.05425,1.05422,3750000,2770000
2020-09-24 14:34:49.230000,1.05426,1.05423,5440000,1200000
2020-09-24 14:34:49.433000,1.05426,1.05424,3000000,1500000
2020-09-24 14:34:49.534000,1.05427,1.05424,3000000,1000000
2020-09-24 14:34:49.635000,1.05426,1.05424,3000000,3150000
2020-09-24 14:34:50.422000,1.05427,1.05424,1000000,3340000
2020-09-24 14:34:51.072000,1.05427,1.05424,1000000,6490000
2020-09-24 14:34:54.840000,1.05426,1.05424,1690000,3000000
2020-09-24 14:34:54.942000,1.05424,1.05421,2060000,4200000
2020-09-24 14:34:55.066000,1.05424,1.05421,1000000,4540000
2020-09-24 14:34:55.528000,1.05424,1.05421,1500000,4760000
2020-09-24 14:34:56.119000,1.05424,1.05421,1000000,6040000
2020-09-24 14:34:56.221000,1.05425,1.05422,4870000,1390000
2020-09-24 14:34:56.322000,1.05424,1.05421,1000000,6640000
2020-09-24 14:35:00.609000,1.05424,1.05421,2870000,3000000
2020-09-24 14:35:00.710000,1.05424,1.0542,7370000,5510000
2020-09-24 14:35:00.812000,1.05422,1.0542,1000000,3940000
2020-09-24 14:35:01.014000,1.05422,1.05419,1000000,4570000
2020-09-24 14:35:01.116000,1.05422,1.05418,1000000,3750000
2020-09-24 14:35:01.219000,1.05421,1.05419,1000000,3750000
2020-09-24 14:35:01.270000,1.05418,1.05417,1000000,1100000
2020-09-24 14:35:01.321000,1.05418,1.05415,1310000,5140000
2020-09-24 14:35:01.525000,1.05422,1.05417,1620000,4200000
2020-09-24 14:35:01.627000,1.05422,1.05419,1870000,4200000
2020-09-24 14:35:03.331000,1.05422,1.0542,1000000,1000000
2020-09-24 14:35:03.433000,1.05422,1.0542,1000000,5560000
2020-09-24 14:35:03.852000,1.05422,1.0542,1000000,3750000
2020-09-24 14:35:10.937000,1.05422,1.05421,1000000,1000000
2020-09-24 14:35:11.038000,1.05424,1.05421,5140000,1000000
2020-09-24 14:35:11.291000,1.05424,1.05421,5540000,1000000
2020-09-24 14:35:18.123000,1.05423,1.0542,1200000,1690000
2020-09-24 14:35:18.275000,1.05424,1.0542,7010000,5510000
2020-09-24 14:35:18.633000,1.05424,1.0542,7540000,5060000
2020-09-24 14:35:19.138000,1.05424,1.0542,7390000,5590000
2020-09-24 14:35:19.476000,1.05424,1.0542,7510000,5140000
2020-09-24 14:35:23.663000,1.05423,1.05421,1000000,1000000
2020-09-24 14:35:24.824000,1.05424,1.05421,2890000,1000000
2020-09-24 14:35:28.799000,1.05424,1.05422,5810000,1000000
2020-09-24 14:35:29.899000,1.05424,1.05422,6310000,1000000
2020-09-24 14:35:30.072000,1.05423,1.05421,2560000,3750000
2020-09-24 14:35:30.224000,1.05422,1.0542,1370000,1500000
2020-09-24 14:35:31.103000,1.05424,1.05421,6390000,1000000
2020-09-24 14:35:31.593000,1.05424,1.05421,5890000,1000000
2020-09-24 14:35:32.600000,1.05424,1.05421,6390000,1000000
2020-09-24 14:35:33.639000,1.05425,1.0542,1690000,4870000
2020-09-24 14:35:33.851000,1.05424,1.05422,1690000,1000000
2020-09-24 14:35:35.995000,1.05424,1.05422,2200000,1000000
2020-09-24 14:35:37.217000,1.05422,1.05421,1000000,1500000
2020-09-24 14:35:37.319000,1.05423,1.05421,4810000,1000000
2020-09-24 14:35:38.305000,1.05423,1.05421,4310000,1000000
2020-09-24 14:35:39.616000,1.05424,1.05422,1760000,1000000
2020-09-24 14:35:41.417000,1.05424,1.05422,2200000,1000000
2020-09-24 14:35:41.519000,1.05423,1.05421,1250000,4500000
2020-09-24 14:35:42.102000,1.05424,1.05422,1310000,1500000
2020-09-24 14:35:43.609000,1.05424,1.05422,2950000,1000000
2020-09-24 14:35:51.996000,1.05424,1.05422,2700000,1000000
2020-09-24 14:35:52.047000,1.05421,1.05419,2570000,3000000
2020-09-24 14:35:52.149000,1.05421,1.0542,1390000,1000000
2020-09-24 14:35:52.352000,1.05423,1.0542,4760000,3750000
2020-09-24 14:35:52.504000,1.05422,1.05419,1690000,5620000
2020-09-24 14:35:52.605000,1.05423,1.0542,3940000,3750000
2020-09-24 14:35:52.969000,1.05422,1.0542,1250000,3000000
2020-09-24 14:35:53.070000,1.05421,1.05419,1310000,2250000
2020-09-24 14:35:53.172000,1.05422,1.0542,2120000,1000000
2020-09-24 14:35:55.363000,1.05423,1.05421,2060000,1000000
2020-09-24 14:35:57.296000,1.05425,1.05421,6370000,1000000
2020-09-24 14:35:59.902000,1.05425,1.05423,3560000,1950000
2020-09-24 14:35:59.952000,1.05426,1.05425,3940000,1000000
2020-09-24 14:36:00.054000,1.05428,1.05426,2560000,1000000
2020-09-24 14:36:00.893000,1.05426,1.05425,1000000,3750000
2020-09-24 14:36:00.995000,1.05426,1.05424,7690000,1000000
2020-09-24 14:36:01.699000,1.05426,1.05423,36259998,1870000
2020-09-24 14:36:01.801000,1.05425,1.05423,2060000,1000000
2020-09-24 14:36:02.359000,1.05424,1.05423,1000000,1000000
2020-09-24 14:36:02.742000,1.05424,1.05422,3940000,1000000
2020-09-24 14:36:03.046000,1.05424,1.0542,4760000,5440000
2020-09-24 14:36:03.147000,1.05424,1.0542,6700000,5250000
2020-09-24 14:36:04.749000,1.05423,1.05421,3190000,1000000
2020-09-24 14:36:04.902000,1.05419,1.05417,1000000,3110000
2020-09-24 14:36:04.953000,1.05418,1.05416,1000000,1000000
2020-09-24 14:36:05.055000,1.05418,1.05416,3390000,1000000
2020-09-24 14:36:05.308000,1.05418,1.05417,1250000,1000000
2020-09-24 14:36:05.409000,1.0542,1.05418,1750000,1200000
2020-09-24 14:36:05.511000,1.0542,1.05418,1250000,1200000
2020-09-24 14:36:06.306000,1.05419,1.05418,1000000,1200000
2020-09-24 14:36:07.943000,1.05422,1.0542,5560000,1000000
2020-09-24 14:36:08.045000,1.05422,1.0542,1000000,1000000
2020-09-24 14:36:08.147000,1.05422,1.05421,1000000,1000000
2020-09-24 14:36:08.740000,1.05423,1.05421,5060000,1000000
2020-09-24 14:36:09.043000,1.05424,1.05422,5500000,1200000
2020-09-24 14:36:09.145000,1.05424,1.05423,1000000,1000000
2020-09-24 14:36:09.246000,1.05424,1.05422,1100000,1000000
2020-09-24 14:36:09.348000,1.05423,1.05421,1000000,1000000
2020-09-24 14:36:09.602000,1.05422,1.05421,1000000,1000000
2020-09-24 14:36:11.573000,1.05424,1.0542,1250000,1000000
2020-09-24 14:36:16.354000,1.05424,1.05421,1310000,3750000
2020-09-24 14:36:16.770000,1.05424,1.05422,1310000,1000000
2020-09-24 14:36:17.486000,1.05423,1.05422,1000000,1000000
2020-09-24 14:36:18.137000,1.05422,1.0542,1500000,3750000
2020-09-24 14:36:18.239000,1.05422,1.05419,7120000,1000000
2020-09-24 14:36:18.340000,1.05422,1.0542,5560000,1000000
2020-09-24 14:36:18.542000,1.05421,1.05419,2120000,4200000
2020-09-24 14:36:18.593000,1.0542,1.05418,5620000,2510000
2020-09-24 14:36:18.695000,1.05419,1.05417,4010000,1000000
2020-09-24 14:36:18.746000,1.05418,1.05415,5500000,1100000
2020-09-24 14:36:19.485000,1.05418,1.05415,3940000,1000000
2020-09-24 14:36:20.374000,1.05419,1.05415,5500000,6970000
2020-09-24 14:36:20.476000,1.05418,1.05416,1000000,1000000
2020-09-24 14:36:20.527000,1.05421,1.05419,6640000,1000000
2020-09-24 14:36:20.629000,1.05421,1.05419,1500000,3000000
2020-09-24 14:36:20.731000,1.05421,1.05418,1500000,5020000
2020-09-24 14:36:21.811000,1.05421,1.05419,1500000,1000000
2020-09-24 14:36:22.612000,1.05422,1.0542,5060000,1000000
2020-09-24 14:36:24.634000,1.05423,1.0542,5810000,1000000
2020-09-24 14:36:29.380000,1.05423,1.0542,2560000,4500000
2020-09-24 14:36:29.483000,1.0542,1.05417,1000000,1100000
2020-09-24 14:36:29.534000,1.05418,1.05416,1120000,1000000
2020-09-24 14:36:30.132000,1.05418,1.05416,3390000,1000000
2020-09-24 14:36:30.886000,1.05416,1.05414,31450001,3000000
2020-09-24 14:36:30.937000,1.05414,1.05412,1310000,1270000
2020-09-24 14:36:31.040000,1.05413,1.05412,1000000,1000000
2020-09-24 14:36:31.193000,1.05413,1.05411,1000000,1000000
2020-09-24 14:36:31.295000,1.05415,1.05411,1000000,1100000
2020-09-24 14:36:31.446000,1.05414,1.05413,1000000,1000000
2020-09-24 14:36:33.274000,1.05414,1.05411,3750000,1690000
2020-09-24 14:36:33.425000,1.05414,1.05411,3750000,2540000
2020-09-24 14:36:33.527000,1.05414,1.05411,3750000,1690000
2020-09-24 14:36:35.696000,1.05414,1.05411,3750000,2290000
2020-09-24 14:36:35.798000,1.05414,1.05411,1000000,4690000
2020-09-24 14:36:35.900000,1.05415,1.05411,1000000,5440000
2020-09-24 14:36:36.041000,1.05415,1.05412,1000000,3000000
2020-09-24 14:36:38.453000,1.05416,1.05415,3000000,1000000
2020-09-24 14:36:38.554000,1.05418,1.05414,4570000,1000000
2020-09-24 14:36:38.706000,1.05417,1.05414,1000000,1570000
2020-09-24 14:36:40.510000,1.05417,1.05414,1000000,1970000
2020-09-24 14:36:43.150000,1.05419,1.05416,1000000,2700000
2020-09-24 14:36:43.201000,1.05419,1.05418,1000000,1000000
2020-09-24 14:36:43.302000,1.05421,1.05418,1690000,4500000
2020-09-24 14:36:43.505000,1.05422,1.0542,1010000,1000000
2020-09-24 14:36:48.346000,1.05423,1.0542,1690000,3750000
2020-09-24 14:36:50.656000,1.05422,1.0542,1250000,3750000
2020-09-24 14:36:50.807000,1.05423,1.0542,2500000,5320000
2020-09-24 14:36:50.909000,1.05423,1.0542,1000000,3000000
2020-09-24 14:36:51.010000,1.05423,1.0542,1000000,4690000
2020-09-24 14:36:58.278000,1.05421,1.05419,1000000,3190000
2020-09-24 14:36:58.379000,1.05421,1.05419,1000000,1000000
2020-09-24 14:36:58.480000,1.05422,1.05419,2320000,1250000
2020-09-24 14:36:58.641000,1.05423,1.0542,3390000,1000000
2020-09-24 14:36:59.406000,1.05423,1.0542,5890000,1000000
2020-09-24 14:36:59.558000,1.05423,1.05419,5890000,5810000
2020-09-24 14:37:00.583000,1.05423,1.0542,3260000,3000000
2020-09-24 14:37:00.835000,1.05423,1.05419,5140000,4010000
2020-09-24 14:37:00.937000,1.05423,1.05421,1000000,1000000
2020-09-24 14:37:01.038000,1.05424,1.05421,5320000,2870000
2020-09-24 14:37:01.140000,1.05424,1.05421,2290000,3560000
2020-09-24 14:37:01.292000,1.05425,1.0542,3070000,3190000
2020-09-24 14:37:01.547000,1.05424,1.0542,7540000,4870000
2020-09-24 14:37:03.040000,1.05423,1.05419,2140000,4310000
2020-09-24 14:37:05.040000,1.05423,1.0542,2510000,3000000
2020-09-24 14:37:06.623000,1.05423,1.05419,5510000,7310000
2020-09-24 14:37:13.864000,1.05423,1.05419,9200000,5440000
2020-09-24 14:37:14.387000,1.05418,1.05417,5890000,1000000
2020-09-24 14:37:14.438000,1.05418,1.05414,1200000,1120000
2020-09-24 14:37:16.307000,1.05419,1.05414,3940000,1760000
2020-09-24 14:37:16.408000,1.05419,1.05415,3750000,1250000
2020-09-24 14:37:19.426000,1.05421,1.05419,1270000,1000000
2020-09-24 14:37:19.528000,1.05422,1.0542,1000000,1690000
2020-09-24 14:37:19.630000,1.05423,1.05421,1200000,1370000
2020-09-24 14:37:19.781000,1.05424,1.0542,1200000,1370000
2020-09-24 14:37:20.329000,1.05423,1.0542,1570000,6000000
2020-09-24 14:37:22.847000,1.05424,1.05421,1000000,6040000
2020-09-24 14:37:22.948000,1.05424,1.05421,1000000,5440000
2020-09-24 14:37:23.050000,1.05424,1.05421,4350000,1690000
2020-09-24 14:37:23.955000,1.05425,1.0542,4200000,1250000
2020-09-24 14:37:24.258000,1.05424,1.05422,3000000,1570000
2020-09-24 14:37:24.937000,1.05424,1.05421,3000000,3560000
2020-09-24 14:37:25.090000,1.05424,1.05422,3000000,1200000
2020-09-24 14:37:25.242000,1.05425,1.05422,1500000,1760000
2020-09-24 14:37:25.500000,1.05425,1.05422,3000000,5200000
2020-09-24 14:37:25.979000,1.05426,1.05422,6070000,8200000
2020-09-24 14:37:26.591000,1.05427,1.05424,4810000,1950000
2020-09-24 14:37:26.642000,1.05428,1.05425,7090000,1000000
2020-09-24 14:37:29.966000,1.05429,1.05428,3000000,1500000
2020-09-24 14:37:30.067000,1.05431,1.0543,1100000,1000000
2020-09-24 14:37:30.370000,1.05432,1.0543,1760000,1000000
2020-09-24 14:37:31.843000,1.05431,1.05428,4010000,1500000
2020-09-24 14:37:31.894000,1.05429,1.05427,1390000,4200000
2020-09-24 14:37:31.996000,1.05429,1.05426,2140000,3750000
2020-09-24 14:37:32.097000,1.05428,1.05426,1000000,3750000
2020-09-24 14:37:36.591000,1.05428,1.05425,1000000,4760000
2020-09-24 14:37:40.492000,1.05428,1.05426,1250000,1000000
2020-09-24 14:37:42.561000,1.05431,1.05428,2140000,1690000
2020-09-24 14:37:42.662000,1.05432,1.05429,2660000,1690000
2020-09-24 14:37:43.336000,1.05432,1.05429,2510000,1690000
2020-09-24 14:37:44.200000,1.05433,1.05431,4120000,1950000
2020-09-24 14:37:44.302000,1.05434,1.05431,1690000,4120000
2020-09-24 14:37:44.455000,1.05434,1.05432,1690000,1100000
2020-09-24 14:37:45.255000,1.05435,1.05432,1390000,4500000
2020-09-24 14:37:45.734000,1.05434,1.05432,1000000,1760000
2020-09-24 14:37:46.602000,1.05433,1.05431,1000000,1250000
2020-09-24 14:37:47.699000,1.05433,1.0543,1000000,1250000
2020-09-24 14:37:48.555000,1.05431,1.05428,1000000,2800000
2020-09-24 14:37:48.657000,1.05429,1.05427,1000000,4690000
2020-09-24 14:37:48.759000,1.05428,1.05426,1000000,4570000
2020-09-24 14:37:48.860000,1.05428,1.05427,1000000,1250000
2020-09-24 14:37:52.892000,1.05428,1.05426,1000000,3750000
2020-09-24 14:37:54.877000,1.05427,1.05426,1000000,3190000
2020-09-24 14:37:55.680000,1.05428,1.05426,1000000,4010000
2020-09-24 14:37:56.058000,1.05428,1.05427,1000000,1000000
2020-09-24 14:37:57.980000,1.05431,1.05429,1000000,1010000
2020-09-24 14:37:59.512000,1.05431,1.0543,1000000,1690000
2020-09-24 14:37:59.613000,1.05432,1.0543,1000000,2140000
2020-09-24 14:37:59.715000,1.05433,1.05431,1000000,3000000
2020-09-24 14:38:00.011000,1.05432,1.0543,1500000,1460000
2020-09-24 14:38:00.725000,1.05431,1.0543,1000000,1690000
2020-09-24 14:38:01.181000,1.05431,1.05428,1500000,7240000
2020-09-24 14:38:01.282000,1.05431,1.05429,1500000,3110000
2020-09-24 14:38:01.941000,1.05431,1.05429,1500000,3710000
2020-09-24 14:38:04.745000,1.05429,1.05428,1500000,1310000
2020-09-24 14:38:04.847000,1.05429,1.05427,1000000,1250000
2020-09-24 14:38:04.948000,1.05428,1.05427,1000000,4690000
2020-09-24 14:38:05.782000,1.05429,1.05427,1500000,4690000
2020-09-24 14:38:07.061000,1.05429,1.05427,1500000,4540000
2020-09-24 14:38:08.195000,1.05429,1.05427,1000000,4390000
2020-09-24 14:38:08.297000,1.05425,1.05424,1000000,1200000
2020-09-24 14:38:08.398000,1.05423,1.05421,1500000,7040000
2020-09-24 14:38:08.752000,1.05423,1.0542,1500000,4450000
2020-09-24 14:38:09.267000,1.05422,1.0542,1500000,6100000
2020-09-24 14:38:09.419000,1.05421,1.05419,1000000,5210000
2020-09-24 14:38:09.521000,1.0542,1.05419,1000000,1390000
2020-09-24 14:38:11.811000,1.05421,1.05419,1500000,3350000
2020-09-24 14:38:36.646000,1.05423,1.0542,1000000,1390000
2020-09-24 14:38:36.748000,1.05422,1.0542,1000000,4310000
2020-09-24 14:38:42.074000,1.05422,1.0542,1000000,4070000
2020-09-24 14:38:42.175000,1.05422,1.0542,1000000,1250000
2020-09-24 14:38:59.759000,1.05423,1.05419,1000000,5200000
2020-09-24 14:39:08.721000,1.05423,1.05421,1500000,1450000
2020-09-24 14:39:08.772000,1.05426,1.05421,1000000,3410000
2020-09-24 14:39:08.874000,1.05425,1.05422,4500000,1250000
2020-09-24 14:39:08.982000,1.05425,1.0542,1000000,5140000
2020-09-24 14:39:11.515000,1.05424,1.05422,1000000,2140000
2020-09-24 14:39:12.920000,1.05425,1.0542,4500000,1690000
2020-09-24 14:39:13.071000,1.05423,1.0542,1000000,7390000
2020-09-24 14:39:16.181000,1.05423,1.05421,1000000,3000000
2020-09-24 14:39:17.243000,1.05423,1.0542,1000000,2890000
2020-09-24 14:39:17.344000,1.05423,1.05421,1000000,3000000
2020-09-24 14:39:17.445000,1.05423,1.0542,1000000,3260000
2020-09-24 14:39:17.546000,1.05423,1.05421,1000000,3000000
2020-09-24 14:39:18.392000,1.05423,1.0542,1000000,5440000
2020-09-24 14:39:20.219000,1.05422,1.0542,1000000,1690000
2020-09-24 14:39:26.842000,1.05425,1.05419,2060000,3260000
2020-09-24 14:39:27.629000,1.05424,1.05421,2060000,3000000
2020-09-24 14:39:27.781000,1.05424,1.0542,5060000,6260000
2020-09-24 14:39:27.882000,1.05424,1.05421,2060000,3000000
2020-09-24 14:39:27.983000,1.05424,1.0542,5060000,6260000
2020-09-24 14:39:29.183000,1.05423,1.0542,1000000,5140000
2020-09-24 14:39:29.284000,1.05424,1.0542,4690000,5890000
2020-09-24 14:39:30.755000,1.05423,1.0542,1000000,2140000
2020-09-24 14:39:36.079000,1.05422,1.0542,1000000,1000000
2020-09-24 14:39:36.180000,1.05422,1.05419,1500000,3640000
2020-09-24 14:39:43.314000,1.05424,1.05421,4500000,2950000
2020-09-24 14:39:43.415000,1.05423,1.0542,4200000,2500000
2020-09-24 14:39:47.047000,1.05423,1.0542,1000000,5140000
2020-09-24 14:39:47.456000,1.05424,1.05422,3940000,1200000
2020-09-24 14:39:47.610000,1.05425,1.0542,1000000,3190000
2020-09-24 14:39:50.307000,1.05423,1.0542,3000000,3700000
2020-09-24 14:39:50.559000,1.05424,1.0542,1950000,3250000
2020-09-24 14:39:50.661000,1.05423,1.0542,3000000,3250000
2020-09-24 14:39:50.762000,1.05424,1.0542,4950000,6250000
2020-09-24 14:39:51.368000,1.05423,1.0542,3000000,3250000
2020-09-24 14:39:51.597000,1.05424,1.0542,4950000,6250000
2020-09-24 14:39:55.261000,1.05423,1.0542,1000000,5500000
2020-09-24 14:39:55.614000,1.05425,1.05419,6070000,5500000
2020-09-24 14:39:55.917000,1.05425,1.05423,4950000,1000000
2020-09-24 14:39:56.019000,1.05426,1.05421,1600000,4690000
2020-09-24 14:39:56.120000,1.05423,1.05421,1000000,1000000
2020-09-24 14:39:56.527000,1.05422,1.05421,1000000,1000000
2020-09-24 14:40:00.575000,1.05422,1.0542,1000000,1200000
2020-09-24 14:40:00.979000,1.05424,1.05422,4500000,1450000
2020-09-24 14:40:01.030000,1.05426,1.05424,1000000,1120000
2020-09-24 14:40:01.232000,1.05427,1.05424,1250000,4120000
2020-09-24 14:40:01.334000,1.05428,1.05425,1250000,4570000
2020-09-24 14:40:01.385000,1.05429,1.05427,2500000,1000000
2020-09-24 14:40:01.486000,1.05431,1.0543,1000000,4120000
2020-09-24 14:40:01.588000,1.05432,1.0543,1000000,3750000
2020-09-24 14:40:02.803000,1.05433,1.05432,1000000,1000000
2020-09-24 14:40:02.854000,1.05435,1.05433,1870000,5070000
2020-09-24 14:40:02.905000,1.05437,1.05435,1250000,1000000
2020-09-24 14:40:03.007000,1.05437,1.05436,1250000,1000000
2020-09-24 14:40:03.806000,1.05438,1.05436,1000000,3750000
2020-09-24 14:40:07.687000,1.05438,1.05436,1000000,4750000
2020-09-24 14:40:07.788000,1.05439,1.05436,1500000,4390000
2020-09-24 14:40:08.807000,1.05438,1.05436,1000000,3940000
2020-09-24 14:40:10.886000,1.05439,1.05436,4500000,1250000
2020-09-24 14:40:13.642000,1.05439,1.05437,1000000,1000000
2020-09-24 14:40:14.061000,1.05439,1.05436,5470000,1690000
2020-09-24 14:40:14.971000,1.05439,1.05436,6260000,1500000
2020-09-24 14:40:15.276000,1.05439,1.05437,4200000,1000000
2020-09-24 14:40:15.378000,1.0544,1.05437,7010000,1000000
2020-09-24 14:40:16.263000,1.05441,1.05436,6070000,1750000
2020-09-24 14:40:16.414000,1.05439,1.05437,1000000,2060000
2020-09-24 14:40:16.617000,1.0544,1.05436,1000000,2560000
2020-09-24 14:40:17.376000,1.05439,1.05437,1000000,2060000
2020-09-24 14:40:17.859000,1.0544,1.05437,2510000,2060000
2020-09-24 14:40:22.185000,1.05441,1.05439,4500000,1750000
2020-09-24 14:40:22.235000,1.05441,1.05438,6010000,3560000
2020-09-24 14:40:23.215000,1.05441,1.05438,6640000,3560000
2020-09-24 14:40:25.147000,1.0544,1.05438,1000000,2810000
2020-09-24 14:40:25.633000,1.05439,1.05437,1200000,1690000
2020-09-24 14:40:26.346000,1.0544,1.05438,5320000,1250000
2020-09-24 14:40:26.396000,1.0544,1.05437,5510000,2440000
2020-09-24 14:40:26.447000,1.0544,1.05438,5320000,1250000
2020-09-24 14:40:26.860000,1.0544,1.05437,5060000,3640000
2020-09-24 14:40:26.911000,1.0544,1.05438,4870000,1250000
2020-09-24 14:40:26.961000,1.0544,1.05437,5060000,3640000
2020-09-24 14:40:27.012000,1.0544,1.05438,4870000,1250000
2020-09-24 14:40:27.063000,1.0544,1.05437,5060000,3640000
2020-09-24 14:40:31.069000,1.0544,1.05438,1310000,1500000
2020-09-24 14:40:31.654000,1.0544,1.05437,5140000,2440000
2020-09-24 14:40:33.131000,1.05439,1.05437,1100000,2440000
2020-09-24 14:40:33.232000,1.05439,1.05436,3220000,5440000
2020-09-24 14:40:34.100000,1.05439,1.05436,6070000,2440000
2020-09-24 14:40:34.252000,1.05438,1.05436,3000000,2440000
2020-09-24 14:40:35.209000,1.0544,1.05435,6260000,1500000
2020-09-24 14:40:35.311000,1.05438,1.05436,3000000,1500000
2020-09-24 14:40:35.762000,1.05439,1.05436,3260000,4500000
2020-09-24 14:40:36.161000,1.05439,1.05436,1500000,8260000
2020-09-24 14:40:38.591000,1.0544,1.05435,2470000,6190000
2020-09-24 14:40:39.315000,1.05439,1.05436,2510000,5250000
2020-09-24 14:40:43.601000,1.05439,1.05437,4870000,1000000
2020-09-24 14:40:43.702000,1.05439,1.05436,1500000,3640000
2020-09-24 14:40:44.454000,1.05439,1.05436,1970000,6190000
2020-09-24 14:40:44.942000,1.05439,1.05436,1950000,5440000
2020-09-24 14:40:48.491000,1.05439,1.05436,1620000,8890000
2020-09-24 14:40:48.593000,1.05442,1.0544,1500000,1120000
2020-09-24 14:40:48.644000,1.05444,1.05441,5700000,1760000
2020-09-24 14:40:48.795000,1.05445,1.0544,4500000,2950000
2020-09-24 14:40:49.250000,1.05447,1.05444,1690000,1000000
2020-09-24 14:40:49.351000,1.05447,1.05445,1250000,1500000
2020-09-24 14:40:49.503000,1.05448,1.05445,6640000,1870000
2020-09-24 14:40:50.465000,1.05448,1.05445,8260000,1500000
2020-09-24 14:40:50.723000,1.05448,1.05446,3000000,1500000
2020-09-24 14:40:50.825000,1.05449,1.05447,5320000,1000000
2020-09-24 14:40:50.926000,1.05449,1.05448,1000000,1000000
2020-09-24 14:40:51.833000,1.05452,1.05449,2020000,5440000
2020-09-24 14:40:52.813000,1.05452,1.0545,1000000,1000000
2020-09-24 14:40:55.123000,1.05452,1.05449,1500000,1310000
2020-09-24 14:40:55.224000,1.05451,1.05449,3940000,1000000
2020-09-24 14:40:56.133000,1.0545,1.05449,3000000,1000000
2020-09-24 14:40:56.386000,1.05451,1.05449,6190000,1000000
2020-09-24 14:40:56.653000,1.0545,1.05449,3000000,1000000
2020-09-24 14:40:56.755000,1.05451,1.05449,3190000,1000000
2020-09-24 14:40:58.818000,1.05452,1.05449,2400000,1690000
2020-09-24 14:40:59.734000,1.05452,1.0545,6070000,1000000
2020-09-24 14:41:01.399000,1.05454,1.05452,1120000,1250000
2020-09-24 14:41:01.501000,1.05456,1.05454,1000000,1000000
2020-09-24 14:41:01.857000,1.05456,1.05454,3750000,1120000
2020-09-24 14:41:01.958000,1.05457,1.05456,2810000,1000000
2020-09-24 14:41:02.059000,1.05457,1.05456,1120000,1500000
2020-09-24 14:41:02.161000,1.05459,1.05457,5950000,1000000
2020-09-24 14:41:02.414000,1.05458,1.05456,3190000,1500000
2020-09-24 14:41:02.898000,1.05458,1.05457,3000000,1000000
2020-09-24 14:41:02.949000,1.0546,1.05459,4120000,1000000
2020-09-24 14:41:03.050000,1.05461,1.05459,5440000,1000000
2020-09-24 14:41:03.454000,1.05461,1.0546,1690000,1000000
2020-09-24 14:41:04.078000,1.05462,1.05459,7140000,1000000
2020-09-24 14:41:04.420000,1.05462,1.05459,6640000,1000000
2020-09-24 14:41:05.481000,1.05461,1.05458,2910000,4870000
2020-09-24 14:41:06.099000,1.05456,1.05455,1000000,2700000
2020-09-24 14:41:06.201000,1.05456,1.05455,1250000,1000000
2020-09-24 14:41:07.422000,1.05456,1.05454,1390000,4500000
2020-09-24 14:41:23.263000,1.05457,1.05456,1310000,1000000
2020-09-24 14:41:23.314000,1.05458,1.05456,2400000,1250000
2020-09-24 14:41:24.714000,1.05459,1.05454,3260000,4690000
2020-09-24 14:41:25.134000,1.05457,1.05455,1200000,3750000
2020-09-24 14:41:25.337000,1.05457,1.05454,1200000,5620000
2020-09-24 14:41:25.488000,1.05456,1.05454,1570000,3750000
2020-09-24 14:41:25.640000,1.0546,1.05455,5640000,6750000
2020-09-24 14:41:25.793000,1.05458,1.05457,1200000,1000000
2020-09-24 14:41:25.894000,1.05458,1.05454,3260000,1000000
2020-09-24 14:41:26.400000,1.05457,1.05456,1310000,1000000
2020-09-24 14:41:26.956000,1.05458,1.05455,6170000,1000000
2020-09-24 14:41:27.109000,1.05456,1.05455,1100000,1000000
2020-09-24 14:41:27.867000,1.05454,1.05453,1000000,1500000
2020-09-24 14:41:27.918000,1.05453,1.05452,1000000,1250000
2020-09-24 14:41:28.020000,1.05453,1.05451,1200000,1250000
2020-09-24 14:41:28.122000,1.05451,1.0545,1000000,1000000
2020-09-24 14:41:28.224000,1.05452,1.05451,1000000,1000000
2020-09-24 14:41:28.325000,1.05453,1.05451,1100000,1000000
2020-09-24 14:41:28.477000,1.05454,1.05452,4570000,1500000
2020-09-24 14:41:28.578000,1.05455,1.05453,5140000,1000000
2020-09-24 14:41:28.680000,1.05456,1.05454,4750000,1000000
2020-09-24 14:41:28.781000,1.05456,1.05454,3750000,1000000
2020-09-24 14:41:28.882000,1.05459,1.05457,3170000,1000000
2020-09-24 14:41:28.984000,1.05459,1.05457,2890000,1000000
2020-09-24 14:41:29.085000,1.05459,1.05458,1690000,1000000
2020-09-24 14:41:29.237000,1.05459,1.05457,1750000,1000000
2020-09-24 14:41:29.540000,1.0546,1.05458,3320000,1000000
2020-09-24 14:41:29.743000,1.0546,1.05459,2810000,1000000
2020-09-24 14:41:29.845000,1.05462,1.05459,2500000,1000000
2020-09-24 14:41:31.329000,1.05461,1.05459,5950000,1000000
2020-09-24 14:41:31.468000,1.05458,1.05456,1000000,2260000
2020-09-24 14:41:31.519000,1.05458,1.05455,2570000,4500000
2020-09-24 14:41:31.722000,1.05457,1.05455,3250000,1000000
2020-09-24 14:41:31.874000,1.05456,1.05454,1750000,1500000
2020-09-24 14:41:33.799000,1.05457,1.05455,4310000,1000000
2020-09-24 14:41:33.951000,1.05457,1.05454,1250000,5320000
2020-09-24 14:41:38.532000,1.05456,1.05454,1000000,1000000
2020-09-24 14:41:39.575000,1.05456,1.05453,1000000,3940000
2020-09-24 14:41:39.829000,1.05456,1.05453,3720000,3000000
2020-09-24 14:41:39.931000,1.05456,1.05453,4690000,1390000
2020-09-24 14:41:42.966000,1.05456,1.05452,1000000,1100000
2020-09-24 14:41:43.067000,1.05451,1.05449,1690000,1500000
2020-09-24 14:41:43.169000,1.05447,1.05446,1000000,3000000
2020-09-24 14:41:43.373000,1.05446,1.05444,1000000,4310000
2020-09-24 14:41:43.475000,1.05445,1.05442,1000000,7010000
2020-09-24 14:41:44.141000,1.05445,1.05442,1000000,7160000
2020-09-24 14:41:44.247000,1.05445,1.05442,1000000,7010000
2020-09-24 14:41:45.485000,1.05445,1.05442,2950000,3000000
2020-09-24 14:41:45.587000,1.05444,1.05441,1250000,4120000
2020-09-24 14:41:45.689000,1.05444,1.05441,1000000,5540000
2020-09-24 14:41:46.282000,1.05444,1.05441,1000000,5890000
2020-09-24 14:41:50.300000,1.05444,1.05442,1690000,3000000
2020-09-24 14:41:50.401000,1.05444,1.05441,1500000,2890000
2020-09-24 14:41:50.502000,1.05444,1.05442,1500000,3000000
2020-09-24 14:41:50.603000,1.05444,1.05441,1500000,2890000
2020-09-24 14:41:50.705000,1.05446,1.05445,1120000,1000000
2020-09-24 14:41:50.756000,1.05448,1.05445,3640000,4870000
2020-09-24 14:41:50.857000,1.05448,1.05446,2440000,1000000
2020-09-24 14:41:51.262000,1.05447,1.05445,1000000,1500000
2020-09-24 14:41:52.340000,1.05448,1.05446,4690000,1000000
2020-09-24 14:41:52.492000,1.05448,1.05445,5890000,1000000
2020-09-24 14:41:52.862000,1.05447,1.05445,1000000,1000000
2020-09-24 14:41:52.964000,1.05445,1.05444,1000000,3750000
2020-09-24 14:41:53.065000,1.05445,1.05443,1000000,3820000
2020-09-24 14:41:54.165000,1.05445,1.05442,1500000,4010000
2020-09-24 14:41:54.519000,1.05444,1.05441,4500000,1010000
2020-09-24 14:41:54.621000,1.05443,1.0544,1200000,4310000
2020-09-24 14:41:57.129000,1.05443,1.05441,1000000,1760000
2020-09-24 14:41:57.483000,1.05444,1.05442,3750000,1250000
2020-09-24 14:41:57.534000,1.05447,1.05445,2150000,1000000
2020-09-24 14:41:57.585000,1.05448,1.05446,3000000,1100000
2020-09-24 14:41:57.687000,1.05449,1.05446,5440000,2100000
2020-09-24 14:41:57.889000,1.05449,1.05446,5440000,1500000
2020-09-24 14:42:05.433000,1.05449,1.05447,1250000,1000000
2020-09-24 14:42:05.922000,1.05445,1.05444,1690000,1120000
2020-09-24 14:42:05.973000,1.05444,1.05443,1200000,1000000
2020-09-24 14:42:06.050000,1.05444,1.05441,1390000,6450000
2020-09-24 14:42:06.152000,1.05443,1.05441,1200000,1000000
2020-09-24 14:42:06.254000,1.05444,1.05441,4690000,1000000
2020-09-24 14:42:08.720000,1.05443,1.05441,1000000,1000000
2020-09-24 14:42:09.220000,1.05446,1.05445,1500000,1000000
2020-09-24 14:42:09.322000,1.05445,1.05443,1000000,6560000
2020-09-24 14:42:09.423000,1.05447,1.05444,1000000,4760000
2020-09-24 14:42:09.575000,1.05446,1.05444,1000000,2810000
2020-09-24 14:42:10.300000,1.05447,1.05446,3750000,1000000
2020-09-24 14:42:10.402000,1.05448,1.05446,1000000,1000000
2020-09-24 14:42:11.270000,1.05447,1.05445,1500000,3940000
2020-09-24 14:42:11.372000,1.05445,1.05444,1000000,3000000
2020-09-24 14:42:11.474000,1.05445,1.05443,1000000,1250000
2020-09-24 14:42:12.714000,1.05444,1.05443,1000000,1120000
2020-09-24 14:42:12.765000,1.05444,1.05441,1250000,5590000
2020-09-24 14:42:12.867000,1.05443,1.05441,1250000,1200000
2020-09-24 14:42:12.968000,1.05443,1.05442,1000000,1000000
2020-09-24 14:42:14.448000,1.05444,1.05442,1000000,5700000
2020-09-24 14:42:15.926000,1.05444,1.05442,1000000,6760000
2020-09-24 14:42:16.988000,1.05443,1.05442,1000000,1120000
2020-09-24 14:42:17.090000,1.05444,1.0544,1000000,1690000
2020-09-24 14:42:18.583000,1.05443,1.05441,1000000,2540000
2020-09-24 14:42:18.684000,1.05443,1.05441,1000000,1870000
2020-09-24 14:42:19.142000,1.05443,1.05442,1000000,1100000
2020-09-24 14:42:20.753000,1.05443,1.05441,1000000,2890000
2020-09-24 14:42:20.854000,1.05443,1.05441,1000000,1690000
2020-09-24 14:42:21.410000,1.05443,1.05441,1000000,2540000
2020-09-24 14:42:21.663000,1.05444,1.05442,3000000,1950000
2020-09-24 14:42:21.714000,1.05446,1.05445,1500000,1200000
2020-09-24 14:42:21.817000,1.05447,1.05446,1000000,1200000
2020-09-24 14:42:21.918000,1.05448,1.05446,1000000,2210000
2020-09-24 14:42:23.147000,1.05447,1.05445,1000000,3100000
2020-09-24 14:42:25.187000,1.05446,1.05445,1000000,1200000
2020-09-24 14:42:25.288000,1.05446,1.05444,1000000,1760000
2020-09-24 14:42:25.389000,1.05446,1.05443,1500000,4840000
2020-09-24 14:42:25.866000,1.05447,1.05446,1500000,1000000
2020-09-24 14:42:26.119000,1.05448,1.05446,1500000,1250000
2020-09-24 14:42:26.271000,1.05448,1.05446,1000000,1490000
2020-09-24 14:42:26.859000,1.05448,1.05446,1000000,1840000
2020-09-24 14:42:27.413000,1.05447,1.05445,1000000,4570000
2020-09-24 14:42:27.516000,1.05447,1.05445,1000000,5210000
2020-09-24 14:42:27.618000,1.05446,1.05445,1500000,3750000
2020-09-24 14:42:27.720000,1.05446,1.05443,2440000,5770000
2020-09-24 14:42:27.772000,1.05445,1.05442,1000000,1270000
2020-09-24 14:42:27.925000,1.05444,1.05442,1000000,5210000
2020-09-24 14:42:28.730000,1.05447,1.05445,1310000,1000000
2020-09-24 14:42:28.831000,1.05446,1.05444,1000000,2620000
2020-09-24 14:42:28.933000,1.05447,1.05445,1690000,1000000
2020-09-24 14:42:29.034000,1.05448,1.05445,1000000,5510000
2020-09-24 14:42:29.186000,1.05447,1.05444,1000000,5720000
2020-09-24 14:42:29.287000,1.05445,1.05444,1000000,1100000
2020-09-24 14:42:29.469000,1.05446,1.05442,1000000,4460000
2020-09-24 14:42:29.873000,1.05446,1.05441,1000000,2440000
2020-09-24 14:42:29.975000,1.05444,1.05441,1000000,3370000
2020-09-24 14:42:30.080000,1.05443,1.05441,1000000,1310000
2020-09-24 14:42:31.440000,1.0544,1.05439,1690000,1950000
2020-09-24 14:42:31.491000,1.0544,1.05437,1690000,4460000
2020-09-24 14:42:31.644000,1.0544,1.05438,1250000,1000000
2020-09-24 14:42:32.490000,1.0544,1.05437,1690000,1390000
2020-09-24 14:42:32.642000,1.0544,1.05437,2500000,4200000
2020-09-24 14:42:33.199000,1.0544,1.05437,1690000,4390000
2020-09-24 14:42:33.302000,1.0544,1.05438,1000000,2140000
2020-09-24 14:42:34.712000,1.0544,1.05439,1000000,1000000
2020-09-24 14:42:34.764000,1.05442,1.0544,4690000,1000000
2020-09-24 14:42:35.607000,1.05442,1.05441,1250000,1000000
2020-09-24 14:42:35.709000,1.05443,1.05441,1250000,1000000
2020-09-24 14:42:35.810000,1.05443,1.05441,1750000,1000000
2020-09-24 14:42:36.012000,1.05443,1.05441,1250000,1000000
2020-09-24 14:42:39.749000,1.05443,1.05441,1250000,1700000
2020-09-24 14:42:42.017000,1.05447,1.05446,1310000,1000000
2020-09-24 14:42:42.220000,1.05448,1.05446,1250000,1200000
2020-09-24 14:42:43.082000,1.05446,1.05444,1000000,1200000
2020-09-24 14:42:43.184000,1.05445,1.05442,5440000,1690000
2020-09-24 14:42:43.235000,1.05443,1.05442,1000000,1690000
2020-09-24 14:42:48.558000,1.05443,1.05441,1000000,2210000
2020-09-24 14:42:53.218000,1.05443,1.05441,1000000,1810000
2020-09-24 14:42:54.141000,1.05443,1.05441,1000000,1760000
2020-09-24 14:42:54.943000,1.05443,1.05441,1000000,1890000
2020-09-24 14:42:55.929000,1.05444,1.05441,5440000,3090000
2020-09-24 14:43:00.337000,1.05448,1.05446,4370000,1000000
2020-09-24 14:43:00.439000,1.05448,1.05446,1010000,1000000
2020-09-24 14:43:00.540000,1.05448,1.05447,1000000,1120000
2020-09-24 14:43:00.962000,1.05449,1.05447,1690000,1120000
2020-09-24 14:43:01.215000,1.0545,1.05448,4120000,1690000
2020-09-24 14:43:01.316000,1.05453,1.05451,1250000,4120000
2020-09-24 14:43:01.519000,1.05454,1.05452,5500000,1500000
2020-09-24 14:43:01.621000,1.05454,1.05452,5620000,1620000
2020-09-24 14:43:01.823000,1.05455,1.05451,1000000,1810000
2020-09-24 14:43:03.219000,1.05453,1.05451,1250000,1570000
2020-09-24 14:43:03.321000,1.05453,1.05451,4000000,1000000
2020-09-24 14:43:03.473000,1.05453,1.05451,1000000,4690000
2020-09-24 14:43:03.798000,1.05454,1.05452,3940000,1000000
2020-09-24 14:43:04.509000,1.05454,1.05453,3750000,1000000
2020-09-24 14:43:05.126000,1.05458,1.05456,3250000,4120000
2020-09-24 14:43:05.228000,1.05458,1.05457,1250000,1120000
2020-09-24 14:43:05.781000,1.05455,1.05454,1500000,2250000
2020-09-24 14:43:05.831000,1.05454,1.05452,1250000,1600000
2020-09-24 14:43:05.933000,1.05455,1.0545,4690000,4490000
2020-09-24 14:43:07.245000,1.05453,1.05451,1250000,4760000
2020-09-24 14:43:07.347000,1.05454,1.05451,5500000,1670000
2020-09-24 14:43:07.448000,1.05454,1.05451,1690000,4490000
2020-09-24 14:43:07.650000,1.05455,1.05452,4690000,2140000
2020-09-24 14:43:08.273000,1.05455,1.05452,1690000,5610000
2020-09-24 14:43:10.007000,1.05457,1.05453,4690000,1500000
2020-09-24 14:43:10.058000,1.05457,1.05456,1000000,1000000
2020-09-24 14:43:10.160000,1.05458,1.05457,1250000,1000000
2020-09-24 14:43:11.373000,1.05459,1.05457,1250000,1000000
2020-09-24 14:43:12.025000,1.05457,1.05455,1010000,1120000
2020-09-24 14:43:12.127000,1.05458,1.05455,1000000,3700000
2020-09-24 14:43:12.228000,1.05458,1.05455,2890000,2440000
2020-09-24 14:43:12.329000,1.05459,1.05457,2440000,1000000
2020-09-24 14:43:12.431000,1.05459,1.05456,2440000,1690000
2020-09-24 14:43:13.234000,1.05459,1.05457,1690000,1000000
2020-09-24 14:43:17.132000,1.05459,1.05458,1250000,1000000
2020-09-24 14:43:18.504000,1.0546,1.05458,1690000,1000000
2020-09-24 14:43:18.605000,1.0546,1.05458,1250000,1500000
2020-09-24 14:43:20.283000,1.0546,1.05458,1250000,1000000
2020-09-24 14:43:20.385000,1.05461,1.05458,5140000,1690000
2020-09-24 14:43:20.490000,1.05461,1.05458,2950000,1500000
2020-09-24 14:43:21.656000,1.05462,1.05457,5510000,2060000
2020-09-24 14:43:21.757000,1.05461,1.05459,4310000,1000000
2020-09-24 14:43:21.859000,1.05461,1.05458,6820000,1500000
2020-09-24 14:43:22.617000,1.0546,1.05458,1370000,1500000
2020-09-24 14:43:29.942000,1.05458,1.05457,1000000,4120000
2020-09-24 14:43:30.043000,1.05457,1.05454,1570000,4690000
2020-09-24 14:43:31.216000,1.05457,1.05455,3000000,1250000
2020-09-24 14:43:31.267000,1.0546,1.05458,2140000,1000000
2020-09-24 14:43:31.368000,1.0546,1.05457,3390000,1870000
2020-09-24 14:43:31.469000,1.0546,1.05457,2890000,2370000
2020-09-24 14:43:43.402000,1.0546,1.05458,1750000,1000000
2020-09-24 14:43:45.256000,1.05458,1.05456,2950000,1000000
2020-09-24 14:43:45.307000,1.05458,1.05455,4070000,3820000
2020-09-24 14:43:45.561000,1.05456,1.05454,1250000,1570000
2020-09-24 14:43:45.662000,1.05456,1.05454,1750000,3820000
2020-09-24 14:43:46.066000,1.05455,1.05453,1250000,1120000
2020-09-24 14:43:46.218000,1.05454,1.05453,1250000,1000000
2020-09-24 14:43:51.979000,1.05455,1.05453,2440000,1100000
2020-09-24 14:43:54.402000,1.05454,1.05453,1250000,1000000
2020-09-24 14:43:56.423000,1.05454,1.05452,1690000,4200000
2020-09-24 14:43:58.030000,1.05452,1.05451,1000000,4120000
2020-09-24 14:43:58.924000,1.05454,1.05452,3190000,1000000
2020-09-24 14:43:59.025000,1.05454,1.05453,2440000,1000000
2020-09-24 14:43:59.126000,1.05455,1.05451,2440000,1120000
2020-09-24 14:43:59.228000,1.05454,1.05453,1500000,1120000
2020-09-24 14:43:59.329000,1.05455,1.05453,1690000,1570000
2020-09-24 14:43:59.481000,1.05454,1.05453,1250000,1120000
2020-09-24 14:44:00.203000,1.05454,1.05452,1690000,1200000
2020-09-24 14:44:00.581000,1.05455,1.05453,1690000,1100000
2020-09-24 14:44:04.119000,1.05455,1.05451,1250000,1200000
2020-09-24 14:44:04.220000,1.05451,1.0545,1000000,3000000
2020-09-24 14:44:04.322000,1.05451,1.05449,1250000,1000000
2020-09-24 14:44:04.789000,1.05451,1.05448,2500000,5320000
2020-09-24 14:44:05.042000,1.05449,1.05448,1000000,1000000
2020-09-24 14:44:10.600000,1.05449,1.05447,1690000,1120000
2020-09-24 14:44:10.651000,1.05447,1.05446,1250000,4120000
2020-09-24 14:44:10.702000,1.05445,1.05443,1000000,3010000
2020-09-24 14:44:10.753000,1.05444,1.05442,1100000,3560000
2020-09-24 14:44:10.854000,1.05445,1.05441,1000000,1450000
2020-09-24 14:44:11.208000,1.05444,1.05442,1000000,1250000
2020-09-24 14:44:11.310000,1.05444,1.05442,1000000,1450000
2020-09-24 14:44:11.566000,1.05447,1.05446,2060000,3750000
2020-09-24 14:44:11.718000,1.05446,1.05445,1000000,2250000
2020-09-24 14:44:11.819000,1.05445,1.05443,1250000,6070000
2020-09-24 14:44:13.088000,1.05445,1.05441,1250000,4120000
2020-09-24 14:44:13.190000,1.05444,1.05442,4750000,1000000
2020-09-24 14:44:14.388000,1.05444,1.05441,5500000,1570000
2020-09-24 14:44:14.845000,1.05442,1.05441,1000000,1000000
2020-09-24 14:44:17.304000,1.05441,1.05439,1500000,1310000
2020-09-24 14:44:17.405000,1.05441,1.05437,1000000,8640000
2020-09-24 14:44:18.306000,1.0544,1.05438,1000000,2890000
2020-09-24 14:44:19.940000,1.05439,1.05437,1000000,1390000
2020-09-24 14:44:20.041000,1.0544,1.05438,1250000,1000000
2020-09-24 14:44:20.142000,1.05441,1.05438,6260000,2440000
2020-09-24 14:44:20.294000,1.05441,1.05438,5810000,3040000
2020-09-24 14:44:20.395000,1.05442,1.0544,3940000,1570000
2020-09-24 14:44:20.598000,1.05438,1.05437,1250000,3000000
2020-09-24 14:44:20.699000,1.05439,1.05434,1690000,7390000
2020-09-24 14:44:22.608000,1.05438,1.05436,1690000,3000000
2020-09-24 14:44:22.709000,1.05438,1.05435,4690000,4390000
2020-09-24 14:44:23.675000,1.05438,1.05435,4690000,4510000
2020-09-24 14:44:23.881000,1.05442,1.05439,1120000,1000000
2020-09-24 14:44:23.982000,1.05442,1.0544,1250000,1120000
2020-09-24 14:44:24.469000,1.05442,1.05439,1690000,6940000
2020-09-24 14:44:24.570000,1.05439,1.05436,1690000,2140000
2020-09-24 14:44:24.671000,1.05438,1.05436,1000000,1390000
2020-09-24 14:44:25.011000,1.05437,1.05435,1000000,2510000
2020-09-24 14:44:25.163000,1.05438,1.05435,1000000,3000000
2020-09-24 14:44:25.684000,1.05437,1.05435,1000000,2510000
2020-09-24 14:44:27.116000,1.05437,1.05435,1000000,3010000
2020-09-24 14:44:27.218000,1.05438,1.05435,4690000,3760000
2020-09-24 14:44:27.622000,1.05438,1.05435,5440000,2890000
2020-09-24 14:44:27.774000,1.05437,1.05435,1500000,1250000
2020-09-24 14:44:27.825000,1.05435,1.05432,1000000,4320000
2020-09-24 14:44:27.876000,1.05433,1.05432,1000000,1010000
2020-09-24 14:44:30.759000,1.05432,1.05429,1000000,7970000
2020-09-24 14:44:31.113000,1.05433,1.0543,6190000,1250000
2020-09-24 14:44:31.215000,1.05432,1.05429,1000000,7070000
2020-09-24 14:44:31.985000,1.05432,1.0543,1000000,4010000
2020-09-24 14:44:32.877000,1.05432,1.05428,1000000,1310000
2020-09-24 14:44:33.818000,1.05432,1.05429,4500000,2570000
2020-09-24 14:44:34.574000,1.05431,1.05429,1500000,1310000
2020-09-24 14:44:36.096000,1.05432,1.05428,1000000,2200000
2020-09-24 14:44:37.201000,1.05432,1.05429,1500000,6820000
2020-09-24 14:44:40.408000,1.05435,1.05433,1000000,4760000
2020-09-24 14:44:40.510000,1.05436,1.05434,3750000,1690000
2020-09-24 14:44:40.661000,1.05435,1.05433,1000000,4760000
2020-09-24 14:44:40.864000,1.05434,1.05432,1000000,3850000
2020-09-24 14:44:41.234000,1.05433,1.05431,1000000,3850000
2020-09-24 14:44:41.285000,1.05432,1.0543,1000000,1390000
2020-09-24 14:44:49.283000,1.05432,1.05429,2440000,1690000
2020-09-24 14:44:49.403000,1.05432,1.05429,1500000,2570000
2020-09-24 14:44:49.991000,1.05432,1.05429,4500000,2440000
2020-09-24 14:44:50.962000,1.05431,1.05429,1000000,1100000
2020-09-24 14:44:51.063000,1.05429,1.05428,1690000,3370000
2020-09-24 14:44:51.867000,1.05427,1.05426,1000000,1690000
2020-09-24 14:44:52.019000,1.05427,1.05425,1000000,3190000
2020-09-24 14:44:52.120000,1.05426,1.05425,1000000,2060000
2020-09-24 14:44:57.424000,1.05426,1.05423,3750000,6450000
2020-09-24 14:44:57.526000,1.05426,1.05425,1000000,1870000
2020-09-24 14:44:57.628000,1.05426,1.05423,3750000,10200000
2020-09-24 14:44:59.195000,1.05426,1.05425,1690000,1870000
2020-09-24 14:45:00.027000,1.05426,1.05423,2440000,65639999
