time,ask,bid,ask_volume,bid_volume
2023-06-08 12:25:00.155000,1.39647,1.39639,3600000,5040000
2023-06-08 12:25:01.448000,1.39645,1.3964,3600000,1200000
2023-06-08 12:25:01.550000,1.39647,1.39639,2700000,1200000
2023-06-08 12:25:01.652000,1.39645,1.3964,3600000,1200000
2023-06-08 12:25:01.804000,1.39646,1.3964,2700000,1200000
2023-06-08 12:25:03.144000,1.39646,1.39641,4500000,1200000
2023-06-08 12:25:03.250000,1.39646,1.3964,4500000,5040000
2023-06-08 12:25:03.984000,1.39647,1.3964,5850000,5040000
2023-06-08 12:25:04.086000,1.39646,1.39641,3600000,1200000
2023-06-08 12:25:04.571000,1.39646,1.3964,3600000,5040000
2023-06-08 12:25:05.118000,1.39647,1.3964,7200000,5040000
2023-06-08 12:25:05.220000,1.39646,1.3964,3600000,5040000
2023-06-08 12:25:06.910000,1.39645,1.3964,1200000,4140000
2023-06-08 12:25:07.925000,1.39645,1.39642,1200000,1200000
2023-06-08 12:25:08.027000,1.39647,1.39643,1200000,1200000
2023-06-08 12:25:08.129000,1.39649,1.39643,3600000,4140000
2023-06-08 12:25:08.282000,1.39649,1.39646,3600000,1200000
2023-06-08 12:25:08.333000,1.39652,1.39647,3970000,1200000
2023-06-08 12:25:08.385000,1.39654,1.39649,3970000,1200000
2023-06-08 12:25:08.487000,1.39655,1.39646,4500000,1350000
2023-06-08 12:25:08.640000,1.39653,1.39647,1350000,1200000
2023-06-08 12:25:08.691000,1.39651,1.39647,3600000,1200000
2023-06-08 12:25:08.844000,1.39651,1.39646,4500000,1200000
2023-06-08 12:25:09.166000,1.39651,1.39645,3600000,1200000
2023-06-08 12:25:09.270000,1.39652,1.39645,5400000,1200000
2023-06-08 12:25:09.573000,1.3965,1.39645,3600000,1200000
2023-06-08 12:25:09.938000,1.39651,1.39645,3600000,4140000
2023-06-08 12:25:10.040000,1.39651,1.39647,4050000,1200000
2023-06-08 12:25:10.142000,1.39656,1.3965,4500000,4140000
2023-06-08 12:25:10.606000,1.39655,1.3965,3600000,1200000
2023-06-08 12:25:11.288000,1.39656,1.3965,1200000,1200000
2023-06-08 12:25:11.391000,1.39657,1.39653,4500000,1200000
2023-06-08 12:25:11.705000,1.39658,1.39653,1800000,1200000
2023-06-08 12:25:12.028000,1.39658,1.39652,3600000,1200000
2023-06-08 12:25:12.130000,1.39659,1.39652,1800000,1200000
2023-06-08 12:25:12.282000,1.39658,1.39654,1200000,1200000
2023-06-08 12:25:12.986000,1.39657,1.39654,3600000,1200000
2023-06-08 12:25:13.447000,1.39657,1.39653,3600000,1200000
2023-06-08 12:25:13.549000,1.39658,1.39653,1200000,1200000
2023-06-08 12:25:13.958000,1.39658,1.39654,3600000,1200000
2023-06-08 12:25:14.060000,1.39659,1.39653,4500000,5040000
2023-06-08 12:25:14.162000,1.39658,1.39653,3600000,1800000
2023-06-08 12:25:14.706000,1.39657,1.39653,3600000,1800000
2023-06-08 12:25:14.808000,1.39658,1.39653,1200000,1200000
2023-06-08 12:25:17.001000,1.39657,1.39652,1800000,3240000
2023-06-08 12:25:17.103000,1.39654,1.39649,1200000,1100000
2023-06-08 12:25:17.205000,1.39654,1.39648,1200000,1200000
2023-06-08 12:25:17.720000,1.39653,1.39648,1200000,1200000
2023-06-08 12:25:18.139000,1.39654,1.39648,1800000,1200000
2023-06-08 12:25:19.530000,1.39654,1.39649,1200000,3240000
2023-06-08 12:25:20.385000,1.39654,1.39648,1800000,1800000
2023-06-08 12:25:21.044000,1.39652,1.39648,1200000,1200000
2023-06-08 12:25:21.095000,1.39651,1.39642,1200000,1800000
2023-06-08 12:25:21.197000,1.3965,1.39645,1800000,1200000
2023-06-08 12:25:21.299000,1.3965,1.39644,4500000,4140000
2023-06-08 12:25:21.401000,1.39651,1.39646,3600000,1200000
2023-06-08 12:25:21.503000,1.39651,1.39645,3600000,1200000
2023-06-08 12:25:22.795000,1.39651,1.39644,4950000,1800000
2023-06-08 12:25:23.704000,1.39652,1.39646,6390000,1200000
2023-06-08 12:25:23.806000,1.3965,1.39646,3600000,1200000
2023-06-08 12:25:23.899000,1.3965,1.39644,3600000,1800000
2023-06-08 12:25:24.031000,1.3965,1.39645,3600000,1200000
2023-06-08 12:25:24.526000,1.3965,1.39644,3600000,1800000
2023-06-08 12:25:24.629000,1.39648,1.39642,3600000,1800000
2023-06-08 12:25:24.884000,1.39648,1.39643,3600000,1200000
2023-06-08 12:25:25.715000,1.39649,1.39643,4500000,1200000
2023-06-08 12:25:25.918000,1.39649,1.39642,3600000,1200000
2023-06-08 12:25:26.020000,1.39649,1.39643,4500000,1200000
2023-06-08 12:25:26.376000,1.39648,1.39643,3600000,1200000
2023-06-08 12:25:26.478000,1.39648,1.39642,3600000,1200000
2023-06-08 12:25:26.783000,1.39648,1.39643,1200000,1200000
2023-06-08 12:25:26.885000,1.39649,1.39643,5490000,1200000
2023-06-08 12:25:27.502000,1.39648,1.39643,3600000,1200000
2023-06-08 12:25:27.604000,1.39649,1.39645,4050000,1200000
2023-06-08 12:25:27.832000,1.39651,1.39648,4350000,1200000
2023-06-08 12:25:27.883000,1.39653,1.39649,1200000,1200000
2023-06-08 12:25:27.986000,1.39653,1.39648,1200000,1200000
2023-06-08 12:25:28.088000,1.39653,1.3965,5400000,1200000
2023-06-08 12:25:28.546000,1.39653,1.39649,1200000,1200000
2023-06-08 12:25:28.815000,1.39652,1.39648,3600000,1200000
2023-06-08 12:25:28.968000,1.3965,1.39648,3600000,1200000
2023-06-08 12:25:30.118000,1.39652,1.39648,1800000,1200000
2023-06-08 12:25:30.371000,1.39652,1.39646,6300000,1200000
2023-06-08 12:25:30.423000,1.3965,1.39646,3600000,1200000
2023-06-08 12:25:31.615000,1.39651,1.39646,4050000,1800000
2023-06-08 12:25:31.717000,1.39653,1.39648,1200000,1200000
2023-06-08 12:25:33.216000,1.39654,1.3965,4950000,1200000
2023-06-08 12:25:33.318000,1.39654,1.39649,4950000,1200000
2023-06-08 12:25:34.115000,1.39654,1.39648,5400000,5040000
2023-06-08 12:25:34.217000,1.39653,1.39647,3600000,5040000
2023-06-08 12:25:34.951000,1.39652,1.39647,3600000,1200000
2023-06-08 12:25:35.053000,1.39653,1.39647,5400000,1200000
2023-06-08 12:25:35.525000,1.39648,1.39644,1200000,1100000
2023-06-08 12:25:35.577000,1.39647,1.39642,3600000,1800000
2023-06-08 12:25:35.780000,1.39647,1.39641,3600000,4140000
2023-06-08 12:25:36.655000,1.39646,1.3964,3600000,5040000
2023-06-08 12:25:40.730000,1.39646,1.39641,3600000,1200000
2023-06-08 12:25:41.688000,1.39646,1.3964,3600000,5040000
2023-06-08 12:25:41.789000,1.39646,1.39641,3600000,1200000
2023-06-08 12:25:42.296000,1.39646,1.3964,3600000,5040000
2023-06-08 12:25:44.723000,1.39646,1.39641,4050000,1200000
2023-06-08 12:25:45.129000,1.39646,1.3964,4050000,4140000
2023-06-08 12:25:48.833000,1.39646,1.39641,3600000,1200000
2023-06-08 12:25:49.143000,1.39647,1.39641,1350000,5040000
2023-06-08 12:25:50.992000,1.39648,1.39641,2250000,1800000
2023-06-08 12:25:51.356000,1.39647,1.39641,3600000,1800000
2023-06-08 12:25:52.075000,1.39648,1.39641,5850000,1800000
2023-06-08 12:25:52.720000,1.39648,1.39643,3600000,1200000
2023-06-08 12:25:52.822000,1.39649,1.39643,3600000,1800000
2023-06-08 12:25:52.925000,1.39649,1.39644,3600000,1200000
2023-06-08 12:25:53.027000,1.39648,1.39644,3600000,1200000
2023-06-08 12:25:53.382000,1.39649,1.39644,3600000,1200000
2023-06-08 12:25:53.823000,1.39648,1.39644,1200000,1200000
2023-06-08 12:25:53.925000,1.39648,1.39642,4500000,1200000
2023-06-08 12:25:54.027000,1.39647,1.39642,1200000,1200000
2023-06-08 12:25:54.129000,1.39646,1.39641,1200000,1200000
2023-06-08 12:25:54.498000,1.39646,1.39639,1800000,1200000
2023-06-08 12:25:54.601000,1.39644,1.39639,4500000,1200000
2023-06-08 12:25:54.703000,1.39644,1.39638,4500000,1200000
2023-06-08 12:25:57.017000,1.39645,1.39638,6300000,2250000
2023-06-08 12:25:57.170000,1.39644,1.39638,3600000,3150000
2023-06-08 12:25:57.272000,1.39645,1.39639,1200000,1800000
2023-06-08 12:25:58.649000,1.39644,1.39639,1200000,1200000
2023-06-08 12:26:00.078000,1.39644,1.39638,1200000,1200000
2023-06-08 12:26:00.493000,1.39645,1.39638,1800000,1200000
2023-06-08 12:26:00.728000,1.39645,1.39639,1800000,1200000
2023-06-08 12:26:01.215000,1.39645,1.39638,1200000,1200000
2023-06-08 12:26:01.317000,1.39643,1.39639,1200000,1200000
2023-06-08 12:26:01.788000,1.39642,1.39639,1200000,1200000
2023-06-08 12:26:02.091000,1.39643,1.39639,1200000,1200000
2023-06-08 12:26:02.599000,1.39644,1.39639,6300000,1200000
2023-06-08 12:26:03.138000,1.39643,1.39638,1200000,1200000
2023-06-08 12:26:04.021000,1.39644,1.39638,6300000,1200000
2023-06-08 12:26:05.026000,1.39643,1.39638,1200000,1200000
2023-06-08 12:26:06.209000,1.39643,1.39637,1800000,4590000
2023-06-08 12:26:07.057000,1.39638,1.39636,1200000,1350000
2023-06-08 12:26:07.159000,1.39638,1.3963,1200000,5040000
2023-06-08 12:26:08.182000,1.39636,1.39631,1200000,5040000
2023-06-08 12:26:08.407000,1.39636,1.39629,1200000,6450000
2023-06-08 12:26:08.509000,1.39635,1.39629,1200000,6120000
2023-06-08 12:26:08.611000,1.39635,1.3963,1200000,3240000
2023-06-08 12:26:08.976000,1.39636,1.3963,1200000,3240000
2023-06-08 12:26:09.414000,1.39636,1.39629,5400000,1080000
2023-06-08 12:26:09.516000,1.39635,1.3963,1200000,3240000
2023-06-08 12:26:09.618000,1.39636,1.39627,1800000,5570000
2023-06-08 12:26:09.973000,1.39634,1.39628,1200000,4820000
2023-06-08 12:26:10.075000,1.39634,1.3963,1200000,3240000
2023-06-08 12:26:10.481000,1.39634,1.39628,1200000,4070000
2023-06-08 12:26:10.882000,1.39627,1.39622,1200000,3780000
2023-06-08 12:26:10.934000,1.39628,1.39619,1800000,3150000
2023-06-08 12:26:11.036000,1.39626,1.39619,1200000,3780000
2023-06-08 12:26:11.239000,1.39626,1.39618,1200000,6030000
2023-06-08 12:26:11.494000,1.39627,1.39618,3600000,6030000
2023-06-08 12:26:11.596000,1.39626,1.39618,1200000,6030000
2023-06-08 12:26:11.965000,1.39622,1.39617,4500000,1200000
2023-06-08 12:26:12.017000,1.39622,1.39614,1200000,1200000
2023-06-08 12:26:12.119000,1.39622,1.39616,4500000,1200000
2023-06-08 12:26:12.373000,1.39621,1.39616,3600000,1200000
2023-06-08 12:26:12.424000,1.39623,1.39617,5400000,3240000
2023-06-08 12:26:12.526000,1.39623,1.39616,5400000,6030000
2023-06-08 12:26:12.577000,1.3962,1.39616,3600000,1350000
2023-06-08 12:26:12.680000,1.39592,1.39587,1200000,1800000
2023-06-08 12:26:12.731000,1.39582,1.39579,1200000,3240000
2023-06-08 12:26:12.783000,1.3958,1.39579,1200000,1100000
2023-06-08 12:26:12.836000,1.39577,1.39571,3830000,1200000
2023-06-08 12:26:12.939000,1.39582,1.39576,1200000,1320000
2023-06-08 12:26:13.042000,1.39585,1.39579,3600000,1200000
2023-06-08 12:26:13.121000,1.39581,1.39579,1200000,1200000
2023-06-08 12:26:13.179000,1.3958,1.39573,1200000,3240000
2023-06-08 12:26:13.282000,1.39579,1.39573,1200000,1200000
2023-06-08 12:26:13.385000,1.39579,1.39572,1200000,3240000
2023-06-08 12:26:13.740000,1.39582,1.39576,1800000,1280000
2023-06-08 12:26:13.842000,1.39587,1.39578,1350000,3690000
2023-06-08 12:26:14.248000,1.39587,1.39581,3600000,1200000
2023-06-08 12:26:14.300000,1.39589,1.39581,1800000,4140000
2023-06-08 12:26:14.453000,1.39591,1.39584,3600000,1200000
2023-06-08 12:26:14.555000,1.39593,1.39585,1200000,3240000
2023-06-08 12:26:14.606000,1.39589,1.39584,3600000,1800000
2023-06-08 12:26:14.657000,1.39592,1.39581,5470000,1200000
2023-06-08 12:26:14.810000,1.3959,1.39581,3600000,3240000
2023-06-08 12:26:15.181000,1.39591,1.39582,4050000,3240000
2023-06-08 12:26:15.232000,1.39589,1.3958,1200000,4590000
2023-06-08 12:26:15.657000,1.39588,1.39581,3600000,3240000
2023-06-08 12:26:15.962000,1.39591,1.39581,4500000,4140000
2023-06-08 12:26:16.064000,1.3959,1.39582,3600000,1200000
2023-06-08 12:26:16.492000,1.39592,1.39584,4350000,4140000
2023-06-08 12:26:16.625000,1.39592,1.39584,5400000,4140000
2023-06-08 12:26:16.988000,1.39589,1.39582,3600000,4590000
2023-06-08 12:26:17.103000,1.39591,1.39586,1200000,3240000
2023-06-08 12:26:17.156000,1.39594,1.39588,1800000,3240000
2023-06-08 12:26:17.259000,1.39593,1.39586,1200000,1200000
2023-06-08 12:26:17.939000,1.39594,1.39586,5850000,1200000
2023-06-08 12:26:18.194000,1.39592,1.39585,1200000,1200000
2023-06-08 12:26:18.525000,1.39591,1.39585,3600000,1200000
2023-06-08 12:26:18.576000,1.39589,1.39582,4500000,4590000
2023-06-08 12:26:18.628000,1.3959,1.39584,3600000,1200000
2023-06-08 12:26:18.831000,1.39591,1.39584,4950000,4140000
2023-06-08 12:26:18.934000,1.39589,1.39584,3600000,1200000
2023-06-08 12:26:18.985000,1.39589,1.39582,3600000,4590000
2023-06-08 12:26:19.087000,1.39581,1.39577,1200000,3120000
2023-06-08 12:26:19.139000,1.39583,1.39577,4500000,2570000
2023-06-08 12:26:19.190000,1.39582,1.39575,4500000,1200000
2023-06-08 12:26:19.292000,1.39581,1.39575,3600000,1200000
2023-06-08 12:26:19.949000,1.39582,1.39575,3600000,1200000
2023-06-08 12:26:20.389000,1.39584,1.39574,5400000,1800000
2023-06-08 12:26:20.491000,1.39584,1.39575,4500000,3240000
2023-06-08 12:26:20.593000,1.39582,1.39576,1200000,1200000
2023-06-08 12:26:20.696000,1.39582,1.39575,5400000,3240000
2023-06-08 12:26:21.052000,1.39581,1.39576,1200000,3240000
2023-06-08 12:26:21.103000,1.39579,1.39574,1200000,1200000
2023-06-08 12:26:21.154000,1.39577,1.3957,1200000,4140000
2023-06-08 12:26:21.257000,1.39574,1.3957,1200000,3240000
2023-06-08 12:26:21.308000,1.39573,1.39567,4500000,1100000
2023-06-08 12:26:21.360000,1.39573,1.39566,5400000,5040000
2023-06-08 12:26:21.411000,1.39574,1.39572,1100000,1200000
2023-06-08 12:26:21.462000,1.39576,1.39572,2250000,1200000
2023-06-08 12:26:21.514000,1.39578,1.39572,3600000,1200000
2023-06-08 12:26:21.616000,1.39579,1.39571,5400000,3690000
2023-06-08 12:26:22.029000,1.39578,1.39571,3600000,3690000
2023-06-08 12:26:23.465000,1.39579,1.39571,5850000,3240000
2023-06-08 12:26:24.077000,1.39579,1.39572,4500000,1200000
2023-06-08 12:26:24.179000,1.39581,1.39573,1200000,1200000
2023-06-08 12:26:24.433000,1.3958,1.39573,3600000,5040000
2023-06-08 12:26:24.813000,1.39581,1.39579,1200000,1200000
2023-06-08 12:26:24.865000,1.39588,1.39581,5170000,3240000
2023-06-08 12:26:24.967000,1.39588,1.39581,1350000,3240000
2023-06-08 12:26:25.069000,1.39587,1.3958,3600000,4140000
2023-06-08 12:26:25.312000,1.39586,1.3958,1200000,3240000
2023-06-08 12:26:25.364000,1.3958,1.39576,1200000,2700000
2023-06-08 12:26:25.467000,1.3958,1.39573,4500000,3240000
2023-06-08 12:26:25.852000,1.39579,1.39573,1200000,3240000
2023-06-08 12:26:25.954000,1.3958,1.39573,5400000,3240000
2023-06-08 12:26:26.057000,1.39578,1.39571,1200000,4800000
2023-06-08 12:26:26.159000,1.39579,1.39572,5400000,3240000
2023-06-08 12:26:26.474000,1.39579,1.39571,1800000,1800000
2023-06-08 12:26:26.576000,1.39579,1.39573,1800000,1200000
2023-06-08 12:26:26.678000,1.39581,1.39573,1200000,4590000
2023-06-08 12:26:26.730000,1.39581,1.39576,1200000,3240000
2023-06-08 12:26:26.831000,1.39581,1.39574,1200000,1200000
2023-06-08 12:26:26.933000,1.39584,1.39575,1200000,4590000
2023-06-08 12:26:26.985000,1.39586,1.39576,6300000,3240000
2023-06-08 12:26:27.036000,1.39584,1.39575,3600000,4590000
2023-06-08 12:26:27.087000,1.39584,1.39577,1200000,3240000
2023-06-08 12:26:27.490000,1.39584,1.39576,1200000,1200000
2023-06-08 12:26:27.592000,1.39585,1.39576,6300000,1200000
2023-06-08 12:26:27.704000,1.39584,1.39577,3600000,3240000
2023-06-08 12:26:27.806000,1.39585,1.39578,3600000,1200000
2023-06-08 12:26:27.908000,1.39589,1.39581,7200000,4230000
2023-06-08 12:26:28.010000,1.39588,1.39581,1200000,4680000
2023-06-08 12:26:28.112000,1.3959,1.3958,5400000,4680000
2023-06-08 12:26:29.006000,1.39588,1.39581,1200000,4140000
2023-06-08 12:26:29.108000,1.39589,1.39581,5400000,4140000
2023-06-08 12:26:29.364000,1.39589,1.39584,1200000,4140000
2023-06-08 12:26:29.466000,1.39591,1.39588,1800000,4140000
2023-06-08 12:26:29.518000,1.39594,1.39588,1200000,4140000
2023-06-08 12:26:29.671000,1.39593,1.39588,1200000,3240000
2023-06-08 12:26:29.773000,1.39591,1.39583,1200000,5180000
2023-06-08 12:26:29.825000,1.39595,1.39588,3600000,1200000
2023-06-08 12:26:29.927000,1.39597,1.39589,4500000,5580000
2023-06-08 12:26:30.283000,1.39595,1.39588,4500000,2470000
2023-06-08 12:26:30.385000,1.39594,1.39588,4050000,4140000
2023-06-08 12:26:30.589000,1.39594,1.39586,1200000,5040000
2023-06-08 12:26:30.741000,1.39592,1.39587,4050000,1200000
2023-06-08 12:26:30.843000,1.3959,1.39585,4500000,1200000
2023-06-08 12:26:31.453000,1.3959,1.39584,1200000,1200000
2023-06-08 12:26:32.334000,1.39591,1.39584,4500000,1200000
2023-06-08 12:26:32.568000,1.39589,1.39585,1200000,1200000
2023-06-08 12:26:32.771000,1.39589,1.39584,1200000,1800000
2023-06-08 12:26:33.196000,1.39583,1.39579,3600000,1100000
2023-06-08 12:26:33.247000,1.3958,1.39573,1200000,3240000
2023-06-08 12:26:33.384000,1.3958,1.39572,1200000,5040000
2023-06-08 12:26:33.486000,1.39581,1.39573,5400000,1200000
2023-06-08 12:26:33.538000,1.39581,1.39579,4500000,1200000
2023-06-08 12:26:33.590000,1.39585,1.3958,3600000,1200000
2023-06-08 12:26:33.642000,1.39586,1.39582,1800000,1200000
2023-06-08 12:26:33.694000,1.39589,1.39581,4950000,1200000
2023-06-08 12:26:35.015000,1.39589,1.39582,4500000,1800000
2023-06-08 12:26:37.648000,1.39583,1.3958,5400000,1350000
2023-06-08 12:26:37.750000,1.3958,1.39573,4500000,1200000
2023-06-08 12:26:38.613000,1.39579,1.39571,1200000,1720000
2023-06-08 12:26:38.715000,1.39577,1.39571,3600000,1200000
2023-06-08 12:26:38.818000,1.39579,1.3957,4500000,1200000
2023-06-08 12:26:39.072000,1.39578,1.39572,3600000,1200000
2023-06-08 12:26:39.188000,1.39579,1.39572,6300000,1200000
2023-06-08 12:26:39.290000,1.39579,1.3957,6300000,5490000
2023-06-08 12:26:39.392000,1.39577,1.3957,1200000,2250000
2023-06-08 12:26:39.494000,1.39578,1.3957,2250000,1350000
2023-06-08 12:26:39.597000,1.39579,1.39573,1100000,1200000
2023-06-08 12:26:39.649000,1.3958,1.39573,1200000,1350000
2023-06-08 12:26:40.377000,1.39581,1.39573,5400000,4590000
2023-06-08 12:26:41.421000,1.3958,1.39573,3600000,4590000
2023-06-08 12:26:41.605000,1.39581,1.39573,6300000,5490000
2023-06-08 12:26:42.771000,1.39582,1.39573,5400000,1200000
2023-06-08 12:26:42.823000,1.39579,1.39573,3600000,2250000
2023-06-08 12:26:42.926000,1.39578,1.39572,4500000,1200000
2023-06-08 12:26:43.028000,1.39578,1.39571,4500000,1350000
2023-06-08 12:26:43.181000,1.39578,1.39572,4500000,1200000
2023-06-08 12:26:44.106000,1.39579,1.39572,5400000,5040000
2023-06-08 12:26:44.252000,1.39579,1.39573,4500000,1200000
2023-06-08 12:26:44.372000,1.3958,1.39573,6300000,1200000
2023-06-08 12:26:45.361000,1.39579,1.39573,4500000,1200000
2023-06-08 12:26:45.617000,1.39578,1.39573,3600000,1200000
2023-06-08 12:26:45.719000,1.39577,1.39572,5850000,1200000
2023-06-08 12:26:45.821000,1.39577,1.39571,4950000,1200000
2023-06-08 12:26:46.727000,1.39578,1.39572,3600000,1200000
2023-06-08 12:26:46.829000,1.39579,1.39572,5850000,1800000
2023-06-08 12:26:47.195000,1.3958,1.39573,4050000,1200000
2023-06-08 12:26:47.298000,1.3958,1.39574,1200000,1800000
2023-06-08 12:26:47.502000,1.39579,1.39574,3600000,1200000
2023-06-08 12:26:47.603000,1.3958,1.39573,8640000,1200000
2023-06-08 12:26:47.706000,1.39579,1.39573,3600000,1200000
2023-06-08 12:26:47.992000,1.39578,1.39572,1200000,2250000
2023-06-08 12:26:48.478000,1.39579,1.39573,1800000,4140000
2023-06-08 12:26:48.580000,1.39579,1.39574,1200000,1200000
2023-06-08 12:26:48.875000,1.39581,1.39573,1350000,1800000
2023-06-08 12:26:49.456000,1.3958,1.39575,4950000,1200000
2023-06-08 12:26:49.746000,1.39578,1.39573,1350000,1200000
2023-06-08 12:26:49.950000,1.39578,1.39572,6390000,1200000
2023-06-08 12:26:50.052000,1.39574,1.39566,1800000,1100000
2023-06-08 12:26:50.104000,1.39574,1.39566,4500000,4140000
2023-06-08 12:26:50.206000,1.39574,1.39565,1200000,5040000
2023-06-08 12:26:50.360000,1.39572,1.39565,3600000,5040000
2023-06-08 12:26:50.512000,1.39571,1.39565,3600000,1200000
2023-06-08 12:26:50.614000,1.39572,1.39565,4950000,4140000
2023-06-08 12:26:50.818000,1.39571,1.39564,4500000,4140000
2023-06-08 12:26:51.021000,1.39569,1.39562,1200000,1200000
2023-06-08 12:26:51.276000,1.39569,1.39563,1200000,1200000
2023-06-08 12:26:51.378000,1.39569,1.39562,4500000,4140000
2023-06-08 12:26:51.633000,1.39568,1.39562,3600000,3240000
2023-06-08 12:26:52.110000,1.39568,1.3956,3600000,5040000
2023-06-08 12:26:52.364000,1.39568,1.39562,3600000,4140000
2023-06-08 12:26:53.204000,1.3957,1.39564,3600000,1200000
2023-06-08 12:26:53.306000,1.3957,1.39563,4500000,3240000
2023-06-08 12:26:53.408000,1.3957,1.39562,4500000,5040000
2023-06-08 12:26:53.612000,1.3957,1.39563,5400000,1200000
2023-06-08 12:26:53.724000,1.39568,1.39563,3600000,1200000
2023-06-08 12:26:53.827000,1.39565,1.39563,1200000,1200000
2023-06-08 12:26:53.879000,1.39563,1.39556,1200000,5040000
2023-06-08 12:26:53.981000,1.39562,1.39556,3600000,4140000
2023-06-08 12:26:54.084000,1.39562,1.39555,1200000,1200000
2023-06-08 12:26:54.288000,1.39553,1.39551,1200000,1100000
2023-06-08 12:26:54.339000,1.39548,1.39546,1200000,3240000
2023-06-08 12:26:54.391000,1.39544,1.3954,1020000,6380000
2023-06-08 12:26:54.493000,1.39546,1.39539,1200000,5040000
2023-06-08 12:26:54.596000,1.39547,1.39541,1200000,3240000
2023-06-08 12:26:54.698000,1.39547,1.3954,1200000,3240000
2023-06-08 12:26:54.901000,1.39552,1.39548,2100000,1800000
2023-06-08 12:26:55.003000,1.39557,1.39549,1200000,1200000
2023-06-08 12:26:55.106000,1.39558,1.39551,3600000,1200000
2023-06-08 12:26:55.208000,1.39558,1.39552,3600000,3240000
2023-06-08 12:26:55.310000,1.39558,1.3955,3600000,5040000
2023-06-08 12:26:55.412000,1.39558,1.39551,3600000,1200000
2023-06-08 12:26:55.565000,1.39559,1.39551,4500000,1200000
2023-06-08 12:26:55.667000,1.39559,1.39552,4500000,3240000
2023-06-08 12:26:55.870000,1.39559,1.39551,5400000,4140000
2023-06-08 12:26:56.125000,1.3956,1.39552,5400000,4140000
2023-06-08 12:26:56.278000,1.39559,1.39552,3600000,4140000
2023-06-08 12:26:56.432000,1.39559,1.39551,4500000,5490000
2023-06-08 12:26:56.602000,1.39558,1.39552,3600000,4140000
2023-06-08 12:26:56.870000,1.3956,1.39552,5400000,1800000
2023-06-08 12:26:56.972000,1.3956,1.39553,3600000,4140000
2023-06-08 12:26:57.073000,1.3956,1.39554,3600000,3240000
2023-06-08 12:26:57.176000,1.39561,1.39553,3600000,1800000
2023-06-08 12:26:57.278000,1.39563,1.39554,4050000,3240000
2023-06-08 12:26:57.481000,1.39561,1.39555,3600000,1200000
2023-06-08 12:26:57.532000,1.3956,1.39553,3600000,4140000
2023-06-08 12:26:57.634000,1.39561,1.39551,4500000,4140000
2023-06-08 12:26:57.954000,1.3956,1.39551,5400000,1200000
2023-06-08 12:26:58.227000,1.3956,1.3955,1200000,1200000
2023-06-08 12:26:58.431000,1.39558,1.39551,3600000,4140000
2023-06-08 12:26:58.533000,1.39559,1.39551,3600000,1200000
2023-06-08 12:26:58.925000,1.39559,1.39552,3600000,1200000
2023-06-08 12:26:59.361000,1.3956,1.39556,4500000,1200000
2023-06-08 12:26:59.412000,1.39563,1.3956,1350000,1200000
2023-06-08 12:26:59.464000,1.39566,1.39561,3600000,1200000
2023-06-08 12:26:59.566000,1.39568,1.3956,3600000,4140000
2023-06-08 12:26:59.668000,1.39567,1.39562,3600000,1200000
2023-06-08 12:26:59.719000,1.39569,1.39563,1200000,3240000
2023-06-08 12:26:59.821000,1.39571,1.39562,4950000,3240000
2023-06-08 12:27:00.257000,1.3957,1.39562,4950000,4140000
2023-06-08 12:27:00.359000,1.39569,1.39561,1200000,5040000
2023-06-08 12:27:00.461000,1.39568,1.3956,4500000,1200000
2023-06-08 12:27:00.513000,1.39569,1.39562,4500000,3240000
2023-06-08 12:27:00.716000,1.39569,1.39563,3600000,3240000
2023-06-08 12:27:01.185000,1.39569,1.39564,3600000,1200000
2023-06-08 12:27:02.093000,1.39571,1.39564,4950000,1200000
2023-06-08 12:27:02.195000,1.3957,1.39564,1200000,1200000
2023-06-08 12:27:02.452000,1.3957,1.39563,1200000,4140000
2023-06-08 12:27:03.068000,1.3957,1.39564,4500000,1200000
2023-06-08 12:27:03.274000,1.3957,1.39562,3600000,5940000
2023-06-08 12:27:03.376000,1.39572,1.39561,4500000,2700000
2023-06-08 12:27:03.568000,1.39572,1.39564,1350000,1800000
2023-06-08 12:27:03.670000,1.39573,1.39565,4500000,3240000
2023-06-08 12:27:04.503000,1.39571,1.39564,4500000,3240000
2023-06-08 12:27:04.607000,1.39571,1.39563,1200000,2700000
2023-06-08 12:27:04.711000,1.39572,1.39563,5850000,2700000
2023-06-08 12:27:04.813000,1.39571,1.39563,1200000,2700000
2023-06-08 12:27:05.108000,1.39573,1.39563,1200000,1800000
2023-06-08 12:27:05.210000,1.39572,1.39565,1200000,3240000
2023-06-08 12:27:05.312000,1.39572,1.39564,5400000,5040000
2023-06-08 12:27:05.517000,1.39571,1.39564,2700000,3240000
2023-06-08 12:27:05.619000,1.3957,1.39563,1800000,1200000
2023-06-08 12:27:05.721000,1.39571,1.39563,6300000,1200000
2023-06-08 12:27:06.215000,1.3957,1.39562,1200000,1800000
2023-06-08 12:27:06.827000,1.39571,1.39562,4500000,2700000
2023-06-08 12:27:06.973000,1.39572,1.39563,6750000,2700000
2023-06-08 12:27:07.227000,1.39571,1.39563,1200000,2700000
2023-06-08 12:27:07.329000,1.39572,1.39563,5850000,2700000
2023-06-08 12:27:07.726000,1.39571,1.39563,1200000,2700000
2023-06-08 12:27:08.183000,1.39572,1.39563,1200000,1200000
2023-06-08 12:27:08.336000,1.39564,1.3956,1200000,3240000
2023-06-08 12:27:08.388000,1.39563,1.39558,3600000,1200000
2023-06-08 12:27:08.440000,1.39564,1.39556,5400000,3240000
2023-06-08 12:27:08.542000,1.39563,1.39556,4500000,3240000
2023-06-08 12:27:08.644000,1.39564,1.39554,1200000,2700000
2023-06-08 12:27:08.898000,1.39564,1.39555,4500000,1800000
2023-06-08 12:27:09.393000,1.39564,1.39556,4500000,3240000
2023-06-08 12:27:09.524000,1.39564,1.39555,1200000,5940000
2023-06-08 12:27:09.576000,1.39564,1.39557,1200000,1200000
2023-06-08 12:27:09.987000,1.39565,1.39557,5850000,1200000
2023-06-08 12:27:10.089000,1.39566,1.39559,6220000,1200000
2023-06-08 12:27:10.223000,1.39566,1.39557,4950000,1200000
2023-06-08 12:27:10.637000,1.39564,1.39558,1200000,1200000
2023-06-08 12:27:10.739000,1.39561,1.39558,3600000,1200000
2023-06-08 12:27:10.791000,1.39561,1.39554,3600000,1200000
2023-06-08 12:27:10.994000,1.39561,1.39553,4500000,1200000
2023-06-08 12:27:11.197000,1.3956,1.39553,1200000,1200000
2023-06-08 12:27:11.868000,1.39559,1.39552,3600000,1200000
2023-06-08 12:27:11.969000,1.3956,1.39553,1200000,1200000
2023-06-08 12:27:12.223000,1.39561,1.39553,4500000,1200000
2023-06-08 12:27:12.477000,1.3956,1.39553,3600000,1200000
2023-06-08 12:27:12.677000,1.39561,1.39553,4500000,1200000
2023-06-08 12:27:12.996000,1.39561,1.39554,4500000,1200000
2023-06-08 12:27:13.250000,1.39562,1.39554,6300000,1200000
2023-06-08 12:27:13.352000,1.39562,1.39555,6300000,1200000
2023-06-08 12:27:13.454000,1.39561,1.39554,3600000,1200000
2023-06-08 12:27:13.556000,1.39561,1.39553,1200000,1200000
2023-06-08 12:27:13.658000,1.3956,1.39553,1200000,1200000
2023-06-08 12:27:14.016000,1.39561,1.39553,4500000,1200000
2023-06-08 12:27:14.608000,1.39561,1.39554,4500000,1200000
2023-06-08 12:27:14.786000,1.39558,1.39554,1200000,1200000
2023-06-08 12:27:14.888000,1.3956,1.39551,3600000,1800000
2023-06-08 12:27:14.990000,1.39561,1.39553,5850000,1200000
2023-06-08 12:27:15.092000,1.3956,1.39553,4500000,1200000
2023-06-08 12:27:15.994000,1.39561,1.39553,5850000,1200000
2023-06-08 12:27:16.096000,1.39561,1.39552,5850000,1200000
2023-06-08 12:27:16.438000,1.3956,1.39552,1200000,1200000
2023-06-08 12:27:16.595000,1.3956,1.39551,1200000,4140000
2023-06-08 12:27:16.772000,1.3956,1.39552,1200000,1200000
2023-06-08 12:27:16.925000,1.39559,1.39552,1200000,1200000
2023-06-08 12:27:18.042000,1.3956,1.39552,3600000,1200000
2023-06-08 12:27:18.254000,1.39561,1.39552,5850000,1200000
2023-06-08 12:27:19.873000,1.39562,1.3956,1800000,1200000
2023-06-08 12:27:19.976000,1.3957,1.39559,1200000,5580000
2023-06-08 12:27:20.078000,1.3957,1.39561,1350000,4680000
2023-06-08 12:27:20.186000,1.3957,1.39562,4050000,1200000
2023-06-08 12:27:20.668000,1.3957,1.39564,4050000,1200000
2023-06-08 12:27:20.976000,1.3957,1.39562,3600000,1200000
2023-06-08 12:27:21.094000,1.39571,1.39562,5400000,1200000
2023-06-08 12:27:21.146000,1.39572,1.39563,5400000,1200000
2023-06-08 12:27:21.903000,1.39572,1.39568,5400000,1200000
2023-06-08 12:27:22.006000,1.39572,1.39567,4050000,1200000
2023-06-08 12:27:22.057000,1.39571,1.39564,3600000,4230000
2023-06-08 12:27:23.367000,1.3957,1.39564,3600000,3240000
2023-06-08 12:27:23.469000,1.39571,1.39564,3600000,3240000
2023-06-08 12:27:23.835000,1.39572,1.39564,4500000,3240000
2023-06-08 12:27:24.406000,1.39572,1.39565,4050000,1200000
2023-06-08 12:27:24.610000,1.39572,1.39565,1100000,1200000
2023-06-08 12:27:25.160000,1.39573,1.39565,1100000,6480000
2023-06-08 12:27:25.212000,1.39575,1.39567,3600000,1200000
2023-06-08 12:27:25.263000,1.39573,1.39567,1800000,1200000
2023-06-08 12:27:25.365000,1.39572,1.39566,4500000,5040000
2023-06-08 12:27:25.568000,1.39573,1.39566,3600000,1200000
2023-06-08 12:27:25.620000,1.39576,1.39568,4500000,1200000
2023-06-08 12:27:25.722000,1.39574,1.39568,3600000,4140000
2023-06-08 12:27:25.994000,1.39575,1.39568,3600000,1200000
2023-06-08 12:27:26.096000,1.39577,1.39569,1350000,5040000
2023-06-08 12:27:26.198000,1.39579,1.39569,1350000,4140000
2023-06-08 12:27:26.402000,1.39574,1.3957,1200000,1200000
2023-06-08 12:27:26.504000,1.39578,1.39569,1800000,1200000
2023-06-08 12:27:27.071000,1.39576,1.3957,3600000,4140000
2023-06-08 12:27:27.123000,1.39577,1.39567,4500000,1200000
2023-06-08 12:27:27.225000,1.39575,1.39568,1200000,1200000
2023-06-08 12:27:27.532000,1.39576,1.39566,4500000,5040000
2023-06-08 12:27:27.887000,1.39574,1.39567,1200000,4140000
2023-06-08 12:27:28.141000,1.39573,1.39567,1200000,3240000
2023-06-08 12:27:28.243000,1.39575,1.39567,5400000,3240000
2023-06-08 12:27:28.366000,1.39574,1.39566,3600000,4230000
2023-06-08 12:27:28.488000,1.39574,1.39567,3600000,4140000
2023-06-08 12:27:28.539000,1.39571,1.39567,1800000,1200000
2023-06-08 12:27:28.641000,1.39571,1.39565,1200000,1200000
2023-06-08 12:27:28.743000,1.39571,1.39564,1200000,3240000
2023-06-08 12:27:28.845000,1.3957,1.39563,3600000,3240000
2023-06-08 12:27:28.998000,1.3957,1.39562,3600000,3240000
2023-06-08 12:27:29.327000,1.39569,1.39562,1200000,3240000
2023-06-08 12:27:29.429000,1.39569,1.39563,1200000,1200000
2023-06-08 12:27:30.244000,1.39569,1.39562,1200000,4140000
2023-06-08 12:27:30.460000,1.39569,1.39564,1200000,1200000
2023-06-08 12:27:30.562000,1.39569,1.39563,1800000,1200000
2023-06-08 12:27:30.765000,1.3957,1.39564,1200000,1200000
2023-06-08 12:27:31.563000,1.39569,1.39564,1200000,1200000
2023-06-08 12:27:32.016000,1.3957,1.39562,1200000,1200000
2023-06-08 12:27:32.498000,1.39569,1.39564,1200000,1200000
2023-06-08 12:27:32.907000,1.39569,1.39565,1200000,1200000
2023-06-08 12:27:33.009000,1.39569,1.39564,1200000,1200000
2023-06-08 12:27:33.263000,1.39568,1.39564,1200000,1200000
2023-06-08 12:27:33.905000,1.39568,1.39563,1200000,1200000
2023-06-08 12:27:34.448000,1.39568,1.39564,1200000,1200000
2023-06-08 12:27:34.550000,1.39568,1.39563,1200000,1200000
2023-06-08 12:27:34.755000,1.39567,1.39563,1200000,1200000
2023-06-08 12:27:34.857000,1.39567,1.39561,1200000,4140000
2023-06-08 12:27:35.549000,1.39568,1.39561,4500000,3780000
2023-06-08 12:27:35.650000,1.39569,1.39562,4500000,3240000
2023-06-08 12:27:35.752000,1.39569,1.39563,4500000,3240000
2023-06-08 12:27:35.855000,1.39569,1.39564,1200000,3240000
2023-06-08 12:27:36.265000,1.39568,1.39564,3600000,1200000
2023-06-08 12:27:36.366000,1.3957,1.39564,1800000,1200000
2023-06-08 12:27:36.468000,1.3957,1.39565,1800000,1200000
2023-06-08 12:27:37.989000,1.3957,1.39564,4500000,1200000
2023-06-08 12:27:40.488000,1.39572,1.39563,5850000,1200000
2023-06-08 12:27:42.225000,1.3957,1.39563,5400000,1350000
2023-06-08 12:27:42.328000,1.39569,1.39562,3600000,5580000
2023-06-08 12:27:43.354000,1.39569,1.39563,3600000,4140000
2023-06-08 12:27:43.661000,1.39568,1.39562,1200000,4140000
2023-06-08 12:27:43.763000,1.39569,1.39563,4500000,1200000
2023-06-08 12:27:43.865000,1.39568,1.39562,1200000,3240000
2023-06-08 12:27:43.967000,1.39568,1.39561,1200000,1800000
2023-06-08 12:27:44.069000,1.39567,1.39561,1200000,1200000
2023-06-08 12:27:44.222000,1.39566,1.39561,1200000,1200000
2023-06-08 12:27:44.426000,1.39567,1.39559,1200000,4140000
2023-06-08 12:27:44.478000,1.39563,1.39559,1200000,1200000
2023-06-08 12:27:44.530000,1.39562,1.39555,5400000,3240000
2023-06-08 12:27:44.632000,1.39561,1.39554,3600000,1200000
2023-06-08 12:27:44.684000,1.39562,1.39555,3600000,2470000
2023-06-08 12:27:44.735000,1.39565,1.39557,5100000,1440000
2023-06-08 12:27:44.938000,1.39566,1.39557,5850000,2340000
2023-06-08 12:27:45.141000,1.39564,1.39557,1200000,1800000
2023-06-08 12:27:45.244000,1.39565,1.3956,1200000,1200000
2023-06-08 12:27:45.346000,1.3957,1.3956,8550000,5580000
2023-06-08 12:27:45.448000,1.39569,1.3956,4500000,1200000
2023-06-08 12:27:45.753000,1.39568,1.3956,3600000,5580000
2023-06-08 12:27:45.855000,1.3957,1.3956,7650000,5580000
2023-06-08 12:27:46.220000,1.3957,1.39561,4050000,3240000
2023-06-08 12:27:46.324000,1.3957,1.39562,6750000,1200000
2023-06-08 12:27:46.427000,1.39569,1.39561,4500000,5040000
2023-06-08 12:27:46.580000,1.39569,1.39562,3600000,4140000
2023-06-08 12:27:46.683000,1.3957,1.39562,3600000,1200000
2023-06-08 12:27:46.785000,1.39571,1.39562,6600000,1440000
2023-06-08 12:27:46.887000,1.39572,1.39563,5400000,1200000
2023-06-08 12:27:47.192000,1.3957,1.39563,1200000,1200000
2023-06-08 12:27:47.500000,1.39569,1.39562,1200000,2700000
2023-06-08 12:27:47.805000,1.39571,1.39562,1800000,1200000
2023-06-08 12:27:48.407000,1.3957,1.39564,1800000,1200000
2023-06-08 12:27:48.509000,1.3957,1.39563,2700000,1200000
2023-06-08 12:27:48.611000,1.39569,1.39562,1200000,1800000
2023-06-08 12:27:48.713000,1.39569,1.39561,5400000,5940000
2023-06-08 12:27:49.355000,1.39563,1.39561,1800000,1350000
2023-06-08 12:27:49.457000,1.39561,1.39554,3600000,2340000
2023-06-08 12:27:49.660000,1.39561,1.39553,4500000,1200000
2023-06-08 12:27:49.762000,1.3956,1.39552,3600000,4140000
2023-06-08 12:27:50.396000,1.39559,1.39552,4500000,1200000
2023-06-08 12:27:50.517000,1.39558,1.3955,3600000,6050000
2023-06-08 12:27:50.619000,1.39561,1.39549,5850000,6050000
2023-06-08 12:27:50.721000,1.3956,1.39553,5850000,1200000
2023-06-08 12:27:50.823000,1.39559,1.39552,3600000,1440000
2023-06-08 12:27:50.926000,1.39561,1.39553,5850000,5040000
2023-06-08 12:27:51.028000,1.39561,1.39555,4950000,1200000
2023-06-08 12:27:51.434000,1.39562,1.39553,4500000,1800000
2023-06-08 12:27:52.121000,1.39561,1.39555,4500000,1200000
2023-06-08 12:27:52.223000,1.39562,1.39555,4050000,1800000
2023-06-08 12:27:52.325000,1.39565,1.39556,1200000,5580000
2023-06-08 12:27:52.377000,1.39565,1.39558,3600000,3240000
2023-06-08 12:27:52.479000,1.39566,1.39559,1350000,3240000
2023-06-08 12:27:53.241000,1.39567,1.39559,4500000,4140000
2023-06-08 12:27:53.343000,1.39567,1.3956,3600000,3240000
2023-06-08 12:27:53.942000,1.39567,1.39559,3600000,4140000
2023-06-08 12:27:54.048000,1.39568,1.39559,4500000,3240000
2023-06-08 12:27:54.265000,1.39567,1.39559,4500000,4140000
2023-06-08 12:27:54.570000,1.39567,1.3956,4500000,1200000
2023-06-08 12:27:54.673000,1.39566,1.39563,1200000,1200000
2023-06-08 12:27:54.776000,1.39571,1.39563,4950000,1200000
2023-06-08 12:27:54.980000,1.3957,1.39563,1200000,4680000
2023-06-08 12:27:55.082000,1.39571,1.39568,4500000,1200000
2023-06-08 12:27:55.184000,1.39572,1.39567,4050000,1200000
2023-06-08 12:27:55.286000,1.39573,1.39566,1200000,5130000
2023-06-08 12:27:55.388000,1.39573,1.39567,4500000,1200000
2023-06-08 12:27:55.490000,1.39572,1.39565,1200000,1890000
2023-06-08 12:27:55.643000,1.39571,1.39564,3600000,5630000
2023-06-08 12:27:55.745000,1.39571,1.39564,3600000,3240000
2023-06-08 12:27:55.847000,1.39571,1.39563,4500000,6480000
2023-06-08 12:27:55.949000,1.39571,1.39563,4500000,5670000
2023-06-08 12:27:56.206000,1.39571,1.39566,4500000,1200000
2023-06-08 12:27:56.308000,1.39573,1.39565,1100000,1200000
2023-06-08 12:27:56.409000,1.39571,1.39565,3600000,3240000
2023-06-08 12:27:58.664000,1.39572,1.39565,1800000,4680000
2023-06-08 12:27:58.766000,1.39571,1.39565,3600000,1200000
2023-06-08 12:27:58.898000,1.39572,1.39565,1200000,1440000
2023-06-08 12:27:59,1.39572,1.39566,1200000,1200000
2023-06-08 12:27:59.524000,1.39573,1.39565,4720000,2340000
2023-06-08 12:27:59.879000,1.39573,1.39565,4050000,5580000
2023-06-08 12:28:00.034000,1.39573,1.39566,4050000,1200000
2023-06-08 12:28:00.237000,1.39572,1.39565,1200000,1200000
2023-06-08 12:28:00.339000,1.39574,1.39565,4720000,1800000
2023-06-08 12:28:00.690000,1.39573,1.39567,3600000,1440000
2023-06-08 12:28:00.742000,1.39575,1.39567,1350000,1200000
2023-06-08 12:28:01.098000,1.39577,1.3957,5850000,1200000
2023-06-08 12:28:01.200000,1.39576,1.39569,3600000,1200000
2023-06-08 12:28:01.303000,1.39573,1.39566,4500000,1200000
2023-06-08 12:28:01.405000,1.39572,1.39564,4950000,3240000
2023-06-08 12:28:01.862000,1.39572,1.39565,4050000,1200000
2023-06-08 12:28:03.271000,1.39572,1.39564,4500000,1800000
2023-06-08 12:28:03.992000,1.39572,1.39564,4350000,1800000
2023-06-08 12:28:04.501000,1.39572,1.39562,4050000,1800000
2023-06-08 12:28:05.468000,1.39572,1.39564,5850000,1200000
2023-06-08 12:28:06.440000,1.39573,1.39565,4500000,1200000
2023-06-08 12:28:06.542000,1.39572,1.39565,4050000,1200000
2023-06-08 12:28:06.695000,1.39573,1.39565,5400000,1200000
2023-06-08 12:28:06.957000,1.39572,1.39565,3600000,1200000
2023-06-08 12:28:07.059000,1.39573,1.39563,5400000,2790000
2023-06-08 12:28:07.806000,1.39571,1.39563,1350000,1200000
2023-06-08 12:28:07.909000,1.39569,1.39561,1200000,4140000
2023-06-08 12:28:08.425000,1.39569,1.39563,1200000,1200000
2023-06-08 12:28:08.527000,1.39569,1.39561,1200000,4920000
2023-06-08 12:28:08.695000,1.3957,1.39562,1200000,1200000
2023-06-08 12:28:08.898000,1.3957,1.39563,1200000,1200000
2023-06-08 12:28:09.737000,1.39571,1.39564,1200000,1200000
2023-06-08 12:28:10.001000,1.3957,1.39564,1200000,1200000
2023-06-08 12:28:10.304000,1.39571,1.39564,5400000,1200000
2023-06-08 12:28:11.234000,1.39572,1.39563,6600000,2340000
2023-06-08 12:28:11.634000,1.39572,1.39563,7200000,2340000
2023-06-08 12:28:11.736000,1.39572,1.39564,7200000,1200000
2023-06-08 12:28:12.268000,1.39572,1.39563,7200000,2340000
2023-06-08 12:28:12.849000,1.39571,1.39563,3600000,2340000
2023-06-08 12:28:13.081000,1.39572,1.39563,7200000,2340000
2023-06-08 12:28:13.387000,1.39572,1.39564,7200000,1200000
2023-06-08 12:28:13.678000,1.39571,1.39564,3600000,1200000
2023-06-08 12:28:14.146000,1.39571,1.39565,3600000,1200000
2023-06-08 12:28:14.624000,1.39572,1.39565,1350000,1440000
2023-06-08 12:28:14.828000,1.39571,1.39565,3600000,3780000
2023-06-08 12:28:15.688000,1.39574,1.39565,4720000,1440000
2023-06-08 12:28:15.791000,1.39575,1.39566,2470000,4140000
2023-06-08 12:28:15.906000,1.39575,1.39569,1100000,1200000
2023-06-08 12:28:15.957000,1.39576,1.39568,2250000,3780000
2023-06-08 12:28:16.059000,1.39576,1.39566,6750000,4550000
2023-06-08 12:28:16.328000,1.39577,1.39565,6750000,4550000
2023-06-08 12:28:16.617000,1.39576,1.39567,6750000,1440000
2023-06-08 12:28:16.971000,1.39575,1.39567,1200000,1440000
2023-06-08 12:28:17.358000,1.39575,1.39567,1800000,4170000
2023-06-08 12:28:18.388000,1.39575,1.39569,1200000,3240000
2023-06-08 12:28:18.490000,1.39575,1.39568,1200000,1440000
2023-06-08 12:28:18.923000,1.39577,1.39567,5400000,1440000
2023-06-08 12:28:19.079000,1.39575,1.39568,1200000,1440000
2023-06-08 12:28:19.490000,1.39575,1.39569,1200000,3780000
2023-06-08 12:28:19.643000,1.39575,1.3957,1200000,1200000
2023-06-08 12:28:19.745000,1.39576,1.3957,1200000,1200000
2023-06-08 12:28:20.118000,1.39576,1.39569,1200000,1440000
2023-06-08 12:28:20.357000,1.39575,1.39568,1200000,1350000
2023-06-08 12:28:20.814000,1.39576,1.39568,4500000,3240000
2023-06-08 12:28:21.032000,1.39573,1.39566,2250000,3690000
2023-06-08 12:28:21.134000,1.39574,1.39566,5850000,3240000
2023-06-08 12:28:21.257000,1.39573,1.39565,5850000,1440000
2023-06-08 12:28:21.358000,1.39572,1.39567,1200000,3240000
2023-06-08 12:28:21.776000,1.39573,1.39565,1350000,4680000
2023-06-08 12:28:21.905000,1.39573,1.39567,4500000,3240000
2023-06-08 12:28:22.156000,1.39573,1.39566,4500000,4140000
2023-06-08 12:28:22.428000,1.39573,1.39568,1200000,3240000
2023-06-08 12:28:22.531000,1.39573,1.39566,1200000,3420000
2023-06-08 12:28:22.582000,1.39575,1.39566,5850000,1720000
2023-06-08 12:28:22.684000,1.39575,1.39568,5850000,3240000
2023-06-08 12:28:23.057000,1.39575,1.39567,2250000,1200000
2023-06-08 12:28:23.551000,1.39575,1.39568,1350000,4140000
2023-06-08 12:28:23.653000,1.39575,1.39567,4950000,1200000
2023-06-08 12:28:24.303000,1.39575,1.39568,4500000,3240000
2023-06-08 12:28:24.709000,1.39576,1.39568,6750000,1440000
2023-06-08 12:28:24.992000,1.39576,1.39568,5850000,1200000
2023-06-08 12:28:25.094000,1.39576,1.39567,5850000,1200000
2023-06-08 12:28:26.620000,1.39576,1.39567,4950000,1200000
2023-06-08 12:28:27.632000,1.39575,1.39567,4500000,4680000
2023-06-08 12:28:27.835000,1.39575,1.39568,4500000,1200000
2023-06-08 12:28:27.960000,1.39576,1.39568,5850000,4680000
2023-06-08 12:28:28.343000,1.39576,1.39569,4050000,1200000
2023-06-08 12:28:28.516000,1.39576,1.39568,4050000,4680000
2023-06-08 12:28:28.618000,1.39574,1.39568,3600000,3780000
2023-06-08 12:28:28.720000,1.39576,1.39568,4050000,3240000
2023-06-08 12:28:28.822000,1.39577,1.39569,5470000,1200000
2023-06-08 12:28:28.924000,1.39577,1.3957,5470000,1200000
2023-06-08 12:28:29.084000,1.39577,1.3957,4500000,1200000
2023-06-08 12:28:29.552000,1.39577,1.3957,5470000,1200000
2023-06-08 12:28:29.654000,1.39575,1.39569,3600000,1200000
2023-06-08 12:28:29.806000,1.39576,1.39569,4050000,1200000
2023-06-08 12:28:30.685000,1.39575,1.39569,1200000,1200000
2023-06-08 12:28:30.899000,1.39577,1.39572,1100000,1200000
2023-06-08 12:28:30.950000,1.39578,1.39572,2290000,1200000
2023-06-08 12:28:31.002000,1.39578,1.39574,1200000,2220000
2023-06-08 12:28:31.054000,1.39583,1.39574,1200000,1320000
2023-06-08 12:28:31.460000,1.39583,1.39575,8550000,1320000
2023-06-08 12:28:31.613000,1.39583,1.39575,8550000,1840000
2023-06-08 12:28:31.784000,1.39583,1.39579,3150000,3240000
2023-06-08 12:28:31.835000,1.39583,1.39576,3150000,4170000
2023-06-08 12:28:31.886000,1.39583,1.39579,1800000,1200000
2023-06-08 12:28:31.988000,1.39586,1.39577,4500000,1440000
2023-06-08 12:28:32.091000,1.39585,1.39577,1200000,1440000
2023-06-08 12:28:32.896000,1.39585,1.39578,1200000,1200000
2023-06-08 12:28:32.948000,1.39585,1.3958,1200000,1200000
2023-06-08 12:28:33,1.39589,1.3958,1200000,6840000
2023-06-08 12:28:33.203000,1.39588,1.3958,1200000,1200000
2023-06-08 12:28:33.508000,1.39589,1.3958,4500000,1200000
2023-06-08 12:28:33.797000,1.39589,1.39581,4500000,1200000
2023-06-08 12:28:33.899000,1.39588,1.39581,1200000,1200000
2023-06-08 12:28:34.117000,1.39589,1.39581,4500000,1200000
2023-06-08 12:28:34.374000,1.3959,1.39583,4950000,1200000
2023-06-08 12:28:34.476000,1.39591,1.39581,5850000,1200000
2023-06-08 12:28:36.261000,1.3959,1.39581,5400000,5490000
2023-06-08 12:28:36.363000,1.39589,1.39582,1200000,1200000
2023-06-08 12:28:36.465000,1.39589,1.39581,4500000,2250000
2023-06-08 12:28:36.679000,1.39588,1.39581,3600000,1800000
2023-06-08 12:28:36.781000,1.39587,1.3958,1200000,1200000
2023-06-08 12:28:36.934000,1.39587,1.39579,1200000,1800000
2023-06-08 12:28:37.913000,1.39588,1.3958,3600000,1200000
2023-06-08 12:28:38.015000,1.39586,1.39579,1200000,1200000
2023-06-08 12:28:38.117000,1.39588,1.39578,4500000,1200000
2023-06-08 12:28:38.624000,1.39587,1.39578,1200000,1440000
2023-06-08 12:28:38.726000,1.39587,1.39578,1200000,5670000
2023-06-08 12:28:39.055000,1.39588,1.39578,1200000,4170000
2023-06-08 12:28:39.157000,1.39588,1.3958,4500000,4140000
2023-06-08 12:28:39.259000,1.39587,1.39579,1200000,1200000
2023-06-08 12:28:39.361000,1.39587,1.3958,1200000,1200000
2023-06-08 12:28:39.413000,1.39587,1.39584,1200000,1200000
2023-06-08 12:28:39.515000,1.39588,1.39584,1200000,1200000
2023-06-08 12:28:39.617000,1.39589,1.39584,1200000,1200000
2023-06-08 12:28:39.719000,1.3959,1.39584,4500000,1200000
2023-06-08 12:28:42.485000,1.39589,1.39584,1200000,1200000
2023-06-08 12:28:43.788000,1.39589,1.39585,1200000,1200000
2023-06-08 12:28:43.839000,1.39589,1.39583,1800000,1800000
2023-06-08 12:28:43.942000,1.39587,1.39581,4500000,1200000
2023-06-08 12:28:43.993000,1.39585,1.39577,4500000,4140000
2023-06-08 12:28:45.477000,1.39585,1.39579,1200000,1200000
2023-06-08 12:28:45.528000,1.39587,1.3958,4050000,1200000
2023-06-08 12:28:45.684000,1.39586,1.3958,1200000,1200000
2023-06-08 12:28:45.786000,1.39586,1.39579,4500000,1800000
2023-06-08 12:28:46.205000,1.39585,1.39579,1200000,1200000
2023-06-08 12:28:46.307000,1.39585,1.39578,1200000,5040000
2023-06-08 12:28:46.475000,1.39585,1.3958,4500000,1200000
2023-06-08 12:28:46.527000,1.39585,1.39577,1200000,1800000
2023-06-08 12:28:47.009000,1.39585,1.39578,1200000,1200000
2023-06-08 12:28:47.213000,1.39586,1.39578,1350000,1200000
2023-06-08 12:28:47.735000,1.39587,1.39578,4950000,1200000
2023-06-08 12:28:47.938000,1.39587,1.39579,1350000,1200000
2023-06-08 12:28:48.680000,1.39585,1.39578,1200000,1200000
2023-06-08 12:28:49.148000,1.39584,1.39578,1200000,1200000
2023-06-08 12:28:49.654000,1.39585,1.39578,1200000,1200000
2023-06-08 12:28:50.896000,1.39582,1.39577,1200000,1200000
2023-06-08 12:28:51.049000,1.39582,1.39576,1200000,1200000
2023-06-08 12:28:51.101000,1.39584,1.39575,4500000,1440000
2023-06-08 12:28:51.203000,1.39582,1.39576,1350000,1200000
2023-06-08 12:28:51.406000,1.39581,1.39576,3600000,1200000
2023-06-08 12:28:51.726000,1.39582,1.39576,4950000,1200000
2023-06-08 12:28:53.147000,1.39585,1.39577,4950000,1200000
2023-06-08 12:28:53.249000,1.39588,1.39577,4950000,1200000
2023-06-08 12:28:53.781000,1.39586,1.39578,3600000,5040000
2023-06-08 12:28:54.906000,1.39587,1.39578,4950000,4140000
2023-06-08 12:28:56.025000,1.39587,1.39579,1350000,1200000
2023-06-08 12:28:57.472000,1.39587,1.3958,4050000,1200000
2023-06-08 12:28:57.574000,1.39588,1.39579,4350000,2340000
2023-06-08 12:28:57.961000,1.39588,1.3958,4350000,1200000
2023-06-08 12:28:58.294000,1.39588,1.39578,4050000,5580000
2023-06-08 12:28:58.452000,1.39588,1.39579,4950000,2340000
2023-06-08 12:28:58.717000,1.39587,1.39579,3600000,5580000
2023-06-08 12:28:58.819000,1.39587,1.3958,3600000,1200000
2023-06-08 12:28:58.984000,1.39588,1.3958,4950000,1200000
2023-06-08 12:28:59.085000,1.39588,1.39579,3600000,1200000
2023-06-08 12:28:59.238000,1.39588,1.3958,4950000,1200000
2023-06-08 12:28:59.355000,1.39587,1.3958,3600000,1200000
2023-06-08 12:28:59.758000,1.39588,1.3958,4500000,1200000
2023-06-08 12:29:00.138000,1.39586,1.3958,3600000,1200000
2023-06-08 12:29:00.615000,1.39586,1.39579,3600000,4140000
2023-06-08 12:29:01.177000,1.39588,1.39579,4500000,1200000
2023-06-08 12:29:01.279000,1.39585,1.3958,3600000,1200000
2023-06-08 12:29:01.509000,1.39587,1.3958,3600000,4140000
2023-06-08 12:29:02.010000,1.39587,1.39582,3600000,1200000
2023-06-08 12:29:02.112000,1.39589,1.39582,3970000,4140000
2023-06-08 12:29:02.317000,1.39589,1.39583,4720000,1200000
2023-06-08 12:29:02.625000,1.39589,1.39582,4720000,1800000
2023-06-08 12:29:03.108000,1.39589,1.39582,4950000,1800000
2023-06-08 12:29:03.267000,1.39589,1.39581,1200000,1200000
2023-06-08 12:29:03.563000,1.3959,1.39582,3970000,1800000
2023-06-08 12:29:04.840000,1.39591,1.39585,5040000,3240000
2023-06-08 12:29:04.942000,1.3959,1.39584,3600000,4140000
2023-06-08 12:29:05.826000,1.39593,1.39586,2250000,3240000
2023-06-08 12:29:05.877000,1.39595,1.39587,4050000,4140000
2023-06-08 12:29:05.929000,1.39595,1.39589,4050000,3240000
2023-06-08 12:29:06.081000,1.39595,1.39588,4050000,3240000
2023-06-08 12:29:06.183000,1.39596,1.39588,4050000,1200000
2023-06-08 12:29:06.607000,1.39593,1.39589,3600000,1200000
2023-06-08 12:29:06.659000,1.39596,1.39589,4050000,4140000
2023-06-08 12:29:06.710000,1.39597,1.39587,5100000,3240000
2023-06-08 12:29:06.812000,1.39597,1.39589,4500000,3240000
2023-06-08 12:29:06.914000,1.39595,1.39589,1720000,3240000
2023-06-08 12:29:07.016000,1.39595,1.39586,3600000,3240000
2023-06-08 12:29:07.068000,1.39596,1.39586,4050000,5940000
2023-06-08 12:29:07.119000,1.39596,1.39588,4050000,3240000
2023-06-08 12:29:07.222000,1.39592,1.39585,3600000,1200000
2023-06-08 12:29:08.187000,1.39592,1.39586,3600000,1200000
2023-06-08 12:29:08.289000,1.39597,1.39589,1100000,1200000
2023-06-08 12:29:08.340000,1.39598,1.39589,3600000,1200000
2023-06-08 12:29:08.391000,1.39599,1.39594,3600000,1200000
2023-06-08 12:29:08.493000,1.39599,1.39592,3600000,3240000
2023-06-08 12:29:08.595000,1.39599,1.39593,3600000,3240000
2023-06-08 12:29:08.697000,1.39599,1.39592,3600000,3240000
2023-06-08 12:29:08.957000,1.39599,1.39593,3600000,3240000
2023-06-08 12:29:09.131000,1.39599,1.39592,3600000,3240000
2023-06-08 12:29:09.233000,1.39599,1.39593,3600000,3240000
2023-06-08 12:29:09.436000,1.396,1.39594,4140000,1200000
2023-06-08 12:29:09.838000,1.396,1.39593,4140000,4140000
2023-06-08 12:29:10.202000,1.39599,1.39593,3600000,4140000
2023-06-08 12:29:11.253000,1.396,1.39593,4140000,4140000
2023-06-08 12:29:11.881000,1.39601,1.39593,4140000,1200000
2023-06-08 12:29:12.139000,1.396,1.39595,3600000,1200000
2023-06-08 12:29:12.554000,1.39603,1.39596,1100000,3240000
2023-06-08 12:29:12.606000,1.39606,1.39596,3600000,1200000
2023-06-08 12:29:12.709000,1.39606,1.39597,3600000,2700000
2023-06-08 12:29:12.862000,1.39604,1.39598,3600000,3240000
2023-06-08 12:29:13.448000,1.39604,1.396,3600000,1200000
2023-06-08 12:29:13.580000,1.39607,1.396,1350000,4140000
2023-06-08 12:29:13.682000,1.39606,1.396,3600000,1200000
2023-06-08 12:29:13.794000,1.39607,1.396,1200000,4140000
2023-06-08 12:29:14.316000,1.39606,1.39599,3600000,1200000
2023-06-08 12:29:15.360000,1.39607,1.39599,4500000,1200000
2023-06-08 12:29:16.005000,1.39607,1.396,4500000,1200000
2023-06-08 12:29:17.634000,1.39607,1.39599,1200000,1200000
2023-06-08 12:29:17.885000,1.39606,1.39599,1440000,1200000
2023-06-08 12:29:17.937000,1.39605,1.39597,4500000,1200000
2023-06-08 12:29:18.039000,1.39605,1.396,1200000,1200000
2023-06-08 12:29:18.140000,1.39606,1.39597,1200000,5040000
2023-06-08 12:29:18.242000,1.39606,1.39599,1200000,1200000
2023-06-08 12:29:18.344000,1.39608,1.39599,5040000,1200000
2023-06-08 12:29:18.547000,1.39608,1.39598,5040000,4140000
2023-06-08 12:29:18.649000,1.39609,1.39598,5040000,1200000
2023-06-08 12:29:19.065000,1.39608,1.396,4140000,3240000
2023-06-08 12:29:19.170000,1.39608,1.39599,4140000,1200000
2023-06-08 12:29:19.272000,1.39608,1.396,4140000,3240000
2023-06-08 12:29:19.374000,1.39608,1.39599,4140000,1200000
2023-06-08 12:29:19.477000,1.39608,1.39598,5040000,3240000
2023-06-08 12:29:19.579000,1.39607,1.396,3600000,1200000
2023-06-08 12:29:19.681000,1.39608,1.396,1440000,1200000
2023-06-08 12:29:19.783000,1.39607,1.39599,1800000,1200000
2023-06-08 12:29:19.885000,1.39607,1.396,4500000,1200000
2023-06-08 12:29:19.987000,1.39606,1.396,3600000,1200000
2023-06-08 12:29:20.089000,1.39607,1.396,4500000,1200000
2023-06-08 12:29:20.447000,1.39607,1.39598,4500000,1200000
2023-06-08 12:29:20.549000,1.39606,1.39598,1440000,1200000
2023-06-08 12:29:20.651000,1.396,1.39595,3600000,1200000
2023-06-08 12:29:20.886000,1.396,1.39594,3600000,4140000
2023-06-08 12:29:22.077000,1.39601,1.39595,5490000,3240000
2023-06-08 12:29:23.196000,1.39601,1.39596,1890000,3240000
2023-06-08 12:29:23.248000,1.396,1.39593,4140000,4140000
2023-06-08 12:29:24.158000,1.39601,1.39599,1200000,1200000
2023-06-08 12:29:24.210000,1.39608,1.39604,3600000,1200000
2023-06-08 12:29:24.261000,1.39606,1.39599,1200000,3690000
2023-06-08 12:29:24.313000,1.39608,1.39599,5170000,1200000
2023-06-08 12:29:24.415000,1.39606,1.396,3600000,3240000
2023-06-08 12:29:24.517000,1.39607,1.39599,3600000,1200000
2023-06-08 12:29:24.619000,1.39608,1.39601,3600000,3240000
2023-06-08 12:29:24.784000,1.39608,1.39602,3600000,3240000
2023-06-08 12:29:24.886000,1.39608,1.39601,3600000,3240000
2023-06-08 12:29:24.995000,1.39609,1.396,5040000,1200000
2023-06-08 12:29:25.147000,1.39608,1.39601,3600000,3240000
2023-06-08 12:29:25.300000,1.39609,1.39601,3600000,1200000
2023-06-08 12:29:25.456000,1.39609,1.39602,5040000,1200000
2023-06-08 12:29:25.609000,1.39608,1.39602,3600000,1200000
2023-06-08 12:29:26.156000,1.39609,1.39602,5040000,1200000
2023-06-08 12:29:26.259000,1.39606,1.39601,3600000,1200000
2023-06-08 12:29:26.751000,1.39606,1.396,3600000,3240000
2023-06-08 12:29:26.926000,1.39606,1.39599,3600000,1200000
2023-06-08 12:29:27.009000,1.39609,1.39598,3600000,1200000
2023-06-08 12:29:27.213000,1.39606,1.39599,3600000,1200000
2023-06-08 12:29:27.315000,1.39607,1.39599,3600000,1800000
2023-06-08 12:29:29.326000,1.39606,1.39598,3600000,1200000
2023-06-08 12:29:29.728000,1.39605,1.39598,3600000,5940000
2023-06-08 12:29:29.830000,1.39605,1.39599,3600000,1200000
2023-06-08 12:29:30.106000,1.39602,1.39599,1200000,1200000
2023-06-08 12:29:30.157000,1.39604,1.39595,3600000,1800000
2023-06-08 12:29:30.259000,1.39604,1.39596,3600000,1200000
2023-06-08 12:29:30.361000,1.39605,1.39597,3600000,1200000
2023-06-08 12:29:30.413000,1.39603,1.39597,3600000,1200000
2023-06-08 12:29:30.464000,1.39606,1.39597,3600000,1800000
2023-06-08 12:29:31.286000,1.39605,1.39597,3600000,1800000
2023-06-08 12:29:31.389000,1.39605,1.39598,3600000,1200000
2023-06-08 12:29:31.491000,1.39605,1.39597,3600000,1200000
2023-06-08 12:29:31.644000,1.39606,1.39598,3600000,1200000
2023-06-08 12:29:31.695000,1.39607,1.39599,4500000,1200000
2023-06-08 12:29:31.848000,1.39608,1.39599,1200000,4140000
2023-06-08 12:29:33.137000,1.3961,1.39598,4500000,5040000
2023-06-08 12:29:33.481000,1.39608,1.396,3600000,3240000
2023-06-08 12:29:33.701000,1.39608,1.39599,3600000,5040000
2023-06-08 12:29:33.803000,1.39609,1.39599,3600000,4140000
2023-06-08 12:29:33.905000,1.3961,1.39598,4500000,5040000
2023-06-08 12:29:34.140000,1.39608,1.39599,3600000,5040000
2023-06-08 12:29:34.750000,1.39611,1.39608,1800000,1200000
2023-06-08 12:29:34.801000,1.39613,1.39609,1200000,1200000
2023-06-08 12:29:34.909000,1.39616,1.39609,3600000,1200000
2023-06-08 12:29:35.065000,1.39616,1.3961,3600000,1200000
2023-06-08 12:29:35.117000,1.39619,1.39613,3600000,3240000
2023-06-08 12:29:35.219000,1.39619,1.39611,3600000,3240000
2023-06-08 12:29:35.723000,1.3962,1.39611,5400000,3240000
2023-06-08 12:29:35.775000,1.39619,1.39613,1200000,1200000
2023-06-08 12:29:35.877000,1.39619,1.3961,1200000,4140000
2023-06-08 12:29:36.030000,1.39621,1.39609,4500000,4140000
2023-06-08 12:29:36.132000,1.39619,1.39611,4500000,3240000
2023-06-08 12:29:36.285000,1.3962,1.39611,5400000,3240000
2023-06-08 12:29:36.400000,1.3962,1.39613,4500000,3240000
2023-06-08 12:29:37.218000,1.39617,1.39613,1200000,3240000
2023-06-08 12:29:37.270000,1.39617,1.39609,4500000,3240000
2023-06-08 12:29:37.321000,1.39616,1.39607,1200000,3240000
2023-06-08 12:29:37.423000,1.39615,1.39607,3600000,3240000
2023-06-08 12:29:37.525000,1.39614,1.39607,3600000,3240000
2023-06-08 12:29:37.678000,1.39615,1.39609,3600000,3240000
2023-06-08 12:29:37.781000,1.39616,1.39609,6300000,3240000
2023-06-08 12:29:37.832000,1.39615,1.39607,4500000,3240000
2023-06-08 12:29:37.934000,1.39617,1.39607,4500000,3240000
2023-06-08 12:29:38.043000,1.39616,1.39607,1200000,3240000
2023-06-08 12:29:38.095000,1.39614,1.39607,3600000,3240000
2023-06-08 12:29:38.146000,1.39616,1.39607,3600000,3240000
2023-06-08 12:29:38.370000,1.39615,1.39607,3600000,3240000
2023-06-08 12:29:38.636000,1.39617,1.39608,1200000,3240000
2023-06-08 12:29:38.739000,1.39617,1.39607,4500000,5040000
2023-06-08 12:29:38.841000,1.39618,1.39609,1200000,3240000
2023-06-08 12:29:38.943000,1.39618,1.39607,3600000,1200000
2023-06-08 12:29:39.584000,1.39619,1.39612,4500000,3240000
2023-06-08 12:29:39.686000,1.39617,1.39608,1200000,3240000
2023-06-08 12:29:39.788000,1.39616,1.3961,3600000,3240000
2023-06-08 12:29:40.194000,1.39616,1.39608,3600000,3240000
2023-06-08 12:29:40.245000,1.39618,1.39611,5400000,3240000
2023-06-08 12:29:40.754000,1.39619,1.39611,1800000,3240000
2023-06-08 12:29:40.856000,1.39618,1.39611,4500000,3240000
2023-06-08 12:29:40.959000,1.39619,1.39611,1200000,3240000
2023-06-08 12:29:41.250000,1.3962,1.39616,1200000,1200000
2023-06-08 12:29:41.352000,1.39625,1.39618,1200000,3240000
2023-06-08 12:29:41.565000,1.39627,1.39618,1200000,3240000
2023-06-08 12:29:41.922000,1.39626,1.39618,1200000,3240000
2023-06-08 12:29:42.053000,1.39627,1.39618,1800000,3240000
2023-06-08 12:29:42.155000,1.39624,1.39618,1200000,3240000
2023-06-08 12:29:42.207000,1.39624,1.39616,4500000,1800000
2023-06-08 12:29:42.309000,1.39623,1.39615,1200000,4140000
2023-06-08 12:29:42.462000,1.39626,1.39615,1200000,4140000
2023-06-08 12:29:42.564000,1.39626,1.39616,1200000,3240000
2023-06-08 12:29:43.030000,1.39626,1.39618,1200000,3240000
2023-06-08 12:29:43.131000,1.39626,1.39616,1200000,3240000
2023-06-08 12:29:43.183000,1.39624,1.39616,3600000,3240000
2023-06-08 12:29:43.285000,1.39625,1.39616,1800000,3240000
2023-06-08 12:29:43.440000,1.39624,1.39614,3600000,4140000
2023-06-08 12:29:45.088000,1.39623,1.39614,1200000,3240000
2023-06-08 12:29:45.191000,1.39624,1.39616,1800000,3240000
2023-06-08 12:29:45.293000,1.39625,1.39618,1200000,3240000
2023-06-08 12:29:45.345000,1.39622,1.3961,4500000,3240000
2023-06-08 12:29:45.649000,1.39621,1.39612,1200000,3240000
2023-06-08 12:29:45.802000,1.39621,1.39611,4500000,3240000
2023-06-08 12:29:46.005000,1.39621,1.39612,1200000,3240000
2023-06-08 12:29:46.399000,1.39621,1.39611,6300000,3240000
2023-06-08 12:29:46.501000,1.39622,1.39612,3600000,3240000
2023-06-08 12:29:46.552000,1.39624,1.39613,1800000,3240000
2023-06-08 12:29:46.654000,1.39623,1.39617,1200000,3240000
2023-06-08 12:29:46.706000,1.39629,1.39617,4500000,3240000
2023-06-08 12:29:46.808000,1.39628,1.39617,1200000,3240000
2023-06-08 12:29:47.919000,1.39624,1.39615,1800000,3240000
2023-06-08 12:29:48.021000,1.39622,1.39613,3600000,3240000
2023-06-08 12:29:48.073000,1.39624,1.39611,1200000,3240000
2023-06-08 12:29:48.174000,1.39622,1.39612,3600000,3240000
2023-06-08 12:29:48.335000,1.39623,1.39611,1200000,3240000
2023-06-08 12:29:48.539000,1.39621,1.3961,3600000,3240000
2023-06-08 12:29:48.641000,1.3962,1.39611,3600000,1200000
2023-06-08 12:29:48.923000,1.3962,1.39612,3600000,1200000
2023-06-08 12:29:49.025000,1.39621,1.39612,3600000,4140000
2023-06-08 12:29:49.179000,1.39622,1.39612,3600000,1200000
2023-06-08 12:29:49.332000,1.39621,1.39612,1200000,1200000
2023-06-08 12:29:49.434000,1.3962,1.39612,3600000,1200000
2023-06-08 12:29:49.763000,1.39619,1.3961,3600000,1800000
2023-06-08 12:29:50.088000,1.3962,1.3961,4500000,4140000
2023-06-08 12:29:50.140000,1.39619,1.39612,3600000,1200000
2023-06-08 12:29:50.293000,1.3962,1.39612,1200000,1200000
2023-06-08 12:29:50.395000,1.3962,1.39611,3600000,1200000
2023-06-08 12:29:50.497000,1.39619,1.39611,3600000,1200000
2023-06-08 12:29:50.802000,1.3962,1.39611,3600000,1200000
2023-06-08 12:29:51.085000,1.3962,1.39612,4500000,1200000
2023-06-08 12:29:51.187000,1.3962,1.39611,4500000,1200000
2023-06-08 12:29:51.289000,1.39622,1.39611,4500000,1200000
2023-06-08 12:29:51.452000,1.39621,1.3961,3600000,1200000
2023-06-08 12:29:51.554000,1.39621,1.39611,3600000,1200000
2023-06-08 12:29:51.658000,1.39619,1.39609,1200000,4140000
2023-06-08 12:29:51.760000,1.39618,1.39611,3600000,1200000
2023-06-08 12:29:51.861000,1.39619,1.39611,4500000,1200000
2023-06-08 12:29:52.429000,1.3962,1.39611,1200000,1200000
2023-06-08 12:29:52.604000,1.39621,1.39611,3600000,1200000
2023-06-08 12:29:52.881000,1.39621,1.39612,3600000,1200000
2023-06-08 12:29:53.568000,1.39621,1.39611,1200000,1200000
2023-06-08 12:29:53.670000,1.39621,1.39612,1200000,1200000
2023-06-08 12:29:53.975000,1.39626,1.39617,1800000,3240000
2023-06-08 12:29:54.129000,1.39625,1.39617,1200000,3240000
2023-06-08 12:29:54.230000,1.39625,1.39618,1200000,1200000
2023-06-08 12:29:54.342000,1.39626,1.39618,4500000,1200000
2023-06-08 12:29:55.523000,1.39627,1.39618,1200000,1200000
2023-06-08 12:29:55.655000,1.39617,1.39608,1800000,3240000
2023-06-08 12:29:55.707000,1.39615,1.39605,3600000,4140000
2023-06-08 12:29:55.859000,1.39614,1.39605,1200000,4140000
2023-06-08 12:29:56.012000,1.39616,1.39605,2700000,1200000
2023-06-08 12:29:56.114000,1.39615,1.39601,3600000,3240000
2023-06-08 12:29:56.165000,1.39612,1.39599,1200000,3240000
2023-06-08 12:29:56.266000,1.39616,1.39598,4500000,1200000
2023-06-08 12:29:56.317000,1.39612,1.396,3600000,3240000
2023-06-08 12:29:56.419000,1.39616,1.39599,3600000,1200000
2023-06-08 12:29:56.572000,1.39612,1.39599,1200000,3240000
2023-06-08 12:29:56.674000,1.39612,1.39598,1200000,1200000
2023-06-08 12:29:56.827000,1.39612,1.39599,1200000,1200000
2023-06-08 12:29:56.878000,1.39614,1.39599,1200000,1200000
2023-06-08 12:29:56.980000,1.39611,1.39598,1200000,1800000
2023-06-08 12:29:57.505000,1.39613,1.39598,1200000,1200000
2023-06-08 12:29:57.556000,1.39611,1.39601,3600000,3240000
2023-06-08 12:29:57.973000,1.39614,1.39598,2700000,4140000
2023-06-08 12:29:58.024000,1.39617,1.39597,1200000,5040000
2023-06-08 12:29:58.312000,1.39616,1.39603,4500000,3240000
2023-06-08 12:29:58.543000,1.39616,1.39599,1200000,1800000
2023-06-08 12:29:58.595000,1.39613,1.39598,1200000,1200000
2023-06-08 12:29:58.697000,1.39611,1.39601,3600000,3240000
2023-06-08 12:29:58.849000,1.39613,1.39598,1200000,4140000
2023-06-08 12:29:58.900000,1.39616,1.39599,2700000,1200000
2023-06-08 12:29:58.951000,1.39613,1.39599,3600000,4140000
2023-06-08 12:29:59.053000,1.39611,1.39599,1200000,1200000
2023-06-08 12:29:59.155000,1.3961,1.396,3600000,3240000
2023-06-08 12:29:59.352000,1.39611,1.39598,1200000,1200000
2023-06-08 12:29:59.454000,1.3961,1.39598,1200000,4140000
2023-06-08 12:29:59.556000,1.39611,1.39599,3600000,3240000
2023-06-08 12:29:59.607000,1.39612,1.39601,1200000,3240000
2023-06-08 12:29:59.658000,1.3962,1.39601,3600000,3240000
2023-06-08 12:29:59.915000,1.39623,1.39598,4500000,3690000
2023-06-08 12:30:00.017000,1.39622,1.39598,3600000,1350000
2023-06-08 12:30:00.170000,1.39621,1.39597,1200000,1350000
2023-06-08 12:30:00.272000,1.39608,1.39595,1200000,3690000
2023-06-08 12:30:00.374000,1.39557,1.39522,900000,3240000
2023-06-08 12:30:00.428000,1.39516,1.39503,3600000,1200000
2023-06-08 12:30:00.513000,1.39511,1.39498,900000,1200000
2023-06-08 12:30:00.564000,1.39508,1.39476,3600000,1200000
2023-06-08 12:30:00.615000,1.39512,1.39474,1200000,1200000
2023-06-08 12:30:00.666000,1.39516,1.39471,3600000,3300000
2023-06-08 12:30:00.768000,1.39514,1.39477,3600000,3240000
2023-06-08 12:30:00.870000,1.39515,1.39476,1200000,3240000
2023-06-08 12:30:00.972000,1.39509,1.39475,1200000,3240000
2023-06-08 12:30:01.023000,1.39509,1.39469,1200000,3300000
2023-06-08 12:30:01.074000,1.39512,1.39472,6300000,3240000
2023-06-08 12:30:01.125000,1.39564,1.39535,1800000,1200000
2023-06-08 12:30:01.227000,1.39572,1.3954,1200000,3240000
2023-06-08 12:30:01.278000,1.39571,1.39545,3600000,1200000
2023-06-08 12:30:01.329000,1.39588,1.39552,1800000,3240000
2023-06-08 12:30:01.379000,1.39584,1.39551,1200000,1200000
2023-06-08 12:30:01.483000,1.39582,1.39551,3600000,3240000
2023-06-08 12:30:01.534000,1.39582,1.39549,3600000,3240000
2023-06-08 12:30:01.585000,1.39573,1.39548,900000,3240000
2023-06-08 12:30:01.687000,1.39584,1.39551,3600000,1200000
2023-06-08 12:30:01.738000,1.39591,1.39558,3600000,1200000
2023-06-08 12:30:01.840000,1.39583,1.39549,3600000,3240000
2023-06-08 12:30:01.942000,1.39585,1.39549,4500000,3240000
2023-06-08 12:30:01.992000,1.39583,1.39548,3600000,4140000
2023-06-08 12:30:02.473000,1.39466,1.39444,1200000,4320000
2023-06-08 12:30:02.556000,1.39459,1.39433,3600000,3240000
2023-06-08 12:30:02.615000,1.3943,1.39409,510000,1200000
2023-06-08 12:30:02.667000,1.3945,1.39403,3600000,900000
2023-06-08 12:30:02.719000,1.39412,1.39391,900000,900000
2023-06-08 12:30:02.770000,1.39445,1.39403,3600000,1200000
2023-06-08 12:30:02.821000,1.39445,1.39412,1800000,1200000
2023-06-08 12:30:02.922000,1.39451,1.39417,1200000,3240000
2023-06-08 12:30:02.974000,1.3944,1.39411,1200000,3240000
2023-06-08 12:30:03.025000,1.3944,1.39407,1200000,1200000
2023-06-08 12:30:03.077000,1.39451,1.39418,1200000,3240000
2023-06-08 12:30:03.128000,1.39453,1.39412,1800000,3240000
2023-06-08 12:30:03.179000,1.39445,1.39406,1200000,1800000
2023-06-08 12:30:03.281000,1.3943,1.39407,900000,1200000
2023-06-08 12:30:03.383000,1.39443,1.39407,1200000,1800000
2023-06-08 12:30:03.485000,1.39423,1.39417,1800000,1800000
2023-06-08 12:30:03.587000,1.39428,1.39411,1200000,1200000
2023-06-08 12:30:03.638000,1.39421,1.39415,3600000,3240000
2023-06-08 12:30:03.690000,1.39439,1.39416,3600000,1200000
2023-06-08 12:30:03.741000,1.39442,1.39422,3600000,3240000
2023-06-08 12:30:03.843000,1.39443,1.39433,3600000,3240000
2023-06-08 12:30:03.895000,1.39437,1.3942,3600000,1200000
2023-06-08 12:30:03.996000,1.39436,1.39417,3600000,1800000
2023-06-08 12:30:04.098000,1.39437,1.39412,1200000,6840000
2023-06-08 12:30:04.200000,1.39433,1.39417,3600000,1200000
2023-06-08 12:30:04.307000,1.39445,1.39423,1200000,3240000
2023-06-08 12:30:04.409000,1.39443,1.39422,3600000,1200000
2023-06-08 12:30:04.511000,1.39446,1.39423,3600000,3240000
2023-06-08 12:30:04.613000,1.39426,1.39411,3600000,3300000
2023-06-08 12:30:04.665000,1.39431,1.3941,3600000,1100000
2023-06-08 12:30:04.716000,1.39427,1.39412,1200000,1200000
2023-06-08 12:30:04.819000,1.39433,1.39423,1800000,3240000
2023-06-08 12:30:04.922000,1.39436,1.3942,4050000,1200000
2023-06-08 12:30:04.973000,1.39435,1.39424,3600000,1200000
2023-06-08 12:30:05.025000,1.39443,1.39424,3600000,1200000
2023-06-08 12:30:05.076000,1.39438,1.39424,3600000,1200000
2023-06-08 12:30:05.177000,1.39436,1.39422,3600000,1200000
2023-06-08 12:30:05.229000,1.3943,1.39414,4950000,1200000
2023-06-08 12:30:05.330000,1.39428,1.39414,1200000,1200000
2023-06-08 12:30:05.432000,1.39418,1.39412,1200000,1800000
2023-06-08 12:30:05.483000,1.39409,1.39403,3600000,3240000
2023-06-08 12:30:05.586000,1.3941,1.39401,1600000,1200000
2023-06-08 12:30:05.738000,1.39418,1.39408,1200000,1200000
2023-06-08 12:30:05.840000,1.39425,1.39408,1200000,4140000
2023-06-08 12:30:06.097000,1.39426,1.39412,1350000,1200000
2023-06-08 12:30:06.198000,1.39435,1.39415,4230000,3240000
2023-06-08 12:30:06.300000,1.39435,1.39414,4500000,3240000
2023-06-08 12:30:06.351000,1.3943,1.39413,1200000,3690000
2023-06-08 12:30:06.659000,1.39426,1.39412,3600000,1350000
2023-06-08 12:30:06.761000,1.39415,1.39402,1200000,1200000
2023-06-08 12:30:07.193000,1.39416,1.39402,1200000,1800000
2023-06-08 12:30:07.346000,1.39417,1.39402,3600000,1800000
2023-06-08 12:30:07.449000,1.39422,1.39416,1100000,1800000
2023-06-08 12:30:07.552000,1.39416,1.39413,1200000,3240000
2023-06-08 12:30:07.604000,1.39417,1.39406,1200000,1100000
2023-06-08 12:30:07.655000,1.39416,1.39402,1200000,5940000
2023-06-08 12:30:07.707000,1.39416,1.39405,1200000,3240000
2023-06-08 12:30:07.809000,1.39418,1.39405,1200000,3240000
2023-06-08 12:30:07.861000,1.39423,1.39405,1200000,3690000
2023-06-08 12:30:07.912000,1.39425,1.39407,1200000,1600000
2023-06-08 12:30:08.014000,1.39428,1.39414,1200000,3240000
2023-06-08 12:30:08.066000,1.39429,1.39412,1200000,4590000
2023-06-08 12:30:08.168000,1.39429,1.39413,1200000,3240000
2023-06-08 12:30:08.219000,1.39429,1.39411,1200000,1200000
2023-06-08 12:30:08.391000,1.39429,1.39413,1200000,3240000
2023-06-08 12:30:08.494000,1.39422,1.39409,1200000,1200000
2023-06-08 12:30:08.596000,1.39428,1.39413,1720000,3240000
2023-06-08 12:30:08.699000,1.39422,1.39412,1350000,1200000
2023-06-08 12:30:08.750000,1.39398,1.39392,1200000,1200000
2023-06-08 12:30:08.853000,1.3938,1.39378,1200000,1200000
2023-06-08 12:30:08.905000,1.39392,1.39381,900000,1200000
2023-06-08 12:30:08.956000,1.39398,1.39389,1200000,3240000
2023-06-08 12:30:09.008000,1.39403,1.39386,4500000,1100000
2023-06-08 12:30:09.059000,1.394,1.39383,1200000,3300000
2023-06-08 12:30:09.110000,1.39396,1.39383,1200000,1100000
2023-06-08 12:30:09.212000,1.39397,1.3938,1200000,3300000
2023-06-08 12:30:09.263000,1.39381,1.39377,1200000,1100000
2023-06-08 12:30:09.315000,1.39393,1.39384,3600000,1200000
2023-06-08 12:30:09.366000,1.39387,1.39381,1800000,3240000
2023-06-08 12:30:09.569000,1.39395,1.3939,1200000,1200000
2023-06-08 12:30:09.671000,1.39399,1.39393,1100000,4140000
2023-06-08 12:30:09.774000,1.39398,1.39384,4500000,1200000
2023-06-08 12:30:10.295000,1.39399,1.39384,5400000,1200000
2023-06-08 12:30:10.398000,1.39398,1.39384,3600000,1200000
2023-06-08 12:30:10.710000,1.39399,1.39384,1350000,4140000
2023-06-08 12:30:10.761000,1.39404,1.39385,1100000,4050000
2023-06-08 12:30:10.813000,1.39402,1.39385,1200000,4590000
2023-06-08 12:30:10.864000,1.39406,1.3939,3600000,1600000
2023-06-08 12:30:10.967000,1.39407,1.39394,1350000,3240000
2023-06-08 12:30:11.069000,1.39408,1.39392,4500000,4140000
2023-06-08 12:30:11.172000,1.39406,1.39394,1200000,3240000
2023-06-08 12:30:11.223000,1.39408,1.39394,3600000,3240000
2023-06-08 12:30:11.274000,1.39407,1.39397,1200000,1800000
2023-06-08 12:30:11.528000,1.39408,1.39399,3600000,1200000
2023-06-08 12:30:11.686000,1.39408,1.39399,3600000,1200000
2023-06-08 12:30:11.738000,1.39406,1.39397,3600000,1800000
2023-06-08 12:30:11.789000,1.39406,1.39387,4500000,3240000
2023-06-08 12:30:11.891000,1.39406,1.39391,3600000,1200000
2023-06-08 12:30:11.993000,1.39411,1.39394,1100000,3240000
2023-06-08 12:30:12.045000,1.39415,1.39392,1200000,5490000
2023-06-08 12:30:12.096000,1.39415,1.39395,1200000,1200000
2023-06-08 12:30:12.522000,1.39415,1.39393,1200000,5040000
2023-06-08 12:30:12.573000,1.39416,1.39397,4500000,1200000
2023-06-08 12:30:12.726000,1.39409,1.39396,1200000,1840000
2023-06-08 12:30:12.777000,1.39417,1.39414,1350000,1200000
2023-06-08 12:30:12.829000,1.39429,1.39414,3600000,1200000
2023-06-08 12:30:12.886000,1.39434,1.39415,1600000,1200000
2023-06-08 12:30:12.989000,1.39439,1.39432,1100000,4140000
2023-06-08 12:30:13.040000,1.39443,1.39432,3600000,4140000
2023-06-08 12:30:13.142000,1.39447,1.39433,3600000,1200000
2023-06-08 12:30:13.244000,1.39447,1.39434,1200000,1200000
2023-06-08 12:30:13.921000,1.39448,1.39434,1200000,1200000
2023-06-08 12:30:13.972000,1.39449,1.39438,1200000,1200000
2023-06-08 12:30:14.074000,1.39457,1.39451,1200000,1200000
2023-06-08 12:30:14.125000,1.39472,1.39456,1200000,1200000
2023-06-08 12:30:14.228000,1.39474,1.39457,4050000,5040000
2023-06-08 12:30:14.330000,1.39474,1.39458,4050000,1200000
2023-06-08 12:30:14.432000,1.39474,1.39459,4050000,1200000
2023-06-08 12:30:14.534000,1.39474,1.39459,4050000,1620000
2023-06-08 12:30:14.636000,1.39474,1.39468,3600000,3240000
2023-06-08 12:30:14.739000,1.39474,1.39467,3600000,3240000
2023-06-08 12:30:14.943000,1.39475,1.39465,3600000,3240000
2023-06-08 12:30:15.046000,1.39474,1.39466,3600000,4820000
2023-06-08 12:30:15.098000,1.39479,1.39467,1720000,1350000
2023-06-08 12:30:15.149000,1.3949,1.39478,1200000,3680000
2023-06-08 12:30:15.201000,1.3949,1.39481,1200000,3240000
2023-06-08 12:30:15.252000,1.39489,1.39479,1200000,1200000
2023-06-08 12:30:15.304000,1.39493,1.39479,3600000,1600000
2023-06-08 12:30:15.356000,1.39495,1.39477,4050000,1600000
2023-06-08 12:30:15.407000,1.39495,1.39475,4050000,2100000
2023-06-08 12:30:15.509000,1.39495,1.39474,3600000,1700000
2023-06-08 12:30:15.611000,1.39495,1.39475,3600000,1600000
2023-06-08 12:30:15.967000,1.39476,1.39474,1200000,1200000
2023-06-08 12:30:16.019000,1.39467,1.39456,1440000,1200000
2023-06-08 12:30:16.071000,1.39465,1.39456,3600000,1200000
2023-06-08 12:30:16.122000,1.39448,1.39435,1200000,1200000
2023-06-08 12:30:16.173000,1.39447,1.39435,3600000,1200000
2023-06-08 12:30:16.276000,1.39441,1.39438,1200000,3240000
2023-06-08 12:30:16.327000,1.39446,1.39438,3600000,3240000
2023-06-08 12:30:16.379000,1.39444,1.39433,3600000,3240000
2023-06-08 12:30:16.431000,1.39448,1.39433,3600000,3240000
2023-06-08 12:30:16.482000,1.39448,1.39434,3600000,3300000
2023-06-08 12:30:16.534000,1.39447,1.39433,3600000,4800000
2023-06-08 12:30:16.585000,1.39444,1.39433,1200000,4590000
2023-06-08 12:30:16.687000,1.39436,1.39427,3600000,1100000
2023-06-08 12:30:16.790000,1.39426,1.3942,1200000,1100000
2023-06-08 12:30:16.841000,1.39425,1.3942,3600000,1100000
2023-06-08 12:30:16.943000,1.39427,1.39416,1200000,1600000
2023-06-08 12:30:16.995000,1.39424,1.39415,1200000,4050000
2023-06-08 12:30:17.047000,1.39427,1.39416,1200000,3300000
2023-06-08 12:30:17.098000,1.39425,1.39414,1600000,4140000
2023-06-08 12:30:17.149000,1.39427,1.39414,4500000,4050000
2023-06-08 12:30:17.288000,1.39425,1.39415,1200000,4050000
2023-06-08 12:30:17.391000,1.39427,1.39417,1200000,3300000
2023-06-08 12:30:17.494000,1.39428,1.3942,1200000,3300000
2023-06-08 12:30:17.545000,1.39428,1.3942,3600000,3300000
2023-06-08 12:30:17.596000,1.39431,1.39419,2250000,3300000
2023-06-08 12:30:17.648000,1.39428,1.3942,3600000,3300000
2023-06-08 12:30:17.699000,1.39431,1.39417,1350000,1600000
2023-06-08 12:30:17.750000,1.39431,1.39418,3600000,1600000
2023-06-08 12:30:17.802000,1.39422,1.39413,1200000,3300000
2023-06-08 12:30:17.853000,1.39416,1.39411,1350000,1100000
2023-06-08 12:30:17.956000,1.39419,1.39413,3600000,1200000
2023-06-08 12:30:18.058000,1.39419,1.39415,3600000,1200000
2023-06-08 12:30:18.161000,1.39406,1.39401,1350000,1200000
2023-06-08 12:30:18.263000,1.39406,1.39398,3600000,3680000
2023-06-08 12:30:18.365000,1.39406,1.39397,3600000,3240000
2023-06-08 12:30:18.466000,1.39409,1.39404,1200000,4140000
2023-06-08 12:30:18.569000,1.39416,1.3941,1200000,1200000
2023-06-08 12:30:18.671000,1.39414,1.39407,1080000,1200000
2023-06-08 12:30:18.773000,1.39415,1.39405,3600000,3240000
2023-06-08 12:30:18.875000,1.39417,1.39403,3600000,3240000
2023-06-08 12:30:18.977000,1.39412,1.39399,3600000,3300000
2023-06-08 12:30:19.079000,1.39416,1.39404,3600000,3240000
2023-06-08 12:30:19.181000,1.39416,1.39408,3600000,1200000
2023-06-08 12:30:19.284000,1.39416,1.39401,3600000,1100000
2023-06-08 12:30:19.335000,1.39415,1.394,3600000,1200000
2023-06-08 12:30:19.417000,1.39409,1.39402,2220000,1200000
2023-06-08 12:30:19.472000,1.39398,1.39387,1800000,1200000
2023-06-08 12:30:19.523000,1.39391,1.39384,1200000,900000
2023-06-08 12:30:19.574000,1.3936,1.3935,3600000,1200000
2023-06-08 12:30:19.626000,1.39356,1.3935,2220000,1200000
2023-06-08 12:30:19.678000,1.3935,1.39341,1200000,1200000
2023-06-08 12:30:19.729000,1.39339,1.39328,3600000,1200000
2023-06-08 12:30:19.781000,1.39343,1.39333,3600000,1840000
2023-06-08 12:30:19.883000,1.3935,1.39346,1800000,3240000
2023-06-08 12:30:19.935000,1.3935,1.39342,2340000,3240000
2023-06-08 12:30:19.986000,1.3935,1.39336,1220000,3240000
2023-06-08 12:30:20.037000,1.39352,1.39338,2220000,1100000
2023-06-08 12:30:20.089000,1.39353,1.39341,1320000,3240000
2023-06-08 12:30:20.140000,1.39353,1.39339,4140000,3240000
2023-06-08 12:30:20.395000,1.39351,1.39337,3600000,3240000
2023-06-08 12:30:20.497000,1.39353,1.39338,1840000,3240000
2023-06-08 12:30:20.599000,1.39345,1.39336,1200000,3240000
2023-06-08 12:30:20.701000,1.39347,1.39335,4720000,3240000
2023-06-08 12:30:20.804000,1.39348,1.39335,4050000,1800000
2023-06-08 12:30:20.855000,1.39349,1.39343,1200000,3240000
2023-06-08 12:30:20.907000,1.39353,1.39342,1100000,3240000
2023-06-08 12:30:21.010000,1.39352,1.39345,1100000,1800000
2023-06-08 12:30:21.112000,1.39358,1.39344,4050000,1200000
2023-06-08 12:30:21.214000,1.39358,1.39343,3600000,1200000
2023-06-08 12:30:21.265000,1.39359,1.39341,1800000,3690000
2023-06-08 12:30:21.335000,1.39358,1.39345,3600000,1200000
2023-06-08 12:30:21.387000,1.39357,1.39342,3600000,1350000
2023-06-08 12:30:21.489000,1.3936,1.39343,3600000,1200000
2023-06-08 12:30:21.541000,1.39357,1.39342,3600000,1200000
2023-06-08 12:30:21.644000,1.39358,1.39342,4050000,1200000
2023-06-08 12:30:21.696000,1.39357,1.3934,4050000,1440000
2023-06-08 12:30:21.798000,1.39357,1.39341,3600000,1200000
2023-06-08 12:30:21.901000,1.39357,1.39342,3600000,1200000
2023-06-08 12:30:21.952000,1.39358,1.39341,1350000,2100000
2023-06-08 12:30:22.055000,1.3937,1.39359,3600000,1200000
2023-06-08 12:30:22.158000,1.39372,1.39363,1200000,3240000
2023-06-08 12:30:22.209000,1.39373,1.39359,3600000,1800000
2023-06-08 12:30:22.311000,1.39373,1.39359,3600000,1200000
2023-06-08 12:30:22.363000,1.39372,1.39357,3600000,4430000
2023-06-08 12:30:22.415000,1.39371,1.39356,3600000,3240000
2023-06-08 12:30:22.517000,1.39368,1.39356,3600000,3240000
2023-06-08 12:30:22.619000,1.39362,1.39356,1200000,1200000
2023-06-08 12:30:22.721000,1.39369,1.39361,1100000,1600000
2023-06-08 12:30:22.773000,1.39372,1.3937,1800000,1200000
2023-06-08 12:30:22.824000,1.39376,1.39371,1200000,4140000
2023-06-08 12:30:22.926000,1.39383,1.39375,2700000,3240000
2023-06-08 12:30:22.978000,1.39383,1.39372,2250000,4590000
2023-06-08 12:30:23.080000,1.39382,1.3937,4500000,2100000
2023-06-08 12:30:23.182000,1.39386,1.39375,3600000,3240000
2023-06-08 12:30:23.233000,1.39386,1.39373,3600000,1440000
2023-06-08 12:30:23.335000,1.39388,1.39374,4950000,3240000
2023-06-08 12:30:23.437000,1.39387,1.39375,3600000,1200000
2023-06-08 12:30:23.539000,1.39386,1.39375,3600000,1200000
2023-06-08 12:30:23.590000,1.39387,1.39373,3600000,1200000
2023-06-08 12:30:23.717000,1.39386,1.39373,3600000,1200000
2023-06-08 12:30:23.824000,1.39386,1.39374,3600000,1200000
2023-06-08 12:30:23.926000,1.39386,1.39373,3600000,1200000
2023-06-08 12:30:24.131000,1.39387,1.39373,1200000,3240000
2023-06-08 12:30:24.182000,1.39383,1.39374,3600000,1100000
2023-06-08 12:30:24.234000,1.39381,1.39371,3600000,2470000
2023-06-08 12:30:24.336000,1.39381,1.3937,3600000,1100000
2023-06-08 12:30:24.388000,1.39382,1.39374,1200000,3240000
2023-06-08 12:30:24.439000,1.39388,1.39384,1800000,1660000
2023-06-08 12:30:24.491000,1.39388,1.39383,1800000,1350000
2023-06-08 12:30:24.544000,1.39398,1.39393,3600000,1200000
2023-06-08 12:30:24.595000,1.39405,1.39392,1100000,1200000
2023-06-08 12:30:24.698000,1.39405,1.39395,3600000,1720000
2023-06-08 12:30:24.750000,1.39408,1.39396,1350000,1720000
2023-06-08 12:30:24.801000,1.39409,1.39403,1100000,1200000
2023-06-08 12:30:24.853000,1.39416,1.39409,1350000,3240000
2023-06-08 12:30:24.904000,1.3942,1.39406,1100000,4680000
2023-06-08 12:30:24.955000,1.39419,1.39408,1100000,3240000
2023-06-08 12:30:25.006000,1.39413,1.39401,3600000,3240000
2023-06-08 12:30:25.058000,1.39411,1.39399,3600000,1600000
2023-06-08 12:30:25.160000,1.39407,1.39397,3600000,1100000
2023-06-08 12:30:25.211000,1.39413,1.39399,3600000,1200000
2023-06-08 12:30:25.364000,1.39413,1.39401,1200000,3240000
2023-06-08 12:30:25.415000,1.39416,1.39402,3600000,1200000
2023-06-08 12:30:25.466000,1.39413,1.39402,3600000,2340000
2023-06-08 12:30:25.568000,1.39416,1.39412,3600000,1200000
2023-06-08 12:30:25.620000,1.39426,1.3942,1100000,3240000
2023-06-08 12:30:25.722000,1.39437,1.39431,1100000,3780000
2023-06-08 12:30:25.824000,1.39438,1.39432,1100000,1200000
2023-06-08 12:30:25.875000,1.39444,1.39432,3600000,1200000
2023-06-08 12:30:25.926000,1.39445,1.39428,3600000,1200000
2023-06-08 12:30:26.028000,1.3944,1.39435,1200000,3240000
2023-06-08 12:30:26.130000,1.39431,1.39422,3600000,5040000
2023-06-08 12:30:26.181000,1.39434,1.39422,3600000,3240000
2023-06-08 12:30:26.233000,1.39437,1.39423,3600000,1200000
2023-06-08 12:30:26.284000,1.39436,1.39425,3600000,3240000
2023-06-08 12:30:26.386000,1.39432,1.39424,3600000,1200000
2023-06-08 12:30:26.488000,1.39429,1.39414,1440000,1200000
2023-06-08 12:30:26.540000,1.39421,1.39413,3600000,3680000
2023-06-08 12:30:26.591000,1.39423,1.39412,3600000,1200000
2023-06-08 12:30:26.693000,1.39423,1.39414,3600000,1200000
2023-06-08 12:30:26.795000,1.39426,1.39416,1200000,3420000
2023-06-08 12:30:26.846000,1.39429,1.39415,3600000,3200000
2023-06-08 12:30:26.898000,1.39399,1.39391,1200000,6300000
2023-06-08 12:30:26.949000,1.39392,1.39382,4500000,1100000
2023-06-08 12:30:27,1.39379,1.39371,1200000,1200000
2023-06-08 12:30:27.103000,1.3938,1.39376,1200000,1200000
2023-06-08 12:30:27.154000,1.3939,1.39382,1200000,1100000
2023-06-08 12:30:27.205000,1.39392,1.39379,4050000,1200000
2023-06-08 12:30:27.257000,1.39392,1.39379,3490000,1200000
2023-06-08 12:30:27.461000,1.39392,1.39379,3600000,1200000
2023-06-08 12:30:27.512000,1.39394,1.39379,6300000,1200000
2023-06-08 12:30:27.563000,1.39392,1.39379,3600000,1200000
2023-06-08 12:30:27.665000,1.39393,1.39379,3600000,1200000
2023-06-08 12:30:27.768000,1.39396,1.39385,3600000,3240000
2023-06-08 12:30:27.870000,1.39398,1.39388,1350000,1200000
2023-06-08 12:30:27.922000,1.39398,1.39385,1350000,2340000
2023-06-08 12:30:27.973000,1.39401,1.39386,1200000,1800000
2023-06-08 12:30:28.076000,1.39401,1.39393,1200000,1200000
2023-06-08 12:30:28.178000,1.39411,1.39395,3600000,1200000
2023-06-08 12:30:28.230000,1.3941,1.39392,4050000,1720000
2023-06-08 12:30:28.289000,1.3941,1.39395,4050000,1720000
2023-06-08 12:30:28.340000,1.39415,1.39395,3600000,1320000
2023-06-08 12:30:28.443000,1.39416,1.39394,3600000,1440000
2023-06-08 12:30:28.494000,1.39417,1.39393,3600000,1720000
2023-06-08 12:30:28.604000,1.39417,1.39393,3600000,2220000
2023-06-08 12:30:28.706000,1.39415,1.39396,3600000,1720000
2023-06-08 12:30:28.808000,1.39417,1.39406,1350000,3240000
2023-06-08 12:30:28.860000,1.39416,1.39403,3600000,1720000
2023-06-08 12:30:28.962000,1.39416,1.39402,3600000,2220000
2023-06-08 12:30:29.064000,1.39415,1.39404,3600000,1200000
2023-06-08 12:30:29.166000,1.39417,1.39403,1600000,1200000
2023-06-08 12:30:29.319000,1.3942,1.39402,1720000,1350000
2023-06-08 12:30:29.421000,1.39416,1.39403,3600000,1890000
2023-06-08 12:30:29.523000,1.39415,1.39403,3600000,2790000
2023-06-08 12:30:29.625000,1.39417,1.39407,1350000,1200000
2023-06-08 12:30:29.677000,1.39416,1.39404,3600000,1200000
2023-06-08 12:30:29.779000,1.3938,1.39367,1600000,1200000
2023-06-08 12:30:29.881000,1.39372,1.39362,1200000,1200000
2023-06-08 12:30:29.984000,1.39373,1.39362,1200000,1200000
2023-06-08 12:30:30.137000,1.39365,1.39357,2120000,1200000
2023-06-08 12:30:30.188000,1.39359,1.39348,3600000,1200000
2023-06-08 12:30:30.239000,1.39359,1.39348,3600000,1200000
2023-06-08 12:30:30.342000,1.39355,1.39343,3490000,3300000
2023-06-08 12:30:30.393000,1.39346,1.39338,1200000,1200000
2023-06-08 12:30:30.495000,1.39355,1.3934,1200000,4920000
2023-06-08 12:30:30.597000,1.39352,1.3934,3600000,2790000
2023-06-08 12:30:30.699000,1.39351,1.39346,1200000,1240000
2023-06-08 12:30:30.802000,1.39355,1.39349,1200000,1200000
2023-06-08 12:30:30.904000,1.3937,1.39362,3600000,1200000
2023-06-08 12:30:30.955000,1.39374,1.39362,3600000,4680000
2023-06-08 12:30:31.007000,1.39377,1.39367,3600000,1200000
2023-06-08 12:30:31.109000,1.39378,1.39369,3600000,2340000
2023-06-08 12:30:31.211000,1.39383,1.3937,4500000,1200000
2023-06-08 12:30:31.312000,1.39382,1.3937,3600000,4140000
2023-06-08 12:30:31.414000,1.39382,1.39368,4590000,1200000
2023-06-08 12:30:31.466000,1.39375,1.39366,3600000,1350000
2023-06-08 12:30:31.517000,1.39375,1.39362,3600000,1800000
2023-06-08 12:30:31.670000,1.39377,1.39367,3970000,1200000
2023-06-08 12:30:31.772000,1.39378,1.3937,3600000,1720000
2023-06-08 12:30:31.824000,1.39381,1.39371,1100000,1800000
2023-06-08 12:30:31.927000,1.39383,1.39373,3600000,1100000
2023-06-08 12:30:31.978000,1.39382,1.39369,3600000,6030000
2023-06-08 12:30:32.080000,1.39383,1.39371,3600000,3240000
2023-06-08 12:30:32.183000,1.39388,1.3938,1100000,1200000
2023-06-08 12:30:32.285000,1.3939,1.39381,3600000,1460000
2023-06-08 12:30:32.388000,1.39384,1.39379,3600000,1100000
2023-06-08 12:30:32.440000,1.39388,1.39379,1200000,1100000
2023-06-08 12:30:32.571000,1.39392,1.39384,3150000,4680000
2023-06-08 12:30:32.623000,1.39397,1.39384,3600000,4880000
2023-06-08 12:30:32.726000,1.39396,1.39384,1200000,1350000
2023-06-08 12:30:32.777000,1.39397,1.39386,3600000,1320000
2023-06-08 12:30:32.930000,1.39397,1.39389,3600000,1890000
2023-06-08 12:30:32.982000,1.39402,1.3939,4050000,4140000
2023-06-08 12:30:33.033000,1.39406,1.39398,4500000,1200000
2023-06-08 12:30:33.136000,1.39409,1.39404,1100000,1440000
2023-06-08 12:30:33.188000,1.39424,1.3941,1600000,1440000
2023-06-08 12:30:33.241000,1.39425,1.39411,4500000,1200000
2023-06-08 12:30:33.343000,1.39424,1.39411,1200000,1200000
2023-06-08 12:30:33.394000,1.39417,1.39406,1200000,1100000
2023-06-08 12:30:33.446000,1.39416,1.39405,1800000,3240000
2023-06-08 12:30:33.547000,1.39417,1.39406,3600000,3240000
2023-06-08 12:30:33.650000,1.39416,1.39406,3600000,1800000
2023-06-08 12:30:33.752000,1.39418,1.39406,4050000,1200000
2023-06-08 12:30:33.803000,1.39418,1.39404,4050000,4140000
2023-06-08 12:30:33.854000,1.39416,1.39407,3600000,3240000
2023-06-08 12:30:34.007000,1.39414,1.39407,1320000,3240000
2023-06-08 12:30:34.110000,1.39415,1.39402,4720000,3240000
2023-06-08 12:30:34.263000,1.39415,1.39406,3970000,1200000
2023-06-08 12:30:34.365000,1.39415,1.39406,3600000,3240000
2023-06-08 12:30:34.416000,1.39415,1.39404,4500000,3240000
2023-06-08 12:30:34.620000,1.39415,1.39405,1200000,1200000
2023-06-08 12:30:34.723000,1.39409,1.39399,3600000,1200000
2023-06-08 12:30:34.825000,1.39407,1.39397,3600000,1200000
2023-06-08 12:30:34.927000,1.39409,1.39399,4050000,1200000
2023-06-08 12:30:35.029000,1.39409,1.39398,3600000,1320000
2023-06-08 12:30:35.081000,1.39411,1.39399,3600000,1200000
2023-06-08 12:30:35.132000,1.39414,1.39404,2470000,5040000
2023-06-08 12:30:35.234000,1.39404,1.39396,2970000,1100000
2023-06-08 12:30:35.285000,1.39395,1.39391,1200000,1200000
2023-06-08 12:30:35.337000,1.39396,1.39385,1200000,1200000
2023-06-08 12:30:35.439000,1.39397,1.39384,3600000,4700000
2023-06-08 12:30:35.490000,1.39397,1.39391,3600000,4140000
2023-06-08 12:30:35.592000,1.39398,1.39392,4050000,1200000
2023-06-08 12:30:35.744000,1.39397,1.39392,3600000,1200000
2023-06-08 12:30:35.847000,1.39398,1.39388,4500000,4140000
2023-06-08 12:30:35.948000,1.39397,1.39388,3600000,1200000
2023-06-08 12:30:36.051000,1.39397,1.39389,3600000,1200000
2023-06-08 12:30:36.103000,1.39396,1.39386,3600000,1200000
2023-06-08 12:30:36.155000,1.39394,1.39382,3600000,3680000
2023-06-08 12:30:36.257000,1.39394,1.39381,3600000,4680000
2023-06-08 12:30:36.360000,1.39388,1.39382,1200000,1200000
2023-06-08 12:30:36.462000,1.39385,1.39373,3600000,2340000
2023-06-08 12:30:36.513000,1.39387,1.39377,3600000,3240000
2023-06-08 12:30:36.565000,1.39386,1.39374,3600000,1800000
2023-06-08 12:30:36.616000,1.39373,1.39368,1800000,1100000
2023-06-08 12:30:36.667000,1.39373,1.39365,1200000,1200000
2023-06-08 12:30:36.719000,1.39377,1.39365,4050000,1440000
2023-06-08 12:30:36.821000,1.39377,1.39367,3600000,3240000
2023-06-08 12:30:36.923000,1.39369,1.39363,3600000,3240000
2023-06-08 12:30:37.025000,1.3937,1.3936,3600000,3240000
2023-06-08 12:30:37.077000,1.39368,1.39357,3600000,3420000
2023-06-08 12:30:37.179000,1.39369,1.39356,3600000,4920000
2023-06-08 12:30:37.230000,1.39366,1.39353,3600000,3240000
2023-06-08 12:30:37.282000,1.3936,1.3935,1200000,1200000
2023-06-08 12:30:37.385000,1.39356,1.39348,4500000,1100000
2023-06-08 12:30:37.436000,1.39357,1.39342,3600000,4680000
2023-06-08 12:30:37.538000,1.39359,1.39349,4050000,3240000
2023-06-08 12:30:37.641000,1.39362,1.39353,3600000,1720000
2023-06-08 12:30:37.692000,1.39363,1.39352,1350000,3330000
2023-06-08 12:30:37.743000,1.39366,1.39351,3600000,1320000
2023-06-08 12:30:37.794000,1.39366,1.39354,3600000,3240000
2023-06-08 12:30:37.896000,1.39367,1.39353,4500000,3420000
2023-06-08 12:30:37.998000,1.39367,1.39356,3600000,3780000
2023-06-08 12:30:38.102000,1.39366,1.39353,3600000,4500000
2023-06-08 12:30:38.153000,1.39366,1.39353,3600000,3950000
2023-06-08 12:30:38.306000,1.39366,1.39353,3600000,3780000
2023-06-08 12:30:38.409000,1.39362,1.3935,3600000,1440000
2023-06-08 12:30:38.512000,1.39357,1.39351,3600000,1200000
2023-06-08 12:30:38.563000,1.39356,1.39346,3600000,3240000
2023-06-08 12:30:38.615000,1.39353,1.39342,4500000,2510000
2023-06-08 12:30:38.718000,1.39335,1.39325,3600000,1720000
2023-06-08 12:30:38.769000,1.39338,1.39328,3600000,1440000
2023-06-08 12:30:38.820000,1.39338,1.3933,3600000,3240000
2023-06-08 12:30:38.922000,1.39339,1.39329,3600000,3240000
2023-06-08 12:30:39.024000,1.39334,1.39327,1840000,1200000
2023-06-08 12:30:39.076000,1.39328,1.39321,3600000,1220000
2023-06-08 12:30:39.128000,1.39331,1.39322,1200000,2120000
2023-06-08 12:30:39.179000,1.39337,1.39327,4050000,3200000
2023-06-08 12:30:39.281000,1.39339,1.39329,3600000,3240000
2023-06-08 12:30:39.332000,1.39334,1.39326,1200000,3690000
2023-06-08 12:30:39.435000,1.39335,1.39325,1100000,3240000
2023-06-08 12:30:39.486000,1.39334,1.39323,1100000,3200000
2023-06-08 12:30:39.537000,1.39334,1.39322,1100000,3240000
2023-06-08 12:30:39.589000,1.39333,1.39325,3600000,1200000
2023-06-08 12:30:39.692000,1.39336,1.39326,1720000,3240000
2023-06-08 12:30:39.744000,1.39336,1.39327,3600000,1240000
2023-06-08 12:30:39.795000,1.39339,1.39329,4500000,1200000
2023-06-08 12:30:39.847000,1.39343,1.39331,4500000,3950000
2023-06-08 12:30:39.898000,1.39342,1.3933,4140000,1800000
2023-06-08 12:30:39.949000,1.3934,1.39329,3600000,1440000
2023-06-08 12:30:40.051000,1.39345,1.39336,1100000,1200000
2023-06-08 12:30:40.103000,1.39346,1.39334,1200000,1200000
2023-06-08 12:30:40.154000,1.39348,1.39336,4950000,1200000
2023-06-08 12:30:40.256000,1.39348,1.39337,3600000,4140000
2023-06-08 12:30:40.359000,1.39348,1.39341,3600000,1200000
2023-06-08 12:30:40.462000,1.39353,1.39349,1350000,1200000
2023-06-08 12:30:40.565000,1.39355,1.39344,1100000,1800000
2023-06-08 12:30:40.616000,1.39355,1.39347,1100000,4140000
2023-06-08 12:30:40.718000,1.39359,1.3935,3600000,3240000
2023-06-08 12:30:40.770000,1.39359,1.39347,4950000,1440000
2023-06-08 12:30:40.872000,1.39359,1.39349,1200000,3300000
2023-06-08 12:30:41.024000,1.39352,1.39346,1440000,3240000
2023-06-08 12:30:41.076000,1.39349,1.3934,1200000,1200000
2023-06-08 12:30:41.178000,1.39349,1.39339,4500000,4140000
2023-06-08 12:30:41.230000,1.39348,1.39342,3600000,1200000
2023-06-08 12:30:41.332000,1.39355,1.39343,1720000,1720000
2023-06-08 12:30:41.411000,1.39354,1.39349,1100000,3240000
2023-06-08 12:30:41.467000,1.39357,1.39351,3600000,3240000
2023-06-08 12:30:41.519000,1.39358,1.39353,3600000,1200000
2023-06-08 12:30:41.570000,1.39365,1.39358,1200000,1200000
2023-06-08 12:30:41.621000,1.39365,1.39356,1200000,3240000
2023-06-08 12:30:41.724000,1.39365,1.39355,1200000,4140000
2023-06-08 12:30:41.775000,1.39369,1.39356,5400000,3240000
2023-06-08 12:30:41.877000,1.39365,1.39354,1200000,1200000
2023-06-08 12:30:41.979000,1.39362,1.39352,3600000,3240000
2023-06-08 12:30:42.031000,1.39366,1.39353,4350000,3240000
2023-06-08 12:30:42.133000,1.39366,1.39355,3600000,1200000
2023-06-08 12:30:42.235000,1.39367,1.39354,3600000,4140000
2023-06-08 12:30:42.338000,1.39367,1.39355,3600000,4140000
2023-06-08 12:30:42.491000,1.39368,1.39355,4350000,3240000
2023-06-08 12:30:42.594000,1.39367,1.39357,3600000,3240000
2023-06-08 12:30:42.797000,1.39368,1.39358,3600000,3240000
2023-06-08 12:30:42.899000,1.39367,1.39357,3600000,3240000
2023-06-08 12:30:42.951000,1.39365,1.39357,1200000,3240000
2023-06-08 12:30:43.002000,1.39364,1.39355,1200000,3240000
2023-06-08 12:30:43.104000,1.39363,1.39354,3600000,1200000
2023-06-08 12:30:43.155000,1.39366,1.39356,3600000,3240000
2023-06-08 12:30:43.258000,1.39369,1.39362,2470000,3240000
2023-06-08 12:30:43.360000,1.39369,1.39361,1100000,3240000
2023-06-08 12:30:43.462000,1.39369,1.39362,1100000,3240000
2023-06-08 12:30:43.564000,1.39377,1.39368,3690000,3240000
2023-06-08 12:30:43.616000,1.39377,1.39365,3600000,3240000
2023-06-08 12:30:43.719000,1.39369,1.39361,3600000,1800000
2023-06-08 12:30:43.821000,1.39367,1.39358,3600000,1100000
2023-06-08 12:30:43.873000,1.39365,1.39355,3600000,3240000
2023-06-08 12:30:44.041000,1.39367,1.39357,3600000,3240000
2023-06-08 12:30:44.143000,1.39355,1.39352,1440000,1200000
2023-06-08 12:30:44.194000,1.39357,1.3935,3600000,2550000
2023-06-08 12:30:44.246000,1.3936,1.39349,4050000,4140000
2023-06-08 12:30:44.298000,1.39358,1.39349,3600000,1200000
2023-06-08 12:30:44.401000,1.39367,1.39356,3600000,1200000
2023-06-08 12:30:44.505000,1.39368,1.39359,3600000,1200000
2023-06-08 12:30:44.608000,1.39373,1.39365,4050000,1200000
2023-06-08 12:30:44.710000,1.39373,1.39364,4500000,1200000
2023-06-08 12:30:44.812000,1.39373,1.39362,1200000,3240000
2023-06-08 12:30:44.864000,1.39372,1.39364,3600000,1200000
2023-06-08 12:30:45.016000,1.39371,1.39361,3600000,4140000
2023-06-08 12:30:45.169000,1.39374,1.39363,3600000,1200000
2023-06-08 12:30:45.272000,1.39373,1.39364,1200000,1200000
2023-06-08 12:30:45.323000,1.39371,1.39361,1800000,3240000
2023-06-08 12:30:45.375000,1.39368,1.39356,4500000,1100000
2023-06-08 12:30:45.477000,1.39368,1.39355,3600000,1200000
2023-06-08 12:30:45.680000,1.39366,1.39356,3600000,5040000
2023-06-08 12:30:45.782000,1.39365,1.39356,3600000,1200000
2023-06-08 12:30:45.834000,1.39368,1.39358,4500000,1200000
2023-06-08 12:30:45.885000,1.39365,1.39358,3600000,1200000
2023-06-08 12:30:46.089000,1.39367,1.39357,3600000,1200000
2023-06-08 12:30:46.294000,1.39363,1.39355,1200000,3240000
2023-06-08 12:30:46.425000,1.39364,1.39355,3600000,1200000
2023-06-08 12:30:46.533000,1.39366,1.39353,4050000,4590000
2023-06-08 12:30:46.635000,1.39365,1.39355,4050000,3240000
2023-06-08 12:30:46.839000,1.39364,1.39354,3600000,3240000
2023-06-08 12:30:46.942000,1.39361,1.39353,4050000,2250000
2023-06-08 12:30:47.095000,1.39361,1.39352,4350000,1600000
2023-06-08 12:30:47.198000,1.3936,1.39352,1100000,1200000
2023-06-08 12:30:47.300000,1.39361,1.39351,6220000,1800000
2023-06-08 12:30:47.402000,1.39361,1.39352,3220000,3240000
2023-06-08 12:30:47.505000,1.39359,1.39351,1800000,2700000
2023-06-08 12:30:47.759000,1.39359,1.39352,1800000,1200000
2023-06-08 12:30:47.861000,1.39359,1.39353,1800000,3240000
2023-06-08 12:30:47.913000,1.39361,1.39357,1100000,3240000
2023-06-08 12:30:47.964000,1.39361,1.39354,1100000,2700000
2023-06-08 12:30:48.015000,1.39365,1.39353,1100000,4140000
2023-06-08 12:30:48.117000,1.39366,1.39359,3600000,1200000
2023-06-08 12:30:48.168000,1.39369,1.39361,1800000,1200000
2023-06-08 12:30:48.220000,1.39369,1.39357,1350000,1200000
2023-06-08 12:30:48.322000,1.39367,1.39355,3600000,2700000
2023-06-08 12:30:48.423000,1.39367,1.39357,3600000,1200000
2023-06-08 12:30:48.810000,1.39367,1.39355,3600000,1800000
2023-06-08 12:30:49.534000,1.39369,1.39355,4500000,1200000
2023-06-08 12:30:49.636000,1.39368,1.39355,4500000,3150000
2023-06-08 12:30:49.789000,1.39361,1.39354,1200000,1350000
2023-06-08 12:30:49.891000,1.3936,1.39351,1350000,5040000
2023-06-08 12:30:50.358000,1.39359,1.39351,1800000,2700000
2023-06-08 12:30:50.562000,1.39359,1.39352,1800000,1200000
2023-06-08 12:30:50.664000,1.39357,1.3935,1350000,1800000
2023-06-08 12:30:50.766000,1.39354,1.3935,1200000,1200000
2023-06-08 12:30:50.868000,1.39352,1.39349,1200000,2700000
2023-06-08 12:30:51.022000,1.39353,1.39351,1350000,1200000
2023-06-08 12:30:51.073000,1.39359,1.39351,1800000,1800000
2023-06-08 12:30:51.175000,1.3936,1.39352,1800000,1200000
2023-06-08 12:30:51.226000,1.39359,1.39351,1800000,1800000
2023-06-08 12:30:51.380000,1.39347,1.39345,1200000,1800000
2023-06-08 12:30:51.482000,1.39339,1.39333,3600000,3240000
2023-06-08 12:30:51.584000,1.3934,1.39332,1350000,1200000
2023-06-08 12:30:51.687000,1.39339,1.39332,3600000,1800000
2023-06-08 12:30:51.840000,1.39337,1.3933,1200000,1800000
2023-06-08 12:30:51.961000,1.3934,1.39331,1720000,1200000
2023-06-08 12:30:52.115000,1.39338,1.39331,3600000,1200000
2023-06-08 12:30:52.217000,1.39339,1.39332,4050000,1200000
2023-06-08 12:30:52.269000,1.39338,1.39334,3600000,1200000
2023-06-08 12:30:52.371000,1.39346,1.39337,3600000,5040000
2023-06-08 12:30:52.473000,1.39347,1.39337,3600000,3240000
2023-06-08 12:30:52.575000,1.39348,1.3934,4500000,3240000
2023-06-08 12:30:52.677000,1.39347,1.3934,3600000,1200000
2023-06-08 12:30:52.728000,1.39349,1.3934,6300000,4140000
2023-06-08 12:30:52.780000,1.39349,1.39345,1800000,1200000
2023-06-08 12:30:52.933000,1.39342,1.39337,1800000,1100000
2023-06-08 12:30:53.035000,1.3934,1.39337,3600000,1200000
2023-06-08 12:30:53.086000,1.39341,1.39333,1200000,1200000
2023-06-08 12:30:53.189000,1.3934,1.39332,4950000,4140000
2023-06-08 12:30:53.291000,1.3934,1.39333,3600000,1200000
2023-06-08 12:30:53.393000,1.3934,1.39332,3600000,4140000
2023-06-08 12:30:53.546000,1.39338,1.39332,3600000,3240000
2023-06-08 12:30:53.597000,1.3934,1.39333,1350000,1200000
2023-06-08 12:30:53.649000,1.39342,1.39337,1350000,2340000
2023-06-08 12:30:53.700000,1.39345,1.39343,1100000,1200000
2023-06-08 12:30:53.752000,1.39346,1.39341,1100000,1200000
2023-06-08 12:30:53.803000,1.39349,1.39339,3600000,4590000
2023-06-08 12:30:53.905000,1.39349,1.39342,3600000,1200000
2023-06-08 12:30:54.007000,1.3935,1.39342,3600000,3240000
2023-06-08 12:30:54.188000,1.39349,1.39342,1200000,3240000
2023-06-08 12:30:54.240000,1.39348,1.3934,3600000,3240000
2023-06-08 12:30:54.392000,1.39348,1.39342,3600000,1200000
2023-06-08 12:30:54.444000,1.3935,1.39342,5850000,1200000
2023-06-08 12:30:54.546000,1.39346,1.39339,1200000,4140000
2023-06-08 12:30:54.648000,1.39345,1.39339,1100000,3240000
2023-06-08 12:30:54.700000,1.39348,1.39338,3970000,4140000
2023-06-08 12:30:54.802000,1.39347,1.39341,3600000,1200000
2023-06-08 12:30:54.853000,1.39349,1.3934,4500000,4140000
2023-06-08 12:30:54.955000,1.39348,1.3934,3600000,1800000
2023-06-08 12:30:55.057000,1.39349,1.39341,4500000,1200000
2023-06-08 12:30:55.159000,1.39349,1.3934,4500000,4140000
2023-06-08 12:30:55.261000,1.39348,1.3934,3600000,1200000
2023-06-08 12:30:55.413000,1.39348,1.39339,3600000,4140000
2023-06-08 12:30:55.516000,1.39349,1.39339,3600000,4140000
2023-06-08 12:30:55.631000,1.39348,1.39341,3600000,1200000
2023-06-08 12:30:55.732000,1.39349,1.39341,4500000,5040000
2023-06-08 12:30:55.784000,1.39351,1.39346,3600000,1200000
2023-06-08 12:30:55.835000,1.39353,1.39346,1350000,3240000
2023-06-08 12:30:55.887000,1.39356,1.39345,3600000,4140000
2023-06-08 12:30:55.989000,1.39355,1.39347,3600000,4140000
2023-06-08 12:30:56.091000,1.39359,1.39349,4500000,4140000
2023-06-08 12:30:56.243000,1.39358,1.39349,3600000,4140000
2023-06-08 12:30:56.346000,1.39358,1.39351,3600000,1200000
2023-06-08 12:30:56.449000,1.39358,1.3935,3600000,4140000
2023-06-08 12:30:56.552000,1.39341,1.39333,4500000,1200000
2023-06-08 12:30:56.655000,1.39342,1.39336,3600000,1720000
2023-06-08 12:30:56.707000,1.39347,1.39339,4500000,3240000
2023-06-08 12:30:56.919000,1.3935,1.39346,1350000,1200000
2023-06-08 12:30:56.971000,1.3935,1.39343,1350000,4140000
2023-06-08 12:30:57.023000,1.39353,1.39346,4500000,1800000
2023-06-08 12:30:57.125000,1.39354,1.39346,4050000,5040000
2023-06-08 12:30:57.228000,1.39348,1.39346,1200000,1100000
2023-06-08 12:30:57.331000,1.39347,1.39341,1800000,3240000
2023-06-08 12:30:57.433000,1.39346,1.39337,1200000,4430000
2023-06-08 12:30:57.536000,1.39345,1.39337,5400000,3240000
2023-06-08 12:30:57.587000,1.39344,1.39337,2220000,3240000
2023-06-08 12:30:57.638000,1.39336,1.39334,1200000,1100000
2023-06-08 12:30:57.690000,1.39338,1.39334,1200000,1100000
2023-06-08 12:30:57.741000,1.39341,1.39334,1220000,1720000
2023-06-08 12:30:57.843000,1.39341,1.39333,3600000,1200000
2023-06-08 12:30:58.244000,1.39341,1.39332,3340000,3240000
2023-06-08 12:30:58.347000,1.3933,1.39326,1200000,3680000
2023-06-08 12:30:58.398000,1.39326,1.39322,5490000,1200000
2023-06-08 12:30:58.449000,1.39323,1.39317,1800000,3240000
2023-06-08 12:30:58.500000,1.39321,1.39316,3600000,1200000
2023-06-08 12:30:58.552000,1.39323,1.39317,4500000,3240000
2023-06-08 12:30:58.654000,1.39324,1.39317,4050000,3240000
2023-06-08 12:30:58.756000,1.39322,1.39315,1200000,1100000
2023-06-08 12:30:58.807000,1.39321,1.39313,3600000,1600000
2023-06-08 12:30:58.909000,1.39321,1.39313,3690000,1200000
2023-06-08 12:30:59.011000,1.3932,1.39313,4050000,1200000
2023-06-08 12:30:59.268000,1.3932,1.39312,4950000,1200000
2023-06-08 12:30:59.320000,1.39321,1.39315,1100000,3240000
2023-06-08 12:30:59.372000,1.39321,1.39312,3970000,1200000
2023-06-08 12:30:59.474000,1.3932,1.3931,4050000,3690000
2023-06-08 12:30:59.525000,1.3932,1.39312,4050000,1200000
2023-06-08 12:30:59.678000,1.39321,1.39313,3970000,4140000
2023-06-08 12:30:59.780000,1.39321,1.39312,3600000,4430000
2023-06-08 12:30:59.882000,1.39324,1.39317,4720000,1200000
2023-06-08 12:30:59.933000,1.39323,1.39316,1200000,1200000
2023-06-08 12:31:00.035000,1.39323,1.39314,2340000,4430000
2023-06-08 12:31:00.137000,1.39322,1.39312,4720000,4320000
2023-06-08 12:31:00.239000,1.39318,1.39312,3600000,4140000
2023-06-08 12:31:00.341000,1.3932,1.39314,1600000,1200000
2023-06-08 12:31:00.444000,1.39323,1.39317,1200000,1200000
2023-06-08 12:31:00.546000,1.39319,1.39313,3600000,4430000
2023-06-08 12:31:00.649000,1.39309,1.39303,3600000,3240000
2023-06-08 12:31:00.750000,1.3931,1.39303,3600000,1200000
2023-06-08 12:31:00.853000,1.39298,1.39292,2220000,1200000
2023-06-08 12:31:00.904000,1.39282,1.39277,3600000,1800000
2023-06-08 12:31:00.955000,1.39283,1.39274,4500000,3240000
2023-06-08 12:31:01.009000,1.39283,1.39275,3600000,2220000
2023-06-08 12:31:01.060000,1.39288,1.3928,3600000,3330000
2023-06-08 12:31:01.162000,1.39292,1.39279,3600000,1720000
2023-06-08 12:31:01.213000,1.39294,1.39285,4050000,3240000
