time,ask,bid,ask_volume,bid_volume
2019-03-13 12:25:00.913000,1.11394,1.11393,1250000,1000000
2019-03-13 12:25:02.265000,1.11395,1.11393,1250000,2440000
2019-03-13 12:25:02.772000,1.11395,1.11394,1250000,1000000
2019-03-13 12:25:02.823000,1.11398,1.11395,5190000,2500000
2019-03-13 12:25:02.925000,1.11398,1.11396,1570000,3250000
2019-03-13 12:25:05.645000,1.11399,1.11397,1570000,4750000
2019-03-13 12:25:05.747000,1.11399,1.11398,1570000,1000000
2019-03-13 12:25:05.988000,1.11399,1.11397,2320000,3750000
2019-03-13 12:25:07.657000,1.11399,1.11398,1100000,1000000
2019-03-13 12:25:08.131000,1.11398,1.11397,1120000,1000000
2019-03-13 12:25:08.244000,1.11398,1.11397,1870000,1000000
2019-03-13 12:25:08.348000,1.11398,1.11396,2320000,2440000
2019-03-13 12:25:09.093000,1.11397,1.11396,1000000,2440000
2019-03-13 12:25:09.229000,1.11396,1.11395,4690000,3750000
2019-03-13 12:25:09.332000,1.11394,1.11392,1250000,2440000
2019-03-13 12:25:09.637000,1.11394,1.11393,1690000,1000000
2019-03-13 12:25:10.124000,1.11394,1.11392,3750000,2440000
2019-03-13 12:25:10.227000,1.11394,1.11392,3750000,3440000
2019-03-13 12:25:10.626000,1.11394,1.11392,3750000,2440000
2019-03-13 12:25:11.803000,1.11394,1.11393,2060000,1500000
2019-03-13 12:25:11.905000,1.11394,1.11392,2060000,1690000
2019-03-13 12:25:12.312000,1.11392,1.11391,1000000,4310000
2019-03-13 12:25:12.566000,1.11394,1.11392,4510000,1000000
2019-03-13 12:25:12.669000,1.11393,1.11391,1000000,3190000
2019-03-13 12:25:15.643000,1.11393,1.11391,1450000,1000000
2019-03-13 12:25:15.863000,1.11391,1.11389,1750000,4120000
2019-03-13 12:25:15.966000,1.11392,1.1139,4070000,1000000
2019-03-13 12:25:22.174000,1.1139,1.11389,1000000,2060000
2019-03-13 12:25:22.276000,1.11391,1.11388,2060000,4750000
2019-03-13 12:25:22.546000,1.11389,1.11388,1250000,1000000
2019-03-13 12:25:22.649000,1.11389,1.11386,2060000,4370000
2019-03-13 12:25:23.429000,1.11389,1.11386,2870000,2810000
2019-03-13 12:25:34.024000,1.11386,1.11384,2500000,5250000
2019-03-13 12:25:34.126000,1.11384,1.11383,1000000,1690000
2019-03-13 12:25:34.470000,1.11385,1.11383,2440000,1250000
2019-03-13 12:25:34.775000,1.11385,1.11383,2870000,1000000
2019-03-13 12:25:37.239000,1.11385,1.11382,3700000,4310000
2019-03-13 12:25:37.934000,1.11385,1.11383,2500000,1000000
2019-03-13 12:25:38.291000,1.11385,1.11383,1690000,1250000
2019-03-13 12:25:39.441000,1.11385,1.11382,1690000,5620000
2019-03-13 12:25:42.107000,1.11385,1.11382,3760000,1500000
2019-03-13 12:25:42.210000,1.11384,1.11381,3820000,1690000
2019-03-13 12:25:49.309000,1.11383,1.11381,1950000,2500000
2019-03-13 12:25:54.611000,1.11382,1.11381,1000000,2440000
2019-03-13 12:25:54.763000,1.11382,1.11381,1120000,2440000
2019-03-13 12:25:55.119000,1.11382,1.11381,1000000,8060000
2019-03-13 12:25:56.987000,1.11382,1.11381,1120000,8060000
2019-03-13 12:25:59.981000,1.11382,1.11381,1120000,50060001
2019-03-13 12:26:02.004000,1.11382,1.11381,1200000,49310001
2019-03-13 12:26:04.996000,1.11383,1.11381,1950000,6250000
2019-03-13 12:26:08.521000,1.11382,1.11381,1120000,6190000
2019-03-13 12:26:11.502000,1.11383,1.11381,1200000,32500000
2019-03-13 12:26:11.932000,1.11382,1.11381,1120000,32439999
2019-03-13 12:26:12.395000,1.11383,1.11381,1200000,35310001
2019-03-13 12:26:21.680000,1.11383,1.11381,1950000,3250000
2019-03-13 12:26:22.161000,1.11382,1.11381,1000000,3190000
2019-03-13 12:26:28.263000,1.11383,1.11382,1000000,7690000
2019-03-13 12:26:29.476000,1.11384,1.11383,2060000,2250000
2019-03-13 12:26:29.579000,1.11383,1.11382,1120000,1690000
2019-03-13 12:26:32.323000,1.11385,1.11383,8290000,1000000
2019-03-13 12:26:32.630000,1.11383,1.11382,1120000,15940000
2019-03-13 12:26:33.012000,1.11383,1.11382,1120000,15940000
2019-03-13 12:26:33.393000,1.11383,1.11382,1120000,17440001
2019-03-13 12:26:35.095000,1.11383,1.11382,1000000,17440001
2019-03-13 12:26:36.789000,1.11386,1.11384,6640000,6190000
2019-03-13 12:26:36.840000,1.11385,1.11383,2950000,6750000
2019-03-13 12:26:36.943000,1.11385,1.11383,1000000,3250000
2019-03-13 12:26:37.199000,1.11386,1.11384,2810000,2440000
2019-03-13 12:26:37.302000,1.11387,1.11385,3640000,3810000
2019-03-13 12:26:37.505000,1.11386,1.11385,1120000,3560000
2019-03-13 12:26:37.709000,1.11387,1.11386,2060000,1000000
2019-03-13 12:26:37.811000,1.11388,1.11386,4010000,1000000
2019-03-13 12:26:38.194000,1.11387,1.11386,1000000,1250000
2019-03-13 12:26:38.806000,1.11388,1.11387,2060000,1000000
2019-03-13 12:26:40.286000,1.11386,1.11383,3250000,4760000
2019-03-13 12:26:40.388000,1.11385,1.11382,3620000,3560000
2019-03-13 12:26:43.879000,1.11383,1.11382,1000000,1250000
2019-03-13 12:26:50.225000,1.11382,1.1138,1000000,1250000
2019-03-13 12:26:50.507000,1.11383,1.1138,4010000,1250000
2019-03-13 12:26:50.761000,1.11382,1.1138,1000000,1250000
2019-03-13 12:26:58.232000,1.11383,1.11381,3820000,1250000
2019-03-13 12:27:01.123000,1.11382,1.11381,1000000,1250000
2019-03-13 12:27:06.051000,1.11385,1.11383,3640000,2250000
2019-03-13 12:27:06.154000,1.11385,1.11383,3000000,3370000
2019-03-13 12:27:06.256000,1.11386,1.11383,1870000,5120000
2019-03-13 12:27:06.556000,1.11385,1.11383,1000000,3250000
2019-03-13 12:27:25.696000,1.11386,1.11385,2060000,1000000
2019-03-13 12:27:25.816000,1.11386,1.11385,1870000,1690000
2019-03-13 12:27:30.808000,1.11387,1.11386,1690000,1000000
2019-03-13 12:27:30.911000,1.11388,1.11387,1500000,1250000
2019-03-13 12:27:31.406000,1.11388,1.11387,1000000,1250000
2019-03-13 12:27:36.663000,1.11389,1.11388,2060000,1000000
2019-03-13 12:27:36.981000,1.11388,1.11387,1000000,1690000
2019-03-13 12:27:37.653000,1.11389,1.11387,2060000,1250000
2019-03-13 12:27:38.056000,1.11388,1.11387,1000000,1250000
2019-03-13 12:27:42.632000,1.11388,1.11386,1250000,1500000
2019-03-13 12:27:44.415000,1.11388,1.11386,1750000,1500000
2019-03-13 12:27:45.745000,1.11386,1.11385,1000000,1690000
2019-03-13 12:27:45.850000,1.11388,1.11385,5570000,3000000
2019-03-13 12:27:46.994000,1.11386,1.11384,1870000,1250000
2019-03-13 12:27:47.097000,1.11385,1.11384,1000000,1000000
2019-03-13 12:27:55.395000,1.11386,1.11384,3070000,1250000
2019-03-13 12:27:58.044000,1.11385,1.11383,1000000,1370000
2019-03-13 12:27:59.058000,1.11385,1.11383,1000000,1250000
2019-03-13 12:28:00.076000,1.11384,1.11382,1620000,1500000
2019-03-13 12:28:00.128000,1.11384,1.11381,3120000,5060000
2019-03-13 12:28:00.231000,1.11382,1.1138,2000000,2890000
2019-03-13 12:28:00.401000,1.11382,1.11381,2320000,2620000
2019-03-13 12:28:00.706000,1.11382,1.1138,1570000,1100000
2019-03-13 12:28:01.884000,1.11381,1.11379,1010000,1790000
2019-03-13 12:28:01.989000,1.11381,1.11378,3640000,1790000
2019-03-13 12:28:02.091000,1.1138,1.11378,1950000,1310000
2019-03-13 12:28:03.402000,1.11381,1.11378,3260000,2060000
2019-03-13 12:28:09.033000,1.11381,1.11378,4140000,2060000
2019-03-13 12:28:10.339000,1.11381,1.11378,4010000,2060000
2019-03-13 12:28:12.355000,1.11381,1.11379,3260000,1000000
2019-03-13 12:28:37.224000,1.1138,1.11379,1100000,1000000
2019-03-13 12:28:39.088000,1.11381,1.11379,4010000,1500000
2019-03-13 12:28:41.652000,1.1138,1.11378,2500000,4870000
2019-03-13 12:28:41.754000,1.11378,1.11376,1570000,2250000
2019-03-13 12:28:41.856000,1.11378,1.11375,2320000,1690000
2019-03-13 12:28:42.060000,1.11378,1.11375,3100000,3940000
2019-03-13 12:28:42.863000,1.11376,1.11375,1000000,1000000
2019-03-13 12:28:43.067000,1.11376,1.11374,2250000,1000000
2019-03-13 12:28:43.377000,1.11375,1.11374,1000000,1000000
2019-03-13 12:28:43.479000,1.11375,1.11373,1690000,1690000
2019-03-13 12:28:58.954000,1.11374,1.11373,1310000,1000000
2019-03-13 12:28:59.057000,1.11373,1.11372,1000000,1250000
2019-03-13 12:28:59.210000,1.11374,1.11372,2810000,1250000
2019-03-13 12:28:59.312000,1.11374,1.11373,2060000,1000000
2019-03-13 12:29:00.225000,1.11374,1.11372,2060000,1250000
2019-03-13 12:29:00.327000,1.11373,1.11372,1000000,1000000
2019-03-13 12:29:00.430000,1.11374,1.11372,1870000,1250000
2019-03-13 12:29:01.920000,1.11373,1.11372,1000000,1000000
2019-03-13 12:29:02.648000,1.11373,1.1137,1000000,2720000
2019-03-13 12:29:03.316000,1.11374,1.11371,1870000,2140000
2019-03-13 12:29:03.441000,1.11375,1.11372,2250000,3560000
2019-03-13 12:29:04.266000,1.11375,1.11373,1500000,1000000
2019-03-13 12:29:11.042000,1.11376,1.11374,2370000,1000000
2019-03-13 12:29:11.514000,1.11376,1.11374,1500000,1000000
2019-03-13 12:29:13.495000,1.11377,1.11375,3000000,1000000
2019-03-13 12:29:13.800000,1.11376,1.11374,1000000,2320000
2019-03-13 12:29:13.901000,1.11376,1.11375,1000000,1000000
2019-03-13 12:29:14.004000,1.11377,1.11375,3000000,1000000
2019-03-13 12:29:14.149000,1.11376,1.11375,1000000,1000000
2019-03-13 12:29:14.418000,1.11377,1.11375,3000000,1000000
2019-03-13 12:29:14.583000,1.11376,1.11375,1000000,1000000
2019-03-13 12:29:14.687000,1.11377,1.11374,2620000,1100000
2019-03-13 12:29:14.790000,1.11377,1.11375,3000000,1000000
2019-03-13 12:29:16.367000,1.11377,1.11374,2250000,1100000
2019-03-13 12:29:16.469000,1.11376,1.11374,1000000,1000000
2019-03-13 12:29:17.581000,1.11377,1.11374,2620000,2320000
2019-03-13 12:29:17.683000,1.11376,1.11374,1000000,1570000
2019-03-13 12:29:21.954000,1.11377,1.11375,1120000,1000000
2019-03-13 12:29:22.345000,1.11378,1.11377,1000000,1690000
2019-03-13 12:29:22.397000,1.1138,1.11377,5250000,2690000
2019-03-13 12:29:22.448000,1.11381,1.11378,3370000,2500000
2019-03-13 12:29:22.703000,1.11382,1.11379,2060000,1750000
2019-03-13 12:29:25.159000,1.11381,1.11379,1000000,1000000
2019-03-13 12:29:25.313000,1.11382,1.11379,1690000,1000000
2019-03-13 12:29:28.437000,1.11382,1.1138,1690000,1000000
2019-03-13 12:29:28.960000,1.11382,1.11379,1690000,1250000
2019-03-13 12:29:29.173000,1.11382,1.1138,1690000,1000000
2019-03-13 12:29:30.195000,1.11382,1.11379,1250000,1690000
2019-03-13 12:29:30.730000,1.11382,1.1138,1250000,1000000
2019-03-13 12:29:30.913000,1.11382,1.11379,1690000,1250000
2019-03-13 12:29:32.618000,1.11381,1.11379,1000000,1000000
2019-03-13 12:29:32.909000,1.11381,1.11378,1000000,1500000
2019-03-13 12:29:35.806000,1.1138,1.11378,1000000,1000000
2019-03-13 12:29:35.908000,1.11381,1.11378,1500000,1000000
2019-03-13 12:29:37.296000,1.11382,1.11378,1950000,1120000
2019-03-13 12:29:38.914000,1.11382,1.1138,1000000,1000000
2019-03-13 12:29:39.104000,1.11382,1.11379,1000000,1000000
2019-03-13 12:29:39.371000,1.11381,1.11378,1000000,1500000
2019-03-13 12:29:45.098000,1.11382,1.11377,1000000,4950000
2019-03-13 12:29:45.201000,1.11381,1.11377,1000000,6750000
2019-03-13 12:29:45.318000,1.1138,1.11377,1000000,3370000
2019-03-13 12:29:45.369000,1.11383,1.11378,1500000,1000000
2019-03-13 12:29:47.334000,1.11384,1.11379,3000000,1000000
2019-03-13 12:29:47.918000,1.11383,1.11379,1000000,1000000
2019-03-13 12:29:48.021000,1.11383,1.11378,1000000,1500000
2019-03-13 12:29:48.123000,1.11382,1.11379,1000000,1000000
2019-03-13 12:29:48.174000,1.11385,1.11379,3450000,1000000
2019-03-13 12:29:48.286000,1.11384,1.11379,1000000,1000000
2019-03-13 12:29:48.408000,1.11384,1.11378,1500000,1500000
2019-03-13 12:29:48.662000,1.11383,1.11378,1000000,1000000
2019-03-13 12:29:49.011000,1.11382,1.11378,1000000,1000000
2019-03-13 12:29:49.113000,1.11382,1.11377,1500000,3370000
2019-03-13 12:29:49.664000,1.11382,1.11378,1000000,1000000
2019-03-13 12:29:50.069000,1.11383,1.11378,2250000,1000000
2019-03-13 12:29:50.223000,1.11382,1.11377,1000000,1000000
2019-03-13 12:29:50.326000,1.11383,1.11377,1000000,1000000
2019-03-13 12:29:50.479000,1.11383,1.11373,3000000,1600000
2019-03-13 12:29:50.921000,1.11384,1.11374,1000000,3000000
2019-03-13 12:29:51.023000,1.11379,1.11374,1000000,3000000
2019-03-13 12:29:51.176000,1.1138,1.11373,1000000,3100000
2019-03-13 12:29:51.352000,1.11379,1.11372,1500000,3100000
2019-03-13 12:29:51.455000,1.11378,1.11374,1000000,1100000
2019-03-13 12:29:51.609000,1.11377,1.1137,1000000,2350000
2019-03-13 12:29:51.711000,1.11376,1.1137,1000000,2350000
2019-03-13 12:29:51.834000,1.11377,1.1137,1000000,2350000
2019-03-13 12:29:52.084000,1.11376,1.1137,1000000,1100000
2019-03-13 12:29:52.646000,1.11377,1.1137,1000000,1600000
2019-03-13 12:29:53.782000,1.11378,1.11372,1120000,1100000
2019-03-13 12:29:53.996000,1.11377,1.11372,1000000,1100000
2019-03-13 12:29:54.353000,1.11377,1.11371,1000000,2620000
2019-03-13 12:29:54.455000,1.11377,1.11372,1000000,1000000
2019-03-13 12:29:54.658000,1.11377,1.11371,1000000,1120000
2019-03-13 12:29:54.812000,1.11378,1.11371,4870000,1120000
2019-03-13 12:29:54.981000,1.11376,1.11371,1000000,1120000
2019-03-13 12:29:55.032000,1.11378,1.11371,2620000,1120000
2019-03-13 12:29:55.134000,1.11377,1.11371,1000000,1950000
2019-03-13 12:29:55.236000,1.11378,1.11371,1870000,1200000
2019-03-13 12:29:55.338000,1.11378,1.1137,1870000,1000000
2019-03-13 12:29:55.490000,1.11376,1.1137,1000000,1500000
2019-03-13 12:29:56.015000,1.11376,1.11369,1000000,2100000
2019-03-13 12:29:56.119000,1.11377,1.11369,1000000,2100000
2019-03-13 12:29:58.124000,1.11378,1.1137,1000000,1600000
2019-03-13 12:29:59.071000,1.11375,1.11369,1000000,1600000
2019-03-13 12:29:59.165000,1.11377,1.11369,1000000,1600000
2019-03-13 12:29:59.570000,1.11376,1.11369,1000000,1600000
2019-03-13 12:29:59.672000,1.11379,1.1137,1500000,1000000
2019-03-13 12:30:00.031000,1.11377,1.1137,1000000,1000000
2019-03-13 12:30:00.184000,1.11376,1.1137,1500000,1000000
2019-03-13 12:30:00.286000,1.11374,1.11367,1000000,1500000
2019-03-13 12:30:00.388000,1.11374,1.11369,1000000,1000000
2019-03-13 12:30:00.512000,1.11374,1.11367,1000000,1500000
2019-03-13 12:30:00.716000,1.11374,1.11369,1000000,1000000
2019-03-13 12:30:00.818000,1.11374,1.11367,1000000,2250000
2019-03-13 12:30:00.920000,1.11374,1.11368,1000000,1000000
2019-03-13 12:30:01.151000,1.11373,1.11368,1000000,1000000
2019-03-13 12:30:01.254000,1.11374,1.11368,1000000,1000000
2019-03-13 12:30:01.356000,1.11373,1.11369,1000000,1000000
2019-03-13 12:30:01.458000,1.11374,1.11369,1000000,1000000
2019-03-13 12:30:01.560000,1.11374,1.11371,1000000,1000000
2019-03-13 12:30:01.685000,1.11372,1.11368,1000000,1000000
2019-03-13 12:30:01.787000,1.11372,1.11369,1000000,1000000
2019-03-13 12:30:01.889000,1.11373,1.11369,1000000,1000000
2019-03-13 12:30:01.991000,1.11373,1.1137,1000000,1000000
2019-03-13 12:30:02.144000,1.11373,1.11371,1000000,1200000
2019-03-13 12:30:02.269000,1.11376,1.11368,1000000,4870000
2019-03-13 12:30:02.320000,1.11377,1.1137,1500000,1000000
2019-03-13 12:30:02.372000,1.11379,1.11371,2700000,1950000
2019-03-13 12:30:02.423000,1.11377,1.11371,1000000,1950000
2019-03-13 12:30:02.525000,1.1138,1.11374,3750000,1500000
2019-03-13 12:30:02.635000,1.11381,1.11372,1000000,3000000
2019-03-13 12:30:02.737000,1.1138,1.11373,1000000,1000000
2019-03-13 12:30:02.941000,1.1138,1.11374,1000000,1120000
2019-03-13 12:30:03.214000,1.11378,1.11374,1000000,1120000
2019-03-13 12:30:03.469000,1.11377,1.11374,1000000,1120000
2019-03-13 12:30:03.673000,1.11377,1.11373,1000000,1120000
2019-03-13 12:30:03.795000,1.11377,1.11374,1000000,1120000
2019-03-13 12:30:04.100000,1.11379,1.11374,2440000,1370000
2019-03-13 12:30:04.550000,1.11379,1.11374,1000000,2120000
2019-03-13 12:30:04.736000,1.1138,1.11375,1000000,1250000
2019-03-13 12:30:05.145000,1.1138,1.11376,1000000,1250000
2019-03-13 12:30:05.274000,1.11381,1.11377,1000000,4000000
2019-03-13 12:30:05.377000,1.11381,1.11377,1000000,5870000
2019-03-13 12:30:05.845000,1.11382,1.11379,1000000,1370000
2019-03-13 12:30:06.515000,1.11382,1.11379,1000000,1370000
2019-03-13 12:30:06.617000,1.11382,1.11379,1000000,1370000
2019-03-13 12:30:07.141000,1.11384,1.11379,2440000,1370000
2019-03-13 12:30:07.243000,1.11382,1.11379,1000000,1370000
2019-03-13 12:30:07.346000,1.11384,1.1138,1690000,2120000
2019-03-13 12:30:07.711000,1.11385,1.11382,1000000,1310000
2019-03-13 12:30:08.608000,1.11385,1.11381,1250000,1310000
2019-03-13 12:30:08.888000,1.11385,1.11382,1250000,1120000
2019-03-13 12:30:10.460000,1.11386,1.11384,1000000,1250000
2019-03-13 12:30:10.562000,1.11388,1.11384,1250000,3260000
2019-03-13 12:30:10.614000,1.11388,1.11386,1000000,1250000
2019-03-13 12:30:10.795000,1.11389,1.11385,1250000,3620000
2019-03-13 12:30:12.228000,1.11389,1.11386,1250000,1000000
2019-03-13 12:30:12.382000,1.11389,1.11385,1250000,1690000
2019-03-13 12:30:12.499000,1.11389,1.11386,1250000,1000000
2019-03-13 12:30:13.312000,1.11388,1.11386,1000000,1000000
2019-03-13 12:30:14.895000,1.11388,1.11385,1000000,1250000
2019-03-13 12:30:15.625000,1.11389,1.11386,2060000,1250000
2019-03-13 12:30:16.549000,1.11389,1.11386,1000000,2870000
2019-03-13 12:30:16.662000,1.1139,1.11388,1310000,1000000
2019-03-13 12:30:16.765000,1.11394,1.11391,1690000,1310000
2019-03-13 12:30:17.451000,1.11394,1.11391,1250000,2940000
2019-03-13 12:30:17.553000,1.11395,1.11392,1250000,1310000
2019-03-13 12:30:18.860000,1.11397,1.11394,1500000,1750000
2019-03-13 12:30:19.008000,1.11398,1.11396,1120000,1750000
2019-03-13 12:30:19.110000,1.11399,1.11396,1690000,5950000
2019-03-13 12:30:19.212000,1.11399,1.11396,1250000,4390000
2019-03-13 12:30:19.522000,1.11399,1.11396,1000000,4450000
2019-03-13 12:30:19.675000,1.11401,1.11398,3750000,1500000
2019-03-13 12:30:19.777000,1.114,1.11398,1250000,1120000
2019-03-13 12:30:20,1.114,1.11397,1750000,1310000
2019-03-13 12:30:20.576000,1.11399,1.11396,2500000,1500000
2019-03-13 12:30:20.679000,1.11399,1.11395,2870000,3560000
2019-03-13 12:30:21.013000,1.11399,1.11396,2120000,1000000
2019-03-13 12:30:21.666000,1.11398,1.11396,1750000,1500000
2019-03-13 12:30:21.769000,1.11398,1.11395,2950000,1000000
2019-03-13 12:30:21.984000,1.11397,1.11394,1250000,3560000
2019-03-13 12:30:22.088000,1.11395,1.11394,1250000,1000000
2019-03-13 12:30:22.190000,1.11395,1.11393,1250000,1000000
2019-03-13 12:30:22.294000,1.11395,1.11392,1350000,3310000
2019-03-13 12:30:22.448000,1.11395,1.11392,1350000,1690000
2019-03-13 12:30:23.008000,1.11395,1.11392,1250000,2440000
2019-03-13 12:30:23.135000,1.11395,1.11392,1250000,4060000
2019-03-13 12:30:23.288000,1.11396,1.11392,1760000,4120000
2019-03-13 12:30:27.279000,1.11395,1.11392,1000000,4120000
2019-03-13 12:30:28.238000,1.11396,1.11393,1690000,1310000
2019-03-13 12:30:28.340000,1.11396,1.11394,1000000,1370000
2019-03-13 12:30:28.442000,1.11397,1.11394,1120000,3250000
2019-03-13 12:30:28.709000,1.11397,1.11394,1250000,3190000
2019-03-13 12:30:29.167000,1.11396,1.11394,1000000,2440000
2019-03-13 12:30:30.623000,1.11395,1.11393,1000000,3260000
2019-03-13 12:30:30.727000,1.11395,1.11393,1250000,1870000
2019-03-13 12:30:30.982000,1.11394,1.11392,1250000,1690000
2019-03-13 12:30:33.470000,1.11395,1.11392,1250000,2140000
2019-03-13 12:30:33.624000,1.11395,1.11393,1000000,1250000
2019-03-13 12:30:35.482000,1.11396,1.11393,1690000,1250000
2019-03-13 12:30:36.207000,1.11395,1.11392,1000000,2950000
2019-03-13 12:30:36.335000,1.11396,1.11393,1690000,1250000
2019-03-13 12:30:36.676000,1.11396,1.11394,1000000,2500000
2019-03-13 12:30:36.778000,1.11399,1.11396,5250000,1250000
2019-03-13 12:30:36.881000,1.11399,1.11397,1750000,1000000
2019-03-13 12:30:39.826000,1.11396,1.11395,1250000,6150000
2019-03-13 12:30:39.928000,1.11397,1.11396,1690000,1000000
2019-03-13 12:30:40.030000,1.11397,1.11395,1250000,1690000
2019-03-13 12:30:40.437000,1.11398,1.11395,2060000,1250000
2019-03-13 12:30:41.329000,1.11397,1.11395,1250000,3640000
2019-03-13 12:30:41.482000,1.11398,1.11395,1120000,4070000
2019-03-13 12:30:41.851000,1.11399,1.11395,4060000,3350000
2019-03-13 12:30:42.346000,1.11399,1.11396,2440000,3100000
2019-03-13 12:30:48.827000,1.11399,1.11396,4500000,1600000
2019-03-13 12:30:48.929000,1.11397,1.11396,1000000,1100000
2019-03-13 12:30:49.880000,1.11398,1.11395,4370000,1100000
2019-03-13 12:30:49.982000,1.11398,1.11394,4370000,1760000
2019-03-13 12:30:51.440000,1.11396,1.11393,2500000,5260000
2019-03-13 12:30:51.549000,1.11395,1.11393,2060000,1500000
2019-03-13 12:30:51.601000,1.11393,1.11392,1000000,1000000
2019-03-13 12:30:51.704000,1.11393,1.11391,1690000,1250000
2019-03-13 12:30:51.808000,1.11392,1.1139,1000000,3320000
2019-03-13 12:30:52.481000,1.11392,1.11389,2120000,1120000
2019-03-13 12:30:52.532000,1.1139,1.11388,1250000,1570000
2019-03-13 12:30:52.904000,1.1139,1.11387,1250000,1690000
2019-03-13 12:30:54.257000,1.1139,1.11387,2250000,1750000
2019-03-13 12:30:58.812000,1.1139,1.11389,1000000,1250000
2019-03-13 12:30:58.956000,1.11393,1.1139,6700000,1000000
2019-03-13 12:30:59.058000,1.11393,1.1139,2440000,1250000
2019-03-13 12:31:00.096000,1.11392,1.11389,1000000,1750000
2019-03-13 12:31:01.933000,1.11393,1.1139,3560000,1250000
2019-03-13 12:31:02.035000,1.11393,1.1139,4440000,1250000
2019-03-13 12:31:02.188000,1.11393,1.1139,1000000,3620000
2019-03-13 12:31:08.270000,1.11393,1.11391,1250000,2440000
2019-03-13 12:31:10.728000,1.11393,1.11391,1000000,2500000
2019-03-13 12:31:11.476000,1.11393,1.11391,1000000,2440000
2019-03-13 12:31:11.579000,1.11393,1.11391,1000000,1750000
2019-03-13 12:31:11.785000,1.11394,1.11391,2060000,3250000
2019-03-13 12:31:14.947000,1.11395,1.11392,1870000,1250000
2019-03-13 12:31:17.757000,1.11394,1.11391,1250000,5120000
2019-03-13 12:31:17.859000,1.11395,1.11392,1870000,1000000
2019-03-13 12:31:17.961000,1.11395,1.11392,1870000,2500000
2019-03-13 12:31:20.852000,1.11397,1.11395,2320000,1250000
2019-03-13 12:31:21.058000,1.11398,1.11396,1200000,1250000
2019-03-13 12:31:24.451000,1.11398,1.11396,2060000,1000000
2019-03-13 12:31:24.553000,1.11397,1.11396,1250000,1000000
2019-03-13 12:31:24.757000,1.11397,1.11395,1250000,2440000
2019-03-13 12:31:25.147000,1.11397,1.11396,1250000,1000000
2019-03-13 12:31:27.879000,1.11397,1.11395,1000000,3940000
2019-03-13 12:31:28.338000,1.11397,1.11396,1120000,1000000
2019-03-13 12:31:28.539000,1.11398,1.11396,2510000,1000000
2019-03-13 12:31:30.574000,1.11397,1.11395,1120000,2440000
2019-03-13 12:31:43.911000,1.11397,1.11394,2700000,3000000
2019-03-13 12:31:49.678000,1.11396,1.11394,1570000,1000000
2019-03-13 12:31:51.969000,1.11395,1.11393,2120000,3000000
2019-03-13 12:31:52.071000,1.1139,1.11388,2120000,1570000
2019-03-13 12:31:52.174000,1.1139,1.11388,3260000,3250000
2019-03-13 12:31:52.409000,1.11389,1.11387,1250000,1250000
2019-03-13 12:32:00.091000,1.11388,1.11386,1000000,4000000
2019-03-13 12:32:00.194000,1.11385,1.11383,2500000,1500000
2019-03-13 12:32:00.331000,1.11385,1.11382,2950000,2810000
2019-03-13 12:32:06.876000,1.11383,1.11381,1000000,3250000
2019-03-13 12:32:25.222000,1.11382,1.1138,1000000,3190000
2019-03-13 12:32:25.476000,1.11383,1.1138,1000000,4000000
2019-03-13 12:32:25.578000,1.11382,1.1138,1000000,3250000
2019-03-13 12:32:25.679000,1.11383,1.1138,1000000,4000000
2019-03-13 12:32:28.276000,1.11383,1.1138,1000000,3250000
2019-03-13 12:32:31.112000,1.11382,1.1138,1000000,3250000
2019-03-13 12:32:31.983000,1.11384,1.11381,1570000,2500000
2019-03-13 12:32:32.086000,1.11385,1.11383,2440000,1000000
2019-03-13 12:32:32.137000,1.11386,1.11384,1000000,6750000
2019-03-13 12:32:32.239000,1.11388,1.11385,1820000,3560000
2019-03-13 12:32:32.342000,1.11388,1.11386,1250000,1000000
2019-03-13 12:32:32.444000,1.11388,1.11386,1250000,1690000
2019-03-13 12:32:32.547000,1.11388,1.11387,1000000,1250000
2019-03-13 12:32:33.010000,1.11389,1.11387,2140000,1250000
2019-03-13 12:32:33.214000,1.1139,1.11388,1010000,1250000
2019-03-13 12:32:34.705000,1.1139,1.11388,1000000,2500000
2019-03-13 12:32:34.909000,1.11391,1.11388,3260000,2870000
2019-03-13 12:32:36.516000,1.11391,1.1139,1950000,1760000
2019-03-13 12:32:36.618000,1.11393,1.1139,2140000,5310000
2019-03-13 12:32:39.259000,1.11392,1.11389,2120000,5620000
2019-03-13 12:32:39.412000,1.11391,1.1139,1250000,1000000
2019-03-13 12:32:40.163000,1.1139,1.11389,1250000,1500000
2019-03-13 12:32:41.149000,1.11392,1.1139,3450000,1750000
2019-03-13 12:32:41.253000,1.11392,1.1139,1250000,1310000
2019-03-13 12:32:41.355000,1.11393,1.11391,1120000,1250000
2019-03-13 12:32:41.457000,1.11392,1.11391,1000000,1250000
2019-03-13 12:32:42.981000,1.11393,1.11391,1100000,1250000
2019-03-13 12:32:43.135000,1.11392,1.11391,1000000,1250000
2019-03-13 12:32:43.237000,1.11393,1.11391,1010000,1250000
2019-03-13 12:32:44.408000,1.11391,1.1139,1250000,3070000
2019-03-13 12:32:45.361000,1.11391,1.11389,1250000,1690000
2019-03-13 12:32:46.815000,1.1139,1.11388,1000000,2120000
2019-03-13 12:32:48.695000,1.11392,1.1139,1570000,2120000
2019-03-13 12:32:48.798000,1.11393,1.11391,2140000,1250000
2019-03-13 12:32:48.900000,1.11393,1.11391,1500000,1250000
2019-03-13 12:32:50.819000,1.11394,1.11391,2700000,1750000
2019-03-13 12:32:51.342000,1.11393,1.11391,1500000,1750000
2019-03-13 12:32:51.547000,1.11394,1.11391,2700000,1750000
2019-03-13 12:32:51.648000,1.11393,1.11391,1500000,1250000
2019-03-13 12:32:53.422000,1.11394,1.11391,3450000,1750000
2019-03-13 12:32:53.575000,1.11394,1.11392,1500000,1250000
2019-03-13 12:32:53.678000,1.11395,1.11392,2810000,2950000
2019-03-13 12:32:53.882000,1.11394,1.11391,1000000,5200000
2019-03-13 12:32:54.006000,1.11395,1.11392,2890000,1250000
2019-03-13 12:32:55.389000,1.11396,1.11394,2620000,1750000
2019-03-13 12:32:58.171000,1.11395,1.11394,1000000,1250000
2019-03-13 12:33:00.613000,1.11396,1.11394,1870000,1250000
2019-03-13 12:33:01.088000,1.11397,1.11394,3450000,2500000
2019-03-13 12:33:01.198000,1.11399,1.11396,6450000,4370000
2019-03-13 12:33:01.301000,1.11399,1.11396,4010000,5500000
2019-03-13 12:33:01.404000,1.11399,1.11396,2250000,6770000
2019-03-13 12:33:01.568000,1.11399,1.11396,2250000,5440000
2019-03-13 12:33:01.671000,1.11398,1.11396,3190000,1310000
2019-03-13 12:33:01.774000,1.11398,1.11395,3700000,1250000
2019-03-13 12:33:01.877000,1.11397,1.11395,1370000,1000000
2019-03-13 12:33:02.660000,1.11396,1.11394,1250000,1250000
2019-03-13 12:33:03.593000,1.11396,1.11395,1250000,1000000
2019-03-13 12:33:04.009000,1.11396,1.11393,1250000,7070000
2019-03-13 12:33:04.735000,1.11396,1.11395,1250000,1000000
2019-03-13 12:33:08.239000,1.11396,1.11394,1250000,1690000
2019-03-13 12:33:09.157000,1.11396,1.11395,1250000,1000000
2019-03-13 12:33:11.318000,1.11396,1.11393,1250000,4820000
2019-03-13 12:33:12.238000,1.11397,1.11395,4070000,1000000
2019-03-13 12:33:12.340000,1.11397,1.11395,4010000,1000000
2019-03-13 12:33:13.013000,1.11397,1.11394,3700000,1250000
2019-03-13 12:33:13.616000,1.11397,1.11395,3640000,1000000
2019-03-13 12:33:19.577000,1.11397,1.11394,4070000,2060000
2019-03-13 12:33:19.679000,1.11396,1.11395,1010000,1000000
2019-03-13 12:33:21.488000,1.11396,1.11394,2810000,1000000
2019-03-13 12:33:21.539000,1.11394,1.11392,2620000,2140000
2019-03-13 12:33:21.642000,1.11392,1.11391,1690000,1000000
2019-03-13 12:33:21.693000,1.11392,1.11389,1690000,4600000
2019-03-13 12:33:21.797000,1.11391,1.11389,1250000,1760000
2019-03-13 12:33:21.899000,1.11391,1.11389,1750000,2250000
2019-03-13 12:33:22.356000,1.11389,1.11388,1250000,2250000
2019-03-13 12:33:22.458000,1.11389,1.11388,1690000,1000000
2019-03-13 12:33:22.560000,1.11389,1.11386,2510000,5120000
2019-03-13 12:33:22.664000,1.11388,1.11386,1760000,3370000
2019-03-13 12:33:22.878000,1.11388,1.11385,3700000,2660000
2019-03-13 12:33:23.202000,1.11387,1.11385,1000000,1250000
2019-03-13 12:33:23.308000,1.11388,1.11385,2810000,1250000
2019-03-13 12:33:26.995000,1.11388,1.11385,3620000,1250000
2019-03-13 12:33:28.181000,1.11387,1.11385,1000000,1750000
2019-03-13 12:33:30.876000,1.11388,1.11385,2890000,3620000
2019-03-13 12:33:31.563000,1.11389,1.11386,2700000,2500000
2019-03-13 12:33:31.666000,1.1139,1.11388,2700000,1750000
2019-03-13 12:33:32.496000,1.11391,1.11389,2140000,2440000
2019-03-13 12:33:33.021000,1.1139,1.11388,1690000,1350000
2019-03-13 12:33:33.123000,1.1139,1.11387,1690000,6370000
2019-03-13 12:33:33.879000,1.11389,1.11387,1000000,4370000
2019-03-13 12:33:35.915000,1.1139,1.11387,1690000,3320000
2019-03-13 12:33:36.120000,1.11391,1.11389,1100000,1250000
2019-03-13 12:33:37.517000,1.1139,1.11388,1000000,1500000
2019-03-13 12:33:37.823000,1.1139,1.11387,1000000,7010000
2019-03-13 12:33:42.126000,1.1139,1.11389,1000000,1000000
2019-03-13 12:33:42.229000,1.11392,1.1139,1000000,4750000
2019-03-13 12:33:42.280000,1.11392,1.1139,1000000,4310000
2019-03-13 12:33:42.382000,1.11393,1.1139,2620000,3560000
2019-03-13 12:33:42.667000,1.11393,1.1139,3620000,2060000
2019-03-13 12:33:43.034000,1.11393,1.1139,3260000,3250000
2019-03-13 12:33:43.137000,1.11392,1.1139,1250000,2060000
2019-03-13 12:33:47.893000,1.11392,1.1139,1000000,2870000
2019-03-13 12:33:48.220000,1.11393,1.1139,1760000,4820000
2019-03-13 12:33:48.322000,1.11394,1.11392,1010000,1000000
2019-03-13 12:33:48.434000,1.11395,1.11393,1250000,1570000
2019-03-13 12:33:48.486000,1.11396,1.11394,1570000,2810000
2019-03-13 12:33:48.590000,1.11397,1.11394,2700000,3370000
2019-03-13 12:33:49.520000,1.11398,1.11396,2320000,1250000
2019-03-13 12:33:49.623000,1.11398,1.11396,1570000,1750000
2019-03-13 12:33:49.726000,1.11399,1.11396,2810000,4150000
2019-03-13 12:33:51.392000,1.11399,1.11396,1870000,6400000
2019-03-13 12:33:51.704000,1.11399,1.11397,2810000,1250000
2019-03-13 12:33:51.806000,1.11399,1.11397,1870000,1250000
2019-03-13 12:33:52.269000,1.11399,1.11397,2810000,1250000
2019-03-13 12:33:52.371000,1.11399,1.11397,1870000,1250000
2019-03-13 12:33:52.531000,1.114,1.11397,2700000,3250000
2019-03-13 12:33:52.755000,1.11401,1.11398,1500000,7950000
2019-03-13 12:33:52.857000,1.114,1.11398,2620000,4250000
2019-03-13 12:33:52.959000,1.114,1.11398,4500000,1870000
2019-03-13 12:33:53.061000,1.11399,1.11398,4690000,1000000
2019-03-13 12:33:53.163000,1.114,1.11397,6320000,3560000
2019-03-13 12:33:53.322000,1.114,1.11398,5500000,1000000
2019-03-13 12:33:54.079000,1.114,1.11397,5570000,4310000
2019-03-13 12:33:54.287000,1.114,1.11398,5500000,1000000
2019-03-13 12:33:54.742000,1.114,1.11397,5570000,4310000
2019-03-13 12:33:56.586000,1.11401,1.11398,1570000,3620000
2019-03-13 12:33:56.746000,1.114,1.11399,1250000,1870000
2019-03-13 12:33:57.001000,1.11401,1.11398,2570000,2810000
2019-03-13 12:33:57.103000,1.114,1.11398,1250000,2620000
2019-03-13 12:34:00.151000,1.11399,1.11397,1250000,2810000
2019-03-13 12:34:00.357000,1.114,1.11397,1950000,3310000
2019-03-13 12:34:00.884000,1.11399,1.11398,1250000,1000000
2019-03-13 12:34:01.148000,1.11399,1.11397,1250000,2810000
2019-03-13 12:34:03.134000,1.114,1.11398,1950000,1000000
2019-03-13 12:34:04.448000,1.114,1.11397,3260000,1500000
2019-03-13 12:34:04.550000,1.114,1.11398,1760000,1690000
2019-03-13 12:34:05.896000,1.114,1.11398,1100000,2500000
2019-03-13 12:34:06.051000,1.114,1.11398,1010000,2250000
2019-03-13 12:34:06.746000,1.114,1.11398,1100000,2500000
2019-03-13 12:34:06.951000,1.11402,1.11399,4820000,3940000
2019-03-13 12:34:07.053000,1.11402,1.11399,4750000,3070000
2019-03-13 12:34:07.257000,1.114,1.11398,1250000,3000000
2019-03-13 12:34:07.918000,1.114,1.11397,1820000,3190000
2019-03-13 12:34:10.042000,1.114,1.11398,1750000,1000000
2019-03-13 12:34:10.509000,1.114,1.11398,1500000,1250000
2019-03-13 12:34:10.916000,1.114,1.11398,2500000,1000000
2019-03-13 12:34:11.018000,1.114,1.11398,1500000,1250000
2019-03-13 12:34:11.161000,1.114,1.11398,2500000,1000000
2019-03-13 12:34:11.570000,1.114,1.11398,1690000,1000000
2019-03-13 12:34:11.786000,1.114,1.11397,2500000,2440000
2019-03-13 12:34:14.057000,1.11399,1.11398,2060000,1000000
2019-03-13 12:34:14.162000,1.11399,1.11397,2140000,1690000
2019-03-13 12:34:14.589000,1.11399,1.11397,4140000,1250000
2019-03-13 12:34:15.227000,1.11399,1.11396,3640000,3250000
2019-03-13 12:34:16.069000,1.11399,1.11398,2060000,1000000
2019-03-13 12:34:17.015000,1.11399,1.11397,2060000,2440000
2019-03-13 12:34:18.391000,1.11399,1.11397,1120000,3250000
2019-03-13 12:34:18.595000,1.114,1.11398,1390000,1250000
2019-03-13 12:34:18.914000,1.114,1.11399,1390000,1000000
2019-03-13 12:34:19.118000,1.114,1.11399,2140000,1000000
2019-03-13 12:34:19.250000,1.114,1.11397,2140000,3250000
2019-03-13 12:34:19.353000,1.11399,1.11398,1250000,1000000
2019-03-13 12:34:19.722000,1.11399,1.11397,1760000,1250000
2019-03-13 12:34:20.259000,1.11399,1.11397,1100000,1250000
2019-03-13 12:34:20.413000,1.114,1.11398,3070000,1250000
2019-03-13 12:34:20.747000,1.114,1.11398,1760000,1250000
2019-03-13 12:34:22.394000,1.114,1.11398,1000000,1750000
2019-03-13 12:34:22.653000,1.114,1.11398,1250000,2060000
2019-03-13 12:34:22.974000,1.114,1.11398,1000000,2120000
2019-03-13 12:34:23.145000,1.114,1.11398,1250000,1250000
2019-03-13 12:34:24.218000,1.11401,1.11399,1200000,1000000
2019-03-13 12:34:24.269000,1.11402,1.11401,1000000,1010000
2019-03-13 12:34:24.320000,1.11404,1.11401,4870000,2950000
2019-03-13 12:34:24.423000,1.11405,1.11403,1950000,1370000
2019-03-13 12:34:24.525000,1.11405,1.11403,1100000,1750000
2019-03-13 12:34:24.635000,1.11406,1.11403,2140000,1250000
2019-03-13 12:34:24.738000,1.11406,1.11403,3700000,3190000
2019-03-13 12:34:24.841000,1.11405,1.11403,2500000,1120000
2019-03-13 12:34:24.945000,1.11405,1.11403,3700000,1120000
2019-03-13 12:34:25.047000,1.11404,1.11402,1690000,1120000
2019-03-13 12:34:25.427000,1.11405,1.11403,4070000,1000000
2019-03-13 12:34:25.529000,1.11405,1.11402,4070000,1000000
2019-03-13 12:34:25.732000,1.11404,1.11403,1250000,1000000
2019-03-13 12:34:25.834000,1.11404,1.11401,1250000,3070000
2019-03-13 12:34:25.936000,1.11405,1.11402,4070000,1000000
2019-03-13 12:34:26.175000,1.11403,1.11401,1250000,1870000
2019-03-13 12:34:26.277000,1.11402,1.11401,1690000,1000000
2019-03-13 12:34:26.328000,1.11402,1.11399,1690000,3070000
2019-03-13 12:34:26.532000,1.11402,1.114,1760000,1000000
2019-03-13 12:34:26.892000,1.11402,1.11399,1250000,1950000
2019-03-13 12:34:27.249000,1.11402,1.114,1760000,1000000
2019-03-13 12:34:27.365000,1.11402,1.11399,1760000,1500000
2019-03-13 12:34:27.467000,1.11402,1.114,1760000,1000000
2019-03-13 12:34:28.017000,1.11403,1.11401,3640000,1000000
2019-03-13 12:34:28.172000,1.11403,1.11402,1100000,1250000
2019-03-13 12:34:28.336000,1.11402,1.114,1250000,2700000
2019-03-13 12:34:28.387000,1.11402,1.11399,2500000,3820000
2019-03-13 12:34:29.315000,1.11399,1.11398,1000000,1000000
2019-03-13 12:34:29.471000,1.11399,1.11396,4820000,3190000
2019-03-13 12:34:29.574000,1.11399,1.11396,4000000,6390000
2019-03-13 12:34:30.333000,1.11399,1.11396,4000000,4760000
2019-03-13 12:34:34.560000,1.11399,1.11396,2140000,9250000
2019-03-13 12:34:38.470000,1.114,1.11398,1250000,1250000
2019-03-13 12:34:38.674000,1.114,1.11399,1010000,1000000
2019-03-13 12:34:38.809000,1.11401,1.11398,2510000,2500000
2019-03-13 12:34:39.270000,1.11401,1.11398,3320000,3190000
2019-03-13 12:34:39.429000,1.11401,1.11398,2510000,3250000
2019-03-13 12:34:40.373000,1.11401,1.11398,3320000,3190000
2019-03-13 12:34:40.629000,1.11399,1.11397,1690000,6640000
2019-03-13 12:34:40.732000,1.11398,1.11397,1250000,2620000
2019-03-13 12:34:40.885000,1.11398,1.11396,1250000,2810000
2019-03-13 12:34:46.434000,1.11397,1.11395,1250000,3750000
2019-03-13 12:34:46.537000,1.11397,1.11395,1250000,4120000
2019-03-13 12:34:46.640000,1.11398,1.11395,3700000,4310000
2019-03-13 12:34:47.441000,1.11398,1.11395,3700000,3310000
2019-03-13 12:34:48.339000,1.11398,1.11396,2890000,1310000
2019-03-13 12:34:49.256000,1.11398,1.11396,2950000,1500000
2019-03-13 12:34:49.874000,1.11398,1.11395,3700000,4310000
2019-03-13 12:34:50.262000,1.11398,1.11395,2890000,4370000
2019-03-13 12:34:55.536000,1.11397,1.11395,1750000,1500000
2019-03-13 12:34:56.759000,1.11396,1.11394,1370000,6070000
2019-03-13 12:34:56.913000,1.11394,1.11392,1250000,2440000
2019-03-13 12:35:00.666000,1.11395,1.11393,3890000,1000000
2019-03-13 12:35:00.768000,1.11395,1.11394,1310000,1000000
2019-03-13 12:35:00.948000,1.11395,1.11393,1310000,1310000
2019-03-13 12:35:01.330000,1.11395,1.11394,1310000,1000000
2019-03-13 12:35:01.432000,1.11395,1.11392,2810000,9390000
2019-03-13 12:35:01.534000,1.11395,1.11392,3810000,3640000
2019-03-13 12:35:01.709000,1.11396,1.11394,1200000,4120000
2019-03-13 12:35:02.066000,1.11396,1.11394,1370000,3750000
2019-03-13 12:35:05.665000,1.11395,1.11393,1250000,3000000
2019-03-13 12:35:05.768000,1.11395,1.11392,2500000,4390000
2019-03-13 12:35:05.873000,1.11394,1.11392,1750000,1000000
2019-03-13 12:35:05.976000,1.11394,1.11391,1750000,6640000
2019-03-13 12:35:06.078000,1.11394,1.11392,1750000,1000000
2019-03-13 12:35:12.874000,1.11394,1.11392,1690000,1690000
2019-03-13 12:35:12.977000,1.11394,1.11393,1250000,1000000
2019-03-13 12:35:13.131000,1.11395,1.11393,1250000,1250000
2019-03-13 12:35:13.832000,1.11395,1.11393,1750000,1000000
2019-03-13 12:35:14.093000,1.11395,1.11393,1690000,1250000
2019-03-13 12:35:14.915000,1.11395,1.11393,1250000,1000000
2019-03-13 12:35:16.625000,1.11394,1.11392,1250000,1250000
2019-03-13 12:35:18.899000,1.11393,1.11391,1250000,2620000
2019-03-13 12:35:19.207000,1.11394,1.11392,2950000,1000000
2019-03-13 12:35:19.354000,1.11393,1.11391,1250000,1500000
2019-03-13 12:35:19.456000,1.11394,1.11392,2950000,1000000
2019-03-13 12:35:19.761000,1.11393,1.11391,1250000,1500000
2019-03-13 12:35:19.876000,1.11394,1.11392,2950000,1000000
2019-03-13 12:35:20.398000,1.11394,1.11391,2950000,3190000
2019-03-13 12:35:20.500000,1.11394,1.11392,2950000,1000000
2019-03-13 12:35:25.465000,1.11393,1.11391,1690000,1690000
2019-03-13 12:35:27.628000,1.11393,1.11392,1250000,1000000
2019-03-13 12:35:27.783000,1.11394,1.11391,3620000,7760000
2019-03-13 12:35:27.891000,1.11394,1.11392,2200000,2250000
2019-03-13 12:35:27.994000,1.11395,1.11392,3820000,4310000
2019-03-13 12:35:28.097000,1.11395,1.11394,1310000,1000000
2019-03-13 12:35:32.462000,1.11396,1.11395,2440000,1000000
2019-03-13 12:35:32.692000,1.11396,1.11394,1750000,1500000
2019-03-13 12:35:33.100000,1.11396,1.11395,1690000,1000000
2019-03-13 12:35:33.203000,1.11396,1.11394,1250000,1690000
2019-03-13 12:35:35.453000,1.11397,1.11395,2890000,1500000
2019-03-13 12:35:36.171000,1.11396,1.11394,1250000,2810000
2019-03-13 12:35:36.273000,1.11397,1.11396,1760000,1000000
2019-03-13 12:35:36.376000,1.11397,1.11396,1310000,1000000
2019-03-13 12:35:36.837000,1.11397,1.11395,1310000,3190000
2019-03-13 12:35:37.143000,1.11398,1.11397,1690000,1000000
2019-03-13 12:35:37.358000,1.11399,1.11397,2370000,3000000
2019-03-13 12:35:38.351000,1.114,1.11397,3450000,3560000
2019-03-13 12:35:38.454000,1.11398,1.11397,1250000,3370000
2019-03-13 12:35:38.696000,1.114,1.11397,3450000,3560000
2019-03-13 12:35:39.031000,1.11398,1.11397,1250000,3370000
2019-03-13 12:35:39.417000,1.114,1.11397,4200000,3190000
2019-03-13 12:35:39.519000,1.11398,1.11397,1250000,3000000
2019-03-13 12:35:39.745000,1.11399,1.11398,1310000,1000000
2019-03-13 12:35:39.848000,1.114,1.11398,2700000,1500000
2019-03-13 12:35:40.587000,1.114,1.11398,2510000,1000000
2019-03-13 12:35:40.740000,1.11401,1.11399,3010000,1000000
2019-03-13 12:35:40.901000,1.114,1.11398,2810000,1000000
2019-03-13 12:35:41.003000,1.114,1.11397,2810000,6450000
2019-03-13 12:35:41.104000,1.114,1.11397,1310000,6700000
2019-03-13 12:35:41.207000,1.11399,1.11397,1690000,5810000
2019-03-13 12:35:41.309000,1.114,1.11398,1310000,1690000
2019-03-13 12:35:41.411000,1.11401,1.11399,3820000,1500000
2019-03-13 12:35:42.168000,1.11401,1.11398,3820000,3000000
2019-03-13 12:35:42.272000,1.11401,1.11399,4200000,1500000
2019-03-13 12:35:43.595000,1.11401,1.11398,4200000,3000000
2019-03-13 12:35:44.896000,1.11401,1.11399,4200000,1500000
2019-03-13 12:35:48.833000,1.11399,1.11398,1250000,3000000
2019-03-13 12:35:49.040000,1.11401,1.11399,4950000,1000000
2019-03-13 12:35:49.687000,1.11399,1.11398,1250000,3000000
2019-03-13 12:35:49.890000,1.11401,1.11399,4950000,1000000
2019-03-13 12:35:52.522000,1.114,1.11398,1250000,3750000
2019-03-13 12:35:53.066000,1.11402,1.114,1950000,2500000
2019-03-13 12:35:53.172000,1.11403,1.11401,1910000,1690000
2019-03-13 12:35:53.274000,1.11405,1.11403,1000000,3000000
2019-03-13 12:35:53.377000,1.11406,1.11403,2060000,4950000
2019-03-13 12:35:54.596000,1.11404,1.11403,1250000,3000000
2019-03-13 12:35:54.698000,1.11404,1.11403,1690000,1000000
2019-03-13 12:35:54.800000,1.11403,1.11401,3810000,1000000
2019-03-13 12:35:54.902000,1.11403,1.114,3810000,1010000
2019-03-13 12:35:55.847000,1.11403,1.11401,3810000,1000000
2019-03-13 12:35:59.317000,1.11404,1.11402,6450000,1000000
2019-03-13 12:35:59.591000,1.11403,1.11401,1370000,1000000
2019-03-13 12:35:59.692000,1.11403,1.11402,1310000,1000000
2019-03-13 12:36:00.088000,1.11403,1.11401,1370000,1000000
2019-03-13 12:36:00.815000,1.11402,1.11399,7690000,7220000
2019-03-13 12:36:00.919000,1.11401,1.11399,1250000,3790000
2019-03-13 12:36:01.021000,1.11401,1.11399,1250000,3260000
2019-03-13 12:36:01.392000,1.11401,1.114,1250000,1500000
2019-03-13 12:36:01.647000,1.11403,1.114,3450000,2060000
2019-03-13 12:36:01.905000,1.11403,1.11401,2440000,1000000
2019-03-13 12:36:02.007000,1.11402,1.114,3060000,1000000
2019-03-13 12:36:02.211000,1.11402,1.11401,1120000,1690000
2019-03-13 12:36:02.366000,1.11403,1.114,2060000,7820000
2019-03-13 12:36:02.676000,1.11403,1.11402,1310000,1000000
2019-03-13 12:36:02.836000,1.11404,1.11402,5140000,1000000
2019-03-13 12:36:03.260000,1.11403,1.11401,1310000,2060000
2019-03-13 12:36:03.363000,1.11404,1.11402,4200000,1000000
2019-03-13 12:36:03.467000,1.11404,1.11401,4200000,1690000
2019-03-13 12:36:05.849000,1.11404,1.11402,4200000,1000000
2019-03-13 12:36:06.002000,1.11404,1.11401,4200000,2810000
2019-03-13 12:36:06.206000,1.11404,1.11403,1250000,2250000
2019-03-13 12:36:06.309000,1.11404,1.11403,2440000,1000000
2019-03-13 12:36:06.423000,1.11404,1.11401,3250000,4140000
2019-03-13 12:36:06.525000,1.11403,1.11401,1250000,3750000
2019-03-13 12:36:07.286000,1.11403,1.11401,1250000,3750000
2019-03-13 12:36:09.798000,1.11404,1.11401,4950000,2440000
2019-03-13 12:36:12.154000,1.11403,1.11401,3700000,1000000
2019-03-13 12:36:12.256000,1.11402,1.114,2870000,1000000
2019-03-13 12:36:12.556000,1.11401,1.11398,3450000,2440000
2019-03-13 12:36:15.143000,1.11402,1.114,2890000,3190000
2019-03-13 12:36:15.261000,1.11402,1.11401,1100000,6190000
2019-03-13 12:36:15.365000,1.11405,1.11403,1000000,3560000
2019-03-13 12:36:15.468000,1.11406,1.11404,1690000,1250000
2019-03-13 12:36:15.570000,1.11406,1.11404,1750000,1000000
2019-03-13 12:36:15.991000,1.11406,1.11404,1250000,2440000
2019-03-13 12:36:16.291000,1.11406,1.11404,1750000,1870000
2019-03-13 12:36:21.898000,1.11411,1.1141,1120000,1690000
2019-03-13 12:36:22.043000,1.11413,1.11412,3190000,1000000
2019-03-13 12:36:22.145000,1.11414,1.11412,2890000,1690000
2019-03-13 12:36:28.240000,1.11413,1.1141,1000000,4950000
2019-03-13 12:36:28.292000,1.11413,1.1141,2870000,1760000
2019-03-13 12:36:28.394000,1.11413,1.1141,2060000,1820000
2019-03-13 12:36:34.197000,1.1141,1.11408,1250000,10570000
2019-03-13 12:36:34.301000,1.11411,1.11409,2870000,1500000
2019-03-13 12:36:34.445000,1.1141,1.11408,1500000,1870000
2019-03-13 12:36:34.547000,1.11409,1.11408,1000000,1870000
2019-03-13 12:36:35.005000,1.11409,1.11408,2060000,1000000
2019-03-13 12:36:35.304000,1.1141,1.11408,2570000,1500000
2019-03-13 12:36:35.406000,1.11411,1.11408,2500000,3010000
2019-03-13 12:36:35.559000,1.11412,1.11409,5810000,1950000
2019-03-13 12:36:37.141000,1.11411,1.11409,1000000,1200000
2019-03-13 12:36:37.516000,1.11411,1.11409,1750000,1120000
2019-03-13 12:36:42.720000,1.11411,1.11409,1250000,1310000
2019-03-13 12:36:42.772000,1.11412,1.1141,1500000,2120000
2019-03-13 12:36:42.889000,1.11413,1.11411,2890000,1250000
2019-03-13 12:36:46.502000,1.11414,1.11411,4760000,1370000
2019-03-13 12:36:46.605000,1.11416,1.11414,9560000,1810000
2019-03-13 12:36:46.707000,1.11416,1.11414,1250000,1870000
2019-03-13 12:36:47.743000,1.11416,1.11414,1250000,1690000
2019-03-13 12:36:47.845000,1.11416,1.11414,1250000,1500000
2019-03-13 12:36:48.194000,1.11416,1.11413,2500000,2890000
2019-03-13 12:36:49.311000,1.11417,1.11416,1760000,1000000
2019-03-13 12:36:49.415000,1.11418,1.11417,1250000,1000000
2019-03-13 12:36:49.571000,1.11419,1.11416,2870000,2140000
2019-03-13 12:36:53.985000,1.11417,1.11415,2440000,1100000
2019-03-13 12:36:54.087000,1.11416,1.11414,2500000,1870000
2019-03-13 12:36:54.385000,1.11417,1.11415,1100000,2500000
2019-03-13 12:36:54.488000,1.11418,1.11417,1000000,1690000
2019-03-13 12:36:54.590000,1.1142,1.11418,1000000,1000000
2019-03-13 12:36:54.692000,1.11421,1.11418,2140000,2250000
2019-03-13 12:36:54.876000,1.11421,1.11419,1310000,1000000
2019-03-13 12:36:55.155000,1.11421,1.11418,2060000,4200000
2019-03-13 12:36:55.308000,1.11421,1.11419,1310000,1000000
2019-03-13 12:36:55.546000,1.11421,1.11418,1310000,3450000
2019-03-13 12:36:56.244000,1.11421,1.11419,1310000,1000000
2019-03-13 12:36:58.216000,1.11421,1.11418,2140000,3370000
2019-03-13 12:36:58.420000,1.1142,1.11418,3250000,1200000
2019-03-13 12:36:58.522000,1.1142,1.11417,4450000,1120000
2019-03-13 12:37:00.882000,1.1142,1.11416,5570000,1950000
2019-03-13 12:37:03.339000,1.11419,1.11416,1570000,3250000
2019-03-13 12:37:12.989000,1.11421,1.11418,3640000,1250000
2019-03-13 12:37:13.294000,1.11421,1.11419,1310000,1000000
2019-03-13 12:37:13.396000,1.11422,1.1142,4010000,1250000
2019-03-13 12:37:14.460000,1.11423,1.11422,1690000,1000000
2019-03-13 12:37:14.562000,1.11425,1.11423,2500000,1000000
2019-03-13 12:37:14.666000,1.11425,1.11423,1250000,1690000
2019-03-13 12:37:14.768000,1.11427,1.11425,3000000,2440000
2019-03-13 12:37:14.870000,1.11428,1.11426,1100000,1000000
2019-03-13 12:37:15.279000,1.11429,1.11426,3450000,2250000
2019-03-13 12:37:16.154000,1.1143,1.11428,2890000,1250000
2019-03-13 12:37:16.257000,1.11429,1.11427,1690000,2510000
2019-03-13 12:37:16.359000,1.11428,1.11426,1690000,4160000
2019-03-13 12:37:18.163000,1.11428,1.11426,1250000,3190000
2019-03-13 12:37:21.332000,1.11428,1.11426,1250000,3000000
2019-03-13 12:37:21.486000,1.11428,1.11426,1250000,3560000
2019-03-13 12:37:23.101000,1.11428,1.11426,1250000,2620000
2019-03-13 12:37:24.183000,1.11426,1.11425,7610000,2060000
2019-03-13 12:37:24.285000,1.11422,1.1142,1750000,4950000
2019-03-13 12:37:24.705000,1.11422,1.11419,2570000,1250000
2019-03-13 12:37:24.807000,1.11421,1.11419,1750000,1000000
2019-03-13 12:37:26.207000,1.11421,1.11419,1250000,1250000
2019-03-13 12:37:26.360000,1.11422,1.1142,1570000,1250000
2019-03-13 12:37:26.462000,1.11422,1.1142,2440000,1000000
2019-03-13 12:37:26.565000,1.11421,1.11419,1000000,2620000
2019-03-13 12:37:28.260000,1.11421,1.11419,1750000,1000000
2019-03-13 12:37:30.702000,1.11421,1.11419,2440000,1250000
2019-03-13 12:37:32.524000,1.1142,1.11418,1250000,2320000
2019-03-13 12:37:34.065000,1.11419,1.11417,1250000,2810000
2019-03-13 12:37:34.595000,1.11419,1.11416,1750000,2810000
2019-03-13 12:37:35.168000,1.11416,1.11415,1690000,1500000
2019-03-13 12:37:35.271000,1.11415,1.11414,1250000,2320000
2019-03-13 12:37:35.373000,1.11415,1.11412,2500000,4010000
2019-03-13 12:37:35.521000,1.11415,1.11413,1690000,1250000
2019-03-13 12:37:35.726000,1.11414,1.11412,1690000,2510000
2019-03-13 12:37:35.880000,1.11414,1.11411,3250000,3760000
2019-03-13 12:37:36.137000,1.11414,1.11411,4070000,2810000
2019-03-13 12:37:36.496000,1.11413,1.11411,2500000,1870000
2019-03-13 12:37:36.604000,1.11411,1.1141,1690000,1100000
2019-03-13 12:37:36.656000,1.11411,1.11409,1500000,1690000
2019-03-13 12:37:36.759000,1.11412,1.1141,1760000,1500000
2019-03-13 12:37:37.499000,1.11413,1.11411,1950000,1000000
2019-03-13 12:37:40.634000,1.11414,1.11411,4570000,1500000
2019-03-13 12:37:40.685000,1.11413,1.1141,3250000,1870000
2019-03-13 12:37:40.808000,1.11412,1.1141,1820000,1000000
2019-03-13 12:37:41.114000,1.11413,1.1141,4760000,1750000
2019-03-13 12:37:41.218000,1.11413,1.1141,4600000,1500000
2019-03-13 12:37:43.851000,1.11413,1.1141,2660000,1750000
2019-03-13 12:37:43.953000,1.11412,1.11409,1100000,3250000
2019-03-13 12:37:44.988000,1.11413,1.1141,3260000,2500000
2019-03-13 12:37:48.846000,1.11413,1.1141,3350000,1500000
2019-03-13 12:37:49.064000,1.11412,1.1141,1750000,1000000
2019-03-13 12:37:52.447000,1.11411,1.11409,2440000,1100000
2019-03-13 12:37:52.551000,1.1141,1.11409,1690000,1570000
2019-03-13 12:37:52.752000,1.11411,1.11409,1250000,2440000
2019-03-13 12:37:53.012000,1.11412,1.1141,2500000,1000000
2019-03-13 12:37:55.019000,1.11412,1.1141,1250000,1690000
2019-03-13 12:37:55.952000,1.11412,1.1141,1750000,1000000
2019-03-13 12:37:56.054000,1.11411,1.11409,1250000,3260000
2019-03-13 12:37:56.236000,1.11411,1.11409,2500000,1500000
2019-03-13 12:38:00.914000,1.11412,1.11409,3470000,1690000
2019-03-13 12:38:01.487000,1.11412,1.1141,2200000,1000000
2019-03-13 12:38:02.067000,1.11413,1.11411,2950000,1000000
2019-03-13 12:38:02.442000,1.11413,1.1141,3700000,2440000
2019-03-13 12:38:02.544000,1.11413,1.11411,2970000,1000000
2019-03-13 12:38:04.345000,1.11413,1.11411,2890000,1690000
2019-03-13 12:38:04.447000,1.11413,1.11411,2950000,1500000
2019-03-13 12:38:04.550000,1.11413,1.1141,3700000,1690000
2019-03-13 12:38:06.936000,1.11412,1.1141,1250000,1870000
2019-03-13 12:38:09.696000,1.11413,1.1141,2950000,1690000
2019-03-13 12:38:10.634000,1.11413,1.11411,2200000,1000000
2019-03-13 12:38:10.735000,1.11413,1.1141,2950000,2440000
2019-03-13 12:38:10.943000,1.11413,1.11411,2200000,1000000
2019-03-13 12:38:11.059000,1.11413,1.1141,2200000,1690000
2019-03-13 12:38:13.261000,1.11413,1.11411,2200000,1000000
2019-03-13 12:38:14.846000,1.11412,1.1141,1750000,1000000
2019-03-13 12:38:17.624000,1.11412,1.1141,1010000,1310000
2019-03-13 12:38:20.144000,1.11412,1.1141,1750000,2250000
2019-03-13 12:38:20.510000,1.11412,1.1141,1250000,2440000
2019-03-13 12:38:20.937000,1.11417,1.11416,1000000,2850000
2019-03-13 12:38:21.061000,1.11419,1.11418,1250000,1870000
2019-03-13 12:38:21.165000,1.1142,1.11418,1000000,12780000
2019-03-13 12:38:21.268000,1.11421,1.11419,1250000,6000000
2019-03-13 12:38:21.419000,1.11422,1.1142,1750000,1500000
2019-03-13 12:38:21.521000,1.11422,1.1142,1750000,1500000
2019-03-13 12:38:22.534000,1.11422,1.1142,1250000,2810000
2019-03-13 12:38:22.637000,1.11424,1.11422,4370000,1000000
2019-03-13 12:38:22.739000,1.11423,1.11422,1250000,1000000
2019-03-13 12:38:22.845000,1.11423,1.11421,1250000,1250000
2019-03-13 12:38:23.660000,1.1142,1.11419,1250000,6000000
2019-03-13 12:38:23.766000,1.1142,1.11419,2440000,3000000
2019-03-13 12:38:23.869000,1.1142,1.11418,2440000,1000000
2019-03-13 12:38:24.022000,1.11419,1.11417,1820000,1000000
2019-03-13 12:38:26.699000,1.11418,1.11416,1250000,2320000
2019-03-13 12:38:26.856000,1.11418,1.11416,1370000,1500000
2019-03-13 12:38:27.060000,1.11418,1.11416,1310000,1690000
2019-03-13 12:38:27.455000,1.11418,1.11416,1370000,2250000
2019-03-13 12:38:29.070000,1.11419,1.11416,4200000,2060000
2019-03-13 12:38:30.973000,1.11418,1.11416,2120000,2620000
2019-03-13 12:38:31.228000,1.11416,1.11415,1250000,1200000
2019-03-13 12:38:31.366000,1.11416,1.11414,1250000,4570000
2019-03-13 12:38:31.468000,1.11416,1.11414,1250000,2320000
2019-03-13 12:38:31.886000,1.11417,1.11415,2060000,1250000
2019-03-13 12:38:31.990000,1.11418,1.11416,1160000,3190000
2019-03-13 12:38:32.466000,1.11415,1.11413,1250000,1870000
2019-03-13 12:38:32.517000,1.11414,1.11412,1250000,11510000
2019-03-13 12:38:32.620000,1.11413,1.11412,1870000,2810000
2019-03-13 12:38:32.722000,1.11411,1.11409,1250000,9040000
2019-03-13 12:38:32.858000,1.1141,1.11409,1000000,1250000
2019-03-13 12:38:32.961000,1.1141,1.11408,3700000,2250000
2019-03-13 12:38:33.063000,1.1141,1.11408,3700000,1500000
2019-03-13 12:38:34.935000,1.11409,1.11407,1250000,3560000
2019-03-13 12:38:36.220000,1.11411,1.11409,2320000,3190000
2019-03-13 12:38:36.368000,1.11412,1.1141,1390000,1690000
2019-03-13 12:38:36.574000,1.11412,1.1141,1670000,1500000
2019-03-13 12:38:36.789000,1.11413,1.1141,3720000,1690000
2019-03-13 12:38:37.312000,1.11413,1.11411,2570000,1000000
2019-03-13 12:38:37.767000,1.11413,1.11411,1690000,2440000
2019-03-13 12:38:37.869000,1.11411,1.11409,1690000,2350000
2019-03-13 12:38:37.972000,1.11411,1.1141,3560000,1000000
2019-03-13 12:38:38.075000,1.11409,1.11408,1250000,1870000
2019-03-13 12:38:38.179000,1.11412,1.1141,2250000,2870000
2019-03-13 12:38:38.296000,1.11413,1.11411,2250000,2500000
2019-03-13 12:38:38.400000,1.11413,1.11411,1690000,3260000
2019-03-13 12:38:42,1.11413,1.11411,2500000,1120000
2019-03-13 12:38:42.153000,1.11413,1.11411,2440000,1310000
2019-03-13 12:38:53.888000,1.11413,1.11411,2500000,1000000
2019-03-13 12:38:54.340000,1.11413,1.11411,2440000,1250000
2019-03-13 12:38:57.069000,1.11413,1.11411,2500000,1000000
2019-03-13 12:38:57.171000,1.11413,1.1141,3640000,2350000
2019-03-13 12:39:02.433000,1.11412,1.1141,1820000,1300000
2019-03-13 12:39:02.587000,1.11412,1.1141,1390000,1690000
2019-03-13 12:39:02.744000,1.11413,1.11411,4220000,1000000
2019-03-13 12:39:03.605000,1.11413,1.11411,3640000,1250000
2019-03-13 12:39:09.502000,1.11414,1.11412,1600000,1500000
2019-03-13 12:39:09.605000,1.11414,1.11412,1250000,2510000
2019-03-13 12:39:11.373000,1.11415,1.11412,1690000,2570000
2019-03-13 12:39:11.476000,1.11416,1.11414,2200000,1000000
2019-03-13 12:39:11.705000,1.11415,1.11413,2500000,1120000
2019-03-13 12:39:12.351000,1.11415,1.11412,3700000,1690000
2019-03-13 12:39:12.572000,1.11415,1.11413,2950000,1000000
2019-03-13 12:39:12.675000,1.11415,1.11413,2140000,1250000
2019-03-13 12:39:12.779000,1.11415,1.11414,1100000,1690000
2019-03-13 12:39:12.882000,1.11417,1.11415,2700000,1250000
2019-03-13 12:39:15.637000,1.11418,1.11416,2060000,1690000
2019-03-13 12:39:18.168000,1.11418,1.11416,1750000,1500000
2019-03-13 12:39:19.342000,1.11418,1.11416,1690000,1690000
2019-03-13 12:39:19.444000,1.11418,1.11417,2140000,1000000
2019-03-13 12:39:19.596000,1.11418,1.11416,2140000,1690000
2019-03-13 12:39:21.624000,1.11418,1.11416,3450000,1500000
2019-03-13 12:39:21.930000,1.11418,1.11416,2140000,1690000
2019-03-13 12:39:22.033000,1.11417,1.11416,1000000,1250000
2019-03-13 12:39:22.274000,1.11417,1.11414,2060000,4200000
2019-03-13 12:39:22.434000,1.11417,1.11415,1310000,1250000
2019-03-13 12:39:22.644000,1.11417,1.11415,1100000,1750000
2019-03-13 12:39:22.696000,1.11419,1.11416,2890000,2500000
2019-03-13 12:39:23.887000,1.11419,1.11416,2500000,3260000
2019-03-13 12:39:25.107000,1.11418,1.11416,1350000,1500000
2019-03-13 12:39:25.212000,1.11417,1.11415,1250000,1500000
2019-03-13 12:39:25.418000,1.11418,1.11415,4100000,1690000
2019-03-13 12:39:28.242000,1.11417,1.11415,1350000,1500000
2019-03-13 12:39:31.273000,1.11418,1.11415,4470000,1690000
2019-03-13 12:39:35.164000,1.11417,1.11416,1310000,1000000
2019-03-13 12:39:36.334000,1.11418,1.11415,2560000,3260000
2019-03-13 12:39:37.533000,1.11418,1.11416,3390000,1000000
2019-03-13 12:39:38.818000,1.11418,1.11416,2890000,1250000
2019-03-13 12:40:00.150000,1.11418,1.11416,1370000,1500000
2019-03-13 12:40:01.775000,1.11418,1.11415,2640000,1000000
2019-03-13 12:40:02.398000,1.11418,1.11415,2640000,2200000
2019-03-13 12:40:02.524000,1.11418,1.11415,3450000,2140000
2019-03-13 12:40:03.189000,1.11418,1.11416,3820000,1000000
2019-03-13 12:40:04.633000,1.11418,1.11416,1690000,1310000
2019-03-13 12:40:06.295000,1.11418,1.11416,1250000,1500000
2019-03-13 12:40:06.680000,1.11419,1.11416,4000000,1690000
2019-03-13 12:40:09.034000,1.11418,1.11416,2500000,1120000
2019-03-13 12:40:11.958000,1.11417,1.11415,1750000,1000000
2019-03-13 12:40:13.788000,1.11415,1.11413,1250000,3070000
2019-03-13 12:40:14.008000,1.11414,1.11412,2440000,1250000
2019-03-13 12:40:14.212000,1.11414,1.11411,5260000,2870000
2019-03-13 12:40:14.467000,1.11411,1.11409,1250000,3670000
2019-03-13 12:40:14.572000,1.11411,1.11409,1750000,1120000
2019-03-13 12:40:14.725000,1.11411,1.11409,1250000,1250000
2019-03-13 12:40:14.828000,1.11411,1.1141,1250000,1000000
2019-03-13 12:40:14.981000,1.11411,1.11409,1250000,1250000
2019-03-13 12:40:18.733000,1.1141,1.11408,1000000,2890000
2019-03-13 12:40:18.886000,1.11409,1.11407,1250000,2250000
2019-03-13 12:40:19.081000,1.11409,1.11406,2500000,3260000
2019-03-13 12:40:19.387000,1.11409,1.11407,1820000,1000000
2019-03-13 12:40:20.836000,1.1141,1.11407,3700000,2060000
2019-03-13 12:40:20.938000,1.1141,1.11408,2950000,1000000
2019-03-13 12:40:21.157000,1.1141,1.11408,1250000,1250000
2019-03-13 12:40:21.311000,1.11411,1.11408,4470000,2310000
2019-03-13 12:40:21.464000,1.11411,1.11409,3190000,1250000
2019-03-13 12:40:21.720000,1.11411,1.11409,4000000,1000000
2019-03-13 12:40:21.887000,1.11411,1.11408,4750000,2060000
2019-03-13 12:40:23.336000,1.11411,1.11409,1570000,2870000
2019-03-13 12:40:23.439000,1.11412,1.1141,2510000,1310000
2019-03-13 12:40:23.541000,1.11412,1.1141,2320000,1370000
2019-03-13 12:40:28.057000,1.11413,1.1141,3070000,1310000
2019-03-13 12:40:28.263000,1.11412,1.1141,1450000,1000000
2019-03-13 12:40:28.422000,1.11413,1.1141,3760000,1250000
2019-03-13 12:40:28.524000,1.11413,1.1141,3010000,1000000
2019-03-13 12:40:29.625000,1.11412,1.1141,1370000,1000000
2019-03-13 12:40:31.356000,1.11413,1.1141,4570000,1690000
2019-03-13 12:40:31.458000,1.11412,1.1141,1370000,1720000
2019-03-13 12:40:32.385000,1.11413,1.1141,4510000,2500000
2019-03-13 12:40:34.931000,1.11413,1.11411,2510000,1690000
2019-03-13 12:40:39.569000,1.11413,1.11411,1120000,1750000
2019-03-13 12:40:39.673000,1.11413,1.11411,2060000,1690000
2019-03-13 12:40:40.877000,1.11412,1.1141,2290000,2100000
2019-03-13 12:40:40.981000,1.1141,1.11408,6820000,1000000
2019-03-13 12:40:41.032000,1.11409,1.11406,5570000,2810000
2019-03-13 12:40:41.299000,1.11409,1.11407,5500000,1000000
2019-03-13 12:40:41.859000,1.11409,1.11406,6250000,2890000
2019-03-13 12:40:42.854000,1.11409,1.11407,4750000,1000000
2019-03-13 12:40:43.896000,1.11409,1.11406,5500000,3260000
2019-03-13 12:40:56.094000,1.11408,1.11405,1120000,2740000
2019-03-13 12:41:07.412000,1.11407,1.11405,1690000,1160000
2019-03-13 12:41:07.463000,1.11405,1.11404,1120000,1010000
2019-03-13 12:41:07.566000,1.11404,1.11403,1310000,1500000
2019-03-13 12:41:07.670000,1.11404,1.11402,1250000,3790000
2019-03-13 12:41:07.773000,1.11405,1.11403,2810000,1250000
2019-03-13 12:41:07.978000,1.11405,1.11403,4000000,1000000
2019-03-13 12:41:08.185000,1.11404,1.11402,1250000,2100000
2019-03-13 12:41:08.389000,1.11405,1.11402,2870000,1310000
2019-03-13 12:41:08.600000,1.11404,1.11402,1250000,1120000
2019-03-13 12:41:08.962000,1.11404,1.11401,1250000,4390000
2019-03-13 12:41:10.509000,1.11401,1.114,1250000,3450000
2019-03-13 12:41:10.612000,1.11402,1.114,3700000,1000000
2019-03-13 12:41:10.765000,1.11402,1.11399,4450000,1250000
2019-03-13 12:41:11.640000,1.11401,1.11398,3190000,3070000
2019-03-13 12:41:12.105000,1.11401,1.11399,1010000,1000000
2019-03-13 12:41:14.756000,1.11401,1.11398,1690000,3450000
2019-03-13 12:41:16.088000,1.11401,1.11399,1250000,1000000
2019-03-13 12:41:17.676000,1.11402,1.114,2120000,1000000
2019-03-13 12:41:18.500000,1.11402,1.11399,3620000,2890000
2019-03-13 12:41:19.165000,1.11402,1.114,2870000,1000000
2019-03-13 12:41:23.524000,1.11402,1.11399,4450000,2440000
2019-03-13 12:41:23.625000,1.11402,1.114,3700000,1000000
2019-03-13 12:41:25.285000,1.11402,1.11399,4450000,2440000
2019-03-13 12:41:25.488000,1.11402,1.114,3700000,1000000
2019-03-13 12:41:27.131000,1.11402,1.11399,4450000,1500000
2019-03-13 12:41:27.283000,1.11402,1.11399,3640000,1690000
2019-03-13 12:41:29.543000,1.11402,1.11399,4450000,1500000
2019-03-13 12:41:29.713000,1.11402,1.11399,3640000,1690000
2019-03-13 12:41:29.815000,1.11402,1.11399,4450000,1500000
2019-03-13 12:41:33.377000,1.11401,1.11398,1250000,2510000
2019-03-13 12:41:35.738000,1.11402,1.11399,3260000,1250000
2019-03-13 12:41:36.709000,1.11401,1.11399,1250000,1000000
2019-03-13 12:41:36.823000,1.11402,1.11399,3640000,1690000
2019-03-13 12:41:36.925000,1.11402,1.11399,4450000,2250000
2019-03-13 12:41:37.079000,1.11402,1.11399,3450000,1500000
2019-03-13 12:41:37.182000,1.11402,1.114,2700000,1000000
2019-03-13 12:41:37.804000,1.11402,1.11399,3560000,1570000
2019-03-13 12:41:40.557000,1.11402,1.114,2510000,1000000
2019-03-13 12:41:40.952000,1.11402,1.11399,3260000,1690000
2019-03-13 12:41:41.054000,1.11402,1.114,2140000,1000000
2019-03-13 12:41:41.442000,1.11402,1.11399,2140000,1250000
2019-03-13 12:41:41.665000,1.11401,1.11399,1750000,1000000
2019-03-13 12:41:41.818000,1.11402,1.11399,3660000,1690000
2019-03-13 12:41:41.921000,1.11402,1.114,1200000,1000000
2019-03-13 12:41:42.332000,1.11403,1.11401,2620000,1000000
2019-03-13 12:41:44.179000,1.11402,1.114,2120000,2250000
2019-03-13 12:41:58.265000,1.11402,1.11399,3620000,2510000
2019-03-13 12:41:58.483000,1.11402,1.114,2870000,1000000
2019-03-13 12:41:58.846000,1.11402,1.11399,3620000,1760000
2019-03-13 12:41:59.484000,1.11402,1.114,2120000,1000000
2019-03-13 12:42:09.796000,1.11403,1.11401,1200000,2440000
2019-03-13 12:42:09.950000,1.11403,1.11401,2500000,1500000
2019-03-13 12:42:10.117000,1.11403,1.114,2570000,2440000
2019-03-13 12:42:15.063000,1.11402,1.114,1250000,2250000
2019-03-13 12:42:15.595000,1.11402,1.11401,1250000,1000000
2019-03-13 12:42:15.686000,1.11403,1.11401,1950000,2440000
2019-03-13 12:42:15.738000,1.11404,1.11402,1200000,4190000
2019-03-13 12:42:15.893000,1.11404,1.11403,1000000,2060000
2019-03-13 12:42:15.996000,1.11406,1.11403,3450000,2810000
2019-03-13 12:42:16.152000,1.11406,1.11403,1810000,3320000
2019-03-13 12:42:16.737000,1.11405,1.11403,1310000,3260000
2019-03-13 12:42:16.880000,1.11405,1.11404,1310000,1000000
2019-03-13 12:42:16.983000,1.11407,1.11404,4820000,1250000
2019-03-13 12:42:17.085000,1.11407,1.11404,3640000,1500000
2019-03-13 12:42:20.784000,1.11407,1.11405,2140000,1250000
2019-03-13 12:42:24.608000,1.11407,1.11405,1390000,1000000
2019-03-13 12:42:26.130000,1.11408,1.11405,6070000,1000000
2019-03-13 12:42:28.049000,1.11408,1.11407,2510000,1500000
2019-03-13 12:42:28.151000,1.11409,1.11407,1690000,3120000
2019-03-13 12:42:28.253000,1.11411,1.11408,4350000,1000000
2019-03-13 12:42:28.365000,1.11411,1.1141,1500000,12190000
2019-03-13 12:42:28.467000,1.11412,1.1141,1000000,12440000
2019-03-13 12:42:28.884000,1.11413,1.11411,2140000,1250000
2019-03-13 12:42:29.619000,1.11413,1.11411,2120000,1000000
2019-03-13 12:42:32.014000,1.11413,1.11412,1310000,1000000
2019-03-13 12:42:32.836000,1.11413,1.11412,1310000,1500000
2019-03-13 12:42:35.309000,1.11413,1.11411,1310000,3190000
2019-03-13 12:42:38.983000,1.11413,1.11412,1310000,1000000
2019-03-13 12:42:41.840000,1.11413,1.11411,1370000,2250000
2019-03-13 12:42:41.942000,1.11413,1.11412,1310000,1000000
2019-03-13 12:42:42.044000,1.11413,1.11411,1370000,2250000
2019-03-13 12:42:42.374000,1.11413,1.11411,1370000,2250000
2019-03-13 12:42:44.275000,1.11413,1.11411,1310000,2440000
2019-03-13 12:42:48.605000,1.11413,1.11411,1370000,2250000
2019-03-13 12:42:48.707000,1.11414,1.11411,4200000,2440000
2019-03-13 12:42:49.126000,1.11413,1.11411,1370000,2250000
2019-03-13 12:42:51.382000,1.11413,1.1141,1370000,2890000
2019-03-13 12:42:53.196000,1.11412,1.1141,1250000,1000000
2019-03-13 12:42:54.624000,1.11411,1.11409,2440000,1570000
2019-03-13 12:42:54.676000,1.1141,1.11408,3370000,3450000
2019-03-13 12:42:54.778000,1.11409,1.11408,1310000,1000000
2019-03-13 12:42:56.094000,1.11409,1.11407,1310000,1310000
2019-03-13 12:42:59.775000,1.11408,1.11406,1690000,1010000
2019-03-13 12:43:10.906000,1.1141,1.11408,4500000,1250000
2019-03-13 12:43:11.039000,1.1141,1.11409,1120000,1690000
2019-03-13 12:43:11.091000,1.11412,1.11409,3940000,1820000
2019-03-13 12:43:12.597000,1.11413,1.11411,3000000,1000000
2019-03-13 12:43:14.797000,1.11413,1.11411,1690000,1690000
2019-03-13 12:43:21.279000,1.11413,1.11411,2500000,1200000
2019-03-13 12:43:21.483000,1.11413,1.11411,1690000,1390000
2019-03-13 12:43:21.585000,1.11413,1.11411,1250000,1200000
2019-03-13 12:43:23.735000,1.11414,1.11411,4870000,1250000
2019-03-13 12:43:25.759000,1.11414,1.11411,4690000,1820000
2019-03-13 12:43:27.392000,1.11413,1.11411,1000000,2200000
2019-03-13 12:43:27.493000,1.11414,1.11412,3940000,1250000
2019-03-13 12:43:27.597000,1.11417,1.11416,2060000,2250000
2019-03-13 12:43:27.887000,1.11419,1.11417,1690000,3340000
2019-03-13 12:43:31.908000,1.1142,1.11418,1370000,1000000
2019-03-13 12:43:32.061000,1.1142,1.11418,1310000,1390000
2019-03-13 12:43:32.154000,1.11421,1.1142,2620000,3190000
2019-03-13 12:43:32.207000,1.11423,1.11421,3000000,6250000
2019-03-13 12:43:32.619000,1.11424,1.11421,1870000,4900000
2019-03-13 12:43:34.002000,1.11425,1.11423,2440000,1250000
2019-03-13 12:43:35.755000,1.11424,1.11423,1000000,1250000
2019-03-13 12:43:39.953000,1.11425,1.11423,2060000,1010000
2019-03-13 12:43:41.553000,1.11425,1.11423,1000000,2570000
2019-03-13 12:43:41.758000,1.11426,1.11425,1120000,1690000
2019-03-13 12:43:41.860000,1.11428,1.11425,3310000,2510000
2019-03-13 12:43:41.985000,1.11428,1.11425,2060000,3700000
2019-03-13 12:43:45.477000,1.1143,1.11428,3260000,1250000
2019-03-13 12:43:45.579000,1.1143,1.11428,2940000,1250000
2019-03-13 12:43:46.913000,1.1143,1.11427,3620000,2140000
2019-03-13 12:43:47.862000,1.11429,1.11426,3250000,3260000
2019-03-13 12:43:48.724000,1.11427,1.11426,1000000,1500000
2019-03-13 12:43:48.979000,1.11428,1.11426,3190000,1250000
2019-03-13 12:43:50.247000,1.11428,1.11426,2250000,1750000
2019-03-13 12:43:53.752000,1.11429,1.11426,4690000,2200000
2019-03-13 12:43:55.498000,1.11429,1.11427,1120000,1250000
2019-03-13 12:43:55.601000,1.1143,1.11427,1690000,3350000
2019-03-13 12:43:55.703000,1.1143,1.11428,1000000,1690000
2019-03-13 12:43:55.755000,1.11429,1.11427,1250000,2510000
2019-03-13 12:43:55.878000,1.11429,1.11426,2500000,4540000
2019-03-13 12:43:55.980000,1.11428,1.11426,1250000,4390000
2019-03-13 12:43:56.083000,1.11429,1.11426,2440000,4450000
2019-03-13 12:43:56.449000,1.1143,1.11428,2440000,1690000
2019-03-13 12:43:57.823000,1.11431,1.11429,1250000,1000000
2019-03-13 12:43:57.874000,1.11432,1.11429,3640000,1750000
2019-03-13 12:43:57.976000,1.11431,1.1143,1000000,1690000
2019-03-13 12:43:58.079000,1.11432,1.1143,1120000,3320000
2019-03-13 12:43:58.339000,1.11433,1.11431,1120000,1750000
2019-03-13 12:43:58.390000,1.11434,1.11432,2140000,1250000
2019-03-13 12:44:00.512000,1.11438,1.11437,2250000,1250000
2019-03-13 12:44:00.614000,1.1144,1.11439,2810000,1000000
2019-03-13 12:44:00.717000,1.11441,1.1144,2700000,9940000
2019-03-13 12:44:00.819000,1.11442,1.11441,1000000,9560000
2019-03-13 12:44:00.924000,1.11444,1.11442,1310000,1760000
2019-03-13 12:44:01.027000,1.11444,1.11442,2120000,1000000
2019-03-13 12:44:01.538000,1.11442,1.1144,2440000,7950000
2019-03-13 12:44:01.862000,1.11443,1.11441,1250000,1500000
2019-03-13 12:44:02.120000,1.11444,1.11442,1500000,1100000
2019-03-13 12:44:02.331000,1.11444,1.11442,2120000,1200000
2019-03-13 12:44:03.089000,1.11445,1.11443,1120000,1350000
2019-03-13 12:44:03.191000,1.11447,1.11445,1000000,5140000
2019-03-13 12:44:03.604000,1.1145,1.11448,3250000,1000000
2019-03-13 12:44:03.808000,1.11449,1.11447,1250000,2060000
2019-03-13 12:44:03.961000,1.11451,1.11449,5250000,1200000
2019-03-13 12:44:04.166000,1.11451,1.11449,2120000,1000000
2019-03-13 12:44:04.321000,1.11451,1.11449,4310000,1000000
2019-03-13 12:44:04.998000,1.11452,1.1145,4760000,2440000
2019-03-13 12:44:05.101000,1.11452,1.11451,1250000,9000000
2019-03-13 12:44:05.203000,1.11453,1.11452,1310000,1000000
2019-03-13 12:44:05.312000,1.11458,1.11457,3260000,1000000
2019-03-13 12:44:05.417000,1.1146,1.11458,1000000,3190000
2019-03-13 12:44:05.520000,1.1146,1.11457,2620000,5160000
2019-03-13 12:44:05.646000,1.11458,1.11457,1120000,2810000
2019-03-13 12:44:06.978000,1.11459,1.11456,2060000,2570000
2019-03-13 12:44:07.374000,1.11461,1.11459,1570000,4600000
2019-03-13 12:44:07.426000,1.11462,1.11461,1250000,1000000
2019-03-13 12:44:07.530000,1.11463,1.11461,1250000,1250000
2019-03-13 12:44:08.822000,1.11463,1.1146,1690000,1950000
2019-03-13 12:44:09.020000,1.11463,1.11461,1690000,1250000
2019-03-13 12:44:09.521000,1.11464,1.11463,1000000,1120000
2019-03-13 12:44:09.572000,1.11466,1.11463,2810000,4200000
2019-03-13 12:44:09.624000,1.11465,1.11463,1250000,4200000
2019-03-13 12:44:09.675000,1.11466,1.11464,1250000,2060000
2019-03-13 12:44:09.829000,1.11465,1.11464,1250000,1120000
2019-03-13 12:44:10.015000,1.11466,1.11465,1250000,1000000
2019-03-13 12:44:10.117000,1.11466,1.11464,1750000,1000000
2019-03-13 12:44:10.270000,1.11463,1.11462,1690000,1120000
2019-03-13 12:44:10.436000,1.11463,1.1146,1250000,2700000
2019-03-13 12:44:10.488000,1.11461,1.11459,11620000,3100000
2019-03-13 12:44:10.592000,1.1146,1.11458,1250000,2320000
2019-03-13 12:44:11.162000,1.1146,1.11459,1250000,1000000
2019-03-13 12:44:11.266000,1.11464,1.11462,1870000,2370000
2019-03-13 12:44:11.318000,1.11465,1.11463,3260000,1120000
2019-03-13 12:44:11.667000,1.11465,1.11462,2440000,1950000
2019-03-13 12:44:11.719000,1.11464,1.11462,1250000,1870000
2019-03-13 12:44:12.376000,1.11463,1.11461,1250000,1200000
2019-03-13 12:44:13.361000,1.11464,1.11461,2500000,1010000
2019-03-13 12:44:14.316000,1.11464,1.11461,2440000,1350000
2019-03-13 12:44:14.419000,1.11464,1.11461,2500000,1010000
2019-03-13 12:44:14.790000,1.11463,1.11461,1250000,1570000
2019-03-13 12:44:14.892000,1.11464,1.11461,1750000,1100000
2019-03-13 12:44:15.015000,1.11461,1.11459,2140000,3500000
2019-03-13 12:44:15.118000,1.11459,1.11457,1250000,3370000
2019-03-13 12:44:15.322000,1.11459,1.11457,1250000,2750000
2019-03-13 12:44:15.424000,1.1146,1.11458,2870000,1120000
2019-03-13 12:44:15.535000,1.11461,1.1146,1950000,20139999
2019-03-13 12:44:15.588000,1.11464,1.11461,3640000,16500000
2019-03-13 12:44:15.692000,1.11463,1.11461,1000000,2700000
2019-03-13 12:44:16.745000,1.11464,1.11461,2440000,1570000
2019-03-13 12:44:16.898000,1.11464,1.11462,1250000,1000000
2019-03-13 12:44:17.102000,1.11464,1.11461,1690000,3070000
2019-03-13 12:44:17.255000,1.11464,1.11462,1250000,1000000
2019-03-13 12:44:17.369000,1.11464,1.11461,1690000,1570000
2019-03-13 12:44:17.945000,1.11463,1.11461,1000000,1500000
2019-03-13 12:44:18.353000,1.11464,1.11461,2890000,1500000
2019-03-13 12:44:19.296000,1.11463,1.1146,1570000,1690000
2019-03-13 12:44:19.848000,1.11463,1.1146,3320000,1690000
2019-03-13 12:44:19.951000,1.11463,1.11461,2440000,1250000
2019-03-13 12:44:21.159000,1.11462,1.1146,1000000,2120000
2019-03-13 12:44:21.416000,1.11462,1.11459,1690000,4220000
2019-03-13 12:44:21.519000,1.11461,1.11459,1000000,1500000
2019-03-13 12:44:21.621000,1.11461,1.1146,1000000,1000000
2019-03-13 12:44:21.749000,1.11463,1.1146,1310000,1350000
2019-03-13 12:44:23.605000,1.11462,1.1146,1000000,4940000
2019-03-13 12:44:24.168000,1.11462,1.1146,2500000,1120000
2019-03-13 12:44:24.220000,1.11458,1.11457,1690000,1120000
2019-03-13 12:44:24.322000,1.11457,1.11456,1250000,1570000
2019-03-13 12:44:24.425000,1.11456,1.11454,1750000,1200000
2019-03-13 12:44:24.566000,1.11456,1.11454,3320000,1000000
2019-03-13 12:44:24.671000,1.11456,1.11454,1250000,1690000
2019-03-13 12:44:25.092000,1.11456,1.11454,2500000,1000000
2019-03-13 12:44:26.410000,1.11458,1.11456,3260000,1000000
2019-03-13 12:44:26.563000,1.11459,1.11457,4370000,1120000
2019-03-13 12:44:28.058000,1.11458,1.11456,1250000,1250000
2019-03-13 12:44:28.263000,1.11457,1.11455,1250000,1870000
2019-03-13 12:44:28.366000,1.11457,1.11455,1750000,1000000
2019-03-13 12:44:28.519000,1.11456,1.11454,1250000,1010000
2019-03-13 12:44:28.642000,1.11453,1.11451,1250000,4010000
2019-03-13 12:44:29.242000,1.11454,1.11452,2440000,1000000
2019-03-13 12:44:29.344000,1.11455,1.11453,2570000,1000000
2019-03-13 12:44:29.446000,1.11455,1.11452,2570000,1310000
2019-03-13 12:44:29.600000,1.11455,1.11453,1000000,1500000
2019-03-13 12:44:29.893000,1.11455,1.11452,1750000,2590000
2019-03-13 12:44:29.997000,1.11455,1.11453,1750000,1000000
2019-03-13 12:44:30.360000,1.11455,1.11453,1250000,1250000
2019-03-13 12:44:30.512000,1.11455,1.11453,1750000,1500000
2019-03-13 12:44:30.614000,1.11455,1.11453,1250000,1690000
2019-03-13 12:44:30.716000,1.11456,1.11453,3640000,1500000
2019-03-13 12:44:31.119000,1.11456,1.11454,1760000,1000000
2019-03-13 12:44:31.221000,1.11456,1.11453,1690000,1500000
2019-03-13 12:44:31.374000,1.11455,1.11453,1250000,1000000
2019-03-13 12:44:31.628000,1.11455,1.11452,1750000,2140000
2019-03-13 12:44:33.400000,1.11455,1.11454,1690000,1000000
2019-03-13 12:44:33.503000,1.11456,1.11453,2500000,1690000
2019-03-13 12:44:33.607000,1.11456,1.11454,1750000,1000000
2019-03-13 12:44:33.760000,1.11456,1.11453,2500000,3560000
2019-03-13 12:44:34.602000,1.11458,1.11455,5140000,1750000
2019-03-13 12:44:34.806000,1.11458,1.11456,1690000,3010000
2019-03-13 12:44:36.080000,1.11459,1.11458,1250000,1000000
2019-03-13 12:44:36.183000,1.11461,1.11458,3320000,1810000
2019-03-13 12:44:36.286000,1.1146,1.11459,2620000,1000000
2019-03-13 12:44:36.337000,1.1146,1.11458,3620000,1000000
2019-03-13 12:44:36.549000,1.11459,1.11457,1250000,4200000
2019-03-13 12:44:36.651000,1.11459,1.11457,1250000,3820000
2019-03-13 12:44:37.289000,1.11462,1.11459,4950000,2620000
2019-03-13 12:44:37.391000,1.11462,1.1146,1200000,2870000
2019-03-13 12:44:37.493000,1.11462,1.1146,1000000,2060000
2019-03-13 12:44:39.740000,1.1146,1.11458,1690000,2190000
2019-03-13 12:44:39.842000,1.1146,1.11458,1750000,1120000
2019-03-13 12:44:39.944000,1.1146,1.11458,1000000,2120000
2019-03-13 12:44:40.310000,1.11462,1.1146,1200000,1250000
2019-03-13 12:44:40.413000,1.11463,1.1146,4390000,1250000
2019-03-13 12:44:40.515000,1.11462,1.1146,1000000,1750000
2019-03-13 12:44:40.831000,1.11462,1.1146,1690000,1690000
2019-03-13 12:44:41.294000,1.11462,1.1146,1000000,2500000
2019-03-13 12:44:44.529000,1.11463,1.11461,1250000,2140000
2019-03-13 12:44:45.590000,1.11465,1.11462,5200000,1000000
2019-03-13 12:44:47.475000,1.11464,1.11463,1250000,1000000
2019-03-13 12:44:47.714000,1.11464,1.11462,1750000,1000000
2019-03-13 12:44:51.229000,1.11463,1.1146,1370000,2560000
2019-03-13 12:44:51.382000,1.11461,1.11459,4750000,2700000
2019-03-13 12:44:51.484000,1.11459,1.11458,1390000,1120000
2019-03-13 12:44:51.619000,1.11459,1.11457,1010000,2810000
2019-03-13 12:44:53.063000,1.11458,1.11457,1250000,1000000
2019-03-13 12:44:53.166000,1.11458,1.11456,1500000,3000000
2019-03-13 12:44:53.845000,1.11458,1.11456,3250000,1000000
2019-03-13 12:44:53.948000,1.11458,1.11456,3190000,1250000
2019-03-13 12:44:54.051000,1.11457,1.11456,1000000,1250000
2019-03-13 12:44:54.327000,1.11458,1.11456,2440000,1250000
2019-03-13 12:44:55.104000,1.11458,1.11456,1750000,1000000
2019-03-13 12:44:55.206000,1.11458,1.11456,1250000,1250000
2019-03-13 12:44:55.311000,1.11458,1.11456,1750000,1000000
2019-03-13 12:44:55.667000,1.11458,1.11456,2440000,1250000
2019-03-13 12:44:56.232000,1.11457,1.11455,1000000,4450000
2019-03-13 12:44:56.334000,1.11458,1.11455,3190000,5200000
2019-03-13 12:45:00.263000,1.11459,1.11456,3620000,2910000
