time,ask,bid,ask_volume,bid_volume
2020-04-07 13:55:00.157000,1.09033,1.09029,1100000,2000000
2020-04-07 13:55:01.118000,1.09035,1.09031,1600000,2500000
2020-04-07 13:55:01.170000,1.09039,1.09037,1390000,1000000
2020-04-07 13:55:01.273000,1.0904,1.09039,1250000,1120000
2020-04-07 13:55:01.323000,1.09043,1.0904,1200000,2370000
2020-04-07 13:55:01.629000,1.09044,1.0904,2510000,1500000
2020-04-07 13:55:01.730000,1.09044,1.0904,2510000,1120000
2020-04-07 13:55:01.781000,1.09044,1.09043,1250000,1000000
2020-04-07 13:55:01.883000,1.09045,1.0904,2660000,2630000
2020-04-07 13:55:01.984000,1.09043,1.0904,1000000,1000000
2020-04-07 13:55:02.163000,1.09044,1.0904,1950000,1250000
2020-04-07 13:55:02.264000,1.09044,1.09041,1310000,1600000
2020-04-07 13:55:02.365000,1.09044,1.0904,1120000,1790000
2020-04-07 13:55:02.466000,1.09044,1.0904,1760000,1120000
2020-04-07 13:55:02.807000,1.09044,1.0904,1310000,3070000
2020-04-07 13:55:03.690000,1.09044,1.0904,1900000,1120000
2020-04-07 13:55:03.792000,1.09043,1.0904,1890000,1000000
2020-04-07 13:55:03.893000,1.09043,1.09039,1960000,1120000
2020-04-07 13:55:05.643000,1.09042,1.09038,1350000,2620000
2020-04-07 13:55:05.763000,1.09042,1.09038,1100000,2870000
2020-04-07 13:55:05.864000,1.09043,1.09038,2340000,2890000
2020-04-07 13:55:05.965000,1.09043,1.09038,1750000,3390000
2020-04-07 13:55:06.066000,1.09043,1.0904,1120000,1120000
2020-04-07 13:55:06.168000,1.09044,1.0904,1750000,1370000
2020-04-07 13:55:06.270000,1.09046,1.09042,3410000,1100000
2020-04-07 13:55:06.371000,1.09045,1.09041,2870000,1810000
2020-04-07 13:55:07.203000,1.09047,1.09044,1760000,1200000
2020-04-07 13:55:07.305000,1.0905,1.09045,1010000,2070000
2020-04-07 13:55:07.660000,1.09048,1.09044,1000000,1700000
2020-04-07 13:55:07.710000,1.09047,1.09043,1000000,2560000
2020-04-07 13:55:07.812000,1.09047,1.09043,1570000,2060000
2020-04-07 13:55:08.066000,1.09047,1.09042,2710000,2700000
2020-04-07 13:55:08.825000,1.09047,1.09042,2590000,2940000
2020-04-07 13:55:08.926000,1.09047,1.09042,2740000,2940000
2020-04-07 13:55:09.038000,1.09045,1.09042,2200000,1120000
2020-04-07 13:55:09.089000,1.09041,1.09039,1120000,1600000
2020-04-07 13:55:09.140000,1.0904,1.09037,1120000,1250000
2020-04-07 13:55:09.191000,1.09039,1.09034,1000000,1750000
2020-04-07 13:55:09.292000,1.09039,1.09034,1100000,1500000
2020-04-07 13:55:10.910000,1.09038,1.09034,1200000,1310000
2020-04-07 13:55:11.112000,1.09039,1.09036,1100000,1000000
2020-04-07 13:55:11.163000,1.09041,1.09036,1820000,1120000
2020-04-07 13:55:11.271000,1.09041,1.09036,1760000,1310000
2020-04-07 13:55:11.473000,1.09041,1.09036,1570000,1370000
2020-04-07 13:55:11.574000,1.09041,1.09036,1760000,1310000
2020-04-07 13:55:11.777000,1.09041,1.09035,2560000,1370000
2020-04-07 13:55:12.590000,1.09041,1.09037,2700000,1000000
2020-04-07 13:55:12.641000,1.09041,1.09037,1870000,1310000
2020-04-07 13:55:12.692000,1.09041,1.09037,2870000,1120000
2020-04-07 13:55:12.743000,1.09041,1.09037,1870000,1120000
2020-04-07 13:55:12.845000,1.09041,1.09037,2470000,1120000
2020-04-07 13:55:13.617000,1.09041,1.09037,2510000,1000000
2020-04-07 13:55:13.770000,1.09041,1.09037,2720000,1000000
2020-04-07 13:55:20.718000,1.09042,1.09038,1770000,1120000
2020-04-07 13:55:21.022000,1.09041,1.09037,1100000,2060000
2020-04-07 13:55:21.357000,1.0904,1.09037,1760000,1000000
2020-04-07 13:55:23.324000,1.0904,1.09037,1100000,1000000
2020-04-07 13:55:23.425000,1.0904,1.09037,1100000,1000000
2020-04-07 13:55:24.759000,1.0904,1.09037,1890000,1000000
2020-04-07 13:55:24.861000,1.0904,1.09037,1100000,1250000
2020-04-07 13:55:26.189000,1.09041,1.09037,2800000,1000000
2020-04-07 13:55:26.340000,1.09041,1.09037,1800000,1000000
2020-04-07 13:55:26.892000,1.09041,1.09037,1100000,1500000
2020-04-07 13:55:26.994000,1.0904,1.09037,1100000,1690000
2020-04-07 13:55:27.356000,1.09042,1.09037,2740000,1690000
2020-04-07 13:55:27.457000,1.09042,1.09037,2570000,2820000
2020-04-07 13:55:27.558000,1.09042,1.09038,1870000,1310000
2020-04-07 13:55:27.761000,1.09042,1.09038,2550000,1120000
2020-04-07 13:55:28.518000,1.09041,1.09038,1350000,1000000
2020-04-07 13:55:28.720000,1.09041,1.09037,1350000,1870000
2020-04-07 13:55:28.872000,1.09041,1.09037,1010000,1870000
2020-04-07 13:55:29.276000,1.09042,1.09037,1950000,2140000
2020-04-07 13:55:29.381000,1.09042,1.09037,2290000,2060000
2020-04-07 13:55:29.482000,1.09042,1.09037,2100000,2120000
2020-04-07 13:55:31.419000,1.09041,1.09037,1100000,1500000
2020-04-07 13:55:31.722000,1.09041,1.09037,1100000,1000000
2020-04-07 13:55:32.143000,1.09041,1.09037,1100000,1500000
2020-04-07 13:55:35.073000,1.09041,1.09038,1720000,1000000
2020-04-07 13:55:35.633000,1.09041,1.09038,1100000,1000000
2020-04-07 13:55:37.520000,1.09042,1.09039,1000000,4450000
2020-04-07 13:55:37.571000,1.09044,1.09041,1120000,2140000
2020-04-07 13:55:37.673000,1.09046,1.09042,1620000,1200000
2020-04-07 13:55:37.774000,1.09046,1.09044,1000000,1000000
2020-04-07 13:55:37.875000,1.09047,1.09044,1500000,1500000
2020-04-07 13:55:37.976000,1.09048,1.09045,1120000,1120000
2020-04-07 13:55:39.217000,1.09049,1.09045,4590000,1000000
2020-04-07 13:55:39.962000,1.09046,1.09043,1000000,1700000
2020-04-07 13:55:40.114000,1.09044,1.09041,1000000,2040000
2020-04-07 13:55:40.222000,1.09044,1.09041,1120000,1310000
2020-04-07 13:55:40.323000,1.09043,1.0904,1000000,3070000
2020-04-07 13:55:40.425000,1.0904,1.09039,1000000,1000000
2020-04-07 13:55:40.476000,1.0904,1.09036,2000000,2510000
2020-04-07 13:55:40.577000,1.0904,1.09037,1500000,1250000
2020-04-07 13:55:40.729000,1.0904,1.09036,2000000,1570000
2020-04-07 13:55:40.830000,1.0904,1.09036,1870000,1700000
2020-04-07 13:55:42.097000,1.0904,1.09037,1000000,1620000
2020-04-07 13:55:43.263000,1.09041,1.09037,1120000,2820000
2020-04-07 13:55:43.516000,1.09042,1.09038,1870000,2850000
2020-04-07 13:55:44.484000,1.09042,1.09038,2000000,1120000
2020-04-07 13:55:46.185000,1.09043,1.09039,2190000,3820000
2020-04-07 13:55:46.290000,1.09045,1.09041,4200000,1100000
2020-04-07 13:55:46.392000,1.09046,1.09042,1750000,3370000
2020-04-07 13:55:46.543000,1.09046,1.09043,1000000,1010000
2020-04-07 13:55:46.645000,1.09046,1.09043,1000000,2820000
2020-04-07 13:55:46.796000,1.09047,1.09043,2440000,2820000
2020-04-07 13:55:47.555000,1.09047,1.09042,2140000,3310000
2020-04-07 13:55:47.890000,1.09046,1.09042,1250000,1620000
2020-04-07 13:55:48.143000,1.09046,1.09044,1000000,1000000
2020-04-07 13:55:48.245000,1.09047,1.09043,2060000,2820000
2020-04-07 13:55:49.222000,1.09048,1.09045,1120000,1100000
2020-04-07 13:55:50.222000,1.09048,1.09044,1750000,1700000
2020-04-07 13:55:51.208000,1.09048,1.09045,1310000,1100000
2020-04-07 13:55:52.237000,1.09048,1.09044,1750000,1700000
2020-04-07 13:55:53.974000,1.09047,1.09043,1870000,1950000
2020-04-07 13:55:54.075000,1.09045,1.09042,1690000,1010000
2020-04-07 13:55:54.177000,1.09044,1.0904,1310000,5320000
2020-04-07 13:55:54.278000,1.09043,1.09039,2320000,1310000
2020-04-07 13:55:54.379000,1.09042,1.09038,1120000,2570000
2020-04-07 13:55:54.481000,1.09042,1.09038,1120000,2510000
2020-04-07 13:55:54.734000,1.09041,1.09037,1750000,2320000
2020-04-07 13:55:55.048000,1.09041,1.09037,1120000,3200000
2020-04-07 13:55:56.261000,1.0904,1.09036,1100000,2560000
2020-04-07 13:55:56.751000,1.09041,1.09037,1310000,3570000
2020-04-07 13:55:57.514000,1.09041,1.09038,1970000,1120000
2020-04-07 13:55:57.615000,1.0904,1.09036,3320000,1250000
2020-04-07 13:55:57.932000,1.09039,1.09036,1950000,1000000
2020-04-07 13:55:59.765000,1.0904,1.09036,2770000,1310000
2020-04-07 13:55:59.917000,1.09039,1.09036,1350000,1250000
2020-04-07 13:56:00.270000,1.0904,1.09036,2700000,1310000
2020-04-07 13:56:00.321000,1.09042,1.09039,2850000,4450000
2020-04-07 13:56:00.372000,1.09043,1.09042,3000000,1120000
2020-04-07 13:56:00.423000,1.09045,1.09042,1500000,1970000
2020-04-07 13:56:00.524000,1.09047,1.09044,1390000,1000000
2020-04-07 13:56:00.979000,1.09047,1.09043,1570000,1350000
2020-04-07 13:56:01.694000,1.09047,1.09043,1820000,1700000
2020-04-07 13:56:01.947000,1.09047,1.09043,1570000,1450000
2020-04-07 13:56:02.099000,1.09047,1.09043,2070000,1450000
2020-04-07 13:56:02.351000,1.09045,1.09042,1310000,1720000
2020-04-07 13:56:02.453000,1.09045,1.09041,2190000,2770000
2020-04-07 13:56:02.811000,1.09045,1.09042,1120000,1120000
2020-04-07 13:56:02.913000,1.09045,1.09041,2700000,1390000
2020-04-07 13:56:03.842000,1.09044,1.09041,1510000,1010000
2020-04-07 13:56:04.508000,1.09042,1.0904,1100000,1200000
2020-04-07 13:56:04.609000,1.09042,1.09039,1100000,1390000
2020-04-07 13:56:05.608000,1.09042,1.09039,1570000,1120000
2020-04-07 13:56:06.596000,1.09042,1.09039,1100000,1000000
2020-04-07 13:56:07.598000,1.09041,1.09038,1100000,1790000
2020-04-07 13:56:07.699000,1.09041,1.09038,1700000,1120000
2020-04-07 13:56:08.473000,1.09041,1.09038,2260000,1000000
2020-04-07 13:56:11.019000,1.09039,1.09036,1120000,1720000
2020-04-07 13:56:11.070000,1.09036,1.09035,1000000,1000000
2020-04-07 13:56:11.121000,1.09036,1.09032,2640000,2100000
2020-04-07 13:56:11.172000,1.09035,1.09032,1620000,1690000
2020-04-07 13:56:11.426000,1.09035,1.09031,1620000,2020000
2020-04-07 13:56:12.188000,1.09031,1.09028,1870000,1100000
2020-04-07 13:56:12.289000,1.09031,1.09027,1500000,1760000
2020-04-07 13:56:12.833000,1.0903,1.09026,3200000,1840000
2020-04-07 13:56:17.784000,1.0903,1.09026,2070000,3970000
2020-04-07 13:56:18.239000,1.0903,1.09026,1700000,3710000
2020-04-07 13:56:18.744000,1.09029,1.09026,1100000,2870000
2020-04-07 13:56:18.845000,1.09029,1.09026,1100000,2620000
2020-04-07 13:56:19.470000,1.09032,1.09027,2320000,3220000
2020-04-07 13:56:19.571000,1.09032,1.09028,1350000,2050000
2020-04-07 13:56:19.723000,1.09032,1.09028,1350000,1100000
2020-04-07 13:56:20.692000,1.09032,1.09028,1100000,2020000
2020-04-07 13:56:20.906000,1.09032,1.09028,1100000,2050000
2020-04-07 13:56:21.209000,1.09032,1.09028,1100000,2020000
2020-04-07 13:56:21.461000,1.09032,1.09028,1720000,1010000
2020-04-07 13:56:23.028000,1.09032,1.09028,1570000,2210000
2020-04-07 13:56:23.180000,1.09032,1.09029,1570000,1000000
2020-04-07 13:56:23.285000,1.09034,1.0903,1310000,2700000
2020-04-07 13:56:23.487000,1.09033,1.09029,1950000,1950000
2020-04-07 13:56:23.930000,1.09032,1.09028,1100000,1390000
2020-04-07 13:56:24.032000,1.09031,1.09028,2450000,1000000
2020-04-07 13:56:24.183000,1.09031,1.09028,3450000,1000000
2020-04-07 13:56:24.284000,1.09031,1.09028,2640000,1000000
2020-04-07 13:56:24.968000,1.09031,1.09027,3450000,1120000
2020-04-07 13:56:25.943000,1.09031,1.09027,2510000,1570000
2020-04-07 13:56:26.480000,1.0903,1.09027,1100000,1100000
2020-04-07 13:56:27.058000,1.09031,1.09028,1950000,1000000
2020-04-07 13:56:27.513000,1.09031,1.09028,1570000,1250000
2020-04-07 13:56:27.614000,1.09031,1.09027,1720000,2570000
2020-04-07 13:56:27.773000,1.09031,1.09027,1720000,2510000
2020-04-07 13:56:28.247000,1.09031,1.09027,1760000,2320000
2020-04-07 13:56:28.348000,1.09032,1.0903,1100000,1250000
2020-04-07 13:56:28.399000,1.09034,1.0903,1120000,1090000
2020-04-07 13:56:28.500000,1.09035,1.09031,3010000,1100000
2020-04-07 13:56:28.602000,1.09035,1.09031,1120000,3490000
2020-04-07 13:56:29.574000,1.09035,1.09032,1120000,1100000
2020-04-07 13:56:30.043000,1.09035,1.09032,1120000,1100000
2020-04-07 13:56:30.714000,1.09036,1.09034,1310000,1000000
2020-04-07 13:56:30.967000,1.09039,1.09034,4600000,1870000
2020-04-07 13:56:31.169000,1.09038,1.09034,1600000,3290000
2020-04-07 13:56:31.270000,1.09038,1.09034,1600000,2890000
2020-04-07 13:56:31.372000,1.09038,1.09034,1750000,3700000
2020-04-07 13:56:32.073000,1.09038,1.09035,1120000,1570000
2020-04-07 13:56:32.174000,1.09039,1.09035,1390000,2900000
2020-04-07 13:56:33.033000,1.09041,1.09036,1870000,1120000
2020-04-07 13:56:33.135000,1.09042,1.09037,1870000,1870000
2020-04-07 13:56:33.236000,1.09042,1.09038,1810000,1100000
2020-04-07 13:56:33.539000,1.09042,1.09037,1620000,1760000
2020-04-07 13:56:33.691000,1.09041,1.09037,1120000,2540000
2020-04-07 13:56:33.842000,1.09041,1.09037,1120000,2140000
2020-04-07 13:56:33.944000,1.09041,1.09037,1120000,2540000
2020-04-07 13:56:34.247000,1.09043,1.09038,2640000,1120000
2020-04-07 13:56:34.352000,1.09043,1.09038,3200000,1370000
2020-04-07 13:56:34.705000,1.09043,1.09038,3200000,2140000
2020-04-07 13:56:35.857000,1.09042,1.09038,1120000,3100000
2020-04-07 13:56:37.276000,1.09044,1.09039,4320000,1950000
2020-04-07 13:56:37.377000,1.09041,1.09037,1500000,3490000
2020-04-07 13:56:37.428000,1.09039,1.09035,1500000,2350000
2020-04-07 13:56:37.630000,1.09039,1.09035,1750000,1200000
2020-04-07 13:56:37.681000,1.0904,1.09038,1100000,1500000
2020-04-07 13:56:37.782000,1.09042,1.09039,1100000,1000000
2020-04-07 13:56:39.729000,1.09043,1.09039,2510000,1000000
2020-04-07 13:56:41.030000,1.09043,1.09039,2570000,1100000
2020-04-07 13:56:41.132000,1.09043,1.09039,2510000,1270000
2020-04-07 13:56:41.284000,1.09043,1.09039,1820000,1270000
2020-04-07 13:56:41.688000,1.09042,1.09038,1100000,2770000
2020-04-07 13:56:41.789000,1.09041,1.09037,1570000,1200000
2020-04-07 13:56:41.891000,1.09041,1.09037,2450000,1100000
2020-04-07 13:56:42.346000,1.0904,1.09036,1950000,1100000
2020-04-07 13:56:42.448000,1.09038,1.09036,1100000,1120000
2020-04-07 13:56:42.551000,1.09035,1.09033,1000000,1600000
2020-04-07 13:56:42.653000,1.09034,1.09032,1810000,1000000
2020-04-07 13:56:42.855000,1.09035,1.09032,1750000,1200000
2020-04-07 13:56:42.956000,1.09036,1.09033,2120000,1000000
2020-04-07 13:56:44.910000,1.09036,1.09033,1250000,1000000
2020-04-07 13:56:45.384000,1.09036,1.09033,1750000,1000000
2020-04-07 13:56:45.536000,1.09036,1.09033,1000000,1000000
2020-04-07 13:56:46.071000,1.09036,1.09033,1750000,1000000
2020-04-07 13:56:46.173000,1.09036,1.09033,1250000,1000000
2020-04-07 13:56:46.274000,1.09036,1.09033,1750000,1000000
2020-04-07 13:56:46.426000,1.09036,1.09033,1200000,1000000
2020-04-07 13:56:46.527000,1.09036,1.09033,2200000,1000000
2020-04-07 13:56:47.092000,1.09036,1.09033,1390000,1000000
2020-04-07 13:56:47.232000,1.09036,1.09033,2200000,1000000
2020-04-07 13:56:47.567000,1.09036,1.09033,1200000,1000000
2020-04-07 13:56:47.821000,1.09036,1.09031,1390000,3150000
2020-04-07 13:56:47.922000,1.09036,1.09031,2950000,3170000
2020-04-07 13:56:48.599000,1.09036,1.09031,1950000,3170000
2020-04-07 13:56:50.630000,1.09036,1.09031,2510000,3520000
2020-04-07 13:56:50.934000,1.09036,1.09031,2640000,3550000
2020-04-07 13:56:51.064000,1.09036,1.09031,1890000,3520000
2020-04-07 13:56:52.338000,1.09035,1.09031,1010000,3100000
2020-04-07 13:56:52.440000,1.09035,1.09031,1820000,2700000
2020-04-07 13:56:52.644000,1.09035,1.09031,1010000,2700000
2020-04-07 13:56:52.746000,1.09035,1.09031,1820000,2700000
2020-04-07 13:56:52.847000,1.09035,1.09031,1010000,3100000
2020-04-07 13:56:52.949000,1.09036,1.09031,2350000,2320000
2020-04-07 13:56:53.111000,1.09036,1.09032,3100000,1000000
2020-04-07 13:56:53.213000,1.09034,1.09031,1390000,1250000
2020-04-07 13:56:53.466000,1.09036,1.09031,3450000,2400000
2020-04-07 13:56:53.567000,1.09035,1.09032,1370000,1000000
2020-04-07 13:56:53.720000,1.09036,1.09031,3450000,2400000
2020-04-07 13:56:53.826000,1.09035,1.09031,1370000,2400000
2020-04-07 13:56:53.927000,1.09035,1.09032,1370000,1570000
2020-04-07 13:56:54.029000,1.09036,1.09032,2700000,1570000
2020-04-07 13:56:54.483000,1.09036,1.09032,1200000,1570000
2020-04-07 13:56:55.845000,1.09036,1.09034,1000000,1000000
2020-04-07 13:56:55.947000,1.09041,1.0904,1310000,1000000
2020-04-07 13:56:55.998000,1.09043,1.0904,5720000,1120000
2020-04-07 13:56:56.048000,1.09041,1.09039,1250000,1950000
2020-04-07 13:56:56.099000,1.09043,1.0904,2600000,1120000
2020-04-07 13:56:56.963000,1.09043,1.09039,2320000,2320000
2020-04-07 13:56:57.923000,1.09042,1.09039,1370000,2320000
2020-04-07 13:56:58.075000,1.09041,1.09038,1750000,1000000
2020-04-07 13:56:58.176000,1.09041,1.09039,1450000,1000000
2020-04-07 13:56:58.277000,1.09042,1.09038,4470000,1120000
2020-04-07 13:56:58.732000,1.09042,1.09038,1010000,3150000
2020-04-07 13:56:59.520000,1.09042,1.09038,1390000,2450000
2020-04-07 13:57:00.103000,1.09042,1.09038,2200000,2450000
2020-04-07 13:57:00.871000,1.09043,1.09038,3100000,3270000
2020-04-07 13:57:01.124000,1.09042,1.09038,2200000,2520000
2020-04-07 13:57:02.518000,1.09042,1.09038,2320000,2320000
2020-04-07 13:57:02.896000,1.09039,1.09037,1250000,1500000
2020-04-07 13:57:02.997000,1.09039,1.09037,1310000,1000000
2020-04-07 13:57:03.338000,1.09039,1.09036,1310000,1760000
2020-04-07 13:57:03.941000,1.09039,1.09036,1750000,1310000
2020-04-07 13:57:05.628000,1.09039,1.09035,2720000,1870000
2020-04-07 13:57:05.931000,1.09039,1.09035,3100000,1870000
2020-04-07 13:57:06.962000,1.09039,1.09035,2700000,1870000
2020-04-07 13:57:07.064000,1.09037,1.09034,1700000,1000000
2020-04-07 13:57:10.387000,1.09037,1.09034,2060000,1120000
2020-04-07 13:57:12.697000,1.09036,1.09033,2120000,1120000
2020-04-07 13:57:12.798000,1.09036,1.09033,1120000,1120000
2020-04-07 13:57:12.899000,1.09035,1.09033,1250000,1120000
2020-04-07 13:57:13.253000,1.09036,1.09033,1370000,1120000
2020-04-07 13:57:13.733000,1.09036,1.09033,1370000,1500000
2020-04-07 13:57:14.289000,1.09038,1.09034,2750000,3320000
2020-04-07 13:57:14.391000,1.09039,1.09035,2190000,4070000
2020-04-07 13:57:14.542000,1.09041,1.09037,2250000,3950000
2020-04-07 13:57:14.745000,1.09042,1.09038,1120000,2700000
2020-04-07 13:57:14.846000,1.09042,1.09038,1120000,3570000
2020-04-07 13:57:14.998000,1.09041,1.09038,1250000,3570000
2020-04-07 13:57:16.404000,1.09042,1.09038,2870000,1700000
2020-04-07 13:57:16.506000,1.0904,1.09037,1250000,1500000
2020-04-07 13:57:16.607000,1.0904,1.09037,1750000,1500000
2020-04-07 13:57:16.764000,1.0904,1.09037,1690000,1500000
2020-04-07 13:57:17.597000,1.09039,1.09037,1250000,1120000
2020-04-07 13:57:18.670000,1.09041,1.09039,1250000,1120000
2020-04-07 13:57:18.822000,1.09042,1.09039,1310000,1120000
2020-04-07 13:57:19.582000,1.09041,1.09039,1000000,1120000
2020-04-07 13:57:19.683000,1.0904,1.09037,2950000,1600000
2020-04-07 13:57:19.785000,1.0904,1.09037,3070000,1100000
2020-04-07 13:57:22.841000,1.09041,1.09037,2250000,3070000
2020-04-07 13:57:23.195000,1.09042,1.09038,3620000,1200000
2020-04-07 13:57:23.625000,1.09042,1.09038,1120000,1950000
2020-04-07 13:57:23.979000,1.09043,1.09038,3390000,3200000
2020-04-07 13:57:24.081000,1.09043,1.0904,1250000,1000000
2020-04-07 13:57:24.186000,1.09044,1.09041,1370000,1120000
2020-04-07 13:57:24.983000,1.09039,1.09036,1410000,1100000
2020-04-07 13:57:27.743000,1.09039,1.09036,1310000,2060000
2020-04-07 13:57:30.458000,1.09041,1.09037,1870000,3070000
2020-04-07 13:57:30.610000,1.09042,1.09038,1870000,1950000
2020-04-07 13:57:30.812000,1.09043,1.09038,3010000,2900000
2020-04-07 13:57:31.179000,1.09042,1.09039,1370000,1200000
2020-04-07 13:57:31.381000,1.09043,1.09039,1890000,1120000
2020-04-07 13:57:31.836000,1.09043,1.09039,2640000,1120000
2020-04-07 13:57:32.697000,1.09044,1.0904,2700000,2250000
2020-04-07 13:57:32.799000,1.09044,1.09041,1950000,1000000
2020-04-07 13:57:32.900000,1.09044,1.09041,1510000,2060000
2020-04-07 13:57:33.001000,1.09043,1.09041,1250000,1500000
2020-04-07 13:57:33.946000,1.09044,1.0904,1890000,1870000
2020-04-07 13:57:35.494000,1.09045,1.09041,1850000,2250000
2020-04-07 13:57:37.387000,1.09047,1.09045,1870000,1000000
2020-04-07 13:57:37.488000,1.09047,1.09045,1370000,1120000
2020-04-07 13:57:37.590000,1.09049,1.09046,2560000,1250000
2020-04-07 13:57:37.691000,1.09049,1.09046,1310000,2060000
2020-04-07 13:57:38.547000,1.09049,1.09047,1310000,1000000
2020-04-07 13:57:38.598000,1.09051,1.09049,1870000,1000000
2020-04-07 13:57:39.145000,1.09052,1.09048,2820000,1000000
2020-04-07 13:57:40.637000,1.09051,1.09048,1450000,1000000
2020-04-07 13:57:41.606000,1.09051,1.09048,1450000,1000000
2020-04-07 13:57:41.912000,1.09051,1.09047,2250000,1000000
2020-04-07 13:57:43.085000,1.09051,1.09048,1550000,1000000
2020-04-07 13:57:43.857000,1.09052,1.09049,1300000,1000000
2020-04-07 13:57:43.958000,1.09053,1.0905,2010000,1500000
2020-04-07 13:57:45.138000,1.09052,1.09049,1200000,1000000
2020-04-07 13:57:45.240000,1.09051,1.09048,1550000,1000000
2020-04-07 13:57:47.872000,1.09051,1.09049,1200000,1000000
2020-04-07 13:57:47.973000,1.09051,1.09049,1300000,1000000
2020-04-07 13:57:48.175000,1.09051,1.09048,1300000,1500000
2020-04-07 13:57:48.885000,1.09051,1.09048,1800000,1500000
2020-04-07 13:57:49.454000,1.09051,1.09047,2440000,1870000
2020-04-07 13:57:50.061000,1.0905,1.09046,1700000,1870000
2020-04-07 13:57:50.747000,1.09048,1.09046,1000000,1120000
2020-04-07 13:57:50.848000,1.09047,1.09046,1000000,1120000
2020-04-07 13:57:51.151000,1.09049,1.09045,1120000,1570000
2020-04-07 13:57:51.253000,1.09045,1.09042,1000000,2500000
2020-04-07 13:57:51.405000,1.09044,1.09041,1000000,2770000
2020-04-07 13:57:51.455000,1.09041,1.09038,1000000,3620000
2020-04-07 13:57:51.607000,1.0904,1.09037,1000000,3470000
2020-04-07 13:57:51.658000,1.09038,1.09037,1000000,1000000
2020-04-07 13:57:51.759000,1.09038,1.09036,1000000,2250000
2020-04-07 13:57:51.861000,1.09038,1.09036,1000000,2720000
2020-04-07 13:57:51.911000,1.0904,1.09036,2060000,2320000
2020-04-07 13:57:51.962000,1.09038,1.09035,1000000,2850000
2020-04-07 13:57:52.672000,1.09038,1.09035,1000000,1950000
2020-04-07 13:57:52.775000,1.09036,1.09034,1000000,1250000
2020-04-07 13:57:52.926000,1.09035,1.09034,1000000,1250000
2020-04-07 13:57:53.230000,1.09033,1.09031,1000000,2890000
2020-04-07 13:57:53.281000,1.0903,1.09028,1000000,1970000
2020-04-07 13:57:53.382000,1.0903,1.09028,1000000,1000000
2020-04-07 13:57:53.483000,1.0903,1.09027,1000000,2060000
2020-04-07 13:57:53.635000,1.0903,1.09028,1000000,1000000
2020-04-07 13:57:54.089000,1.09029,1.09028,1000000,1000000
2020-04-07 13:57:54.646000,1.09031,1.09028,1120000,1000000
2020-04-07 13:57:54.963000,1.0903,1.09027,1000000,2720000
2020-04-07 13:57:55.367000,1.09029,1.09026,1000000,2700000
2020-04-07 13:57:55.789000,1.09028,1.09027,1000000,1310000
2020-04-07 13:57:56.686000,1.09029,1.09027,1000000,1120000
2020-04-07 13:57:57.196000,1.09027,1.09025,1000000,1720000
2020-04-07 13:57:57.247000,1.09026,1.09024,1000000,1250000
2020-04-07 13:57:57.702000,1.09027,1.09026,1120000,1000000
2020-04-07 13:57:57.854000,1.09027,1.09025,1000000,1390000
2020-04-07 13:57:57.905000,1.09024,1.09023,1000000,1120000
2020-04-07 13:57:58.006000,1.09024,1.09022,1000000,1500000
2020-04-07 13:57:58.216000,1.09025,1.09022,1000000,1700000
2020-04-07 13:57:59.168000,1.09025,1.09022,1000000,2820000
2020-04-07 13:57:59.270000,1.09027,1.09025,1120000,1370000
2020-04-07 13:57:59.320000,1.09029,1.09025,1200000,1500000
2020-04-07 13:57:59.424000,1.09029,1.09025,1000000,2260000
2020-04-07 13:58:00.051000,1.09029,1.09026,1000000,1100000
2020-04-07 13:58:00.304000,1.09029,1.09025,1000000,2470000
2020-04-07 13:58:00.556000,1.09028,1.09025,1000000,1100000
2020-04-07 13:58:00.659000,1.09027,1.09024,1250000,1000000
2020-04-07 13:58:01.452000,1.09027,1.09023,1250000,2070000
2020-04-07 13:58:03.195000,1.09027,1.09024,1000000,1600000
2020-04-07 13:58:04.205000,1.09027,1.09024,1000000,1120000
2020-04-07 13:58:04.821000,1.09029,1.09027,1000000,1500000
2020-04-07 13:58:04.872000,1.09031,1.09029,1570000,1310000
2020-04-07 13:58:04.973000,1.09032,1.09029,1310000,1690000
2020-04-07 13:58:05.075000,1.09032,1.09029,1120000,1750000
2020-04-07 13:58:06.992000,1.09033,1.09031,1000000,1450000
2020-04-07 13:58:07.043000,1.09041,1.09039,1100000,1250000
2020-04-07 13:58:07.144000,1.09042,1.0904,1000000,1250000
2020-04-07 13:58:07.346000,1.09041,1.09039,1000000,2200000
2020-04-07 13:58:07.599000,1.09042,1.09039,1000000,2400000
2020-04-07 13:58:09.011000,1.09043,1.0904,1120000,1350000
2020-04-07 13:58:09.416000,1.09045,1.09041,2750000,1200000
2020-04-07 13:58:10.662000,1.09046,1.09044,1000000,1760000
2020-04-07 13:58:10.764000,1.0905,1.09046,4120000,1100000
2020-04-07 13:58:10.916000,1.0905,1.09046,2060000,1700000
2020-04-07 13:58:11.935000,1.0905,1.09046,1870000,2400000
2020-04-07 13:58:12.036000,1.09047,1.09045,1000000,1100000
2020-04-07 13:58:12.087000,1.09048,1.09044,1870000,1500000
2020-04-07 13:58:12.188000,1.09048,1.09043,2620000,2510000
2020-04-07 13:58:12.339000,1.09047,1.09043,1250000,2320000
2020-04-07 13:58:12.491000,1.09048,1.09043,3620000,2320000
2020-04-07 13:58:13.224000,1.09045,1.09042,1250000,1200000
2020-04-07 13:58:13.578000,1.09045,1.09041,1310000,2320000
2020-04-07 13:58:14.207000,1.09045,1.09041,1500000,1600000
2020-04-07 13:58:14.258000,1.09048,1.09047,2620000,1000000
2020-04-07 13:58:14.309000,1.09051,1.09048,1750000,2250000
2020-04-07 13:58:14.410000,1.09051,1.09047,1690000,2150000
2020-04-07 13:58:14.461000,1.09051,1.09048,1120000,2200000
2020-04-07 13:58:14.562000,1.09051,1.09048,1000000,2200000
2020-04-07 13:58:14.663000,1.09051,1.09048,1120000,2020000
2020-04-07 13:58:14.765000,1.09051,1.09048,1000000,3070000
2020-04-07 13:58:15.068000,1.09051,1.09048,1250000,1620000
2020-04-07 13:58:15.170000,1.09051,1.09046,1310000,3570000
2020-04-07 13:58:15.221000,1.09049,1.09046,1500000,1100000
2020-04-07 13:58:16.796000,1.0905,1.09046,1120000,1500000
2020-04-07 13:58:17.556000,1.09052,1.09048,1870000,1500000
2020-04-07 13:58:17.607000,1.09053,1.09049,2620000,1000000
2020-04-07 13:58:17.809000,1.09052,1.09048,1570000,1570000
2020-04-07 13:58:17.911000,1.09052,1.09048,1700000,1000000
2020-04-07 13:58:19.093000,1.09051,1.09047,2870000,1700000
2020-04-07 13:58:19.497000,1.09051,1.09047,1870000,2000000
2020-04-07 13:58:19.902000,1.09051,1.09047,1310000,1870000
2020-04-07 13:58:20.205000,1.09051,1.09048,1120000,1450000
2020-04-07 13:58:20.307000,1.09054,1.0905,3560000,2170000
2020-04-07 13:58:20.610000,1.09053,1.09049,1000000,3570000
2020-04-07 13:58:22.458000,1.09052,1.09049,1000000,1970000
2020-04-07 13:58:22.560000,1.09052,1.09049,1120000,1370000
2020-04-07 13:58:22.662000,1.09052,1.09048,1120000,2800000
2020-04-07 13:58:23.186000,1.09052,1.09049,1120000,1450000
2020-04-07 13:58:23.439000,1.09054,1.09051,1600000,1000000
2020-04-07 13:58:23.540000,1.09054,1.09051,1200000,1200000
2020-04-07 13:58:23.977000,1.09055,1.09051,1950000,2800000
2020-04-07 13:58:24.078000,1.09055,1.09051,2020000,1950000
2020-04-07 13:58:24.954000,1.09055,1.09051,2150000,1950000
2020-04-07 13:58:25.209000,1.09055,1.09052,1600000,1100000
2020-04-07 13:58:25.310000,1.09055,1.09052,1000000,1650000
2020-04-07 13:58:26.175000,1.09054,1.09051,1000000,2210000
2020-04-07 13:58:27.580000,1.09054,1.09051,1000000,2240000
2020-04-07 13:58:28.025000,1.09053,1.09051,1000000,2260000
2020-04-07 13:58:28.178000,1.09053,1.09051,3200000,1250000
2020-04-07 13:58:28.228000,1.0905,1.09048,1000000,1570000
2020-04-07 13:58:28.279000,1.09049,1.09047,1000000,1570000
2020-04-07 13:58:28.330000,1.09051,1.09048,2250000,2200000
2020-04-07 13:58:28.431000,1.09052,1.09049,1000000,1450000
2020-04-07 13:58:28.786000,1.09052,1.09049,1000000,2200000
2020-04-07 13:58:29.902000,1.09052,1.0905,1000000,1310000
2020-04-07 13:58:30.125000,1.09052,1.0905,1000000,1370000
2020-04-07 13:58:30.591000,1.09051,1.09049,1000000,1350000
2020-04-07 13:58:30.642000,1.09051,1.09047,2620000,1800000
2020-04-07 13:58:30.744000,1.09048,1.09046,1000000,1200000
2020-04-07 13:58:30.845000,1.09048,1.09046,1000000,1120000
2020-04-07 13:58:31.149000,1.0905,1.09046,2190000,1870000
2020-04-07 13:58:31.761000,1.0905,1.09046,2140000,1870000
2020-04-07 13:58:34.738000,1.0905,1.09046,1960000,1870000
2020-04-07 13:58:37.766000,1.0905,1.09046,1840000,1500000
2020-04-07 13:58:37.977000,1.0905,1.09046,2590000,2000000
2020-04-07 13:58:38.670000,1.0905,1.09048,1000000,2170000
2020-04-07 13:58:38.772000,1.09053,1.09049,3850000,1920000
2020-04-07 13:58:38.873000,1.09053,1.09049,1200000,1920000
2020-04-07 13:58:38.974000,1.09052,1.09049,1250000,2980000
2020-04-07 13:58:39.076000,1.09052,1.09049,2060000,1310000
2020-04-07 13:58:39.768000,1.09051,1.09048,1000000,1870000
2020-04-07 13:58:39.870000,1.09051,1.09048,1820000,1000000
2020-04-07 13:58:39.971000,1.09052,1.09048,2200000,1810000
2020-04-07 13:58:40.324000,1.09052,1.09048,1200000,2620000
2020-04-07 13:58:41.069000,1.09052,1.09049,1100000,3000000
2020-04-07 13:58:41.170000,1.09053,1.09049,1120000,3420000
2020-04-07 13:58:44.549000,1.09051,1.09048,1000000,2620000
2020-04-07 13:58:44.650000,1.09051,1.09047,1000000,4540000
2020-04-07 13:58:44.752000,1.0905,1.09047,1000000,1870000
2020-04-07 13:58:44.853000,1.09049,1.09046,1870000,1060000
2020-04-07 13:58:44.955000,1.09051,1.09048,1570000,1250000
2020-04-07 13:58:45.057000,1.0905,1.09047,1690000,1310000
2020-04-07 13:58:45.108000,1.09051,1.09048,1570000,1370000
2020-04-07 13:58:45.211000,1.09051,1.09048,1870000,1370000
2020-04-07 13:58:45.903000,1.0905,1.09047,1000000,1000000
2020-04-07 13:58:46.006000,1.0905,1.09046,3350000,1060000
2020-04-07 13:58:46.566000,1.0905,1.09045,2140000,2560000
2020-04-07 13:58:47.042000,1.0905,1.09046,1250000,2670000
2020-04-07 13:58:47.143000,1.0905,1.09046,1250000,2790000
2020-04-07 13:58:47.346000,1.09053,1.09049,2720000,1000000
2020-04-07 13:58:47.447000,1.09055,1.09051,2260000,1540000
2020-04-07 13:58:47.577000,1.09056,1.09051,1890000,1740000
2020-04-07 13:58:47.779000,1.09055,1.09051,1370000,1060000
2020-04-07 13:58:48.059000,1.09055,1.09051,1310000,1060000
2020-04-07 13:58:48.160000,1.09053,1.09049,1000000,3790000
2020-04-07 13:58:48.262000,1.09055,1.09051,2260000,1540000
2020-04-07 13:58:48.363000,1.09056,1.09051,3820000,2290000
2020-04-07 13:58:49.239000,1.09056,1.09051,2640000,2420000
2020-04-07 13:58:54.248000,1.09052,1.09049,1500000,1600000
2020-04-07 13:58:54.299000,1.09052,1.09049,1870000,1100000
2020-04-07 13:58:54.400000,1.09051,1.09048,1370000,1100000
2020-04-07 13:58:54.557000,1.09051,1.09047,3070000,1120000
2020-04-07 13:58:59.523000,1.09053,1.0905,3290000,1000000
2020-04-07 13:58:59.624000,1.09054,1.0905,2320000,1950000
2020-04-07 13:58:59.894000,1.09054,1.0905,2000000,2200000
2020-04-07 13:58:59.995000,1.09054,1.0905,1000000,1820000
2020-04-07 13:59:00.131000,1.09054,1.0905,1000000,1570000
2020-04-07 13:59:00.662000,1.09055,1.09052,1500000,1000000
2020-04-07 13:59:00.764000,1.09056,1.09052,2820000,1950000
2020-04-07 13:59:00.916000,1.09057,1.09053,3840000,1000000
2020-04-07 13:59:01.018000,1.09059,1.09056,2160000,1810000
2020-04-07 13:59:01.121000,1.09061,1.09057,1800000,1310000
2020-04-07 13:59:01.222000,1.09061,1.09057,1200000,1750000
2020-04-07 13:59:02.081000,1.09061,1.09057,1600000,1310000
2020-04-07 13:59:02.237000,1.09061,1.09058,1600000,1000000
2020-04-07 13:59:02.792000,1.09059,1.09056,1000000,1620000
2020-04-07 13:59:02.894000,1.09059,1.09056,1120000,1000000
2020-04-07 13:59:03.096000,1.09056,1.09051,1870000,3130000
2020-04-07 13:59:03.197000,1.09055,1.09051,1200000,2310000
2020-04-07 13:59:03.399000,1.09054,1.09051,1310000,1120000
2020-04-07 13:59:03.907000,1.09054,1.09051,2120000,1120000
2020-04-07 13:59:04.348000,1.09054,1.09051,1120000,1120000
2020-04-07 13:59:04.449000,1.09054,1.09051,1000000,1500000
2020-04-07 13:59:04.651000,1.09055,1.09051,1390000,1500000
2020-04-07 13:59:08.158000,1.09055,1.09051,2120000,1500000
2020-04-07 13:59:08.259000,1.09051,1.09049,1200000,1500000
2020-04-07 13:59:08.310000,1.09048,1.09044,1000000,2190000
2020-04-07 13:59:08.361000,1.09045,1.09042,1500000,1690000
2020-04-07 13:59:08.462000,1.09045,1.09041,2450000,1000000
2020-04-07 13:59:08.968000,1.09044,1.09041,1370000,1120000
2020-04-07 13:59:10.528000,1.09044,1.09041,1010000,1120000
2020-04-07 13:59:15.578000,1.09044,1.0904,1370000,1500000
2020-04-07 13:59:15.730000,1.09045,1.0904,2770000,1500000
2020-04-07 13:59:16.443000,1.09045,1.0904,1840000,1500000
2020-04-07 13:59:17.794000,1.09045,1.0904,2650000,1500000
2020-04-07 13:59:18.942000,1.09044,1.09039,1390000,2940000
2020-04-07 13:59:19.094000,1.09041,1.09039,1000000,1370000
2020-04-07 13:59:19.145000,1.0904,1.09037,1760000,1250000
2020-04-07 13:59:19.197000,1.0904,1.09037,1600000,1310000
2020-04-07 13:59:19.298000,1.09042,1.09038,1350000,1100000
2020-04-07 13:59:19.501000,1.0904,1.09037,1250000,2250000
2020-04-07 13:59:20.641000,1.0904,1.09036,2570000,1120000
2020-04-07 13:59:20.792000,1.0904,1.09036,1310000,1480000
2020-04-07 13:59:20.995000,1.0904,1.09036,1250000,1970000
2020-04-07 13:59:21.197000,1.09041,1.09036,2060000,3220000
2020-04-07 13:59:21.349000,1.09041,1.09036,2870000,3220000
2020-04-07 13:59:21.508000,1.09041,1.09036,2060000,3220000
2020-04-07 13:59:21.609000,1.09041,1.09036,2870000,2750000
2020-04-07 13:59:21.711000,1.09041,1.09037,1500000,1500000
2020-04-07 13:59:22.169000,1.09041,1.09037,2500000,1500000
2020-04-07 13:59:22.675000,1.09041,1.09037,2120000,1120000
2020-04-07 13:59:23.192000,1.09039,1.09035,1000000,1600000
2020-04-07 13:59:24.204000,1.09039,1.09034,1310000,2450000
2020-04-07 13:59:27.256000,1.09039,1.09034,2120000,2450000
2020-04-07 13:59:28.187000,1.09039,1.09034,2120000,2820000
2020-04-07 13:59:29.190000,1.09039,1.09034,1750000,1600000
2020-04-07 13:59:30.181000,1.09039,1.09034,1250000,1100000
2020-04-07 13:59:30.645000,1.09039,1.09035,1500000,1250000
2020-04-07 13:59:30.898000,1.0904,1.09035,1250000,1570000
2020-04-07 13:59:32.608000,1.09041,1.09036,2500000,1000000
2020-04-07 13:59:33.214000,1.0904,1.09035,1250000,1200000
2020-04-07 13:59:34.206000,1.09041,1.09037,1250000,1000000
2020-04-07 13:59:34.762000,1.09042,1.09038,1250000,1500000
2020-04-07 13:59:35.281000,1.09041,1.09037,1690000,1120000
2020-04-07 13:59:35.483000,1.09041,1.09037,2500000,1120000
2020-04-07 13:59:35.585000,1.0904,1.09037,1250000,1120000
2020-04-07 13:59:35.797000,1.09041,1.09037,1500000,1000000
2020-04-07 13:59:37.675000,1.09041,1.09036,1690000,1200000
2020-04-07 13:59:37.979000,1.09039,1.09034,1500000,2960000
2020-04-07 13:59:38.080000,1.09038,1.09034,1500000,1370000
2020-04-07 13:59:38.233000,1.09038,1.09033,2440000,2250000
2020-04-07 13:59:41.541000,1.09038,1.09034,1500000,1250000
2020-04-07 13:59:41.851000,1.09038,1.09033,2440000,1750000
2020-04-07 13:59:42.204000,1.09037,1.09032,1250000,3260000
2020-04-07 13:59:42.255000,1.09035,1.09032,2500000,1100000
2020-04-07 13:59:42.357000,1.09032,1.0903,1250000,1000000
2020-04-07 13:59:42.458000,1.09032,1.09028,1750000,1250000
2020-04-07 13:59:42.712000,1.0903,1.09026,1500000,1600000
2020-04-07 13:59:42.816000,1.0903,1.09025,1000000,1760000
2020-04-07 13:59:42.918000,1.09029,1.09025,1000000,1100000
2020-04-07 13:59:43.127000,1.09029,1.09025,1750000,1000000
2020-04-07 13:59:43.507000,1.0903,1.09025,1250000,1000000
2020-04-07 13:59:46.118000,1.09031,1.09027,1200000,1000000
2020-04-07 13:59:47.219000,1.09031,1.09026,1000000,1000000
2020-04-07 13:59:47.321000,1.09028,1.09024,1000000,1100000
2020-04-07 13:59:47.624000,1.09029,1.09025,1000000,1000000
2020-04-07 13:59:47.877000,1.0903,1.09025,1100000,1000000
2020-04-07 13:59:47.978000,1.0903,1.09026,1000000,1000000
2020-04-07 13:59:48.079000,1.0903,1.09025,1000000,1000000
2020-04-07 13:59:48.222000,1.09027,1.09022,1500000,1570000
2020-04-07 13:59:48.475000,1.09023,1.09019,1000000,3070000
2020-04-07 13:59:48.576000,1.09023,1.09017,1220000,1000000
2020-04-07 13:59:48.930000,1.09023,1.09018,1600000,1000000
2020-04-07 13:59:49.587000,1.09021,1.09017,1000000,1000000
2020-04-07 13:59:49.689000,1.0902,1.09016,1000000,1120000
2020-04-07 13:59:50.767000,1.09019,1.09014,1000000,1120000
2020-04-07 13:59:50.869000,1.09016,1.09012,1000000,1870000
2020-04-07 13:59:51.021000,1.09017,1.09012,1000000,1120000
2020-04-07 13:59:51.175000,1.09015,1.0901,1000000,1870000
2020-04-07 13:59:51.428000,1.09012,1.09008,1000000,1600000
2020-04-07 13:59:51.479000,1.09014,1.09007,1120000,1570000
2020-04-07 13:59:51.632000,1.09014,1.09007,1600000,1000000
2020-04-07 13:59:51.733000,1.09014,1.09006,1500000,3220000
2020-04-07 13:59:51.834000,1.09014,1.09006,1600000,3220000
2020-04-07 13:59:51.986000,1.09014,1.09006,1720000,1870000
2020-04-07 13:59:52.189000,1.09013,1.09008,1600000,1000000
2020-04-07 13:59:52.593000,1.09013,1.09008,1000000,1000000
2020-04-07 13:59:52.694000,1.09012,1.09008,1000000,1000000
2020-04-07 13:59:52.997000,1.09011,1.09007,1000000,2250000
2020-04-07 13:59:53.099000,1.09013,1.09008,1570000,1000000
2020-04-07 13:59:54.821000,1.09014,1.0901,1870000,1000000
2020-04-07 13:59:55.798000,1.09015,1.09011,1570000,1000000
2020-04-07 13:59:55.899000,1.09014,1.0901,1000000,1000000
2020-04-07 13:59:57.293000,1.09013,1.09009,1000000,1000000
2020-04-07 13:59:59.159000,1.09015,1.09009,1100000,1000000
2020-04-07 13:59:59.260000,1.09017,1.09011,1720000,1870000
2020-04-07 13:59:59.413000,1.09017,1.09011,1100000,1120000
2020-04-07 13:59:59.782000,1.09019,1.09012,1720000,1500000
2020-04-07 13:59:59.884000,1.09019,1.09013,1120000,1100000
2020-04-07 13:59:59.985000,1.09018,1.09012,1000000,1700000
2020-04-07 14:00:00.289000,1.09019,1.09011,1570000,2470000
2020-04-07 14:00:00.642000,1.09021,1.09015,2750000,1600000
2020-04-07 14:00:00.693000,1.09021,1.09016,1500000,2320000
2020-04-07 14:00:00.794000,1.09022,1.09016,1000000,1600000
2020-04-07 14:00:00.896000,1.09023,1.09016,1000000,2470000
2020-04-07 14:00:01.300000,1.09025,1.09021,1570000,1000000
2020-04-07 14:00:01.401000,1.09026,1.0902,1000000,1100000
2020-04-07 14:00:01.502000,1.09028,1.0902,1390000,1720000
2020-04-07 14:00:01.603000,1.09028,1.0902,1120000,2470000
2020-04-07 14:00:01.958000,1.09029,1.09022,1500000,2100000
2020-04-07 14:00:02.060000,1.09028,1.09022,1000000,2070000
2020-04-07 14:00:02.162000,1.09028,1.09023,1120000,1000000
2020-04-07 14:00:03.343000,1.09031,1.09024,1500000,1720000
2020-04-07 14:00:03.445000,1.09029,1.09025,1000000,1100000
2020-04-07 14:00:03.546000,1.0903,1.09025,1000000,2070000
2020-04-07 14:00:03.748000,1.09028,1.09025,1000000,1600000
2020-04-07 14:00:03.850000,1.09028,1.09024,1500000,1120000
2020-04-07 14:00:03.951000,1.09027,1.09022,1000000,1600000
2020-04-07 14:00:04.002000,1.09025,1.09021,1000000,1600000
2020-04-07 14:00:04.053000,1.09025,1.0902,1500000,1270000
2020-04-07 14:00:04.154000,1.09025,1.0902,1620000,1000000
2020-04-07 14:00:05.192000,1.09023,1.09018,1870000,1100000
2020-04-07 14:00:06.051000,1.09023,1.09018,2120000,3200000
2020-04-07 14:00:06.152000,1.09023,1.09018,1310000,3200000
2020-04-07 14:00:06.599000,1.09024,1.09018,2060000,2890000
2020-04-07 14:00:06.700000,1.09024,1.09018,2870000,2720000
2020-04-07 14:00:06.812000,1.09023,1.09018,1250000,2320000
2020-04-07 14:00:06.914000,1.09023,1.09018,1250000,2350000
2020-04-07 14:00:10.891000,1.09023,1.09018,2060000,2320000
2020-04-07 14:00:11.093000,1.09023,1.09019,1120000,1100000
2020-04-07 14:00:11.194000,1.09023,1.0902,1120000,1000000
2020-04-07 14:00:12.118000,1.09022,1.0902,1000000,1000000
2020-04-07 14:00:12.676000,1.09021,1.09019,1000000,1000000
2020-04-07 14:00:12.777000,1.09021,1.0902,1000000,1000000
2020-04-07 14:00:13.238000,1.09022,1.0902,1250000,1000000
2020-04-07 14:00:15.467000,1.09021,1.0902,1000000,1000000
2020-04-07 14:00:15.569000,1.09022,1.0902,1000000,1000000
2020-04-07 14:00:16.462000,1.09022,1.09019,1000000,1120000
2020-04-07 14:00:17.005000,1.09022,1.09018,2250000,1000000
2020-04-07 14:00:17.106000,1.0902,1.09016,1120000,2890000
2020-04-07 14:00:17.359000,1.0902,1.09016,2190000,1250000
2020-04-07 14:00:17.562000,1.0902,1.09015,2190000,1120000
2020-04-07 14:00:18.378000,1.0902,1.09015,2060000,1120000
2020-04-07 14:00:18.581000,1.09016,1.09013,1690000,3200000
2020-04-07 14:00:18.633000,1.09016,1.09013,2060000,1870000
2020-04-07 14:00:18.684000,1.09015,1.09011,1000000,1000000
2020-04-07 14:00:18.786000,1.09015,1.09011,1750000,1000000
2020-04-07 14:00:18.989000,1.09015,1.09011,1750000,1300000
2020-04-07 14:00:19.090000,1.09015,1.09011,1000000,1300000
2020-04-07 14:00:19.191000,1.09016,1.09012,1690000,1000000
2020-04-07 14:00:19.292000,1.09016,1.09012,1750000,1000000
2020-04-07 14:00:19.596000,1.09015,1.09011,1000000,1120000
2020-04-07 14:00:19.697000,1.09014,1.0901,1750000,1000000
2020-04-07 14:00:20.834000,1.09013,1.0901,1750000,1000000
2020-04-07 14:00:21.054000,1.09012,1.09009,1310000,1120000
2020-04-07 14:00:21.156000,1.09009,1.09007,1870000,1000000
2020-04-07 14:00:21.257000,1.09011,1.09006,2060000,2820000
2020-04-07 14:00:21.359000,1.09011,1.09006,2870000,1600000
2020-04-07 14:00:21.662000,1.09008,1.09006,1500000,1120000
2020-04-07 14:00:21.764000,1.09007,1.09006,1870000,1000000
2020-04-07 14:00:21.814000,1.09007,1.09003,1870000,1350000
2020-04-07 14:00:21.966000,1.09006,1.09002,1000000,1000000
2020-04-07 14:00:22.068000,1.09003,1.09001,1000000,1500000
2020-04-07 14:00:22.169000,1.09001,1.08998,1000000,2560000
2020-04-07 14:00:22.220000,1.09001,1.08996,1500000,3570000
2020-04-07 14:00:22.371000,1.09,1.08996,1000000,2000000
2020-04-07 14:00:22.991000,1.09,1.08996,1250000,2370000
2020-04-07 14:00:23.249000,1.09001,1.08997,1570000,1000000
2020-04-07 14:00:26.236000,1.09,1.08996,1000000,3870000
2020-04-07 14:00:26.832000,1.09003,1.08998,3220000,2190000
2020-04-07 14:00:26.934000,1.09003,1.08998,1570000,2560000
2020-04-07 14:00:27.036000,1.09002,1.09,1000000,1000000
2020-04-07 14:00:27.137000,1.09,1.08998,1000000,1250000
2020-04-07 14:00:27.189000,1.09,1.08996,1500000,1950000
2020-04-07 14:00:27.442000,1.08999,1.08996,1250000,1000000
2020-04-07 14:00:27.493000,1.08999,1.08995,1000000,1500000
2020-04-07 14:00:27.595000,1.09,1.08995,1250000,1120000
2020-04-07 14:00:28.270000,1.08996,1.08994,1000000,1120000
2020-04-07 14:00:28.472000,1.08996,1.08991,1690000,1700000
2020-04-07 14:00:28.675000,1.08998,1.08993,1220000,1760000
2020-04-07 14:00:28.776000,1.08998,1.08994,1410000,1500000
2020-04-07 14:00:28.877000,1.08998,1.08994,1000000,2070000
2020-04-07 14:00:29.687000,1.08996,1.08993,1000000,1700000
2020-04-07 14:00:29.889000,1.08996,1.08992,1500000,1960000
2020-04-07 14:00:31.571000,1.08998,1.08993,2400000,2510000
2020-04-07 14:00:31.673000,1.08998,1.08994,2320000,1000000
2020-04-07 14:00:32.204000,1.09,1.08995,2140000,2850000
2020-04-07 14:00:32.407000,1.09001,1.08996,2060000,2320000
2020-04-07 14:00:32.767000,1.09001,1.08997,1250000,2450000
2020-04-07 14:00:33.171000,1.09002,1.08998,1250000,1570000
2020-04-07 14:00:33.777000,1.09004,1.08998,1860000,2320000
2020-04-07 14:00:33.878000,1.09004,1.09,1000000,1100000
2020-04-07 14:00:34.181000,1.09004,1.09,1000000,1820000
2020-04-07 14:00:34.333000,1.09004,1.09001,1000000,1250000
2020-04-07 14:00:34.434000,1.09005,1.09001,1870000,1250000
2020-04-07 14:00:34.585000,1.09005,1.09,1870000,2570000
2020-04-07 14:00:35.696000,1.09008,1.09006,1000000,1250000
2020-04-07 14:00:35.748000,1.09012,1.0901,1000000,1250000
2020-04-07 14:00:35.849000,1.09013,1.09009,1000000,1000000
2020-04-07 14:00:35.950000,1.09014,1.09009,2400000,2620000
2020-04-07 14:00:36.051000,1.09013,1.09009,1000000,1000000
2020-04-07 14:00:38.278000,1.09014,1.0901,1950000,1300000
2020-04-07 14:00:39.136000,1.09013,1.0901,1000000,1310000
2020-04-07 14:00:39.288000,1.09014,1.0901,1200000,1690000
2020-04-07 14:00:41.354000,1.09014,1.0901,2000000,1120000
2020-04-07 14:00:41.455000,1.09014,1.0901,2000000,2120000
2020-04-07 14:00:41.658000,1.09014,1.0901,1870000,2250000
2020-04-07 14:00:41.809000,1.09014,1.0901,1120000,3000000
2020-04-07 14:00:41.918000,1.09014,1.0901,1120000,2190000
2020-04-07 14:00:42.022000,1.09014,1.0901,1120000,2060000
2020-04-07 14:00:43.266000,1.09014,1.0901,1870000,2120000
2020-04-07 14:00:43.783000,1.09015,1.09011,1500000,1370000
2020-04-07 14:00:43.884000,1.09015,1.09011,1120000,2700000
2020-04-07 14:00:44.738000,1.09014,1.09011,1120000,1310000
2020-04-07 14:00:45.143000,1.09014,1.0901,2070000,1370000
2020-04-07 14:00:45.677000,1.09014,1.09009,1570000,1390000
2020-04-07 14:00:45.727000,1.09011,1.09008,1570000,1250000
2020-04-07 14:00:45.879000,1.09011,1.09008,1500000,1250000
2020-04-07 14:00:46.188000,1.09011,1.09008,1120000,1750000
2020-04-07 14:00:46.896000,1.09011,1.09008,1000000,1310000
2020-04-07 14:00:47.347000,1.09011,1.09008,1000000,2120000
2020-04-07 14:00:47.800000,1.09013,1.09008,2190000,1870000
2020-04-07 14:00:47.901000,1.09013,1.09009,1500000,1200000
2020-04-07 14:00:48.130000,1.09013,1.09009,1120000,1570000
2020-04-07 14:00:48.399000,1.09014,1.0901,1120000,1350000
2020-04-07 14:00:48.500000,1.09015,1.09011,1120000,1820000
2020-04-07 14:00:48.601000,1.09015,1.09012,1120000,1250000
2020-04-07 14:00:49.081000,1.09016,1.09012,1500000,1250000
2020-04-07 14:00:49.244000,1.09016,1.09013,1500000,1250000
2020-04-07 14:00:49.346000,1.09016,1.09013,1120000,1250000
2020-04-07 14:00:49.700000,1.09016,1.09012,1200000,1370000
2020-04-07 14:00:49.903000,1.09016,1.09011,1200000,2640000
2020-04-07 14:00:50.156000,1.09015,1.09011,2140000,1500000
2020-04-07 14:00:50.257000,1.09014,1.09009,1120000,3070000
2020-04-07 14:00:50.358000,1.09014,1.09009,1500000,2700000
2020-04-07 14:00:51.319000,1.09014,1.09009,1120000,2570000
2020-04-07 14:00:54.154000,1.0901,1.09008,1000000,1120000
2020-04-07 14:00:54.255000,1.09011,1.09007,1500000,1250000
2020-04-07 14:00:54.407000,1.09011,1.09007,1500000,2940000
2020-04-07 14:00:54.508000,1.09011,1.09007,1120000,3320000
2020-04-07 14:00:55.389000,1.09012,1.09009,1500000,1380000
2020-04-07 14:00:55.490000,1.09014,1.09011,1120000,1000000
2020-04-07 14:00:55.591000,1.09015,1.0901,1120000,2940000
2020-04-07 14:00:56.716000,1.09015,1.09012,1120000,1000000
2020-04-07 14:00:59.516000,1.09015,1.09013,1000000,1000000
2020-04-07 14:00:59.870000,1.09015,1.09012,1000000,1380000
2020-04-07 14:01:00.342000,1.09015,1.09011,1000000,2320000
2020-04-07 14:01:00.948000,1.09015,1.09011,1120000,2460000
2020-04-07 14:01:02.966000,1.09018,1.09016,1000000,2940000
2020-04-07 14:01:03.068000,1.0902,1.09016,1890000,1500000
2020-04-07 14:01:03.169000,1.09021,1.09017,1000000,1750000
2020-04-07 14:01:06.525000,1.09022,1.09018,1120000,2460000
2020-04-07 14:01:06.829000,1.0902,1.09017,1500000,1000000
2020-04-07 14:01:06.880000,1.0902,1.09016,2000000,3520000
2020-04-07 14:01:07.083000,1.09018,1.09015,1000000,1500000
2020-04-07 14:01:07.186000,1.09017,1.09013,1500000,1390000
2020-04-07 14:01:07.288000,1.09017,1.09012,2000000,2720000
2020-04-07 14:01:07.591000,1.09017,1.09012,2150000,1250000
2020-04-07 14:01:07.945000,1.09017,1.09012,2450000,2970000
2020-04-07 14:01:08.957000,1.09017,1.09012,1120000,2720000
2020-04-07 14:01:10.568000,1.09013,1.09011,1000000,1800000
2020-04-07 14:01:10.620000,1.09012,1.0901,1500000,1500000
2020-04-07 14:01:10.671000,1.09011,1.09007,1120000,1450000
2020-04-07 14:01:11.657000,1.09013,1.09008,3390000,1570000
2020-04-07 14:01:13.200000,1.09012,1.09008,1370000,1950000
2020-04-07 14:01:14.387000,1.09013,1.09008,3450000,1570000
2020-04-07 14:01:14.639000,1.09012,1.09009,1370000,1000000
2020-04-07 14:01:15.170000,1.09013,1.09009,2770000,1000000
2020-04-07 14:01:17.073000,1.09015,1.09012,3000000,1000000
2020-04-07 14:01:17.175000,1.09016,1.09012,1000000,2520000
2020-04-07 14:01:17.276000,1.09017,1.09013,2060000,1120000
2020-04-07 14:01:17.849000,1.09014,1.0901,2160000,1500000
2020-04-07 14:01:17.950000,1.09014,1.09009,2540000,2000000
2020-04-07 14:01:18.405000,1.09014,1.09009,3040000,1870000
2020-04-07 14:01:18.607000,1.09013,1.09008,2200000,2520000
2020-04-07 14:01:19.349000,1.09013,1.09009,1200000,1120000
2020-04-07 14:01:19.451000,1.09013,1.09009,1600000,1120000
2020-04-07 14:01:20.377000,1.09013,1.09009,1200000,1000000
2020-04-07 14:01:21.859000,1.09015,1.09012,1750000,1950000
2020-04-07 14:01:21.910000,1.09016,1.09012,1570000,2320000
2020-04-07 14:01:22.874000,1.09016,1.09012,1120000,2450000
2020-04-07 14:01:23.328000,1.09014,1.0901,1950000,1100000
2020-04-07 14:01:23.430000,1.09013,1.09009,1000000,1500000
2020-04-07 14:01:23.582000,1.09014,1.09009,1200000,1770000
2020-04-07 14:01:24.385000,1.09014,1.09009,1500000,1720000
2020-04-07 14:01:25.095000,1.09009,1.09007,1500000,1620000
2020-04-07 14:01:25.146000,1.09007,1.09004,1000000,1100000
2020-04-07 14:01:25.248000,1.09007,1.09003,1870000,1570000
2020-04-07 14:01:25.349000,1.09007,1.09003,2000000,1570000
2020-04-07 14:01:25.978000,1.09007,1.09003,1870000,2070000
2020-04-07 14:01:27.127000,1.09007,1.09003,2500000,2070000
2020-04-07 14:01:27.843000,1.09007,1.09003,1500000,2820000
2020-04-07 14:01:27.995000,1.09007,1.09003,1500000,1570000
2020-04-07 14:01:28.096000,1.09007,1.09003,1500000,1720000
2020-04-07 14:01:28.641000,1.09007,1.09003,1690000,1200000
2020-04-07 14:01:28.995000,1.09007,1.09003,1500000,1600000
2020-04-07 14:01:29.818000,1.09009,1.09005,3760000,1250000
2020-04-07 14:01:29.919000,1.09009,1.09005,2810000,1370000
2020-04-07 14:01:31.607000,1.09008,1.09005,1100000,1500000
2020-04-07 14:01:31.709000,1.09005,1.09003,1250000,1500000
2020-04-07 14:01:31.811000,1.09005,1.09003,1750000,1120000
2020-04-07 14:01:31.862000,1.09007,1.09004,1750000,1100000
2020-04-07 14:01:31.913000,1.09008,1.09004,3260000,1500000
2020-04-07 14:01:32.014000,1.09008,1.09004,3320000,1500000
2020-04-07 14:01:32.368000,1.09008,1.09004,2060000,1500000
2020-04-07 14:01:32.621000,1.09008,1.09004,2870000,1500000
2020-04-07 14:01:32.886000,1.09008,1.09004,2870000,1120000
2020-04-07 14:01:33.442000,1.09008,1.09004,2870000,1600000
2020-04-07 14:01:33.796000,1.09008,1.09005,1310000,1100000
2020-04-07 14:01:33.948000,1.09008,1.09005,1000000,2350000
2020-04-07 14:01:34.252000,1.09011,1.09007,1870000,1000000
2020-04-07 14:01:34.303000,1.0901,1.09007,1250000,1600000
2020-04-07 14:01:34.404000,1.09011,1.09008,1750000,1200000
2020-04-07 14:01:34.505000,1.09012,1.09009,1000000,1200000
2020-04-07 14:01:34.659000,1.09012,1.09009,1000000,1600000
2020-04-07 14:01:34.710000,1.09015,1.09012,2870000,1000000
2020-04-07 14:01:34.811000,1.09014,1.09012,1250000,1700000
2020-04-07 14:01:34.862000,1.09014,1.09011,1820000,1200000
2020-04-07 14:01:34.963000,1.09014,1.09011,1570000,1200000
2020-04-07 14:01:35.782000,1.09018,1.09013,3010000,1870000
2020-04-07 14:01:35.884000,1.09018,1.09014,1510000,1950000
2020-04-07 14:01:35.985000,1.09017,1.09014,1120000,1600000
2020-04-07 14:01:36.086000,1.09017,1.09014,1120000,1200000
2020-04-07 14:01:36.441000,1.09015,1.09013,1000000,1720000
2020-04-07 14:01:36.542000,1.09014,1.09012,1310000,1000000
2020-04-07 14:01:36.795000,1.09013,1.0901,1000000,2350000
2020-04-07 14:01:36.897000,1.09013,1.09009,1000000,2350000
2020-04-07 14:01:36.998000,1.09013,1.09009,1000000,1720000
2020-04-07 14:01:37.099000,1.09013,1.09009,1000000,1720000
2020-04-07 14:01:37.301000,1.09013,1.09009,1000000,1200000
2020-04-07 14:01:37.605000,1.09013,1.0901,1250000,1100000
2020-04-07 14:01:37.706000,1.09013,1.09009,1250000,1200000
2020-04-07 14:01:40.627000,1.09013,1.09009,1760000,1220000
2020-04-07 14:01:40.778000,1.09013,1.09009,1890000,1520000
2020-04-07 14:01:40.879000,1.09013,1.09009,1890000,1100000
2020-04-07 14:01:41.798000,1.09013,1.09009,1760000,1100000
2020-04-07 14:01:41.849000,1.09013,1.09009,1820000,1100000
2020-04-07 14:01:41.950000,1.09012,1.09009,1000000,1100000
2020-04-07 14:01:42.052000,1.09011,1.09007,1250000,3970000
2020-04-07 14:01:42.103000,1.0901,1.09007,1200000,1570000
2020-04-07 14:01:43.132000,1.09011,1.09007,2570000,1220000
2020-04-07 14:01:43.735000,1.09011,1.09007,2570000,1100000
2020-04-07 14:01:44.602000,1.09008,1.09006,1250000,1220000
2020-04-07 14:01:44.754000,1.09008,1.09006,1250000,1100000
2020-04-07 14:01:44.855000,1.09008,1.09006,1250000,1000000
2020-04-07 14:01:45.363000,1.09008,1.09006,1000000,1000000
2020-04-07 14:01:46.507000,1.09009,1.09006,1310000,1100000
2020-04-07 14:01:49.106000,1.0901,1.09007,1760000,1000000
2020-04-07 14:01:49.207000,1.0901,1.09007,1250000,1970000
2020-04-07 14:01:49.258000,1.09011,1.09007,1120000,1970000
2020-04-07 14:01:49.533000,1.09011,1.09007,1120000,1570000
2020-04-07 14:01:49.685000,1.09011,1.09007,1120000,1220000
2020-04-07 14:01:50.190000,1.09011,1.09007,1120000,1200000
2020-04-07 14:01:50.392000,1.09011,1.09007,2120000,1200000
2020-04-07 14:01:50.544000,1.09011,1.09007,2120000,2350000
2020-04-07 14:01:51.622000,1.0901,1.09007,1250000,1870000
2020-04-07 14:01:51.725000,1.09011,1.09007,2870000,2350000
2020-04-07 14:01:51.877000,1.09011,1.09007,2060000,2350000
2020-04-07 14:01:52.797000,1.09011,1.09007,1310000,3970000
2020-04-07 14:01:52.898000,1.09011,1.09007,1310000,3100000
2020-04-07 14:01:55.140000,1.09011,1.09007,2640000,1220000
2020-04-07 14:01:58.126000,1.09011,1.09007,1760000,1600000
2020-04-07 14:02:00.161000,1.0901,1.09007,1100000,1600000
2020-04-07 14:02:01.308000,1.0901,1.09007,2570000,1600000
2020-04-07 14:02:01.625000,1.0901,1.09007,1120000,1600000
2020-04-07 14:02:01.828000,1.0901,1.09007,1120000,1570000
2020-04-07 14:02:03.537000,1.0901,1.09007,2120000,1100000
2020-04-07 14:02:03.638000,1.09011,1.09007,2120000,2920000
2020-04-07 14:02:03.841000,1.09011,1.09007,2060000,2170000
2020-04-07 14:02:05.002000,1.0901,1.09007,1000000,1600000
2020-04-07 14:02:05.104000,1.0901,1.09007,1000000,1570000
2020-04-07 14:02:05.205000,1.0901,1.09007,1000000,1600000
2020-04-07 14:02:05.307000,1.0901,1.09007,1000000,1570000
2020-04-07 14:02:05.408000,1.0901,1.09007,1000000,1600000
2020-04-07 14:02:05.509000,1.0901,1.09007,1000000,1570000
2020-04-07 14:02:05.610000,1.0901,1.09006,1690000,1570000
2020-04-07 14:02:05.711000,1.0901,1.09006,1690000,1720000
2020-04-07 14:02:05.813000,1.0901,1.09006,2500000,1720000
2020-04-07 14:02:06.603000,1.0901,1.09006,1690000,2200000
2020-04-07 14:02:07.289000,1.09011,1.09007,2570000,1220000
2020-04-07 14:02:07.390000,1.09011,1.09007,1310000,1300000
2020-04-07 14:02:08.198000,1.09011,1.09007,1690000,1650000
2020-04-07 14:02:08.300000,1.0901,1.09007,1000000,1570000
2020-04-07 14:02:09.120000,1.09011,1.09007,2320000,1570000
2020-04-07 14:02:09.876000,1.09011,1.09007,1870000,1670000
2020-04-07 14:02:09.978000,1.09011,1.09007,1870000,1200000
2020-04-07 14:02:10.654000,1.09009,1.09006,1000000,1720000
2020-04-07 14:02:11.286000,1.09008,1.09005,2500000,1600000
2020-04-07 14:02:11.337000,1.09001,1.09,1120000,1250000
2020-04-07 14:02:11.438000,1.09001,1.08998,1120000,1600000
2020-04-07 14:02:12.095000,1.09003,1.08999,2620000,1790000
2020-04-07 14:02:12.297000,1.09004,1.09002,1000000,2140000
2020-04-07 14:02:12.399000,1.09006,1.09003,1000000,1700000
2020-04-07 14:02:15.166000,1.09008,1.09005,2060000,2590000
2020-04-07 14:02:15.268000,1.09008,1.09006,1000000,1350000
2020-04-07 14:02:16.244000,1.0901,1.09006,1500000,3090000
2020-04-07 14:02:16.346000,1.0901,1.09007,1000000,1100000
2020-04-07 14:02:17.173000,1.0901,1.09007,1000000,1100000
2020-04-07 14:02:17.728000,1.0901,1.09007,1690000,1100000
2020-04-07 14:02:17.830000,1.0901,1.09007,1690000,1100000
2020-04-07 14:02:18.559000,1.09012,1.09008,2620000,1500000
2020-04-07 14:02:18.661000,1.09013,1.09009,1750000,1870000
2020-04-07 14:02:18.763000,1.09014,1.0901,1370000,1950000
2020-04-07 14:02:18.865000,1.09014,1.0901,1310000,2350000
2020-04-07 14:02:19.118000,1.09014,1.0901,1120000,2510000
2020-04-07 14:02:19.371000,1.09014,1.0901,2820000,1010000
2020-04-07 14:02:19.472000,1.09012,1.09008,2060000,1570000
2020-04-07 14:02:19.674000,1.09012,1.09008,2870000,1570000
2020-04-07 14:02:19.826000,1.09012,1.09008,2810000,1570000
2020-04-07 14:02:20.143000,1.09012,1.09008,2120000,1570000
2020-04-07 14:02:20.755000,1.09012,1.09008,1310000,1570000
2020-04-07 14:02:20.907000,1.09012,1.09007,3450000,1720000
2020-04-07 14:02:21.008000,1.09012,1.09007,4200000,1570000
2020-04-07 14:02:21.518000,1.0901,1.09006,1010000,1570000
2020-04-07 14:02:22.257000,1.0901,1.09006,1010000,1600000
2020-04-07 14:02:23.340000,1.0901,1.09006,1100000,1910000
2020-04-07 14:02:23.695000,1.0901,1.09007,1120000,2070000
2020-04-07 14:02:23.797000,1.09011,1.09007,2250000,2170000
2020-04-07 14:02:23.898000,1.09011,1.09007,2500000,2920000
2020-04-07 14:02:24.268000,1.09011,1.09009,1500000,1000000
2020-04-07 14:02:25.348000,1.0901,1.09009,1000000,1000000
2020-04-07 14:02:25.449000,1.0901,1.09007,1000000,1760000
2020-04-07 14:02:25.550000,1.09006,1.09005,1000000,1870000
2020-04-07 14:02:25.601000,1.09005,1.09002,1250000,1720000
2020-04-07 14:02:25.702000,1.09006,1.09002,1200000,1970000
2020-04-07 14:02:25.753000,1.09006,1.09002,1620000,1670000
2020-04-07 14:02:25.905000,1.09006,1.09002,2370000,1270000
2020-04-07 14:02:26.713000,1.09005,1.09002,1120000,1570000
2020-04-07 14:02:28.139000,1.09006,1.09002,3370000,1670000
2020-04-07 14:02:28.292000,1.09008,1.09005,2120000,1120000
2020-04-07 14:02:28.394000,1.09009,1.09005,1310000,2050000
2020-04-07 14:02:29.897000,1.09011,1.09008,1890000,1000000
2020-04-07 14:02:29.998000,1.09013,1.09009,2720000,2350000
2020-04-07 14:02:30.150000,1.09013,1.0901,1390000,1100000
2020-04-07 14:02:30.251000,1.09013,1.09009,1950000,1760000
2020-04-07 14:02:30.456000,1.09013,1.09009,1950000,1790000
2020-04-07 14:02:30.557000,1.09013,1.09009,1950000,1760000
2020-04-07 14:02:32.249000,1.09012,1.09009,1000000,1120000
2020-04-07 14:02:32.350000,1.09013,1.09009,2890000,1000000
2020-04-07 14:02:32.604000,1.09012,1.09009,1000000,1000000
2020-04-07 14:02:32.705000,1.09013,1.09009,3700000,1000000
2020-04-07 14:02:32.959000,1.09013,1.09009,1750000,2320000
2020-04-07 14:02:33.060000,1.09014,1.0901,2820000,1000000
2020-04-07 14:02:33.982000,1.09014,1.0901,2450000,1120000
2020-04-07 14:02:34.630000,1.09013,1.09009,3390000,1870000
2020-04-07 14:02:34.733000,1.09012,1.09009,1720000,1250000
2020-04-07 14:02:34.886000,1.09011,1.09008,1000000,1000000
2020-04-07 14:02:35.138000,1.09012,1.09008,3260000,1000000
2020-04-07 14:02:35.391000,1.09011,1.09008,1000000,1250000
2020-04-07 14:02:35.493000,1.09008,1.09005,1000000,2450000
2020-04-07 14:02:35.595000,1.09006,1.09002,1570000,2190000
2020-04-07 14:02:35.696000,1.09005,1.09,1000000,3340000
2020-04-07 14:02:35.797000,1.09004,1.09,1100000,1250000
2020-04-07 14:02:35.898000,1.09004,1.09,1350000,1000000
2020-04-07 14:02:41.209000,1.09006,1.09001,3840000,1250000
2020-04-07 14:02:41.310000,1.09006,1.09001,3520000,1200000
2020-04-07 14:02:41.412000,1.09006,1.09002,1200000,2320000
2020-04-07 14:02:41.513000,1.09006,1.09002,1100000,3020000
2020-04-07 14:02:44.776000,1.09006,1.09002,1650000,1950000
2020-04-07 14:02:45.940000,1.09006,1.09003,1200000,1000000
2020-04-07 14:02:46.041000,1.09007,1.09003,1760000,1570000
2020-04-07 14:02:46.646000,1.09007,1.09003,2000000,1100000
2020-04-07 14:02:46.748000,1.09007,1.09003,1870000,1010000
2020-04-07 14:02:47.203000,1.09007,1.09003,1500000,2050000
2020-04-07 14:02:47.304000,1.09007,1.09003,1500000,2020000
2020-04-07 14:02:47.702000,1.09007,1.09003,1500000,1770000
2020-04-07 14:02:47.803000,1.09007,1.09003,3070000,1870000
2020-04-07 14:02:47.905000,1.09006,1.09003,1120000,1000000
2020-04-07 14:02:48.006000,1.09006,1.09003,1500000,1000000
2020-04-07 14:02:48.461000,1.09006,1.09003,1310000,1120000
2020-04-07 14:02:49.320000,1.09006,1.09003,1120000,1370000
2020-04-07 14:02:49.654000,1.09005,1.09001,1570000,2070000
2020-04-07 14:02:49.756000,1.09005,1.09001,1570000,1120000
2020-04-07 14:02:49.886000,1.09004,1.09001,1000000,1120000
2020-04-07 14:02:50.657000,1.09004,1.09,1120000,2400000
2020-04-07 14:02:51.120000,1.09006,1.09001,2000000,2400000
2020-04-07 14:02:51.222000,1.09006,1.09001,2510000,2070000
2020-04-07 14:02:51.582000,1.09006,1.09001,3200000,1200000
2020-04-07 14:02:53.422000,1.09004,1.09,1000000,2340000
2020-04-07 14:02:53.693000,1.09005,1.09002,1870000,1100000
2020-04-07 14:02:53.795000,1.09005,1.09002,1000000,1100000
2020-04-07 14:02:53.947000,1.09005,1.09001,1000000,3140000
2020-04-07 14:02:54.048000,1.09006,1.09003,1000000,1100000
2020-04-07 14:02:54.373000,1.09006,1.09002,1000000,1010000
2020-04-07 14:02:55.431000,1.09004,1.09,1000000,1720000
2020-04-07 14:02:55.583000,1.09005,1.09,1000000,2470000
2020-04-07 14:02:57,1.09004,1.09,1000000,1770000
2020-04-07 14:02:57.101000,1.09005,1.09,1100000,2710000
2020-04-07 14:02:57.203000,1.09006,1.09001,2250000,1100000
2020-04-07 14:02:57.304000,1.09005,1.09,1120000,1720000
2020-04-07 14:02:57.861000,1.09004,1.09,1000000,1600000
2020-04-07 14:02:58.174000,1.09005,1.09001,1870000,1200000
2020-04-07 14:02:59.577000,1.09005,1.09001,1120000,1790000
2020-04-07 14:02:59.679000,1.09005,1.09002,1000000,1200000
2020-04-07 14:02:59.831000,1.09006,1.09002,1870000,1600000
2020-04-07 14:02:59.982000,1.09006,1.09002,2190000,1120000
2020-04-07 14:03:00.084000,1.09005,1.09,3260000,2020000
2020-04-07 14:03:00.339000,1.09003,1.08999,1870000,1570000
2020-04-07 14:03:00.440000,1.09001,1.08997,2000000,4670000
2020-04-07 14:03:00.542000,1.09001,1.08997,2190000,2400000
2020-04-07 14:03:00.694000,1.09001,1.08997,2000000,1370000
2020-04-07 14:03:00.947000,1.09,1.08997,1120000,1200000
2020-04-07 14:03:01.200000,1.09002,1.08997,1750000,2320000
2020-04-07 14:03:01.301000,1.09002,1.08997,1500000,2510000
2020-04-07 14:03:01.636000,1.09002,1.08998,1500000,1270000
2020-04-07 14:03:01.789000,1.09002,1.08997,1500000,1840000
2020-04-07 14:03:01.891000,1.09007,1.09004,1250000,1000000
2020-04-07 14:03:01.992000,1.09009,1.09006,1310000,1310000
2020-04-07 14:03:02.094000,1.09012,1.09006,4390000,2450000
2020-04-07 14:03:02.195000,1.09012,1.09008,1310000,1500000
2020-04-07 14:03:02.347000,1.09011,1.09008,1250000,1500000
2020-04-07 14:03:02.651000,1.09012,1.09009,1310000,1000000
2020-04-07 14:03:03.158000,1.09013,1.09009,1310000,1650000
2020-04-07 14:03:03.310000,1.09013,1.0901,1250000,1100000
2020-04-07 14:03:03.411000,1.09014,1.0901,1310000,1200000
2020-04-07 14:03:03.613000,1.09014,1.09011,1000000,1570000
2020-04-07 14:03:03.714000,1.09016,1.09013,1120000,1100000
2020-04-07 14:03:03.866000,1.09017,1.09013,1120000,1120000
2020-04-07 14:03:04.905000,1.09017,1.09013,1750000,1000000
2020-04-07 14:03:05.827000,1.09014,1.09011,1120000,1200000
2020-04-07 14:03:05.929000,1.09012,1.0901,1000000,1000000
2020-04-07 14:03:06.384000,1.09013,1.09009,1310000,1120000
2020-04-07 14:03:06.687000,1.09013,1.09009,1370000,1120000
2020-04-07 14:03:10.044000,1.09014,1.09011,1810000,1000000
2020-04-07 14:03:10.095000,1.09015,1.09011,1750000,1120000
2020-04-07 14:03:11.451000,1.09014,1.09011,2190000,1250000
2020-04-07 14:03:13.477000,1.09014,1.09011,1500000,1700000
2020-04-07 14:03:14.088000,1.09014,1.09011,1120000,1100000
2020-04-07 14:03:14.189000,1.09014,1.09011,1500000,1120000
2020-04-07 14:03:15.072000,1.09015,1.09012,3370000,1000000
2020-04-07 14:03:15.123000,1.0902,1.09019,1250000,1000000
2020-04-07 14:03:15.174000,1.09023,1.0902,1690000,1000000
2020-04-07 14:03:15.326000,1.09022,1.09019,1250000,1700000
2020-04-07 14:03:15.478000,1.09023,1.09019,1500000,2370000
2020-04-07 14:03:15.579000,1.09024,1.0902,1870000,1500000
2020-04-07 14:03:15.681000,1.09025,1.09021,2500000,2000000
2020-04-07 14:03:15.782000,1.09025,1.09021,2250000,2070000
2020-04-07 14:03:15.884000,1.09024,1.09021,1000000,1700000
2020-04-07 14:03:16.137000,1.09024,1.09021,1250000,1100000
2020-04-07 14:03:16.642000,1.09023,1.0902,1000000,1100000
2020-04-07 14:03:16.743000,1.09023,1.09019,1870000,3110000
2020-04-07 14:03:16.845000,1.09022,1.09019,1000000,1500000
2020-04-07 14:03:17.047000,1.09022,1.09019,1370000,1120000
2020-04-07 14:03:18.976000,1.09022,1.09019,1310000,1120000
2020-04-07 14:03:19.518000,1.09017,1.09015,1120000,2440000
2020-04-07 14:03:19.619000,1.09015,1.09012,1000000,1690000
2020-04-07 14:03:19.872000,1.09016,1.09012,1310000,1500000
2020-04-07 14:03:20.927000,1.09016,1.09012,1750000,1120000
2020-04-07 14:03:21.902000,1.09015,1.09011,1250000,2320000
2020-04-07 14:03:22.670000,1.09015,1.09011,2200000,1120000
2020-04-07 14:03:22.772000,1.09014,1.09011,1750000,1250000
2020-04-07 14:03:23.735000,1.09013,1.09009,2250000,2540000
2020-04-07 14:03:23.839000,1.09013,1.09009,1000000,2210000
2020-04-07 14:03:23.941000,1.09012,1.09009,1000000,1000000
2020-04-07 14:03:25.133000,1.09011,1.09009,1000000,1000000
2020-04-07 14:03:25.236000,1.09014,1.0901,1500000,1950000
2020-04-07 14:03:25.337000,1.09015,1.0901,2190000,2400000
2020-04-07 14:03:26.244000,1.09016,1.09012,2000000,1200000
2020-04-07 14:03:26.346000,1.09016,1.09012,1000000,2520000
2020-04-07 14:03:26.801000,1.09017,1.09013,1120000,1600000
2020-04-07 14:03:27.004000,1.09017,1.09013,1120000,1870000
2020-04-07 14:03:27.916000,1.09017,1.09013,1370000,1000000
2020-04-07 14:03:27.967000,1.09017,1.09012,1250000,2450000
2020-04-07 14:03:28.169000,1.09017,1.09012,1000000,2700000
2020-04-07 14:03:28.270000,1.09018,1.09014,2000000,1100000
2020-04-07 14:03:28.676000,1.09019,1.09015,1100000,1500000
2020-04-07 14:03:28.778000,1.0902,1.09016,2320000,1000000
2020-04-07 14:03:29.379000,1.0902,1.09017,1120000,1000000
2020-04-07 14:03:30.149000,1.09023,1.09021,1000000,1250000
2020-04-07 14:03:30.201000,1.09026,1.09023,2320000,1000000
2020-04-07 14:03:30.302000,1.09026,1.09023,1250000,1000000
2020-04-07 14:03:32.389000,1.09025,1.09021,1870000,1600000
2020-04-07 14:03:32.490000,1.09025,1.09021,1500000,1500000
2020-04-07 14:03:32.591000,1.09025,1.09021,3120000,1250000
2020-04-07 14:03:33.147000,1.09024,1.0902,1750000,1570000
2020-04-07 14:03:33.248000,1.09024,1.0902,1310000,2950000
2020-04-07 14:03:33.653000,1.09025,1.09021,1870000,1200000
2020-04-07 14:03:33.806000,1.09024,1.0902,2140000,1120000
2020-04-07 14:03:33.908000,1.09023,1.09018,1950000,1450000
2020-04-07 14:03:34.010000,1.09023,1.09018,2890000,1390000
2020-04-07 14:03:34.873000,1.09023,1.09018,2060000,2540000
2020-04-07 14:03:37.889000,1.09023,1.09019,2000000,1200000
2020-04-07 14:03:38.687000,1.09023,1.09018,2450000,1760000
2020-04-07 14:03:39.169000,1.09021,1.09018,1120000,1100000
2020-04-07 14:03:39.423000,1.09021,1.09018,1810000,1000000
2020-04-07 14:03:39.524000,1.09021,1.09017,1250000,1570000
2020-04-07 14:03:40.743000,1.09022,1.09018,2560000,1100000
2020-04-07 14:03:40.845000,1.09022,1.09018,1810000,1200000
2020-04-07 14:03:41.325000,1.09023,1.09021,1100000,1000000
2020-04-07 14:03:41.427000,1.09025,1.09023,1000000,1100000
2020-04-07 14:03:41.528000,1.09026,1.09023,1000000,1200000
2020-04-07 14:03:41.730000,1.09027,1.09023,1310000,1950000
2020-04-07 14:03:42.035000,1.09028,1.09025,1200000,1120000
2020-04-07 14:03:42.137000,1.09028,1.09026,1000000,1000000
2020-04-07 14:03:42.239000,1.09028,1.09025,1310000,1120000
2020-04-07 14:03:42.341000,1.09028,1.09025,1370000,1120000
2020-04-07 14:03:42.620000,1.09028,1.09025,1120000,1120000
2020-04-07 14:03:43.268000,1.09028,1.09025,1750000,1000000
2020-04-07 14:03:44.294000,1.09027,1.09023,1870000,1600000
2020-04-07 14:03:44.756000,1.09027,1.09024,1370000,1200000
2020-04-07 14:03:45.578000,1.09027,1.09024,1120000,1200000
2020-04-07 14:03:47.041000,1.09028,1.09025,1620000,1000000
2020-04-07 14:03:47.653000,1.09027,1.09024,1700000,1500000
2020-04-07 14:03:47.804000,1.09027,1.09023,1700000,1120000
2020-04-07 14:03:48.485000,1.09028,1.09023,1620000,2610000
2020-04-07 14:03:48.946000,1.09029,1.09025,1810000,1200000
2020-04-07 14:03:49.048000,1.09031,1.09029,1000000,1000000
2020-04-07 14:03:49.169000,1.09033,1.0903,2120000,1000000
2020-04-07 14:03:49.220000,1.09033,1.0903,1120000,1000000
2020-04-07 14:03:49.272000,1.09034,1.09032,1200000,1000000
2020-04-07 14:03:49.374000,1.09036,1.09032,2760000,1500000
2020-04-07 14:03:49.780000,1.09036,1.09031,1390000,2820000
2020-04-07 14:03:49.881000,1.09036,1.09031,1790000,2820000
2020-04-07 14:03:50.033000,1.09036,1.09031,1910000,2320000
2020-04-07 14:03:50.544000,1.09037,1.09032,4220000,2320000
2020-04-07 14:03:50.646000,1.09037,1.09033,1310000,1500000
2020-04-07 14:03:51.639000,1.09037,1.09033,1750000,1100000
2020-04-07 14:03:51.992000,1.09037,1.09034,1750000,1000000
2020-04-07 14:03:52.205000,1.09037,1.09034,1250000,1000000
2020-04-07 14:03:52.308000,1.09038,1.09036,1120000,1250000
2020-04-07 14:03:55.360000,1.09041,1.09038,1500000,1690000
2020-04-07 14:03:55.512000,1.09039,1.09037,1250000,1200000
2020-04-07 14:03:55.765000,1.09039,1.09036,1310000,1310000
2020-04-07 14:03:55.866000,1.09038,1.09035,1250000,1000000
2020-04-07 14:03:55.917000,1.09038,1.09034,2000000,1200000
2020-04-07 14:03:56.018000,1.09037,1.09034,1000000,1000000
2020-04-07 14:03:56.120000,1.09038,1.09036,1620000,1000000
2020-04-07 14:03:56.223000,1.09038,1.09036,1120000,1000000
2020-04-07 14:03:56.528000,1.09038,1.09035,1120000,1200000
2020-04-07 14:03:56.680000,1.09037,1.09035,1000000,1120000
2020-04-07 14:03:57.235000,1.09037,1.09034,1120000,1200000
2020-04-07 14:03:57.608000,1.09037,1.09034,1120000,1790000
2020-04-07 14:03:58.140000,1.09039,1.09036,1500000,1100000
2020-04-07 14:03:58.241000,1.09039,1.09038,1000000,1000000
2020-04-07 14:03:58.494000,1.0904,1.09038,1000000,1100000
2020-04-07 14:03:58.595000,1.0904,1.09036,1000000,2170000
2020-04-07 14:03:58.747000,1.09041,1.09039,1310000,1000000
2020-04-07 14:03:58.848000,1.09043,1.09041,1250000,1000000
2020-04-07 14:04:02.602000,1.09044,1.09041,1000000,1870000
2020-04-07 14:04:02.805000,1.09044,1.09042,1000000,1100000
2020-04-07 14:04:02.960000,1.09046,1.09042,2190000,2020000
2020-04-07 14:04:03.364000,1.09047,1.09043,3370000,1000000
2020-04-07 14:04:03.797000,1.09042,1.0904,1500000,1100000
2020-04-07 14:04:03.849000,1.09042,1.09038,3120000,3000000
2020-04-07 14:04:04.262000,1.09042,1.09038,2120000,1570000
2020-04-07 14:04:04.667000,1.09041,1.09037,2060000,1650000
2020-04-07 14:04:04.768000,1.09041,1.09037,1750000,1000000
2020-04-07 14:04:04.970000,1.09041,1.09037,1310000,1570000
2020-04-07 14:04:05.576000,1.0904,1.09036,1120000,2420000
2020-04-07 14:04:05.677000,1.0904,1.09036,2370000,2420000
2020-04-07 14:04:05.779000,1.0904,1.09036,2560000,1570000
2020-04-07 14:04:06.755000,1.09039,1.09036,1120000,1220000
2020-04-07 14:04:07.225000,1.09039,1.09036,1120000,1100000
2020-04-07 14:04:09.475000,1.09039,1.09035,1870000,2140000
2020-04-07 14:04:09.578000,1.09039,1.09035,2560000,1570000
2020-04-07 14:04:10.164000,1.09039,1.09035,1500000,2540000
2020-04-07 14:04:10.527000,1.09039,1.09035,1500000,2210000
2020-04-07 14:04:10.578000,1.09032,1.09029,1000000,1870000
2020-04-07 14:04:10.688000,1.09032,1.0903,1000000,1500000
2020-04-07 14:04:10.789000,1.09033,1.09031,1000000,1250000
2020-04-07 14:04:10.904000,1.09033,1.09031,1000000,1250000
2020-04-07 14:04:11.107000,1.09035,1.09031,1810000,1970000
2020-04-07 14:04:11.208000,1.09035,1.09031,1250000,1500000
2020-04-07 14:04:11.715000,1.09034,1.09031,4120000,1000000
2020-04-07 14:04:11.868000,1.09034,1.0903,4870000,1760000
2020-04-07 14:04:12.200000,1.09034,1.0903,1810000,2570000
2020-04-07 14:04:12.302000,1.09034,1.09031,1250000,1250000
2020-04-07 14:04:15.816000,1.09032,1.09028,1750000,3520000
2020-04-07 14:04:15.867000,1.09034,1.0903,3760000,1000000
2020-04-07 14:04:15.969000,1.09034,1.09031,1810000,1250000
2020-04-07 14:04:16.908000,1.09034,1.09031,1750000,1250000
2020-04-07 14:04:17.887000,1.09035,1.09031,4870000,1010000
2020-04-07 14:04:18.620000,1.09036,1.09032,4120000,1100000
2020-04-07 14:04:18.671000,1.09038,1.09034,3040000,1120000
2020-04-07 14:04:18.722000,1.09038,1.09036,1000000,1100000
2020-04-07 14:04:18.823000,1.0904,1.09036,1910000,1950000
2020-04-07 14:04:18.924000,1.0904,1.09036,1250000,3600000
2020-04-07 14:04:19.682000,1.09041,1.09037,1310000,1870000
2020-04-07 14:04:20.604000,1.09041,1.09037,1810000,1500000
2020-04-07 14:04:21.594000,1.0904,1.09037,1120000,1200000
2020-04-07 14:04:22.760000,1.09042,1.09039,1620000,2440000
2020-04-07 14:04:22.811000,1.09048,1.09045,3070000,1000000
2020-04-07 14:04:22.912000,1.09047,1.09043,1310000,1200000
2020-04-07 14:04:23.064000,1.09047,1.09042,3020000,1100000
2020-04-07 14:04:23.165000,1.09045,1.09042,2870000,1000000
2020-04-07 14:04:23.383000,1.09045,1.09041,1790000,1500000
2020-04-07 14:04:23.484000,1.09045,1.09041,3040000,1000000
2020-04-07 14:04:23.998000,1.09044,1.0904,1700000,1870000
2020-04-07 14:04:24.099000,1.09044,1.09041,1100000,1000000
2020-04-07 14:04:25.658000,1.0904,1.09039,1000000,1000000
2020-04-07 14:04:25.760000,1.09042,1.09039,1120000,1250000
2020-04-07 14:04:26.012000,1.09042,1.09039,1370000,1000000
2020-04-07 14:04:26.114000,1.09044,1.0904,2590000,1000000
2020-04-07 14:04:26.316000,1.09044,1.0904,2570000,1500000
2020-04-07 14:04:27.178000,1.09044,1.0904,2400000,1500000
2020-04-07 14:04:27.280000,1.09044,1.0904,2530000,1500000
2020-04-07 14:04:27.382000,1.09044,1.0904,2400000,1000000
2020-04-07 14:04:28.107000,1.09044,1.0904,2900000,1000000
2020-04-07 14:04:31.152000,1.09041,1.09039,1000000,1000000
2020-04-07 14:04:33.385000,1.09041,1.09038,1750000,1000000
2020-04-07 14:04:33.587000,1.0904,1.09038,1510000,1000000
2020-04-07 14:04:33.689000,1.0904,1.09038,1390000,1000000
2020-04-07 14:04:35.652000,1.0904,1.09038,1500000,1000000
2020-04-07 14:04:36.631000,1.0904,1.09038,1120000,1000000
2020-04-07 14:04:36.833000,1.0904,1.09038,1500000,1000000
2020-04-07 14:04:38.469000,1.09039,1.09036,1120000,1000000
2020-04-07 14:04:38.672000,1.0904,1.09036,3000000,1000000
2020-04-07 14:04:39.072000,1.09035,1.09033,1000000,1250000
2020-04-07 14:04:39.173000,1.09034,1.09031,2260000,1000000
2020-04-07 14:04:39.225000,1.09033,1.09028,1390000,1950000
2020-04-07 14:04:39.276000,1.09033,1.09028,1700000,1570000
2020-04-07 14:04:40.087000,1.09033,1.0903,1350000,1500000
2020-04-07 14:04:40.239000,1.09034,1.0903,3150000,1500000
2020-04-07 14:04:40.711000,1.09035,1.09032,2360000,1500000
2020-04-07 14:04:40.813000,1.09034,1.0903,1820000,1120000
2020-04-07 14:04:40.914000,1.09033,1.09028,2000000,1820000
2020-04-07 14:04:41.117000,1.09033,1.09029,3070000,1500000
2020-04-07 14:04:41.218000,1.09034,1.09032,1510000,1000000
2020-04-07 14:04:41.269000,1.09039,1.09037,3000000,1000000
2020-04-07 14:04:41.371000,1.09042,1.09038,1220000,2070000
2020-04-07 14:04:41.472000,1.09043,1.09039,1970000,1200000
2020-04-07 14:04:41.573000,1.09044,1.0904,1100000,1950000
2020-04-07 14:04:41.675000,1.09045,1.0904,2200000,1950000
2020-04-07 14:04:41.776000,1.09045,1.0904,1270000,1950000
2020-04-07 14:04:41.978000,1.09046,1.09042,1350000,1500000
2020-04-07 14:04:42.080000,1.09047,1.09042,2800000,1870000
2020-04-07 14:04:42.195000,1.09048,1.09044,3150000,1000000
2020-04-07 14:04:42.347000,1.09049,1.09045,1970000,1870000
2020-04-07 14:04:42.448000,1.0905,1.09045,3550000,1700000
2020-04-07 14:04:42.549000,1.0905,1.09045,2320000,1700000
2020-04-07 14:04:43.156000,1.09051,1.09049,1010000,1000000
2020-04-07 14:04:43.257000,1.0905,1.09048,1370000,1000000
2020-04-07 14:04:43.358000,1.09052,1.09048,2250000,1870000
2020-04-07 14:04:43.662000,1.09053,1.0905,3450000,1000000
2020-04-07 14:04:43.763000,1.09051,1.09049,1250000,1120000
2020-04-07 14:04:43.864000,1.09052,1.09048,2250000,1310000
2020-04-07 14:04:43.965000,1.09052,1.09048,1650000,2750000
2020-04-07 14:04:44.067000,1.09053,1.09051,1100000,1000000
2020-04-07 14:04:44.168000,1.09054,1.09051,1000000,1120000
2020-04-07 14:04:44.841000,1.09055,1.09051,1870000,2320000
2020-04-07 14:04:45.961000,1.09055,1.09051,2120000,1570000
2020-04-07 14:04:46.691000,1.09053,1.09051,1000000,1000000
2020-04-07 14:04:46.792000,1.09053,1.09049,1000000,2250000
2020-04-07 14:04:47.003000,1.09054,1.09051,1760000,1000000
2020-04-07 14:04:47.399000,1.09053,1.0905,1000000,1570000
2020-04-07 14:04:47.501000,1.09053,1.0905,1950000,1000000
2020-04-07 14:04:47.754000,1.09053,1.09048,3600000,1310000
2020-04-07 14:04:48.839000,1.09049,1.09046,1000000,2600000
2020-04-07 14:04:48.941000,1.09046,1.09045,1000000,1000000
2020-04-07 14:04:49.042000,1.09048,1.09045,1720000,1000000
2020-04-07 14:04:49.143000,1.09048,1.09044,1500000,1120000
2020-04-07 14:04:50.402000,1.09045,1.09043,1750000,1100000
2020-04-07 14:04:50.504000,1.09045,1.09042,3000000,1000000
2020-04-07 14:04:54.187000,1.09044,1.09041,1120000,1120000
2020-04-07 14:04:54.289000,1.09041,1.09039,1200000,1120000
2020-04-07 14:04:54.390000,1.09041,1.09037,1570000,1750000
2020-04-07 14:04:54.491000,1.09041,1.09037,1100000,1250000
2020-04-07 14:04:55.176000,1.09042,1.09037,2450000,1450000
2020-04-07 14:04:55.277000,1.09042,1.09037,2450000,1390000
2020-04-07 14:04:56.326000,1.09042,1.09037,1950000,1100000
2020-04-07 14:04:56.445000,1.09042,1.09037,2100000,1250000
2020-04-07 14:04:57.139000,1.09042,1.09039,1200000,1250000
2020-04-07 14:04:57.241000,1.09042,1.0904,1000000,1000000
2020-04-07 14:04:58.997000,1.09042,1.09039,1000000,1310000
2020-04-07 14:05:00.285000,1.09043,1.09039,1120000,2590000
2020-04-07 14:05:00.386000,1.09043,1.0904,1120000,1000000
2020-04-07 14:05:02.076000,1.09045,1.09043,1750000,1000000
2020-04-07 14:05:02.127000,1.09047,1.09044,1120000,1000000
2020-04-07 14:05:02.228000,1.09048,1.09044,1370000,1500000
2020-04-07 14:05:02.329000,1.09048,1.09044,1310000,1500000
2020-04-07 14:05:02.532000,1.09048,1.09044,1000000,1590000
2020-04-07 14:05:02.794000,1.09048,1.09043,1120000,3460000
2020-04-07 14:05:03.624000,1.09045,1.09042,1200000,1350000
2020-04-07 14:05:03.726000,1.09044,1.0904,1120000,1250000
2020-04-07 14:05:03.878000,1.09044,1.09039,1000000,2400000
2020-04-07 14:05:03.981000,1.09044,1.09039,1500000,2400000
2020-04-07 14:05:04.387000,1.09044,1.09041,1310000,1310000
2020-04-07 14:05:04.489000,1.09043,1.09039,1000000,1570000
2020-04-07 14:05:04.641000,1.09043,1.0904,1120000,1000000
2020-04-07 14:05:07.377000,1.09046,1.09043,1890000,1200000
2020-04-07 14:05:07.428000,1.09048,1.09047,1000000,1000000
2020-04-07 14:05:07.530000,1.09051,1.09046,1500000,3090000
2020-04-07 14:05:07.631000,1.09051,1.09047,1000000,1810000
2020-04-07 14:05:08.085000,1.09051,1.09046,3070000,2450000
2020-04-07 14:05:09.110000,1.09051,1.09047,1870000,1200000
2020-04-07 14:05:09.564000,1.09049,1.09045,1000000,1800000
2020-04-07 14:05:09.666000,1.09049,1.09044,1000000,1970000
2020-04-07 14:05:09.969000,1.09049,1.09044,1500000,2210000
2020-04-07 14:05:10.782000,1.0905,1.09046,2000000,1570000
2020-04-07 14:05:10.884000,1.0905,1.09046,1870000,2020000
2020-04-07 14:05:11.360000,1.0905,1.09046,1000000,2520000
2020-04-07 14:05:12.322000,1.09051,1.09046,2060000,3300000
2020-04-07 14:05:12.425000,1.09051,1.09046,2190000,3300000
2020-04-07 14:05:12.527000,1.09049,1.09045,1000000,3390000
2020-04-07 14:05:13.210000,1.0905,1.09046,1120000,1570000
2020-04-07 14:05:13.614000,1.09048,1.09045,1000000,1840000
2020-04-07 14:05:14.069000,1.09046,1.09044,1000000,1100000
2020-04-07 14:05:14.170000,1.09043,1.09041,1000000,1100000
2020-04-07 14:05:14.221000,1.09043,1.0904,1000000,1310000
2020-04-07 14:05:14.373000,1.09043,1.09041,1000000,1000000
2020-04-07 14:05:14.474000,1.09043,1.0904,1500000,1250000
2020-04-07 14:05:14.929000,1.09043,1.09041,1500000,1000000
2020-04-07 14:05:15.383000,1.09043,1.09041,1120000,1000000
2020-04-07 14:05:15.485000,1.09043,1.0904,1120000,1310000
2020-04-07 14:05:16.728000,1.09046,1.09044,3450000,1000000
2020-04-07 14:05:16.780000,1.09047,1.09046,1000000,1250000
2020-04-07 14:05:16.881000,1.09049,1.09046,1310000,1310000
2020-04-07 14:05:18.226000,1.09049,1.09045,1790000,2250000
2020-04-07 14:05:18.327000,1.09049,1.09045,1970000,1120000
2020-04-07 14:05:21.601000,1.09048,1.09046,1310000,1000000
2020-04-07 14:05:21.862000,1.0905,1.09047,1770000,1000000
2020-04-07 14:05:21.963000,1.0905,1.09048,1010000,1000000
2020-04-07 14:05:22.115000,1.09052,1.09049,2070000,1000000
2020-04-07 14:05:22.732000,1.09052,1.09048,2070000,1310000
2020-04-07 14:05:23.088000,1.09052,1.09049,2000000,1000000
2020-04-07 14:05:24.222000,1.09052,1.0905,1120000,1000000
2020-04-07 14:05:25.754000,1.09053,1.09051,1500000,1250000
2020-04-07 14:05:26.117000,1.09056,1.09053,1700000,1760000
2020-04-07 14:05:26.168000,1.09059,1.09056,1690000,3310000
2020-04-07 14:05:26.269000,1.09061,1.09059,1220000,1120000
2020-04-07 14:05:26.371000,1.09061,1.09059,1000000,1310000
2020-04-07 14:05:26.523000,1.09061,1.0906,1000000,1000000
2020-04-07 14:05:26.777000,1.09062,1.0906,1000000,1000000
2020-04-07 14:05:26.937000,1.09062,1.09059,1000000,1310000
2020-04-07 14:05:27.526000,1.09062,1.09059,1000000,1370000
2020-04-07 14:05:27.678000,1.09063,1.09061,1000000,1000000
2020-04-07 14:05:29.141000,1.09062,1.09059,1000000,1120000
2020-04-07 14:05:29.598000,1.09059,1.09056,1000000,1120000
2020-04-07 14:05:29.699000,1.09062,1.09057,2900000,1250000
2020-04-07 14:05:29.800000,1.09062,1.09057,2260000,1000000
2020-04-07 14:05:30.208000,1.09061,1.09059,1000000,1000000
2020-04-07 14:05:30.713000,1.09061,1.09058,1000000,1100000
2020-04-07 14:05:31.784000,1.09062,1.09057,2400000,1000000
2020-04-07 14:05:31.886000,1.09062,1.09057,2470000,1000000
2020-04-07 14:05:31.987000,1.09062,1.09057,1570000,1000000
2020-04-07 14:05:32.088000,1.09062,1.09056,1760000,1120000
2020-04-07 14:05:32.192000,1.09061,1.09056,1570000,1250000
2020-04-07 14:05:32.293000,1.09062,1.09057,2340000,1000000
2020-04-07 14:05:32.395000,1.09062,1.09058,1270000,1000000
2020-04-07 14:05:32.705000,1.09062,1.09058,1450000,1000000
2020-04-07 14:05:33.582000,1.09062,1.09058,1390000,1000000
2020-04-07 14:05:34.097000,1.0906,1.09056,1000000,2210000
2020-04-07 14:05:34.198000,1.0906,1.09057,1000000,1250000
2020-04-07 14:05:34.689000,1.09062,1.09057,2920000,1000000
2020-04-07 14:05:34.791000,1.09061,1.09057,1200000,1000000
2020-04-07 14:05:35.095000,1.09061,1.09057,1570000,1120000
2020-04-07 14:05:35.197000,1.0906,1.09057,1000000,1120000
2020-04-07 14:05:37.577000,1.09061,1.09058,1750000,1000000
2020-04-07 14:05:37.678000,1.09061,1.09059,1500000,1100000
2020-04-07 14:05:37.779000,1.09062,1.09059,1120000,1200000
2020-04-07 14:05:38.098000,1.09062,1.09059,1000000,1850000
2020-04-07 14:05:39.485000,1.09066,1.09064,1620000,1000000
2020-04-07 14:05:39.586000,1.09066,1.09064,1000000,1000000
2020-04-07 14:05:40.192000,1.09067,1.09064,1000000,1000000
2020-04-07 14:05:41.297000,1.09067,1.09063,1000000,2060000
2020-04-07 14:05:41.806000,1.09064,1.09061,1000000,1620000
2020-04-07 14:05:41.857000,1.09065,1.0906,1120000,2200000
2020-04-07 14:05:42.009000,1.09065,1.0906,1310000,2770000
2020-04-07 14:05:42.212000,1.09064,1.0906,1000000,2020000
2020-04-07 14:05:42.642000,1.09065,1.0906,1870000,2210000
2020-04-07 14:05:43.751000,1.09063,1.0906,1000000,1200000
2020-04-07 14:05:43.852000,1.09063,1.09059,1000000,2320000
2020-04-07 14:05:43.954000,1.09063,1.09059,1000000,2660000
2020-04-07 14:05:44.105000,1.09064,1.09061,1000000,1600000
2020-04-07 14:05:44.207000,1.09064,1.09061,1120000,1120000
2020-04-07 14:05:44.560000,1.09063,1.0906,1120000,1120000
2020-04-07 14:05:47.706000,1.09063,1.09059,1120000,1870000
2020-04-07 14:05:47.857000,1.09063,1.09059,1370000,1870000
2020-04-07 14:05:47.959000,1.09064,1.0906,1810000,1500000
2020-04-07 14:05:48.060000,1.09063,1.09059,1120000,2320000
2020-04-07 14:05:48.981000,1.09064,1.0906,1870000,1500000
2020-04-07 14:05:49.575000,1.09064,1.0906,2500000,1000000
2020-04-07 14:05:51.758000,1.09064,1.0906,3370000,1000000
2020-04-07 14:05:54.165000,1.09063,1.09059,2060000,1120000
2020-04-07 14:05:54.218000,1.09054,1.09051,1500000,8100000
2020-04-07 14:05:54.319000,1.09055,1.0905,1620000,1010000
2020-04-07 14:05:54.420000,1.09056,1.09053,1000000,1000000
2020-04-07 14:05:54.521000,1.09057,1.09053,1700000,1000000
2020-04-07 14:05:55.587000,1.09057,1.09053,1750000,1200000
2020-04-07 14:05:55.688000,1.09058,1.09053,4120000,1570000
2020-04-07 14:05:56.307000,1.09057,1.09053,2000000,1120000
2020-04-07 14:05:56.408000,1.09058,1.09053,3570000,1760000
2020-04-07 14:05:57.395000,1.09058,1.09053,4500000,1570000
2020-04-07 14:05:58.621000,1.09054,1.09051,1000000,1870000
2020-04-07 14:05:58.672000,1.09054,1.0905,1500000,2170000
2020-04-07 14:05:58.972000,1.09053,1.09048,3120000,1890000
2020-04-07 14:05:59.073000,1.09052,1.09047,2940000,1120000
2020-04-07 14:06:00.092000,1.0905,1.09046,1120000,1000000
2020-04-07 14:06:00.193000,1.0905,1.09047,1120000,1000000
2020-04-07 14:06:01.023000,1.0905,1.09045,1120000,2510000
2020-04-07 14:06:01.124000,1.0905,1.09046,1620000,1120000
2020-04-07 14:06:01.643000,1.0905,1.09045,3310000,1270000
2020-04-07 14:06:01.745000,1.0905,1.09047,1200000,1000000
2020-04-07 14:06:02.199000,1.09052,1.09048,1810000,1000000
2020-04-07 14:06:02.250000,1.09052,1.09048,1250000,1120000
2020-04-07 14:06:02.783000,1.09052,1.09049,1000000,1000000
2020-04-07 14:06:03.378000,1.09052,1.09047,2060000,1500000
2020-04-07 14:06:03.429000,1.09051,1.09046,1750000,1700000
2020-04-07 14:06:03.631000,1.09049,1.09046,1000000,1620000
2020-04-07 14:06:04.079000,1.09049,1.09046,1000000,1120000
2020-04-07 14:06:04.847000,1.09049,1.09045,1120000,1200000
2020-04-07 14:06:04.949000,1.09049,1.09046,1310000,1000000
2020-04-07 14:06:05.151000,1.0905,1.09045,2370000,1200000
2020-04-07 14:06:05.960000,1.0905,1.09045,2510000,1570000
2020-04-07 14:06:06.061000,1.0905,1.09047,1310000,1000000
2020-04-07 14:06:08.414000,1.09051,1.09047,1120000,2000000
2020-04-07 14:06:09.325000,1.09051,1.09046,2190000,2070000
2020-04-07 14:06:11.799000,1.09051,1.09048,1120000,1100000
2020-04-07 14:06:12.822000,1.09051,1.09047,1500000,1570000
2020-04-07 14:06:13.833000,1.09051,1.09047,1120000,2450000
2020-04-07 14:06:13.985000,1.09054,1.09051,1620000,2440000
2020-04-07 14:06:14.087000,1.09057,1.09053,2120000,1120000
2020-04-07 14:06:14.188000,1.09057,1.09053,1310000,1120000
2020-04-07 14:06:15.879000,1.09056,1.09053,1000000,1120000
2020-04-07 14:06:16.573000,1.09053,1.09051,1000000,1760000
2020-04-07 14:06:16.674000,1.09051,1.09049,1250000,1200000
2020-04-07 14:06:16.725000,1.0905,1.09048,1250000,1000000
2020-04-07 14:06:16.827000,1.09047,1.09044,1690000,2600000
2020-04-07 14:06:16.928000,1.09046,1.09042,1000000,1250000
2020-04-07 14:06:17.029000,1.09047,1.09042,1750000,1270000
2020-04-07 14:06:17.283000,1.09042,1.09038,2250000,1800000
2020-04-07 14:06:17.384000,1.09039,1.09037,1000000,1000000
2020-04-07 14:06:18.529000,1.09038,1.09036,1000000,1600000
2020-04-07 14:06:18.732000,1.09039,1.09036,1000000,1500000
2020-04-07 14:06:18.934000,1.09039,1.09036,1120000,1120000
2020-04-07 14:06:19.035000,1.09039,1.09037,1000000,1120000
2020-04-07 14:06:19.187000,1.09038,1.09035,1000000,1770000
2020-04-07 14:06:19.289000,1.09037,1.09035,1000000,1000000
2020-04-07 14:06:19.688000,1.09037,1.09035,1500000,1000000
2020-04-07 14:06:19.890000,1.09037,1.09034,1500000,1000000
2020-04-07 14:06:19.993000,1.09036,1.09032,1120000,1600000
2020-04-07 14:06:20.094000,1.09037,1.09032,2750000,1310000
2020-04-07 14:06:20.196000,1.09037,1.09033,2260000,1000000
2020-04-07 14:06:20.297000,1.09033,1.09031,1000000,1200000
2020-04-07 14:06:20.399000,1.09033,1.0903,1120000,1000000
2020-04-07 14:06:20.630000,1.09033,1.0903,2120000,1000000
2020-04-07 14:06:20.731000,1.09032,1.09029,1000000,1120000
2020-04-07 14:06:20.933000,1.09032,1.09028,2060000,1000000
2020-04-07 14:06:21.136000,1.09031,1.09027,1310000,1000000
2020-04-07 14:06:21.237000,1.0903,1.09026,1120000,1760000
2020-04-07 14:06:21.607000,1.0903,1.09027,1120000,1000000
2020-04-07 14:06:23.046000,1.09029,1.09028,1000000,1000000
2020-04-07 14:06:23.098000,1.09032,1.09028,1120000,1200000
2020-04-07 14:06:23.199000,1.09032,1.09029,1750000,1000000
2020-04-07 14:06:23.807000,1.09031,1.09029,1000000,1700000
2020-04-07 14:06:24.809000,1.09031,1.09029,1000000,1100000
2020-04-07 14:06:25.216000,1.09031,1.09029,1000000,1720000
2020-04-07 14:06:25.267000,1.09035,1.09032,1510000,1000000
2020-04-07 14:06:25.368000,1.09032,1.0903,1000000,1120000
2020-04-07 14:06:25.621000,1.09033,1.0903,1000000,1310000
2020-04-07 14:06:25.773000,1.09034,1.09032,1000000,1000000
2020-04-07 14:06:25.875000,1.09032,1.09031,1000000,1000000
2020-04-07 14:06:26.027000,1.09032,1.0903,1000000,1000000
2020-04-07 14:06:26.079000,1.09035,1.0903,3820000,1000000
2020-04-07 14:06:26.130000,1.09032,1.0903,1000000,1000000
2020-04-07 14:06:26.666000,1.09032,1.09028,1000000,1390000
2020-04-07 14:06:26.919000,1.09032,1.09028,1000000,1370000
2020-04-07 14:06:27.172000,1.09033,1.09028,4060000,1570000
2020-04-07 14:06:27.491000,1.09032,1.09028,1000000,1000000
2020-04-07 14:06:27.998000,1.09033,1.09028,4060000,1570000
2020-04-07 14:06:28.977000,1.09033,1.09028,3190000,1570000
2020-04-07 14:06:30.862000,1.09031,1.09027,1000000,1770000
2020-04-07 14:06:32.194000,1.09031,1.09028,1000000,1890000
2020-04-07 14:06:32.500000,1.09031,1.09028,1000000,1570000
2020-04-07 14:06:32.753000,1.0903,1.09028,1000000,1000000
2020-04-07 14:06:33.330000,1.0903,1.09027,1000000,1570000
2020-04-07 14:06:33.431000,1.0903,1.09028,1000000,1000000
2020-04-07 14:06:35.931000,1.09031,1.09028,1000000,1570000
2020-04-07 14:06:36.134000,1.09031,1.09028,1000000,2520000
2020-04-07 14:06:36.236000,1.09031,1.09028,1000000,1650000
2020-04-07 14:06:37.110000,1.09031,1.09027,1750000,2150000
2020-04-07 14:06:37.211000,1.09031,1.09028,1250000,1100000
2020-04-07 14:06:40.536000,1.0903,1.09027,1250000,1100000
2020-04-07 14:06:40.587000,1.09031,1.09026,1250000,2900000
2020-04-07 14:06:42.167000,1.09031,1.09027,1250000,1870000
2020-04-07 14:06:42.268000,1.09031,1.09027,1250000,2000000
2020-04-07 14:06:43.937000,1.0903,1.09028,1000000,1100000
2020-04-07 14:06:46.839000,1.09029,1.09026,1250000,1000000
2020-04-07 14:06:46.891000,1.0902,1.09017,1000000,2470000
2020-04-07 14:06:46.993000,1.09021,1.09019,1620000,1250000
2020-04-07 14:06:47.096000,1.0902,1.09018,1120000,1100000
2020-04-07 14:06:48.123000,1.09019,1.09016,1000000,3600000
2020-04-07 14:06:48.224000,1.09019,1.09017,1120000,1100000
2020-04-07 14:06:49.235000,1.09019,1.09017,1000000,1600000
2020-04-07 14:06:49.786000,1.0902,1.09017,1000000,1600000
2020-04-07 14:06:50.160000,1.09018,1.09016,1000000,1600000
2020-04-07 14:06:50.261000,1.09019,1.09017,1000000,1000000
2020-04-07 14:06:50.363000,1.0902,1.09017,1000000,1000000
2020-04-07 14:06:50.464000,1.0902,1.09017,1750000,1000000
2020-04-07 14:06:51.074000,1.0902,1.09017,1310000,1000000
2020-04-07 14:06:51.175000,1.09018,1.09015,1000000,2020000
2020-04-07 14:06:51.277000,1.09017,1.09014,1000000,1600000
2020-04-07 14:06:52.135000,1.09018,1.09015,1000000,1850000
2020-04-07 14:06:52.287000,1.09018,1.09015,1250000,1000000
2020-04-07 14:06:52.388000,1.09018,1.09015,1000000,2200000
2020-04-07 14:06:53.016000,1.09016,1.09014,1000000,1000000
2020-04-07 14:06:53.117000,1.09016,1.09013,1000000,3570000
2020-04-07 14:06:53.573000,1.09018,1.09014,1000000,3450000
2020-04-07 14:06:56.308000,1.09019,1.09015,2060000,3820000
2020-04-07 14:06:56.612000,1.09019,1.09015,1690000,3820000
2020-04-07 14:06:57.596000,1.09019,1.09015,2060000,2700000
2020-04-07 14:06:58.404000,1.09023,1.0902,2910000,2950000
2020-04-07 14:06:58.506000,1.09023,1.09021,1000000,1250000
2020-04-07 14:06:58.880000,1.09024,1.09021,1000000,1000000
2020-04-07 14:06:59.954000,1.09025,1.0902,1250000,2520000
2020-04-07 14:07:00.510000,1.09025,1.09022,1000000,1100000
2020-04-07 14:07:00.914000,1.09026,1.09022,1250000,2320000
2020-04-07 14:07:01.016000,1.09026,1.09023,1250000,1200000
2020-04-07 14:07:01.168000,1.09026,1.09023,1000000,2070000
2020-04-07 14:07:01.269000,1.09027,1.09024,1310000,1120000
2020-04-07 14:07:01.573000,1.09028,1.09025,1000000,1950000
2020-04-07 14:07:01.624000,1.09031,1.09026,2800000,1120000
2020-04-07 14:07:01.675000,1.09029,1.09026,1250000,1120000
2020-04-07 14:07:01.776000,1.09031,1.09026,1720000,1000000
2020-04-07 14:07:01.878000,1.09031,1.09027,1250000,1700000
2020-04-07 14:07:01.979000,1.09031,1.09027,1750000,1700000
2020-04-07 14:07:02.080000,1.09033,1.09027,2820000,2020000
2020-04-07 14:07:02.131000,1.0903,1.09026,1000000,4240000
2020-04-07 14:07:02.232000,1.09029,1.09025,1870000,1200000
2020-04-07 14:07:02.334000,1.09029,1.09025,1000000,1250000
2020-04-07 14:07:02.435000,1.09031,1.09026,2150000,1000000
2020-04-07 14:07:02.688000,1.09029,1.09024,1500000,3150000
2020-04-07 14:07:02.790000,1.09028,1.09024,1870000,1510000
2020-04-07 14:07:03.307000,1.09027,1.09024,1000000,1250000
2020-04-07 14:07:04.402000,1.09029,1.09028,1000000,1000000
2020-04-07 14:07:04.453000,1.09035,1.0903,3470000,2700000
2020-04-07 14:07:05.060000,1.09033,1.09028,1500000,2600000
2020-04-07 14:07:05.162000,1.09032,1.09028,1500000,1370000
2020-04-07 14:07:05.263000,1.09032,1.09027,1700000,1000000
2020-04-07 14:07:05.516000,1.09029,1.09026,1000000,1200000
2020-04-07 14:07:05.840000,1.09029,1.09025,1500000,1200000
2020-04-07 14:07:06.499000,1.09029,1.09025,1500000,1450000
2020-04-07 14:07:06.807000,1.09029,1.09025,1500000,1200000
2020-04-07 14:07:07.477000,1.09031,1.09027,1310000,1570000
2020-04-07 14:07:07.528000,1.09031,1.09027,1250000,2320000
2020-04-07 14:07:07.629000,1.09033,1.0903,1250000,1750000
2020-04-07 14:07:07.731000,1.09034,1.0903,1120000,1810000
2020-04-07 14:07:09.683000,1.09035,1.09031,2060000,1100000
2020-04-07 14:07:10.730000,1.09035,1.0903,3390000,2560000
2020-04-07 14:07:10.832000,1.09034,1.0903,1750000,2120000
2020-04-07 14:07:10.933000,1.09033,1.09029,1870000,1310000
2020-04-07 14:07:11.035000,1.09032,1.09028,1000000,1850000
2020-04-07 14:07:11.588000,1.09032,1.09028,1310000,1650000
2020-04-07 14:07:12.699000,1.09031,1.09026,1750000,5050000
2020-04-07 14:07:12.800000,1.09029,1.09025,1250000,3560000
2020-04-07 14:07:12.851000,1.09029,1.09024,1500000,2710000
2020-04-07 14:07:12.952000,1.09031,1.09027,1100000,1000000
2020-04-07 14:07:13.053000,1.09029,1.09026,1000000,1570000
2020-04-07 14:07:13.206000,1.09028,1.09026,1000000,1200000
2020-04-07 14:07:13.257000,1.09029,1.09025,1000000,1100000
2020-04-07 14:07:13.308000,1.09026,1.09023,1000000,1990000
2020-04-07 14:07:13.460000,1.09027,1.09023,1500000,1800000
2020-04-07 14:07:13.561000,1.09026,1.09023,1000000,1200000
2020-04-07 14:07:13.662000,1.09024,1.09021,1000000,2800000
2020-04-07 14:07:13.763000,1.09024,1.09021,1000000,1650000
2020-04-07 14:07:13.865000,1.09021,1.09017,1000000,3800000
2020-04-07 14:07:13.966000,1.0902,1.09017,1000000,2400000
2020-04-07 14:07:14.320000,1.09021,1.09017,1000000,2950000
2020-04-07 14:07:14.471000,1.09021,1.09018,1000000,1200000
2020-04-07 14:07:14.682000,1.09022,1.09018,1000000,1700000
2020-04-07 14:07:14.733000,1.09025,1.09022,1100000,1500000
2020-04-07 14:07:14.784000,1.09028,1.09026,1500000,1200000
2020-04-07 14:07:14.885000,1.0903,1.09027,1000000,1100000
2020-04-07 14:07:14.987000,1.09031,1.09029,1000000,1100000
2020-04-07 14:07:15.088000,1.09031,1.09029,1000000,1100000
2020-04-07 14:07:15.786000,1.09032,1.09028,1000000,1100000
2020-04-07 14:07:15.888000,1.09029,1.09027,1000000,1100000
2020-04-07 14:07:15.939000,1.09028,1.09026,1000000,1840000
2020-04-07 14:07:15.989000,1.09026,1.09023,1000000,6920000
2020-04-07 14:07:16.091000,1.09026,1.09023,1000000,1650000
2020-04-07 14:07:16.192000,1.09025,1.09023,1000000,1200000
2020-04-07 14:07:16.294000,1.09025,1.09021,1000000,2800000
2020-04-07 14:07:16.478000,1.09026,1.09022,1250000,1800000
2020-04-07 14:07:16.579000,1.09025,1.09022,1000000,2050000
2020-04-07 14:07:17.387000,1.09028,1.09024,1500000,1600000
2020-04-07 14:07:17.489000,1.09029,1.09025,1000000,1450000
2020-04-07 14:07:18.408000,1.09029,1.09025,1000000,1010000
2020-04-07 14:07:18.510000,1.09029,1.09026,1000000,1000000
2020-04-07 14:07:19.011000,1.09032,1.09027,1120000,1910000
2020-04-07 14:07:19.113000,1.09032,1.0903,1000000,1100000
2020-04-07 14:07:20.186000,1.09035,1.09033,1500000,1500000
2020-04-07 14:07:20.288000,1.09036,1.09033,1250000,2070000
2020-04-07 14:07:20.693000,1.09034,1.09032,1000000,1200000
2020-04-07 14:07:20.794000,1.09033,1.09032,1000000,1120000
2020-04-07 14:07:21.207000,1.09035,1.09032,1000000,3120000
2020-04-07 14:07:21.308000,1.09036,1.09033,1000000,2260000
2020-04-07 14:07:21.410000,1.09037,1.09034,1000000,1700000
2020-04-07 14:07:22.840000,1.09036,1.09034,1000000,1120000
2020-04-07 14:07:23.332000,1.09034,1.09032,1250000,2070000
2020-04-07 14:07:23.434000,1.09032,1.09029,1000000,1510000
2020-04-07 14:07:23.535000,1.09029,1.09027,1120000,1200000
2020-04-07 14:07:23.637000,1.09029,1.09025,1120000,1860000
2020-04-07 14:07:23.740000,1.09029,1.09024,1120000,3670000
2020-04-07 14:07:23.841000,1.09029,1.09024,1120000,3520000
2020-04-07 14:07:24.274000,1.09026,1.09024,1000000,1790000
2020-04-07 14:07:24.375000,1.09026,1.09024,1000000,1310000
2020-04-07 14:07:24.791000,1.09027,1.09024,1120000,1450000
2020-04-07 14:07:25.711000,1.09026,1.09023,1000000,2700000
2020-04-07 14:07:26.218000,1.09027,1.09025,1000000,1750000
2020-04-07 14:07:26.268000,1.09028,1.09026,1120000,1250000
2020-04-07 14:07:26.370000,1.09028,1.09026,1000000,1390000
2020-04-07 14:07:30.065000,1.09029,1.09026,1310000,1250000
2020-04-07 14:07:30.167000,1.09028,1.09026,1000000,1010000
2020-04-07 14:07:30.268000,1.09028,1.09025,1120000,1000000
2020-04-07 14:07:30.369000,1.09027,1.09024,1120000,1000000
2020-04-07 14:07:32.020000,1.09023,1.09021,1000000,4500000
2020-04-07 14:07:32.121000,1.09023,1.09019,1700000,1390000
2020-04-07 14:07:32.274000,1.09021,1.09017,1120000,1820000
2020-04-07 14:07:34.119000,1.09022,1.09018,1500000,2270000
2020-04-07 14:07:34.221000,1.09022,1.09018,1500000,2210000
2020-04-07 14:07:34.559000,1.09022,1.09018,1120000,2340000
2020-04-07 14:07:34.660000,1.09023,1.0902,1120000,1120000
2020-04-07 14:07:34.761000,1.09022,1.0902,1000000,1120000
2020-04-07 14:07:34.863000,1.09023,1.0902,1120000,1120000
2020-04-07 14:07:35.781000,1.09025,1.09021,1810000,2350000
2020-04-07 14:07:35.883000,1.09029,1.09025,1000000,1850000
2020-04-07 14:07:35.985000,1.09029,1.09027,1000000,1100000
2020-04-07 14:07:36.932000,1.09032,1.09027,1500000,3110000
2020-04-07 14:07:37.185000,1.09032,1.09028,1870000,1450000
2020-04-07 14:07:39.516000,1.09031,1.09027,1120000,2340000
2020-04-07 14:07:39.619000,1.09031,1.09027,1000000,1650000
2020-04-07 14:07:40.277000,1.09031,1.09027,2500000,1570000
2020-04-07 14:07:40.378000,1.09031,1.09027,1500000,1570000
2020-04-07 14:07:40.580000,1.09031,1.09027,2870000,1120000
2020-04-07 14:07:40.732000,1.09031,1.09027,2060000,1120000
2020-04-07 14:07:40.834000,1.09031,1.09027,2870000,1120000
2020-04-07 14:07:41.239000,1.0903,1.09027,1820000,1000000
2020-04-07 14:07:41.340000,1.09029,1.09025,1750000,1770000
2020-04-07 14:07:41.453000,1.09029,1.09025,1000000,1770000
2020-04-07 14:07:42.851000,1.09029,1.09025,1750000,2150000
2020-04-07 14:07:43.104000,1.09029,1.09025,1000000,2150000
2020-04-07 14:07:43.659000,1.0903,1.09025,1010000,1770000
2020-04-07 14:07:43.924000,1.09028,1.09025,1000000,1770000
2020-04-07 14:07:43.975000,1.09016,1.09013,1100000,1250000
2020-04-07 14:07:44.026000,1.09016,1.09012,4000000,1570000
2020-04-07 14:07:44.128000,1.09014,1.09009,1120000,4670000
2020-04-07 14:07:44.280000,1.09014,1.09009,1500000,2420000
2020-04-07 14:07:44.837000,1.09014,1.0901,1310000,1200000
2020-04-07 14:07:45.779000,1.09009,1.09008,1000000,1570000
2020-04-07 14:07:45.880000,1.0901,1.09006,1000000,2210000
2020-04-07 14:07:45.981000,1.0901,1.09008,1000000,1250000
2020-04-07 14:07:46.083000,1.09011,1.09008,1120000,1000000
2020-04-07 14:07:46.134000,1.09013,1.09009,1870000,1200000
2020-04-07 14:07:46.235000,1.09014,1.09009,1120000,2650000
2020-04-07 14:07:46.438000,1.09014,1.09009,1120000,2020000
2020-04-07 14:07:46.590000,1.09014,1.09009,1870000,1820000
2020-04-07 14:07:46.691000,1.09014,1.09009,1870000,1760000
2020-04-07 14:07:46.793000,1.09012,1.09008,1500000,2070000
2020-04-07 14:07:47.550000,1.09014,1.09009,1950000,1570000
2020-04-07 14:07:47.651000,1.09014,1.09009,1760000,1700000
2020-04-07 14:07:47.854000,1.09015,1.09012,1000000,3070000
2020-04-07 14:07:47.955000,1.09018,1.09014,1500000,3410000
2020-04-07 14:07:48.056000,1.09018,1.09015,1000000,2070000
2020-04-07 14:07:48.374000,1.0902,1.09016,1120000,1120000
2020-04-07 14:07:48.995000,1.09021,1.09015,1890000,3150000
2020-04-07 14:07:49.651000,1.0902,1.09016,1370000,1750000
2020-04-07 14:07:49.752000,1.09019,1.09015,1310000,1950000
2020-04-07 14:07:49.804000,1.09017,1.09015,1000000,1270000
2020-04-07 14:07:49.956000,1.09019,1.09015,1120000,2450000
2020-04-07 14:07:50.057000,1.0902,1.09016,2700000,1120000
2020-04-07 14:07:50.158000,1.0902,1.09016,1890000,1120000
2020-04-07 14:07:50.411000,1.09021,1.09016,3320000,2450000
2020-04-07 14:07:50.563000,1.09021,1.09016,3320000,2450000
2020-04-07 14:07:50.664000,1.09019,1.09016,1310000,1310000
2020-04-07 14:07:51.732000,1.09019,1.09016,1000000,1500000
2020-04-07 14:07:52.673000,1.09018,1.09015,2500000,1000000
2020-04-07 14:07:52.724000,1.09018,1.09014,3000000,1760000
2020-04-07 14:07:52.875000,1.09017,1.09014,1370000,1120000
2020-04-07 14:07:53.166000,1.09018,1.09014,2190000,1370000
2020-04-07 14:07:53.684000,1.09018,1.09014,2000000,1570000
2020-04-07 14:07:53.735000,1.09018,1.09014,1500000,2070000
2020-04-07 14:07:53.836000,1.09017,1.09014,1250000,1510000
2020-04-07 14:07:54.038000,1.09017,1.09014,1690000,1760000
2020-04-07 14:07:55.117000,1.09016,1.09014,1250000,1120000
2020-04-07 14:07:55.218000,1.09016,1.09013,1250000,1750000
2020-04-07 14:07:55.580000,1.09017,1.09014,1000000,1600000
2020-04-07 14:07:55.732000,1.09019,1.09016,1250000,1000000
2020-04-07 14:07:55.833000,1.0902,1.09016,2510000,1500000
2020-04-07 14:07:56.137000,1.0902,1.09016,3000000,1760000
2020-04-07 14:07:56.289000,1.09019,1.09014,3010000,1700000
2020-04-07 14:07:56.390000,1.09019,1.09014,3260000,1200000
