time,ask,bid,ask_volume,bid_volume
2018-03-28 12:25:00.508000,1.06253,1.0625,1120000,2250000
2018-03-28 12:25:01.031000,1.06254,1.0625,1870000,4690000
2018-03-28 12:25:01.546000,1.06254,1.0625,2440000,4870000
2018-03-28 12:25:04.724000,1.06253,1.0625,1120000,2250000
2018-03-28 12:25:09.689000,1.0625,1.06249,1000000,1000000
2018-03-28 12:25:09.741000,1.06248,1.06246,5060000,1000000
2018-03-28 12:25:09.948000,1.06248,1.06244,5440000,2250000
2018-03-28 12:25:10.524000,1.06249,1.06245,3940000,1000000
2018-03-28 12:25:11.046000,1.06248,1.06244,2060000,2250000
2018-03-28 12:25:11.251000,1.06245,1.06243,4310000,1500000
2018-03-28 12:25:11.353000,1.06243,1.06239,5440000,1120000
2018-03-28 12:25:11.883000,1.06242,1.06238,1690000,3750000
2018-03-28 12:25:13.536000,1.06242,1.06238,3940000,3370000
2018-03-28 12:25:14.045000,1.06241,1.06238,2440000,2250000
2018-03-28 12:25:15.192000,1.0624,1.06238,2060000,1500000
2018-03-28 12:25:15.243000,1.0624,1.06236,2810000,1870000
2018-03-28 12:25:15.733000,1.0624,1.06238,1000000,1000000
2018-03-28 12:25:16.538000,1.06241,1.06238,1250000,3000000
2018-03-28 12:25:17.202000,1.06241,1.06238,1310000,2620000
2018-03-28 12:25:18.140000,1.06239,1.06237,1690000,1500000
2018-03-28 12:25:18.192000,1.06238,1.06234,3190000,3370000
2018-03-28 12:25:18.295000,1.06236,1.06233,1310000,1000000
2018-03-28 12:25:18.862000,1.06236,1.06233,1250000,1000000
2018-03-28 12:25:19.999000,1.06237,1.06233,1250000,2250000
2018-03-28 12:25:20.516000,1.06238,1.06234,3190000,3000000
2018-03-28 12:25:21.104000,1.06238,1.06233,1690000,4690000
2018-03-28 12:25:21.766000,1.06238,1.06235,2440000,2250000
2018-03-28 12:25:22.174000,1.06239,1.06235,1000000,6190000
2018-03-28 12:25:22.436000,1.06239,1.06235,3940000,2620000
2018-03-28 12:25:22.948000,1.06238,1.06235,5440000,2250000
2018-03-28 12:25:23.459000,1.06238,1.06235,1000000,2250000
2018-03-28 12:25:23.993000,1.06238,1.06235,1370000,2250000
2018-03-28 12:25:24.403000,1.06239,1.06238,1120000,1500000
2018-03-28 12:25:24.558000,1.06239,1.06235,2060000,7500000
2018-03-28 12:25:25.090000,1.06239,1.06235,2810000,2250000
2018-03-28 12:25:25.632000,1.06239,1.06236,4310000,2250000
2018-03-28 12:25:26.200000,1.06239,1.06236,1120000,3370000
2018-03-28 12:25:27.257000,1.0624,1.06238,2060000,1500000
2018-03-28 12:25:27.361000,1.06242,1.06238,6560000,3190000
2018-03-28 12:25:28.200000,1.06242,1.06238,6560000,3190000
2018-03-28 12:25:28.745000,1.06243,1.0624,10160000,2250000
2018-03-28 12:25:29.264000,1.06243,1.06238,8060000,7690000
2018-03-28 12:25:29.647000,1.06241,1.06238,3560000,1120000
2018-03-28 12:25:29.702000,1.06241,1.06238,3560000,1120000
2018-03-28 12:25:30.927000,1.06243,1.0624,2620000,3000000
2018-03-28 12:25:31.141000,1.0625,1.06246,2060000,1310000
2018-03-28 12:25:31.667000,1.0625,1.06246,1310000,1310000
2018-03-28 12:25:32.261000,1.06248,1.06246,1690000,1000000
2018-03-28 12:25:32.473000,1.06245,1.06242,1310000,3190000
2018-03-28 12:25:32.996000,1.06244,1.0624,3560000,1690000
2018-03-28 12:25:33.639000,1.06244,1.06239,3940000,2810000
2018-03-28 12:25:33.966000,1.06243,1.06239,1310000,3370000
2018-03-28 12:25:34.344000,1.06241,1.06237,2440000,3370000
2018-03-28 12:25:34.854000,1.06242,1.06239,1370000,1000000
2018-03-28 12:25:37.271000,1.06243,1.0624,1500000,1000000
2018-03-28 12:25:37.601000,1.06245,1.0624,5810000,6190000
2018-03-28 12:25:37.703000,1.06246,1.06243,1870000,1690000
2018-03-28 12:25:38.216000,1.06246,1.06242,2060000,1120000
2018-03-28 12:25:38.584000,1.06248,1.06244,2810000,1000000
2018-03-28 12:25:39.030000,1.06248,1.06244,1370000,1690000
2018-03-28 12:25:39.082000,1.06249,1.06244,5810000,2440000
2018-03-28 12:25:39.615000,1.06249,1.06245,5060000,3000000
2018-03-28 12:25:40.805000,1.0625,1.06246,2620000,2810000
2018-03-28 12:25:40.961000,1.0625,1.06247,1690000,1500000
2018-03-28 12:25:41.493000,1.0625,1.06246,1000000,2810000
2018-03-28 12:25:43.082000,1.06251,1.06246,3940000,3940000
2018-03-28 12:25:43.507000,1.06252,1.06248,2850000,1310000
2018-03-28 12:25:44.271000,1.06252,1.06248,1500000,1690000
2018-03-28 12:25:44.378000,1.06254,1.0625,2250000,2440000
2018-03-28 12:25:44.431000,1.06255,1.0625,2620000,5060000
2018-03-28 12:25:44.849000,1.06254,1.0625,1000000,2810000
2018-03-28 12:25:45.055000,1.06252,1.06249,1300000,6190000
2018-03-28 12:25:45.207000,1.0625,1.06246,3560000,2060000
2018-03-28 12:25:45.666000,1.06248,1.06243,4910000,7500000
2018-03-28 12:25:45.717000,1.06246,1.06242,2810000,2250000
2018-03-28 12:25:45.769000,1.06245,1.06242,3040000,1500000
2018-03-28 12:25:46.273000,1.06245,1.0624,4350000,2060000
2018-03-28 12:25:46.833000,1.06244,1.06239,3750000,5060000
2018-03-28 12:25:47.386000,1.06242,1.06238,2440000,6000000
2018-03-28 12:25:47.923000,1.06241,1.06238,1120000,3560000
2018-03-28 12:25:48.272000,1.06245,1.06243,1000000,2810000
2018-03-28 12:25:48.324000,1.06247,1.06243,1870000,4310000
2018-03-28 12:25:48.837000,1.06248,1.06243,4160000,4310000
2018-03-28 12:25:48.996000,1.06246,1.06243,1690000,1000000
2018-03-28 12:25:49.961000,1.06246,1.06242,2060000,3370000
2018-03-28 12:25:51.838000,1.06245,1.0624,3940000,5620000
2018-03-28 12:25:52.353000,1.06243,1.06239,1310000,2510000
2018-03-28 12:25:52.900000,1.06241,1.06236,1690000,3820000
2018-03-28 12:25:52.952000,1.06241,1.06236,3190000,4500000
2018-03-28 12:25:53.491000,1.06242,1.06238,1120000,3000000
2018-03-28 12:25:54.009000,1.06243,1.06239,3190000,1000000
2018-03-28 12:25:54.382000,1.06244,1.0624,4120000,3190000
2018-03-28 12:25:54.694000,1.0625,1.06246,2440000,1120000
2018-03-28 12:25:55.223000,1.06251,1.06246,3940000,2250000
2018-03-28 12:25:55.894000,1.06251,1.06247,1310000,1870000
2018-03-28 12:25:56.435000,1.06252,1.06247,2440000,3000000
2018-03-28 12:25:57.520000,1.06251,1.06247,2810000,2620000
2018-03-28 12:25:58.029000,1.0625,1.06246,1690000,1120000
2018-03-28 12:25:59.277000,1.0625,1.06246,2440000,1120000
2018-03-28 12:26:01.079000,1.0625,1.06245,2810000,2620000
2018-03-28 12:26:01.631000,1.0625,1.06245,3190000,2620000
2018-03-28 12:26:02.145000,1.06247,1.06245,1620000,1000000
2018-03-28 12:26:02.197000,1.06247,1.06242,3560000,3750000
2018-03-28 12:26:03.717000,1.06246,1.06241,3560000,3000000
2018-03-28 12:26:04.349000,1.06246,1.06241,2810000,1870000
2018-03-28 12:26:05.604000,1.06245,1.06241,1690000,1120000
2018-03-28 12:26:06.110000,1.06245,1.0624,2060000,2700000
2018-03-28 12:26:13.672000,1.06244,1.0624,1250000,4950000
2018-03-28 12:26:14.205000,1.06245,1.06241,1120000,1000000
2018-03-28 12:26:14.307000,1.06246,1.06243,1000000,2620000
2018-03-28 12:26:14.853000,1.06248,1.06244,2440000,1000000
2018-03-28 12:26:19.349000,1.06244,1.06243,1250000,2250000
2018-03-28 12:26:19.401000,1.06243,1.06241,1250000,1120000
2018-03-28 12:26:20.378000,1.06243,1.0624,1250000,1120000
2018-03-28 12:26:21.961000,1.06243,1.06239,1310000,1870000
2018-03-28 12:26:22.511000,1.06243,1.06239,1310000,1870000
2018-03-28 12:26:23.449000,1.06243,1.06239,1310000,1870000
2018-03-28 12:26:23.983000,1.06242,1.06239,1310000,3750000
2018-03-28 12:26:24.727000,1.06241,1.06239,1250000,1000000
2018-03-28 12:26:24.780000,1.06239,1.06238,1250000,1000000
2018-03-28 12:26:24.833000,1.06238,1.06236,1310000,1500000
2018-03-28 12:26:25.111000,1.06238,1.06234,1690000,1500000
2018-03-28 12:26:27.110000,1.06238,1.06235,2060000,1000000
2018-03-28 12:26:27.625000,1.06238,1.06234,1690000,1120000
2018-03-28 12:26:28.430000,1.06239,1.06235,1000000,3370000
2018-03-28 12:26:28.947000,1.06239,1.06235,2810000,1120000
2018-03-28 12:26:29.601000,1.0624,1.06236,2810000,1000000
2018-03-28 12:26:29.917000,1.06237,1.06235,1690000,3000000
2018-03-28 12:26:30.479000,1.06237,1.06235,1310000,1000000
2018-03-28 12:26:30.987000,1.06237,1.06234,1310000,5250000
2018-03-28 12:26:33.964000,1.06236,1.06233,1250000,2250000
2018-03-28 12:26:35.503000,1.06238,1.06233,4450000,3000000
2018-03-28 12:26:36.005000,1.06238,1.06234,1550000,1870000
2018-03-28 12:26:36.311000,1.06239,1.06236,1310000,1870000
2018-03-28 12:26:36.977000,1.06241,1.06238,2000000,1000000
2018-03-28 12:26:37.237000,1.06241,1.06238,1310000,1000000
2018-03-28 12:26:37.755000,1.06242,1.06238,2440000,4120000
2018-03-28 12:26:38.292000,1.06242,1.06238,2440000,2620000
2018-03-28 12:26:38.809000,1.06242,1.06239,1250000,1870000
2018-03-28 12:26:39.729000,1.06241,1.06239,1190000,1870000
2018-03-28 12:26:40.439000,1.06242,1.06239,2810000,1870000
2018-03-28 12:26:41.029000,1.06241,1.06239,1310000,1120000
2018-03-28 12:26:42.292000,1.06241,1.06238,1310000,2700000
2018-03-28 12:26:45.013000,1.06242,1.06238,3940000,5620000
2018-03-28 12:26:45.556000,1.06241,1.06239,1310000,1000000
2018-03-28 12:26:46.074000,1.0624,1.06238,1190000,1500000
2018-03-28 12:26:49.209000,1.06241,1.06236,1500000,6940000
2018-03-28 12:26:49.367000,1.06243,1.06239,4310000,4120000
2018-03-28 12:26:49.895000,1.06243,1.0624,1310000,1000000
2018-03-28 12:26:50.535000,1.06243,1.06242,1250000,1000000
2018-03-28 12:26:51.054000,1.06244,1.06241,1250000,79870003
2018-03-28 12:26:51.885000,1.06245,1.0624,2440000,81190002
2018-03-28 12:26:52.812000,1.06243,1.0624,1690000,1120000
2018-03-28 12:26:53.139000,1.06243,1.0624,2060000,1750000
2018-03-28 12:26:53.722000,1.06243,1.06239,1690000,2620000
2018-03-28 12:26:58.090000,1.06243,1.06239,5060000,2620000
2018-03-28 12:26:58.419000,1.06239,1.06237,1250000,1500000
2018-03-28 12:27:00.287000,1.06241,1.06238,2810000,1870000
2018-03-28 12:27:00.834000,1.06242,1.06238,5440000,3370000
2018-03-28 12:27:02.442000,1.06242,1.06238,5440000,2620000
2018-03-28 12:27:02.964000,1.06242,1.06238,3190000,3560000
2018-03-28 12:27:06.215000,1.06242,1.06239,2250000,1690000
2018-03-28 12:27:07.525000,1.06242,1.06238,6560000,1500000
2018-03-28 12:27:07.890000,1.0624,1.06235,3750000,5590000
2018-03-28 12:27:08.427000,1.06239,1.06235,1870000,1690000
2018-03-28 12:27:10.733000,1.06238,1.06234,1120000,2810000
2018-03-28 12:27:11.334000,1.06238,1.06234,1120000,2810000
2018-03-28 12:27:11.691000,1.06235,1.06231,1690000,5960000
2018-03-28 12:27:13.578000,1.06235,1.06231,3560000,1250000
2018-03-28 12:27:14.458000,1.06235,1.06231,1690000,2810000
2018-03-28 12:27:14.510000,1.06237,1.06235,5250000,4120000
2018-03-28 12:27:14.620000,1.0624,1.06235,6560000,3000000
2018-03-28 12:27:14.829000,1.06238,1.06234,1870000,2060000
2018-03-28 12:27:15.143000,1.06236,1.06232,2440000,1500000
2018-03-28 12:27:15.680000,1.06234,1.0623,1250000,4160000
2018-03-28 12:27:16.198000,1.06234,1.0623,1310000,3790000
2018-03-28 12:27:16.594000,1.06234,1.0623,1000000,6410000
2018-03-28 12:27:16.805000,1.06236,1.06231,2440000,2810000
2018-03-28 12:27:16.970000,1.06236,1.06232,1690000,1870000
2018-03-28 12:27:18.274000,1.06236,1.06232,1690000,1870000
2018-03-28 12:27:18.663000,1.06238,1.06235,1690000,1370000
2018-03-28 12:27:20.561000,1.06237,1.06233,1250000,3000000
2018-03-28 12:27:22.968000,1.06234,1.06232,1250000,2620000
2018-03-28 12:27:27.558000,1.06236,1.06232,2250000,2440000
2018-03-28 12:27:28.135000,1.06236,1.06232,1870000,2060000
2018-03-28 12:27:28.869000,1.06237,1.06234,1000000,1000000
2018-03-28 12:27:29.794000,1.06237,1.06236,1000000,1000000
2018-03-28 12:27:29.848000,1.06241,1.06238,1500000,4310000
2018-03-28 12:27:30.394000,1.06243,1.06238,2550000,6190000
2018-03-28 12:27:30.963000,1.06243,1.06238,2550000,6190000
2018-03-28 12:27:31.514000,1.06243,1.06239,1800000,1500000
2018-03-28 12:27:33.184000,1.06242,1.06238,2440000,4870000
2018-03-28 12:27:34.793000,1.06241,1.06238,1800000,2250000
2018-03-28 12:27:34.846000,1.06242,1.06238,4420000,3940000
2018-03-28 12:27:38.191000,1.0624,1.06238,2620000,1120000
2018-03-28 12:27:38.777000,1.06241,1.06239,1000000,1250000
2018-03-28 12:27:45.289000,1.06242,1.06239,2550000,1120000
2018-03-28 12:27:45.341000,1.06243,1.06239,2170000,1120000
2018-03-28 12:27:45.854000,1.06243,1.06239,1800000,3370000
2018-03-28 12:27:46.438000,1.06243,1.0624,1150000,1120000
2018-03-28 12:27:46.774000,1.06246,1.06242,5620000,2440000
2018-03-28 12:27:47.290000,1.06247,1.06243,1000000,1690000
2018-03-28 12:27:48.898000,1.06248,1.06243,4310000,6560000
2018-03-28 12:27:49.438000,1.06248,1.06245,1120000,1000000
2018-03-28 12:27:50.536000,1.06249,1.06245,1310000,3000000
2018-03-28 12:27:51.053000,1.0625,1.06246,2440000,1250000
2018-03-28 12:27:51.833000,1.06251,1.06248,5810000,1500000
2018-03-28 12:27:51.936000,1.06252,1.06249,2620000,1870000
2018-03-28 12:27:52.446000,1.06253,1.06249,1500000,3190000
2018-03-28 12:27:52.927000,1.06253,1.06251,1120000,1000000
2018-03-28 12:27:53.382000,1.06254,1.06249,1690000,4690000
2018-03-28 12:27:56.819000,1.06254,1.06249,1500000,5060000
2018-03-28 12:28:00.084000,1.06254,1.06251,1250000,2440000
2018-03-28 12:28:00.263000,1.06257,1.06255,1000000,2060000
2018-03-28 12:28:00.315000,1.06261,1.06256,3560000,1990000
2018-03-28 12:28:00.572000,1.06262,1.06257,3790000,3670000
2018-03-28 12:28:00.981000,1.06264,1.06261,2250000,2060000
2018-03-28 12:28:01.308000,1.06268,1.06263,1750000,3110000
2018-03-28 12:28:01.858000,1.06268,1.06264,1690000,1300000
2018-03-28 12:28:02.273000,1.06269,1.06266,1000000,1800000
2018-03-28 12:28:02.532000,1.06271,1.06267,1000000,1550000
2018-03-28 12:28:02.770000,1.06276,1.06272,1000000,1690000
2018-03-28 12:28:03.284000,1.06277,1.06274,1370000,1000000
2018-03-28 12:28:03.793000,1.06277,1.06273,1000000,4500000
2018-03-28 12:28:04.197000,1.06275,1.06271,1620000,1500000
2018-03-28 12:28:04.769000,1.06275,1.0627,2000000,7950000
2018-03-28 12:28:05.196000,1.06274,1.06271,1250000,2000000
2018-03-28 12:28:05.248000,1.06275,1.06271,4540000,1870000
2018-03-28 12:28:05.757000,1.06275,1.06272,2060000,1120000
2018-03-28 12:28:06.900000,1.06274,1.06271,1910000,1690000
2018-03-28 12:28:07.466000,1.06272,1.06269,1690000,3370000
2018-03-28 12:28:07.529000,1.06272,1.0627,1910000,1000000
2018-03-28 12:28:07.583000,1.0627,1.06266,2100000,3940000
2018-03-28 12:28:07.739000,1.0627,1.06266,3790000,1500000
2018-03-28 12:28:07.995000,1.0627,1.06266,2660000,1120000
2018-03-28 12:28:08.147000,1.0627,1.06266,3790000,1500000
2018-03-28 12:28:08.302000,1.06266,1.06263,3040000,1000000
2018-03-28 12:28:08.406000,1.06258,1.06255,2470000,1120000
2018-03-28 12:28:08.569000,1.06255,1.06252,1310000,1870000
2018-03-28 12:28:08.621000,1.06254,1.06252,1370000,1870000
2018-03-28 12:28:08.672000,1.06254,1.0625,3000000,1000000
2018-03-28 12:28:09.677000,1.06253,1.06249,1250000,3370000
2018-03-28 12:28:11.243000,1.06253,1.06249,1000000,3190000
2018-03-28 12:28:12.030000,1.06255,1.0625,6040000,1310000
2018-03-28 12:28:12.565000,1.06254,1.0625,1000000,1870000
2018-03-28 12:28:15.174000,1.06256,1.06254,1000000,1000000
2018-03-28 12:28:15.227000,1.06259,1.06254,4870000,3560000
2018-03-28 12:28:16.234000,1.06259,1.06255,1120000,2060000
2018-03-28 12:28:18.071000,1.06261,1.06256,4500000,2060000
2018-03-28 12:28:19.803000,1.0626,1.06256,1350000,1690000
2018-03-28 12:28:21.017000,1.06259,1.06255,1370000,1000000
2018-03-28 12:28:25.439000,1.06258,1.06254,1120000,1310000
2018-03-28 12:28:26.031000,1.06258,1.06254,2620000,1250000
2018-03-28 12:28:26.679000,1.06258,1.06256,1870000,1310000
2018-03-28 12:28:26.730000,1.0626,1.06256,1870000,1310000
2018-03-28 12:28:30.642000,1.06261,1.06257,3970000,1000000
2018-03-28 12:28:38.061000,1.06261,1.06258,1120000,1000000
2018-03-28 12:28:38.578000,1.06263,1.06259,5810000,1000000
2018-03-28 12:28:39.236000,1.06261,1.06258,1120000,1000000
2018-03-28 12:28:40.357000,1.06261,1.06257,3370000,1310000
2018-03-28 12:28:40.742000,1.06261,1.06257,4500000,2290000
2018-03-28 12:28:40.898000,1.06265,1.06262,1870000,1690000
2018-03-28 12:28:40.951000,1.06267,1.06266,1500000,1250000
2018-03-28 12:28:41.003000,1.06271,1.06267,1370000,1250000
2018-03-28 12:28:41.055000,1.06272,1.06267,3370000,2810000
2018-03-28 12:28:42.556000,1.06273,1.06269,1370000,1250000
2018-03-28 12:28:44.939000,1.06272,1.06268,1000000,1690000
2018-03-28 12:28:45.247000,1.06275,1.06271,2250000,1250000
2018-03-28 12:28:45.993000,1.06275,1.06271,1120000,3560000
2018-03-28 12:28:46.523000,1.06276,1.06271,2620000,3560000
2018-03-28 12:28:48.677000,1.06274,1.06271,1120000,2250000
2018-03-28 12:28:49.253000,1.06275,1.06271,2250000,1190000
2018-03-28 12:28:50.661000,1.06273,1.06269,1750000,1310000
2018-03-28 12:28:50.713000,1.06273,1.06269,1500000,3190000
2018-03-28 12:28:51.229000,1.06275,1.06271,2620000,1250000
2018-03-28 12:28:51.403000,1.06271,1.0627,1000000,1000000
2018-03-28 12:28:51.506000,1.06274,1.0627,1670000,1250000
2018-03-28 12:28:52.036000,1.06275,1.06271,3370000,1250000
2018-03-28 12:28:52.624000,1.06275,1.06271,1750000,1190000
2018-03-28 12:28:53.125000,1.06275,1.06271,1370000,1190000
2018-03-28 12:28:55.638000,1.06276,1.06271,4910000,1310000
2018-03-28 12:28:55.742000,1.06276,1.06271,2810000,1250000
2018-03-28 12:28:56.277000,1.06276,1.06271,5660000,1310000
2018-03-28 12:28:56.785000,1.06274,1.06271,1120000,1500000
2018-03-28 12:28:56.839000,1.06273,1.06271,1370000,1500000
2018-03-28 12:28:57.422000,1.06273,1.06268,1370000,2890000
2018-03-28 12:28:58.214000,1.06273,1.06269,3000000,1760000
2018-03-28 12:28:58.753000,1.06273,1.0627,1870000,1200000
2018-03-28 12:29:00.106000,1.06274,1.06271,1000000,1000000
2018-03-28 12:29:00.615000,1.06276,1.06271,11850000,1500000
2018-03-28 12:29:01.863000,1.06276,1.06271,2250000,3750000
2018-03-28 12:29:05.970000,1.06277,1.06275,1870000,1000000
2018-03-28 12:29:06.230000,1.06279,1.06273,6600000,3000000
2018-03-28 12:29:06.768000,1.06277,1.06272,3220000,2250000
2018-03-28 12:29:08.433000,1.06278,1.06272,6600000,5250000
2018-03-28 12:29:13.033000,1.06278,1.06273,2250000,4500000
2018-03-28 12:29:13.573000,1.06277,1.06273,1120000,1870000
2018-03-28 12:29:14.397000,1.06278,1.06274,2250000,1000000
2018-03-28 12:29:14.922000,1.06278,1.06273,4350000,1120000
2018-03-28 12:29:16.252000,1.06277,1.06273,1500000,1120000
2018-03-28 12:29:16.916000,1.06277,1.06272,1870000,1870000
2018-03-28 12:29:17.855000,1.06276,1.06272,1500000,1120000
2018-03-28 12:29:21.602000,1.06274,1.0627,5620000,2250000
2018-03-28 12:29:21.653000,1.06275,1.06271,2620000,1000000
2018-03-28 12:29:22.233000,1.06275,1.06271,1750000,1000000
2018-03-28 12:29:22.742000,1.06274,1.0627,1870000,5250000
2018-03-28 12:29:24.118000,1.06274,1.0627,1500000,6000000
2018-03-28 12:29:24.283000,1.06274,1.06271,1120000,1370000
2018-03-28 12:29:24.805000,1.06275,1.06272,1000000,1000000
2018-03-28 12:29:25.359000,1.06274,1.0627,5620000,2250000
2018-03-28 12:29:25.411000,1.06274,1.06271,1500000,1000000
2018-03-28 12:29:25.462000,1.06275,1.0627,2620000,6750000
2018-03-28 12:29:27.791000,1.06273,1.0627,1370000,3750000
2018-03-28 12:29:28.263000,1.06274,1.0627,1500000,4870000
2018-03-28 12:29:28.796000,1.06274,1.0627,1500000,4870000
2018-03-28 12:29:30.230000,1.06274,1.0627,1120000,4870000
2018-03-28 12:29:31.910000,1.06275,1.0627,3370000,6370000
2018-03-28 12:29:32.420000,1.06275,1.06271,1120000,1000000
2018-03-28 12:29:33.378000,1.06276,1.06271,1120000,1000000
2018-03-28 12:29:38.940000,1.06275,1.06271,1000000,1000000
2018-03-28 12:29:40.292000,1.06277,1.06271,5100000,1500000
2018-03-28 12:29:40.794000,1.06274,1.0627,1350000,3750000
2018-03-28 12:29:41.313000,1.06276,1.06271,1500000,1000000
2018-03-28 12:29:42.770000,1.06276,1.06272,2250000,1000000
2018-03-28 12:29:42.822000,1.06277,1.06273,1300000,1000000
2018-03-28 12:29:43.870000,1.06277,1.06272,3220000,1000000
2018-03-28 12:29:44.497000,1.06277,1.06272,4350000,1000000
2018-03-28 12:29:45.023000,1.06276,1.06271,3600000,1500000
2018-03-28 12:29:45.532000,1.06275,1.06271,1000000,1500000
2018-03-28 12:29:46.043000,1.06275,1.06272,1000000,1000000
2018-03-28 12:29:46.497000,1.06276,1.06271,2250000,1000000
2018-03-28 12:29:46.653000,1.06275,1.06269,2100000,1000000
2018-03-28 12:29:46.758000,1.06273,1.06271,1000000,1000000
2018-03-28 12:29:46.810000,1.06276,1.06273,1500000,1000000
2018-03-28 12:29:47.179000,1.06276,1.06271,2250000,1500000
2018-03-28 12:29:47.692000,1.06276,1.0627,1500000,2250000
2018-03-28 12:29:48.199000,1.06276,1.06271,1000000,1000000
2018-03-28 12:29:48.828000,1.06276,1.0627,1500000,3000000
2018-03-28 12:29:49.375000,1.06276,1.06271,1500000,1000000
2018-03-28 12:29:50.047000,1.06276,1.0627,1000000,1500000
2018-03-28 12:29:50.486000,1.06278,1.0627,1500000,1500000
2018-03-28 12:29:50.742000,1.0628,1.06271,1500000,1000000
2018-03-28 12:29:51.076000,1.06274,1.0627,1000000,1500000
2018-03-28 12:29:51.229000,1.06279,1.0627,1000000,1500000
2018-03-28 12:29:51.594000,1.06277,1.0627,1000000,1500000
2018-03-28 12:29:51.905000,1.06276,1.06274,1000000,1000000
2018-03-28 12:29:51.956000,1.06278,1.0627,1570000,3750000
2018-03-28 12:29:52.162000,1.06279,1.0627,1500000,3750000
2018-03-28 12:29:52.267000,1.06279,1.06272,1500000,1000000
2018-03-28 12:29:52.606000,1.06276,1.0627,1000000,3750000
2018-03-28 12:29:52.659000,1.06278,1.0627,1500000,3750000
2018-03-28 12:29:52.869000,1.06276,1.0627,1000000,3750000
2018-03-28 12:29:53.456000,1.06277,1.06271,1500000,1000000
2018-03-28 12:29:53.980000,1.06276,1.0627,1000000,3000000
2018-03-28 12:29:55.031000,1.06277,1.0627,2250000,1870000
2018-03-28 12:29:55.387000,1.06274,1.0627,1000000,3000000
2018-03-28 12:29:55.982000,1.06275,1.0627,1500000,3000000
2018-03-28 12:29:56.491000,1.06277,1.0627,2250000,3000000
2018-03-28 12:29:57.006000,1.06274,1.0627,1000000,1870000
2018-03-28 12:29:57.266000,1.06276,1.0627,1000000,1870000
2018-03-28 12:29:57.473000,1.06274,1.0627,1000000,1870000
2018-03-28 12:29:57.707000,1.06276,1.0627,1000000,3000000
2018-03-28 12:29:57.865000,1.06274,1.0627,1000000,3000000
2018-03-28 12:29:58.228000,1.06277,1.06268,1000000,1450000
2018-03-28 12:29:58.854000,1.06276,1.0627,1000000,1120000
2018-03-28 12:29:59.133000,1.06278,1.0627,1000000,1120000
2018-03-28 12:29:59.288000,1.06276,1.0627,1000000,1120000
2018-03-28 12:29:59.533000,1.06278,1.0627,1500000,1870000
2018-03-28 12:29:59.824000,1.06273,1.0627,1000000,1500000
2018-03-28 12:30:00.032000,1.06279,1.06273,1370000,1000000
2018-03-28 12:30:00.085000,1.06279,1.0627,1370000,1500000
2018-03-28 12:30:00.189000,1.06279,1.0627,1000000,1500000
2018-03-28 12:30:00.241000,1.06282,1.06274,1000000,1000000
2018-03-28 12:30:00.548000,1.06277,1.0627,1000000,1000000
2018-03-28 12:30:00.830000,1.0628,1.0627,1500000,3000000
2018-03-28 12:30:00.933000,1.06278,1.0627,1000000,3000000
2018-03-28 12:30:01.485000,1.06279,1.0627,1500000,3750000
2018-03-28 12:30:01.816000,1.06279,1.06272,1000000,1500000
2018-03-28 12:30:01.869000,1.06301,1.06288,1370000,1000000
2018-03-28 12:30:01.921000,1.06301,1.06294,1000000,3750000
2018-03-28 12:30:02.232000,1.06303,1.06296,1000000,1120000
2018-03-28 12:30:02.331000,1.06298,1.06288,1500000,1000000
2018-03-28 12:30:02.383000,1.06302,1.06295,1000000,2620000
2018-03-28 12:30:02.537000,1.06302,1.06292,1500000,3750000
2018-03-28 12:30:02.641000,1.06302,1.06299,3000000,2620000
2018-03-28 12:30:02.745000,1.06302,1.06291,1000000,1000000
2018-03-28 12:30:02.848000,1.06297,1.06291,1000000,1000000
2018-03-28 12:30:03.189000,1.06292,1.06287,1000000,3000000
2018-03-28 12:30:03.454000,1.06296,1.06289,1000000,5620000
2018-03-28 12:30:03.506000,1.06297,1.06289,2250000,3370000
2018-03-28 12:30:03.725000,1.06302,1.06296,1500000,1000000
2018-03-28 12:30:03.883000,1.0631,1.06302,1000000,1450000
2018-03-28 12:30:03.985000,1.06304,1.06301,1000000,1000000
2018-03-28 12:30:04.292000,1.06311,1.06304,3220000,1100000
2018-03-28 12:30:04.446000,1.06316,1.06309,1000000,2700000
2018-03-28 12:30:04.650000,1.06315,1.06309,1000000,1000000
2018-03-28 12:30:04.701000,1.06316,1.06309,1000000,2250000
2018-03-28 12:30:04.753000,1.0632,1.06309,1000000,3820000
2018-03-28 12:30:04.855000,1.0632,1.06309,1000000,3450000
2018-03-28 12:30:05.160000,1.06318,1.06308,2250000,1500000
2018-03-28 12:30:05.364000,1.06316,1.06308,1000000,1870000
2018-03-28 12:30:05.669000,1.06318,1.06309,1500000,1500000
2018-03-28 12:30:06.096000,1.06316,1.06309,1000000,1950000
2018-03-28 12:30:06.404000,1.06317,1.06314,1000000,1000000
2018-03-28 12:30:06.457000,1.06324,1.06315,1000000,3000000
2018-03-28 12:30:06.508000,1.0632,1.06315,1000000,1500000
2018-03-28 12:30:06.717000,1.06323,1.06315,1000000,5250000
2018-03-28 12:30:06.975000,1.06324,1.06318,1870000,1000000
2018-03-28 12:30:07.078000,1.06324,1.06315,2250000,3450000
2018-03-28 12:30:07.235000,1.06327,1.06318,1500000,3750000
2018-03-28 12:30:07.543000,1.06324,1.06318,1000000,3000000
2018-03-28 12:30:07.648000,1.0633,1.06321,2850000,1870000
2018-03-28 12:30:08.005000,1.06328,1.06319,1120000,3000000
2018-03-28 12:30:08.369000,1.06329,1.06322,1500000,1000000
2018-03-28 12:30:08.676000,1.06327,1.06321,1350000,1000000
2018-03-28 12:30:08.779000,1.0633,1.06321,2250000,1000000
2018-03-28 12:30:09.038000,1.0633,1.06322,1350000,1500000
2018-03-28 12:30:09.359000,1.06332,1.06327,1000000,1000000
2018-03-28 12:30:09.623000,1.06338,1.06329,1620000,1000000
2018-03-28 12:30:10.018000,1.06335,1.06331,1000000,1000000
2018-03-28 12:30:10.071000,1.06341,1.06331,3940000,1000000
2018-03-28 12:30:10.124000,1.0634,1.06332,1620000,1000000
2018-03-28 12:30:10.488000,1.06342,1.06338,1120000,1000000
2018-03-28 12:30:10.672000,1.06349,1.06343,1000000,4500000
2018-03-28 12:30:11.291000,1.06347,1.06343,1120000,4500000
2018-03-28 12:30:11.394000,1.06346,1.06339,3940000,1500000
2018-03-28 12:30:11.447000,1.06344,1.06339,2240000,1500000
2018-03-28 12:30:11.499000,1.06341,1.06334,1120000,1050000
2018-03-28 12:30:11.658000,1.06341,1.06336,1490000,1000000
2018-03-28 12:30:11.966000,1.0634,1.06334,1120000,1000000
2018-03-28 12:30:12.293000,1.06336,1.06329,2620000,1000000
2018-03-28 12:30:12.657000,1.06337,1.06331,2250000,1000000
2018-03-28 12:30:13.199000,1.06336,1.0633,1370000,2250000
2018-03-28 12:30:13.729000,1.06337,1.0633,1670000,3750000
2018-03-28 12:30:14.193000,1.06334,1.06329,1000000,1500000
2018-03-28 12:30:14.735000,1.06335,1.06328,2100000,1250000
2018-03-28 12:30:15.047000,1.06335,1.06328,1350000,1690000
2018-03-28 12:30:15.735000,1.06337,1.06332,3000000,2810000
2018-03-28 12:30:15.838000,1.06339,1.06333,1560000,2440000
2018-03-28 12:30:16.189000,1.06341,1.06335,2810000,1000000
2018-03-28 12:30:16.707000,1.06342,1.06335,1620000,2440000
2018-03-28 12:30:17.239000,1.06342,1.06335,1690000,2250000
2018-03-28 12:30:17.342000,1.06342,1.06335,1250000,2440000
2018-03-28 12:30:18.249000,1.06343,1.06336,2660000,1000000
2018-03-28 12:30:18.456000,1.06343,1.06338,1000000,1190000
2018-03-28 12:30:18.800000,1.06345,1.0634,2470000,1190000
2018-03-28 12:30:18.953000,1.06341,1.06338,1120000,1000000
2018-03-28 12:30:19.006000,1.06339,1.06335,1000000,1250000
2018-03-28 12:30:19.539000,1.06338,1.06333,2250000,2440000
2018-03-28 12:30:19.947000,1.06337,1.06331,1300000,3560000
2018-03-28 12:30:20.216000,1.06335,1.06331,1000000,3370000
2018-03-28 12:30:20.423000,1.0633,1.06324,6040000,2250000
2018-03-28 12:30:20.527000,1.06332,1.06327,2440000,1000000
2018-03-28 12:30:20.580000,1.06332,1.06328,1500000,1000000
2018-03-28 12:30:20.632000,1.06328,1.06326,1000000,1250000
2018-03-28 12:30:20.735000,1.0633,1.06324,2850000,2440000
2018-03-28 12:30:21.206000,1.06331,1.06327,1190000,1000000
2018-03-28 12:30:21.716000,1.06332,1.06328,1690000,1000000
2018-03-28 12:30:22.349000,1.06332,1.06327,1690000,1000000
2018-03-28 12:30:22.658000,1.0633,1.06324,1310000,1000000
2018-03-28 12:30:23.164000,1.0633,1.06323,1310000,3370000
2018-03-28 12:30:23.317000,1.06331,1.06326,2440000,1000000
2018-03-28 12:30:23.420000,1.06331,1.06324,3040000,1500000
2018-03-28 12:30:23.779000,1.0633,1.06326,1000000,1500000
2018-03-28 12:30:24.027000,1.06329,1.06324,1250000,1500000
2018-03-28 12:30:24.391000,1.06328,1.06324,1310000,1000000
2018-03-28 12:30:24.599000,1.06328,1.06322,3040000,1870000
2018-03-28 12:30:25.262000,1.06326,1.06322,1190000,1500000
2018-03-28 12:30:25.469000,1.06328,1.06325,2440000,1000000
2018-03-28 12:30:25.575000,1.0633,1.06326,3190000,4500000
2018-03-28 12:30:25.988000,1.06332,1.06326,3190000,7690000
2018-03-28 12:30:26.502000,1.06331,1.06327,1310000,1120000
2018-03-28 12:30:27.036000,1.06331,1.06327,1290000,1500000
2018-03-28 12:30:27.549000,1.06331,1.06327,1250000,1120000
2018-03-28 12:30:28.390000,1.06332,1.06327,2810000,1120000
2018-03-28 12:30:28.494000,1.06329,1.06326,1250000,4120000
2018-03-28 12:30:28.701000,1.06331,1.06326,2440000,6370000
2018-03-28 12:30:29.227000,1.06331,1.06326,1690000,6370000
2018-03-28 12:30:29.954000,1.06328,1.06326,1250000,5250000
2018-03-28 12:30:30.008000,1.0633,1.06326,1310000,5250000
2018-03-28 12:30:30.578000,1.06329,1.06324,1250000,2440000
2018-03-28 12:30:30.699000,1.0633,1.06326,1310000,1100000
2018-03-28 12:30:31.211000,1.06331,1.06326,1250000,7140000
2018-03-28 12:30:31.548000,1.0633,1.06325,3940000,1000000
2018-03-28 12:30:32.058000,1.06332,1.06326,2810000,7160000
2018-03-28 12:30:32.571000,1.06332,1.06326,2440000,10160000
2018-03-28 12:30:33.733000,1.06333,1.06327,4690000,1500000
2018-03-28 12:30:34.235000,1.06332,1.06327,1310000,1000000
2018-03-28 12:30:34.701000,1.06328,1.06326,1310000,1500000
2018-03-28 12:30:35.236000,1.06331,1.06326,2440000,5620000
2018-03-28 12:30:35.903000,1.0633,1.06326,1310000,9040000
2018-03-28 12:30:36.449000,1.0633,1.06326,6190000,3370000
2018-03-28 12:30:36.991000,1.0633,1.06326,2060000,3450000
2018-03-28 12:30:38.381000,1.06324,1.06319,2000000,3450000
2018-03-28 12:30:38.434000,1.06324,1.06319,1690000,3000000
2018-03-28 12:30:38.593000,1.06326,1.06321,5440000,2250000
2018-03-28 12:30:39.335000,1.06326,1.06321,2810000,2250000
2018-03-28 12:30:39.641000,1.06321,1.06317,2060000,1000000
2018-03-28 12:30:39.958000,1.06319,1.06316,2000000,1000000
2018-03-28 12:30:40.318000,1.06315,1.06313,5810000,1000000
2018-03-28 12:30:40.371000,1.06314,1.06311,6940000,1500000
2018-03-28 12:30:40.423000,1.06312,1.06306,2060000,2160000
2018-03-28 12:30:40.475000,1.0631,1.06304,1690000,4540000
2018-03-28 12:30:40.925000,1.06308,1.06303,2250000,2510000
2018-03-28 12:30:41.238000,1.06305,1.063,1310000,4120000
2018-03-28 12:30:41.784000,1.06304,1.063,1000000,1500000
2018-03-28 12:30:42.251000,1.06303,1.06298,2810000,2100000
2018-03-28 12:30:42.304000,1.06299,1.06294,1120000,1120000
2018-03-28 12:30:42.475000,1.06297,1.06293,1120000,1000000
2018-03-28 12:30:42.947000,1.06295,1.06291,2810000,3370000
2018-03-28 12:30:43,1.06295,1.06292,1870000,3370000
2018-03-28 12:30:43.663000,1.06295,1.06293,1370000,1000000
2018-03-28 12:30:43.820000,1.06293,1.06289,1620000,1000000
2018-03-28 12:30:44.030000,1.06291,1.06287,1120000,6560000
2018-03-28 12:30:44.451000,1.06293,1.06288,2620000,1050000
2018-03-28 12:30:44.502000,1.06292,1.0629,1250000,1500000
2018-03-28 12:30:44.554000,1.06292,1.06287,2810000,3970000
2018-03-28 12:30:44.911000,1.06289,1.06287,1190000,1200000
2018-03-28 12:30:44.964000,1.06291,1.06287,2810000,1200000
2018-03-28 12:30:45.476000,1.06289,1.06286,1120000,1500000
2018-03-28 12:30:45.845000,1.06288,1.06282,1310000,2660000
2018-03-28 12:30:46.364000,1.06288,1.06287,1120000,2810000
2018-03-28 12:30:46.419000,1.06287,1.06282,1620000,2660000
2018-03-28 12:30:46.471000,1.06286,1.06281,1310000,4950000
2018-03-28 12:30:47.042000,1.06286,1.06281,1690000,1340000
2018-03-28 12:30:47.148000,1.06284,1.06279,1620000,1720000
2018-03-28 12:30:47.683000,1.06284,1.06277,3000000,4160000
2018-03-28 12:30:48.194000,1.06283,1.06278,1120000,2660000
2018-03-28 12:30:48.501000,1.06284,1.0628,1500000,1000000
2018-03-28 12:30:48.838000,1.06285,1.06283,2250000,1500000
2018-03-28 12:30:48.889000,1.06285,1.06281,2250000,1200000
2018-03-28 12:30:49.630000,1.06283,1.06278,1500000,1200000
2018-03-28 12:30:49.683000,1.06282,1.06278,2440000,1250000
2018-03-28 12:30:49.786000,1.0628,1.06276,1690000,4350000
2018-03-28 12:30:50.625000,1.06279,1.06276,2810000,3000000
2018-03-28 12:30:50.986000,1.06277,1.06273,1250000,2850000
2018-03-28 12:30:51.317000,1.06278,1.06276,1310000,1870000
2018-03-28 12:30:51.988000,1.06281,1.06277,1250000,1000000
2018-03-28 12:30:52.532000,1.06281,1.06277,1370000,1000000
2018-03-28 12:30:53.050000,1.0628,1.06275,1370000,1570000
2018-03-28 12:30:53.230000,1.0628,1.06275,5250000,1950000
2018-03-28 12:30:53.385000,1.06279,1.06273,2250000,3190000
2018-03-28 12:30:53.845000,1.06277,1.06272,2000000,4720000
2018-03-28 12:30:54.252000,1.06276,1.0627,1500000,6820000
2018-03-28 12:30:55.210000,1.06275,1.06271,1000000,1000000
2018-03-28 12:30:56.079000,1.06275,1.0627,1120000,5740000
2018-03-28 12:30:56.590000,1.06275,1.06271,1120000,1000000
2018-03-28 12:30:57.467000,1.06275,1.0627,1120000,7420000
2018-03-28 12:30:57.991000,1.06275,1.06271,1000000,1000000
2018-03-28 12:30:58.510000,1.06275,1.0627,1000000,7050000
2018-03-28 12:30:59.011000,1.06276,1.06271,2250000,1000000
2018-03-28 12:31:00.167000,1.06277,1.06272,2620000,1250000
2018-03-28 12:31:00.599000,1.06279,1.06274,8440000,2250000
2018-03-28 12:31:00.754000,1.06278,1.06273,2060000,2100000
2018-03-28 12:31:01.112000,1.06279,1.06273,2440000,6040000
2018-03-28 12:31:01.662000,1.06278,1.06273,1690000,1870000
2018-03-28 12:31:02.672000,1.06277,1.06272,1250000,5250000
2018-03-28 12:31:03.189000,1.06278,1.06273,1370000,1870000
2018-03-28 12:31:03.776000,1.0628,1.06275,1500000,1500000
2018-03-28 12:31:04.296000,1.06281,1.06276,1370000,3070000
2018-03-28 12:31:04.810000,1.06282,1.06277,1690000,1500000
2018-03-28 12:31:05.322000,1.06283,1.06278,2440000,1000000
2018-03-28 12:31:05.836000,1.06283,1.06278,2060000,1000000
2018-03-28 12:31:06.834000,1.06284,1.06282,1000000,1870000
2018-03-28 12:31:06.885000,1.06287,1.06283,5250000,1120000
2018-03-28 12:31:07.445000,1.06284,1.06279,1370000,2250000
2018-03-28 12:31:07.965000,1.06284,1.0628,1370000,1500000
2018-03-28 12:31:08.470000,1.06284,1.06281,1500000,1950000
2018-03-28 12:31:08.990000,1.06285,1.06283,2250000,18190001
2018-03-28 12:31:09.095000,1.06288,1.06284,2620000,3190000
2018-03-28 12:31:09.148000,1.06288,1.06285,1120000,2140000
2018-03-28 12:31:09.354000,1.06295,1.06291,1250000,2100000
2018-03-28 12:31:09.872000,1.06295,1.06292,1370000,1000000
2018-03-28 12:31:10.284000,1.06293,1.0629,2060000,1000000
2018-03-28 12:31:10.800000,1.06288,1.06286,1250000,2320000
2018-03-28 12:31:11.301000,1.0629,1.06287,2250000,1390000
2018-03-28 12:31:11.457000,1.06291,1.06288,1000000,2620000
2018-03-28 12:31:11.749000,1.06293,1.06289,1500000,1500000
2018-03-28 12:31:12.147000,1.06294,1.06293,1000000,8620000
2018-03-28 12:31:12.201000,1.06296,1.06293,1310000,5620000
2018-03-28 12:31:12.699000,1.06295,1.06292,1190000,3450000
2018-03-28 12:31:12.805000,1.06294,1.06291,1000000,2250000
2018-03-28 12:31:13.648000,1.06294,1.0629,1620000,1870000
2018-03-28 12:31:13.701000,1.06296,1.06292,5440000,1200000
2018-03-28 12:31:14.221000,1.06296,1.06292,2250000,7310000
2018-03-28 12:31:14.724000,1.06296,1.06293,2250000,1000000
2018-03-28 12:31:15.328000,1.06297,1.06292,1500000,11620000
2018-03-28 12:31:15.742000,1.06298,1.06296,1120000,1250000
2018-03-28 12:31:16.287000,1.06299,1.06295,2440000,2810000
2018-03-28 12:31:16.647000,1.063,1.06296,3750000,1190000
2018-03-28 12:31:16.953000,1.063,1.06297,1310000,3000000
2018-03-28 12:31:17.057000,1.06302,1.06298,1120000,8620000
2018-03-28 12:31:17.563000,1.06303,1.06299,1500000,1310000
2018-03-28 12:31:18.289000,1.06303,1.06298,2060000,7500000
2018-03-28 12:31:18.595000,1.06299,1.06295,1310000,1350000
2018-03-28 12:31:18.903000,1.06289,1.06285,2060000,1000000
2018-03-28 12:31:18.970000,1.06287,1.06282,1940000,8250000
2018-03-28 12:31:19.671000,1.06284,1.06282,1500000,1000000
2018-03-28 12:31:19.722000,1.06283,1.06278,2810000,3000000
2018-03-28 12:31:20.234000,1.0628,1.06278,1310000,1000000
2018-03-28 12:31:20.561000,1.06276,1.06273,2440000,6000000
2018-03-28 12:31:20.765000,1.06275,1.06271,1310000,2620000
2018-03-28 12:31:21.297000,1.06268,1.06266,1000000,2440000
2018-03-28 12:31:21.349000,1.06267,1.06265,1690000,1000000
2018-03-28 12:31:21.503000,1.06265,1.06264,1000000,1200000
2018-03-28 12:31:21.657000,1.06265,1.06262,1370000,1000000
2018-03-28 12:31:22.003000,1.06262,1.06258,1620000,1760000
2018-03-28 12:31:22.365000,1.06259,1.06257,1000000,1120000
2018-03-28 12:31:22.416000,1.06258,1.06253,2050000,1690000
2018-03-28 12:31:22.718000,1.06256,1.06252,1870000,1000000
2018-03-28 12:31:23.033000,1.06254,1.0625,1120000,4310000
2018-03-28 12:31:23.353000,1.06251,1.06245,8060000,1750000
2018-03-28 12:31:23.428000,1.06249,1.06243,5250000,3940000
2018-03-28 12:31:23.481000,1.06249,1.06247,1500000,1120000
2018-03-28 12:31:23.533000,1.06249,1.06244,1750000,5440000
2018-03-28 12:31:23.946000,1.0625,1.06248,1370000,1120000
2018-03-28 12:31:24.050000,1.06249,1.06245,1370000,1690000
2018-03-28 12:31:24.389000,1.06248,1.06242,4690000,3940000
2018-03-28 12:31:24.802000,1.06245,1.06242,1120000,2810000
2018-03-28 12:31:25.010000,1.06242,1.06237,1870000,1690000
2018-03-28 12:31:25.299000,1.06238,1.06235,1370000,2810000
2018-03-28 12:31:25.610000,1.06239,1.06235,1500000,2060000
2018-03-28 12:31:26.005000,1.06243,1.06238,6790000,3940000
2018-03-28 12:31:26.113000,1.06244,1.06242,2250000,1190000
2018-03-28 12:31:26.165000,1.06246,1.06242,1000000,3000000
2018-03-28 12:31:26.321000,1.06246,1.06242,1310000,1690000
2018-03-28 12:31:26.477000,1.0625,1.06245,1620000,2810000
2018-03-28 12:31:26.582000,1.06251,1.06248,1870000,3190000
2018-03-28 12:31:26.635000,1.06253,1.06248,1370000,6940000
2018-03-28 12:31:27.289000,1.06255,1.0625,1120000,1690000
2018-03-28 12:31:27.341000,1.06255,1.0625,1120000,4310000
2018-03-28 12:31:27.393000,1.06257,1.06255,3750000,1120000
2018-03-28 12:31:27.445000,1.06261,1.06256,2060000,1370000
2018-03-28 12:31:27.577000,1.06264,1.0626,2060000,1500000
2018-03-28 12:31:27.629000,1.06265,1.0626,1500000,3190000
2018-03-28 12:31:27.991000,1.06266,1.0626,1120000,2660000
2018-03-28 12:31:28.250000,1.06269,1.06264,2060000,6190000
2018-03-28 12:31:28.324000,1.06269,1.06265,1120000,1000000
2018-03-28 12:31:28.377000,1.06274,1.06271,1190000,1120000
2018-03-28 12:31:28.480000,1.06277,1.06271,2060000,1870000
2018-03-28 12:31:28.686000,1.06273,1.06269,3940000,2250000
2018-03-28 12:31:29,1.0627,1.06266,4690000,1000000
2018-03-28 12:31:29.052000,1.06269,1.06263,1120000,6790000
2018-03-28 12:31:29.260000,1.06267,1.06263,4310000,1720000
2018-03-28 12:31:29.416000,1.06266,1.06261,1310000,4870000
2018-03-28 12:31:29.522000,1.06264,1.0626,1120000,2440000
2018-03-28 12:31:30.006000,1.06262,1.06259,1120000,2060000
2018-03-28 12:31:30.061000,1.06263,1.06259,3000000,1870000
2018-03-28 12:31:30.114000,1.06261,1.06259,1370000,1310000
2018-03-28 12:31:30.268000,1.06259,1.06255,1120000,2060000
2018-03-28 12:31:30.547000,1.0626,1.06255,1120000,2440000
2018-03-28 12:31:30.856000,1.0626,1.06255,1750000,3560000
2018-03-28 12:31:31.219000,1.06256,1.06253,1370000,7160000
2018-03-28 12:31:31.272000,1.06256,1.06251,2060000,4500000
2018-03-28 12:31:31.494000,1.06256,1.06253,1370000,2060000
2018-03-28 12:31:31.814000,1.06247,1.06246,1000000,1870000
2018-03-28 12:31:31.877000,1.06245,1.06242,1560000,2620000
2018-03-28 12:31:31.982000,1.06243,1.06239,1870000,1000000
2018-03-28 12:31:32.284000,1.06234,1.06232,1500000,1000000
2018-03-28 12:31:32.388000,1.06234,1.06231,1000000,3560000
2018-03-28 12:31:32.905000,1.06236,1.06232,1870000,1250000
2018-03-28 12:31:33.451000,1.06238,1.06235,1870000,1690000
2018-03-28 12:31:33.807000,1.0624,1.06237,1120000,1000000
2018-03-28 12:31:33.860000,1.0624,1.06236,1370000,1870000
2018-03-28 12:31:33.913000,1.06239,1.06236,2000000,1120000
2018-03-28 12:31:34.016000,1.06238,1.06232,2060000,1690000
2018-03-28 12:31:34.173000,1.06234,1.06232,1000000,1120000
2018-03-28 12:31:34.502000,1.06215,1.06214,1000000,2250000
2018-03-28 12:31:34.914000,1.06215,1.0621,3750000,1000000
2018-03-28 12:31:35.216000,1.06213,1.06208,3750000,1690000
2018-03-28 12:31:35.668000,1.06215,1.06209,7870000,1560000
2018-03-28 12:31:35.923000,1.06215,1.06211,2250000,1560000
2018-03-28 12:31:36.173000,1.06207,1.06202,1870000,1190000
2018-03-28 12:31:36.224000,1.06207,1.06204,3370000,1000000
2018-03-28 12:31:36.531000,1.06212,1.06208,1870000,2140000
2018-03-28 12:31:36.583000,1.06217,1.06213,1870000,1190000
2018-03-28 12:31:36.685000,1.06217,1.06211,1750000,2510000
2018-03-28 12:31:37.070000,1.06218,1.06214,1370000,1310000
2018-03-28 12:31:37.331000,1.06218,1.06215,1000000,1690000
2018-03-28 12:31:37.435000,1.06224,1.0622,3190000,3560000
2018-03-28 12:31:37.539000,1.0623,1.06226,1000000,2440000
2018-03-28 12:31:37.820000,1.06234,1.06229,1500000,1620000
2018-03-28 12:31:37.872000,1.06234,1.06232,1000000,1000000
2018-03-28 12:31:37.925000,1.06237,1.06232,1000000,1690000
2018-03-28 12:31:38.184000,1.06239,1.06235,1000000,2060000
2018-03-28 12:31:38.700000,1.0624,1.06235,4310000,1000000
2018-03-28 12:31:39.268000,1.06237,1.06234,1690000,1000000
2018-03-28 12:31:39.322000,1.06236,1.06231,4310000,2620000
2018-03-28 12:31:39.876000,1.06236,1.06234,1000000,1310000
2018-03-28 12:31:40.030000,1.0624,1.06236,1690000,1470000
2018-03-28 12:31:40.565000,1.06241,1.06236,1120000,1390000
2018-03-28 12:31:41.085000,1.06241,1.06236,1310000,1470000
2018-03-28 12:31:41.590000,1.06241,1.06236,1120000,1760000
2018-03-28 12:31:41.694000,1.06241,1.06236,2440000,1390000
2018-03-28 12:31:43.389000,1.06239,1.06236,2850000,1500000
2018-03-28 12:31:43.543000,1.06235,1.0623,1560000,1120000
2018-03-28 12:31:43.595000,1.06233,1.06229,1370000,1370000
2018-03-28 12:31:44.114000,1.06234,1.0623,1620000,1000000
2018-03-28 12:31:44.477000,1.06232,1.06227,1190000,2620000
2018-03-28 12:31:44.864000,1.06231,1.06226,1560000,1000000
2018-03-28 12:31:45.379000,1.06231,1.06226,1000000,2810000
2018-03-28 12:31:45.536000,1.06233,1.06229,1370000,1000000
2018-03-28 12:31:46.180000,1.06234,1.06229,1500000,5440000
2018-03-28 12:31:46.415000,1.06235,1.06231,1120000,1690000
2018-03-28 12:31:46.521000,1.06234,1.06231,3560000,1120000
2018-03-28 12:31:46.575000,1.06233,1.06228,4120000,3190000
2018-03-28 12:31:47.223000,1.06232,1.06227,1690000,4500000
2018-03-28 12:31:47.741000,1.06232,1.06227,2440000,1370000
2018-03-28 12:31:47.845000,1.06232,1.06229,1190000,1450000
2018-03-28 12:31:47.950000,1.06233,1.06228,1190000,2250000
2018-03-28 12:31:48.537000,1.06233,1.06228,1370000,1310000
2018-03-28 12:31:48.646000,1.06233,1.06228,1370000,3560000
2018-03-28 12:31:48.699000,1.06235,1.06232,3000000,1000000
2018-03-28 12:31:48.806000,1.06238,1.06233,5060000,1500000
2018-03-28 12:31:49.230000,1.0624,1.06235,1200000,1690000
2018-03-28 12:31:49.336000,1.06241,1.06236,1450000,2440000
2018-03-28 12:31:49.548000,1.06242,1.06238,2250000,2440000
2018-03-28 12:31:50.058000,1.06243,1.06239,1370000,1310000
2018-03-28 12:31:50.516000,1.06244,1.06242,1500000,1190000
2018-03-28 12:31:50.568000,1.06246,1.06243,1370000,1250000
2018-03-28 12:31:50.670000,1.06248,1.06244,4870000,1190000
2018-03-28 12:31:50.722000,1.06248,1.06245,4120000,1000000
2018-03-28 12:31:50.974000,1.06252,1.06248,3080000,3560000
2018-03-28 12:31:51.283000,1.06261,1.06256,1120000,1310000
2018-03-28 12:31:51.488000,1.06262,1.06257,1500000,2440000
2018-03-28 12:31:51.996000,1.06261,1.06256,5290000,2620000
2018-03-28 12:31:52.254000,1.06261,1.06258,1120000,1120000
2018-03-28 12:31:52.459000,1.06262,1.06259,1120000,2810000
2018-03-28 12:31:53.004000,1.06264,1.06259,4910000,1120000
2018-03-28 12:31:53.211000,1.06258,1.06254,1050000,1000000
2018-03-28 12:31:53.264000,1.06256,1.06253,3040000,1200000
2018-03-28 12:31:53.317000,1.06254,1.06251,2060000,1000000
2018-03-28 12:31:53.369000,1.06253,1.06249,2000000,1000000
2018-03-28 12:31:53.884000,1.06252,1.06248,1370000,2060000
2018-03-28 12:31:54.245000,1.06252,1.06248,5470000,2440000
2018-03-28 12:31:54.522000,1.06249,1.06245,2060000,1500000
2018-03-28 12:31:55.888000,1.0625,1.06245,4160000,1500000
2018-03-28 12:31:56.041000,1.06249,1.06245,2000000,1120000
2018-03-28 12:31:56.584000,1.06248,1.06244,1750000,1000000
2018-03-28 12:31:57.094000,1.06249,1.06244,1870000,1250000
2018-03-28 12:31:57.444000,1.0625,1.06245,1120000,4310000
2018-03-28 12:31:57.496000,1.06249,1.06248,1000000,1120000
2018-03-28 12:31:57.601000,1.06248,1.06244,1500000,1310000
2018-03-28 12:31:59.952000,1.06247,1.06243,1000000,2060000
2018-03-28 12:32:00.507000,1.06247,1.06244,1000000,1250000
2018-03-28 12:32:01.749000,1.06247,1.06243,1000000,1690000
2018-03-28 12:32:02.995000,1.06244,1.06242,1190000,1000000
2018-03-28 12:32:03.148000,1.06239,1.06237,1000000,1000000
2018-03-28 12:32:03.685000,1.06239,1.06236,1120000,1310000
2018-03-28 12:32:04.634000,1.06242,1.06239,8060000,1000000
2018-03-28 12:32:04.687000,1.06242,1.06239,3750000,1310000
2018-03-28 12:32:04.794000,1.06244,1.06239,1870000,2810000
2018-03-28 12:32:04.900000,1.06242,1.06238,1000000,2620000
2018-03-28 12:32:06.455000,1.06243,1.0624,1000000,2440000
2018-03-28 12:32:06.844000,1.06244,1.0624,1000000,4390000
2018-03-28 12:32:07.158000,1.06246,1.06244,1120000,1250000
2018-03-28 12:32:07.683000,1.06247,1.06243,1370000,1310000
2018-03-28 12:32:08.216000,1.06246,1.06242,1500000,1310000
2018-03-28 12:32:08.756000,1.06246,1.06242,1870000,1690000
2018-03-28 12:32:09.797000,1.06246,1.06242,1870000,1690000
2018-03-28 12:32:11.531000,1.06246,1.06242,1870000,4690000
2018-03-28 12:32:14.128000,1.06246,1.06244,1000000,2620000
2018-03-28 12:32:14.492000,1.06249,1.06246,1120000,1760000
2018-03-28 12:32:15.008000,1.06251,1.06248,2060000,1310000
2018-03-28 12:32:15.114000,1.06251,1.06249,1000000,1250000
2018-03-28 12:32:15.698000,1.06252,1.06249,1120000,1000000
2018-03-28 12:32:16.138000,1.06253,1.06251,3370000,1000000
2018-03-28 12:32:17.284000,1.06253,1.06251,1370000,1000000
2018-03-28 12:32:18.655000,1.06254,1.06252,1000000,1870000
2018-03-28 12:32:18.760000,1.06255,1.06253,1000000,2440000
2018-03-28 12:32:19.025000,1.0626,1.06256,1880000,2620000
2018-03-28 12:32:19.129000,1.06259,1.06255,1620000,1500000
2018-03-28 12:32:19.646000,1.06257,1.06253,1000000,4500000
2018-03-28 12:32:21.682000,1.06255,1.06253,1000000,2250000
2018-03-28 12:32:22.234000,1.06255,1.06252,1310000,1000000
2018-03-28 12:32:22.699000,1.06255,1.06251,1310000,1500000
2018-03-28 12:32:22.907000,1.06252,1.06248,1370000,3560000
2018-03-28 12:32:23.428000,1.06252,1.06249,1370000,1000000
2018-03-28 12:32:23.942000,1.06252,1.06248,2060000,1870000
2018-03-28 12:32:25.169000,1.06252,1.06248,2060000,1870000
2018-03-28 12:32:26.090000,1.06252,1.06248,1500000,6190000
2018-03-28 12:32:27.333000,1.06253,1.0625,4120000,5440000
2018-03-28 12:32:27.639000,1.06254,1.06253,1120000,1000000
2018-03-28 12:32:29.222000,1.06258,1.06257,1000000,1000000
2018-03-28 12:32:29.328000,1.0626,1.06258,1630000,2250000
2018-03-28 12:32:29.847000,1.06262,1.06259,2070000,1050000
2018-03-28 12:32:31.214000,1.06261,1.06259,1190000,2440000
2018-03-28 12:32:31.732000,1.06262,1.06259,1500000,2250000
2018-03-28 12:32:32.693000,1.06263,1.06259,1120000,5810000
2018-03-28 12:32:32.746000,1.06264,1.0626,2250000,1190000
2018-03-28 12:32:33.262000,1.06265,1.06261,1500000,3940000
2018-03-28 12:32:33.780000,1.06264,1.06259,1500000,8810000
2018-03-28 12:32:35.218000,1.06263,1.06259,1370000,5440000
2018-03-28 12:32:35.727000,1.06263,1.06259,1370000,4690000
2018-03-28 12:32:38.502000,1.06259,1.06257,2620000,1000000
2018-03-28 12:32:38.815000,1.0626,1.06259,1000000,1120000
2018-03-28 12:32:39.639000,1.06262,1.06259,2250000,2250000
2018-03-28 12:32:44.004000,1.06263,1.06259,2060000,3000000
2018-03-28 12:32:44.513000,1.06263,1.06258,2060000,6190000
2018-03-28 12:32:45.079000,1.06263,1.06259,1620000,1000000
2018-03-28 12:32:45.630000,1.06263,1.06258,3560000,6750000
2018-03-28 12:32:46.195000,1.06261,1.06257,5060000,2620000
2018-03-28 12:32:46.554000,1.06262,1.06258,1690000,2250000
2018-03-28 12:32:46.657000,1.06265,1.06264,2250000,1000000
2018-03-28 12:32:46.763000,1.06265,1.0626,4310000,1870000
2018-03-28 12:32:47.268000,1.06263,1.06258,1620000,4500000
2018-03-28 12:32:47.783000,1.06263,1.06258,1310000,2620000
2018-03-28 12:32:49.245000,1.06263,1.06258,1620000,6370000
2018-03-28 12:32:50.738000,1.06265,1.06261,2620000,6190000
2018-03-28 12:32:51.042000,1.06265,1.0626,1310000,2060000
2018-03-28 12:32:51.096000,1.06265,1.0626,7690000,1370000
2018-03-28 12:32:51.148000,1.06264,1.0626,8060000,1000000
2018-03-28 12:32:51.458000,1.06261,1.06258,3560000,1000000
2018-03-28 12:32:52.008000,1.06261,1.06257,2250000,4120000
2018-03-28 12:32:52.965000,1.06262,1.06258,2060000,1000000
2018-03-28 12:32:55.892000,1.06259,1.06256,4120000,1000000
2018-03-28 12:32:56.437000,1.06261,1.06257,1750000,1820000
2018-03-28 12:32:56.805000,1.0626,1.06256,4690000,1870000
2018-03-28 12:32:56.857000,1.06261,1.06256,2440000,2250000
2018-03-28 12:32:56.962000,1.06261,1.06258,1500000,1000000
2018-03-28 12:32:57.529000,1.06261,1.06259,1870000,1000000
2018-03-28 12:32:58.047000,1.06261,1.06258,1690000,3370000
2018-03-28 12:32:58.574000,1.06262,1.06258,2440000,4870000
2018-03-28 12:32:59.106000,1.06262,1.06259,1690000,1000000
2018-03-28 12:33:00.036000,1.06262,1.06258,1500000,6190000
2018-03-28 12:33:00.580000,1.06262,1.06259,1120000,1250000
2018-03-28 12:33:01.074000,1.06265,1.06261,3560000,4310000
2018-03-28 12:33:01.421000,1.06272,1.06268,1690000,5100000
2018-03-28 12:33:01.474000,1.06273,1.06271,1000000,2440000
2018-03-28 12:33:01.836000,1.06273,1.06269,1870000,2060000
2018-03-28 12:33:02.372000,1.06272,1.06267,1870000,4760000
2018-03-28 12:33:02.882000,1.06272,1.06268,1370000,4160000
2018-03-28 12:33:03.576000,1.06269,1.06265,3560000,1500000
2018-03-28 12:33:03.679000,1.06268,1.06263,1620000,9220000
2018-03-28 12:33:04.523000,1.06268,1.06264,1370000,1870000
2018-03-28 12:33:04.892000,1.06269,1.06264,1500000,6560000
2018-03-28 12:33:05.100000,1.06271,1.06269,1500000,1000000
2018-03-28 12:33:05.657000,1.06271,1.06268,2620000,2250000
2018-03-28 12:33:06.504000,1.06268,1.06264,2810000,1370000
2018-03-28 12:33:06.664000,1.06262,1.06258,1690000,5620000
2018-03-28 12:33:07.183000,1.0626,1.06258,1000000,5810000
2018-03-28 12:33:07.708000,1.06262,1.06259,3000000,1000000
2018-03-28 12:33:08.244000,1.06262,1.06258,2250000,6560000
2018-03-28 12:33:08.929000,1.06261,1.06259,1000000,1000000
2018-03-28 12:33:09.094000,1.06263,1.06261,1000000,4690000
2018-03-28 12:33:09.646000,1.06266,1.06263,1120000,1870000
2018-03-28 12:33:10.175000,1.06266,1.06264,1120000,3000000
2018-03-28 12:33:10.694000,1.06268,1.06265,3370000,1000000
2018-03-28 12:33:11.206000,1.0627,1.06265,5250000,2440000
2018-03-28 12:33:11.776000,1.0627,1.06265,6190000,2060000
2018-03-28 12:33:13.298000,1.06269,1.06265,2060000,1310000
2018-03-28 12:33:14.340000,1.06268,1.06264,2060000,6000000
2018-03-28 12:33:15.905000,1.06264,1.06261,2060000,3370000
2018-03-28 12:33:16.008000,1.06262,1.06259,1250000,4500000
2018-03-28 12:33:16.744000,1.06263,1.06259,1310000,3000000
2018-03-28 12:33:17.511000,1.06263,1.06259,1690000,3000000
2018-03-28 12:33:28.274000,1.06262,1.06258,1310000,6750000
2018-03-28 12:33:28.822000,1.0626,1.06258,5440000,3000000
2018-03-28 12:33:29.031000,1.06263,1.06259,1690000,2250000
2018-03-28 12:33:29.568000,1.06263,1.0626,1690000,1000000
2018-03-28 12:33:30.450000,1.06264,1.0626,2810000,2250000
2018-03-28 12:33:31.998000,1.06263,1.06259,3190000,3370000
2018-03-28 12:33:32.051000,1.06258,1.06256,3560000,1500000
2018-03-28 12:33:32.155000,1.06261,1.06257,3190000,1870000
2018-03-28 12:33:32.672000,1.06262,1.06258,3940000,1120000
2018-03-28 12:33:33.202000,1.06264,1.06259,3750000,1690000
2018-03-28 12:33:33.706000,1.06264,1.06259,1500000,6190000
2018-03-28 12:33:34.232000,1.06263,1.06259,1690000,1870000
2018-03-28 12:33:34.571000,1.06261,1.06257,2440000,2250000
2018-03-28 12:33:35.095000,1.06262,1.06258,1500000,4870000
2018-03-28 12:33:36.987000,1.06262,1.06258,2060000,7500000
2018-03-28 12:33:38.162000,1.06259,1.06258,1310000,3000000
2018-03-28 12:33:38.399000,1.06261,1.06258,4310000,1500000
2018-03-28 12:33:38.909000,1.06261,1.06258,5060000,2250000
2018-03-28 12:33:39.435000,1.06261,1.06258,1310000,3000000
2018-03-28 12:33:44.407000,1.0626,1.06258,1000000,5620000
2018-03-28 12:33:45.164000,1.06261,1.06258,1120000,6370000
2018-03-28 12:33:45.780000,1.06262,1.06258,1310000,8250000
2018-03-28 12:33:46.299000,1.06262,1.06259,1310000,1000000
2018-03-28 12:33:46.810000,1.06262,1.06258,1310000,8620000
2018-03-28 12:33:47.440000,1.06262,1.06259,1310000,1000000
2018-03-28 12:33:47.571000,1.06264,1.0626,5250000,2440000
2018-03-28 12:33:47.676000,1.06266,1.06262,3560000,1000000
2018-03-28 12:33:47.728000,1.06267,1.06264,6750000,1120000
2018-03-28 12:33:48.243000,1.06268,1.06265,2810000,1000000
2018-03-28 12:33:48.757000,1.06268,1.06264,1870000,5440000
2018-03-28 12:33:52.110000,1.06268,1.06266,1120000,1250000
2018-03-28 12:33:52.427000,1.06271,1.06267,2060000,4310000
2018-03-28 12:33:52.736000,1.06268,1.06266,1250000,1120000
2018-03-28 12:33:53.146000,1.06267,1.06264,2060000,1000000
2018-03-28 12:33:53.268000,1.06265,1.06262,1310000,6000000
2018-03-28 12:33:53.528000,1.06264,1.0626,2440000,2620000
2018-03-28 12:33:54.082000,1.06263,1.06259,1690000,1870000
2018-03-28 12:33:55.667000,1.06263,1.06259,1690000,2620000
2018-03-28 12:33:56.138000,1.06264,1.06261,2060000,1370000
2018-03-28 12:33:56.240000,1.06262,1.06259,1310000,1120000
2018-03-28 12:33:56.749000,1.06262,1.06258,1310000,7870000
2018-03-28 12:33:58.298000,1.06262,1.06259,1310000,1000000
2018-03-28 12:33:58.817000,1.06262,1.06258,1690000,7120000
2018-03-28 12:34:01.339000,1.06261,1.06259,1310000,1000000
2018-03-28 12:34:01.868000,1.06259,1.06257,2440000,4500000
2018-03-28 12:34:01.921000,1.0626,1.06258,1310000,1000000
2018-03-28 12:34:02.449000,1.0626,1.06257,1310000,1500000
2018-03-28 12:34:03.529000,1.0626,1.06258,1310000,2250000
2018-03-28 12:34:04.039000,1.06261,1.06258,2810000,3000000
2018-03-28 12:34:06.945000,1.06263,1.06261,1250000,1870000
2018-03-28 12:34:07.464000,1.06264,1.06262,1250000,1000000
2018-03-28 12:34:08.467000,1.06264,1.06262,1190000,1000000
2018-03-28 12:34:09.680000,1.06263,1.0626,1250000,1000000
2018-03-28 12:34:10.191000,1.06262,1.0626,1250000,1000000
2018-03-28 12:34:10.917000,1.06261,1.06259,1310000,1120000
2018-03-28 12:34:11.435000,1.06261,1.06258,1250000,5620000
2018-03-28 12:34:11.791000,1.06262,1.06258,1690000,3000000
2018-03-28 12:34:13.724000,1.06261,1.06258,1190000,2620000
2018-03-28 12:34:15.137000,1.06262,1.06258,3190000,2250000
2018-03-28 12:34:15.471000,1.06261,1.06258,1190000,2250000
2018-03-28 12:34:15.627000,1.06261,1.06258,2810000,1000000
2018-03-28 12:34:16.148000,1.06261,1.06258,1120000,3370000
2018-03-28 12:34:16.691000,1.06261,1.06259,1000000,1000000
2018-03-28 12:34:17.203000,1.06262,1.06259,2440000,1000000
2018-03-28 12:34:17.711000,1.06262,1.06258,2810000,4210000
2018-03-28 12:34:19.519000,1.06262,1.06258,3940000,3830000
2018-03-28 12:34:20.624000,1.06263,1.06261,1690000,1000000
2018-03-28 12:34:21.167000,1.06263,1.0626,1690000,1870000
2018-03-28 12:34:21.850000,1.06263,1.06259,1690000,3750000
2018-03-28 12:34:22.635000,1.06263,1.06259,2440000,1000000
2018-03-28 12:34:23.151000,1.06262,1.06258,2440000,4390000
2018-03-28 12:34:23.500000,1.06258,1.06256,1000000,5620000
2018-03-28 12:34:23.552000,1.0626,1.06257,1690000,6750000
2018-03-28 12:34:24.472000,1.06261,1.06258,3940000,1000000
2018-03-28 12:34:25.944000,1.06261,1.06259,2440000,1000000
2018-03-28 12:34:26.481000,1.06262,1.06258,2440000,6190000
2018-03-28 12:34:26.999000,1.06262,1.06259,2440000,1000000
2018-03-28 12:34:27.513000,1.06262,1.06258,3560000,5060000
2018-03-28 12:34:28.022000,1.06259,1.06257,2440000,1000000
2018-03-28 12:34:28.540000,1.06259,1.06257,1120000,17620001
2018-03-28 12:34:29.057000,1.06261,1.06258,1750000,4500000
2018-03-28 12:34:29.570000,1.06261,1.06258,1690000,3870000
2018-03-28 12:34:30.038000,1.06259,1.06256,3410000,4120000
2018-03-28 12:34:30.354000,1.0626,1.06258,2810000,1500000
2018-03-28 12:34:31.100000,1.0626,1.06258,1690000,1500000
2018-03-28 12:34:31.516000,1.06262,1.0626,2750000,1000000
2018-03-28 12:34:31.751000,1.06265,1.0626,4120000,3940000
2018-03-28 12:34:32.275000,1.06265,1.0626,9190000,3370000
2018-03-28 12:34:32.793000,1.06265,1.0626,6190000,6190000
2018-03-28 12:34:33.300000,1.06265,1.0626,8440000,4870000
2018-03-28 12:34:34.058000,1.06263,1.0626,1940000,2620000
2018-03-28 12:34:34.591000,1.06263,1.06259,1940000,1120000
2018-03-28 12:34:35.106000,1.06263,1.06259,2440000,1370000
2018-03-28 12:34:36.419000,1.06264,1.06261,1870000,1000000
2018-03-28 12:34:36.929000,1.06264,1.0626,2440000,1630000
2018-03-28 12:34:38.231000,1.06263,1.06259,1310000,3280000
2018-03-28 12:34:38.284000,1.06262,1.06259,2440000,1780000
2018-03-28 12:34:38.387000,1.06262,1.06258,3560000,4500000
2018-03-28 12:34:41.436000,1.06259,1.06257,1690000,4500000
2018-03-28 12:34:42.122000,1.06259,1.06258,1690000,1500000
2018-03-28 12:34:42.651000,1.0626,1.06258,1690000,2250000
2018-03-28 12:34:42.961000,1.06258,1.06255,1690000,1120000
2018-03-28 12:34:43.207000,1.06257,1.06253,2440000,4870000
2018-03-28 12:34:43.725000,1.06249,1.06246,3000000,3000000
2018-03-28 12:34:43.968000,1.06246,1.06244,4870000,1250000
2018-03-28 12:34:44.021000,1.06246,1.06243,2810000,1000000
2018-03-28 12:34:44.179000,1.06246,1.06242,2060000,1000000
2018-03-28 12:34:44.687000,1.06245,1.06241,2440000,4500000
2018-03-28 12:34:45.204000,1.06245,1.06242,1690000,1000000
2018-03-28 12:34:45.257000,1.06247,1.06244,1870000,1000000
2018-03-28 12:34:45.795000,1.06248,1.06245,19309999,1000000
2018-03-28 12:34:46.683000,1.06248,1.06245,84559998,1000000
2018-03-28 12:34:46.888000,1.06246,1.06243,1690000,3750000
2018-03-28 12:34:47.399000,1.06247,1.06243,3560000,1120000
2018-03-28 12:34:48.055000,1.06247,1.06242,3940000,4870000
2018-03-28 12:34:48.378000,1.06248,1.06244,2440000,1500000
2018-03-28 12:34:48.895000,1.06246,1.06243,1690000,1500000
2018-03-28 12:34:51.622000,1.06246,1.06243,3560000,1000000
2018-03-28 12:34:51.916000,1.06241,1.06239,6750000,1000000
2018-03-28 12:34:51.968000,1.06241,1.06238,7870000,1250000
2018-03-28 12:34:52.276000,1.06239,1.06236,1690000,2250000
2018-03-28 12:34:57.257000,1.06233,1.06231,2250000,1000000
2018-03-28 12:34:57.309000,1.0623,1.06228,1690000,1000000
2018-03-28 12:34:57.413000,1.0623,1.06226,1690000,3190000
2018-03-28 12:34:57.590000,1.06227,1.06225,2440000,1500000
2018-03-28 12:34:57.794000,1.06227,1.06222,3560000,4990000
2018-03-28 12:34:58.049000,1.06224,1.06222,6370000,3070000
2018-03-28 12:34:58.155000,1.06219,1.06215,1620000,1500000
2018-03-28 12:34:59.164000,1.06221,1.06218,2440000,1870000
2018-03-28 12:34:59.344000,1.06223,1.06219,2060000,5250000
2018-03-28 12:34:59.499000,1.06223,1.06221,1120000,1500000
2018-03-28 12:34:59.550000,1.06227,1.06223,1250000,1500000
2018-03-28 12:34:59.653000,1.06229,1.06225,2810000,1500000
2018-03-28 12:34:59.963000,1.06226,1.06222,1690000,1120000
2018-03-28 12:35:00.298000,1.06228,1.06224,3940000,1310000
2018-03-28 12:35:00.611000,1.06225,1.06222,2440000,2250000
2018-03-28 12:35:01.154000,1.06225,1.06223,1870000,1000000
2018-03-28 12:35:01.598000,1.06224,1.06221,1310000,3370000
2018-03-28 12:35:02.114000,1.06225,1.06221,3560000,1000000
2018-03-28 12:35:02.431000,1.06226,1.06223,2060000,1000000
2018-03-28 12:35:03.044000,1.06225,1.06222,1310000,2250000
2018-03-28 12:35:03.569000,1.06225,1.06222,1690000,1000000
2018-03-28 12:35:03.878000,1.0623,1.06226,3190000,6370000
2018-03-28 12:35:04.413000,1.06231,1.06226,3560000,6750000
2018-03-28 12:35:04.965000,1.0623,1.06226,1310000,5250000
2018-03-28 12:35:05.478000,1.06231,1.06227,1690000,1120000
2018-03-28 12:35:06.002000,1.06232,1.06227,4690000,1870000
2018-03-28 12:35:06.540000,1.06231,1.06227,1310000,1870000
2018-03-28 12:35:06.855000,1.06228,1.06223,3560000,2060000
2018-03-28 12:35:07.005000,1.06226,1.06222,1310000,4120000
2018-03-28 12:35:07.727000,1.06225,1.06222,1310000,1000000
2018-03-28 12:35:08.093000,1.06225,1.06221,4310000,1120000
2018-03-28 12:35:08.628000,1.06224,1.0622,2440000,1310000
2018-03-28 12:35:08.947000,1.06221,1.06217,1690000,1870000
2018-03-28 12:35:09.102000,1.06221,1.06215,3190000,4310000
2018-03-28 12:35:09.338000,1.06218,1.06215,3940000,2250000
2018-03-28 12:35:09.548000,1.06216,1.06213,1000000,2250000
2018-03-28 12:35:10.061000,1.06218,1.06214,3190000,1000000
2018-03-28 12:35:10.570000,1.06217,1.06213,1310000,4500000
2018-03-28 12:35:11.087000,1.06218,1.06214,3190000,1000000
2018-03-28 12:35:11.598000,1.06218,1.06213,3040000,6750000
2018-03-28 12:35:12.113000,1.06218,1.06214,2440000,1000000
2018-03-28 12:35:12.689000,1.06218,1.06213,2060000,2030000
2018-03-28 12:35:13.693000,1.06218,1.06213,2060000,6370000
2018-03-28 12:35:14.106000,1.06215,1.06212,1690000,1000000
2018-03-28 12:35:14.216000,1.06213,1.0621,1310000,1870000
2018-03-28 12:35:15.840000,1.06213,1.06209,2060000,1310000
2018-03-28 12:35:16.047000,1.06211,1.06208,1120000,3940000
2018-03-28 12:35:16.101000,1.0621,1.06206,1690000,6370000
2018-03-28 12:35:17.056000,1.06212,1.06207,2440000,1120000
2018-03-28 12:35:17.667000,1.06211,1.06206,1310000,4120000
2018-03-28 12:35:18.186000,1.06212,1.06208,2060000,2250000
2018-03-28 12:35:18.911000,1.0621,1.06206,1250000,3000000
2018-03-28 12:35:19.622000,1.0621,1.06205,1370000,5510000
2018-03-28 12:35:19.830000,1.06208,1.06203,1690000,2440000
2018-03-28 12:35:20.342000,1.06207,1.06203,1310000,1870000
2018-03-28 12:35:20.628000,1.06206,1.062,4690000,6940000
2018-03-28 12:35:21.105000,1.06206,1.06205,4500000,1120000
2018-03-28 12:35:21.296000,1.06209,1.06205,2440000,2810000
2018-03-28 12:35:21.566000,1.06211,1.06207,1120000,2250000
2018-03-28 12:35:21.876000,1.06208,1.06202,2250000,5440000
2018-03-28 12:35:22.284000,1.06209,1.06204,12190000,1190000
2018-03-28 12:35:22.807000,1.06209,1.06204,2810000,1690000
2018-03-28 12:35:23.498000,1.06209,1.06204,2440000,1090000
2018-03-28 12:35:24.661000,1.06209,1.06205,2440000,1000000
2018-03-28 12:35:25.856000,1.06208,1.06203,6190000,1370000
2018-03-28 12:35:26.263000,1.06209,1.06205,1250000,3640000
2018-03-28 12:35:26.772000,1.06209,1.06205,1250000,3410000
2018-03-28 12:35:27.478000,1.0621,1.06205,2440000,3410000
2018-03-28 12:35:27.996000,1.06211,1.06208,1500000,2250000
2018-03-28 12:35:28.347000,1.06215,1.0621,5440000,2060000
2018-03-28 12:35:28.604000,1.06219,1.06215,1690000,1000000
2018-03-28 12:35:29.190000,1.06219,1.06215,1690000,1370000
2018-03-28 12:35:30.492000,1.06219,1.06215,1690000,2170000
2018-03-28 12:35:31.869000,1.06217,1.06214,2060000,1050000
2018-03-28 12:35:31.975000,1.06214,1.06211,1310000,1120000
2018-03-28 12:35:32.182000,1.06214,1.06209,2440000,4310000
2018-03-28 12:35:32.947000,1.06215,1.0621,2440000,2810000
2018-03-28 12:35:33.873000,1.06213,1.06211,1250000,1000000
2018-03-28 12:35:34.193000,1.0621,1.06206,2060000,4870000
2018-03-28 12:35:34.449000,1.06209,1.06204,1190000,8250000
2018-03-28 12:35:34.705000,1.06208,1.06204,2440000,1500000
2018-03-28 12:35:34.757000,1.06206,1.06204,1310000,1000000
2018-03-28 12:35:34.896000,1.06206,1.06201,2060000,6000000
2018-03-28 12:35:35.414000,1.06205,1.06201,1310000,3000000
2018-03-28 12:35:37.022000,1.06209,1.06205,2060000,4950000
2018-03-28 12:35:37.205000,1.06211,1.06207,1620000,2620000
2018-03-28 12:35:37.460000,1.06213,1.06208,5440000,1310000
2018-03-28 12:35:37.819000,1.06209,1.06206,2060000,1500000
2018-03-28 12:35:37.922000,1.0621,1.06206,2810000,1870000
2018-03-28 12:35:37.973000,1.06207,1.06206,1250000,1000000
2018-03-28 12:35:38.024000,1.06205,1.06201,2060000,3220000
2018-03-28 12:35:38.189000,1.06206,1.06202,2060000,2620000
2018-03-28 12:35:38.706000,1.06209,1.06206,3750000,1500000
2018-03-28 12:35:38.862000,1.06212,1.06207,1310000,8850000
2018-03-28 12:35:39.377000,1.06212,1.06209,1250000,1000000
2018-03-28 12:35:40.024000,1.06212,1.06208,1250000,1500000
2018-03-28 12:35:40.075000,1.06209,1.06208,1000000,1000000
2018-03-28 12:35:40.229000,1.06209,1.06205,2440000,1870000
2018-03-28 12:35:40.332000,1.06206,1.06202,1310000,2250000
2018-03-28 12:35:40.842000,1.06206,1.06201,1310000,6000000
2018-03-28 12:35:42.327000,1.06206,1.06201,1310000,5250000
2018-03-28 12:35:42.721000,1.06205,1.06201,3940000,4870000
2018-03-28 12:35:42.775000,1.06203,1.06199,1620000,1120000
2018-03-28 12:35:43.752000,1.06201,1.06197,1690000,9000000
2018-03-28 12:35:43.857000,1.06197,1.06193,3750000,2060000
2018-03-28 12:35:44.067000,1.06195,1.06191,1690000,1870000
2018-03-28 12:35:44.588000,1.06194,1.0619,1690000,3940000
2018-03-28 12:35:45.098000,1.06195,1.0619,2440000,4500000
2018-03-28 12:35:45.610000,1.06193,1.0619,1000000,3940000
2018-03-28 12:35:46.161000,1.06194,1.0619,2810000,3940000
2018-03-28 12:35:46.467000,1.06194,1.0619,2440000,3940000
2018-03-28 12:35:46.737000,1.06194,1.06191,1000000,1500000
2018-03-28 12:35:47.175000,1.06192,1.0619,1310000,2620000
2018-03-28 12:35:47.384000,1.06188,1.06184,1690000,2620000
2018-03-28 12:35:47.436000,1.06186,1.06184,2810000,1870000
2018-03-28 12:35:47.592000,1.06189,1.06184,2060000,3000000
2018-03-28 12:35:47.645000,1.06189,1.06184,1310000,7870000
2018-03-28 12:35:48.269000,1.0619,1.06187,1250000,1120000
2018-03-28 12:35:48.421000,1.06192,1.06188,2060000,1120000
2018-03-28 12:35:48.523000,1.06193,1.06188,3560000,2250000
2018-03-28 12:35:48.729000,1.06198,1.06194,1690000,1370000
2018-03-28 12:35:49.223000,1.06201,1.06197,6940000,1000000
2018-03-28 12:35:49.842000,1.06201,1.06197,1310000,3370000
2018-03-28 12:35:50.148000,1.06204,1.062,1310000,2250000
2018-03-28 12:35:50.606000,1.06207,1.06202,1690000,3370000
2018-03-28 12:35:51.312000,1.06207,1.06203,1120000,1000000
2018-03-28 12:35:51.618000,1.06206,1.062,4350000,5510000
2018-03-28 12:35:51.771000,1.06206,1.062,2250000,6640000
2018-03-28 12:35:52.829000,1.06206,1.06201,3970000,1370000
2018-03-28 12:35:53.239000,1.06205,1.06199,1620000,5440000
2018-03-28 12:35:53.790000,1.06205,1.06199,1310000,3560000
2018-03-28 12:35:54.157000,1.06203,1.06199,1120000,1000000
2018-03-28 12:35:54.467000,1.06202,1.06197,2060000,1120000
2018-03-28 12:35:54.571000,1.06201,1.06196,2060000,2440000
2018-03-28 12:35:54.831000,1.06201,1.06196,3040000,1690000
2018-03-28 12:35:55.239000,1.06203,1.06198,5100000,1620000
2018-03-28 12:35:56.002000,1.06203,1.06198,6000000,1620000
2018-03-28 12:35:58.626000,1.06206,1.06202,4500000,2620000
2018-03-28 12:35:58.732000,1.06207,1.06203,1000000,2060000
2018-03-28 12:36:00.596000,1.06207,1.06204,1120000,1120000
2018-03-28 12:36:00.649000,1.06211,1.06207,1870000,3560000
2018-03-28 12:36:01.067000,1.06213,1.06208,2060000,6000000
2018-03-28 12:36:01.275000,1.0621,1.06208,1250000,1000000
2018-03-28 12:36:01.431000,1.06206,1.06203,1250000,1500000
2018-03-28 12:36:01.634000,1.06207,1.06205,2290000,1000000
2018-03-28 12:36:01.841000,1.06207,1.06203,3040000,1000000
2018-03-28 12:36:02.357000,1.06204,1.062,3940000,7870000
2018-03-28 12:36:02.461000,1.06203,1.06198,3940000,2060000
2018-03-28 12:36:02.969000,1.06202,1.06197,1120000,3940000
2018-03-28 12:36:05.396000,1.06201,1.06197,1000000,2000000
2018-03-28 12:36:05.448000,1.06201,1.06197,1120000,1310000
2018-03-28 12:36:05.987000,1.06202,1.06197,2810000,1830000
2018-03-28 12:36:06.524000,1.06202,1.06197,2060000,1690000
2018-03-28 12:36:07.314000,1.06202,1.06197,2620000,2440000
2018-03-28 12:36:07.841000,1.06202,1.06197,2060000,2440000
2018-03-28 12:36:08.241000,1.06203,1.06199,6190000,2250000
2018-03-28 12:36:08.294000,1.06205,1.06201,5060000,1000000
2018-03-28 12:36:08.450000,1.06206,1.06202,1120000,2810000
2018-03-28 12:36:09.215000,1.06206,1.06203,1120000,1000000
2018-03-28 12:36:12.518000,1.06207,1.06204,1500000,1500000
2018-03-28 12:36:12.858000,1.06212,1.06209,1500000,1250000
2018-03-28 12:36:13.468000,1.06212,1.06209,1000000,1310000
2018-03-28 12:36:14.017000,1.06212,1.0621,3750000,1000000
2018-03-28 12:36:14.536000,1.06211,1.06207,1690000,4870000
2018-03-28 12:36:15.055000,1.06209,1.06207,1250000,1120000
2018-03-28 12:36:15.287000,1.06208,1.06203,11660000,4500000
2018-03-28 12:36:15.653000,1.06203,1.06202,4310000,1000000
2018-03-28 12:36:15.706000,1.06203,1.06199,5810000,2620000
2018-03-28 12:36:15.811000,1.06202,1.06198,1690000,1000000
2018-03-28 12:36:16.360000,1.06202,1.06197,2250000,4310000
2018-03-28 12:36:16.870000,1.06202,1.06197,1870000,3940000
2018-03-28 12:36:17.694000,1.06202,1.06198,1120000,1190000
2018-03-28 12:36:18.248000,1.06203,1.06198,4500000,4690000
2018-03-28 12:36:18.765000,1.06203,1.06199,1500000,1690000
2018-03-28 12:36:19.286000,1.06203,1.062,1120000,1000000
2018-03-28 12:36:19.649000,1.06205,1.06202,1500000,1000000
2018-03-28 12:36:20.011000,1.06204,1.06201,1310000,1000000
2018-03-28 12:36:20.668000,1.06204,1.06201,1370000,1000000
2018-03-28 12:36:22.371000,1.06204,1.062,3750000,1260000
2018-03-28 12:36:22.681000,1.06202,1.06198,3190000,1500000
2018-03-28 12:36:25.827000,1.06202,1.06199,3750000,1250000
2018-03-28 12:36:25.983000,1.06204,1.062,4120000,1690000
2018-03-28 12:36:26.802000,1.06203,1.062,3940000,1500000
2018-03-28 12:36:27.303000,1.06203,1.06199,9040000,1120000
2018-03-28 12:36:29.235000,1.06202,1.06198,1370000,1500000
2018-03-28 12:36:29.666000,1.06203,1.06199,3750000,2440000
2018-03-28 12:36:30.210000,1.06204,1.062,4870000,1120000
2018-03-28 12:36:31.056000,1.06204,1.06201,1370000,1000000
2018-03-28 12:36:31.839000,1.06204,1.062,1120000,1950000
2018-03-28 12:36:32.863000,1.06206,1.06201,5250000,3940000
2018-03-28 12:36:33.324000,1.06207,1.06203,3750000,1370000
2018-03-28 12:36:33.818000,1.06208,1.06205,1000000,1120000
2018-03-28 12:36:34.363000,1.06208,1.06205,1000000,1500000
2018-03-28 12:36:34.958000,1.06209,1.06205,1000000,3190000
2018-03-28 12:36:37.912000,1.06209,1.06205,6190000,2620000
2018-03-28 12:36:38.372000,1.06207,1.06204,3940000,2250000
2018-03-28 12:36:38.906000,1.06206,1.06203,1120000,2620000
2018-03-28 12:36:39.271000,1.06205,1.06201,2440000,1500000
2018-03-28 12:36:39.325000,1.06203,1.062,3190000,1000000
2018-03-28 12:36:39.378000,1.06201,1.06199,2060000,1000000
2018-03-28 12:36:39.431000,1.06199,1.06197,1310000,1000000
2018-03-28 12:36:39.975000,1.06199,1.06195,1310000,6750000
2018-03-28 12:36:40.786000,1.062,1.06196,3190000,1000000
2018-03-28 12:36:41.501000,1.06199,1.06196,1250000,1000000
2018-03-28 12:36:41.915000,1.062,1.06196,1000000,3750000
2018-03-28 12:36:42.442000,1.06201,1.06197,1120000,2250000
2018-03-28 12:36:44.689000,1.06201,1.06198,1000000,4310000
2018-03-28 12:36:46.930000,1.06201,1.06197,1120000,2440000
2018-03-28 12:36:47.443000,1.06201,1.06197,1120000,3190000
2018-03-28 12:36:48.154000,1.06201,1.06197,1120000,9940000
2018-03-28 12:36:48.803000,1.06204,1.06201,1000000,3190000
2018-03-28 12:36:49.116000,1.06206,1.06203,1000000,4690000
2018-03-28 12:36:49.630000,1.06207,1.06203,1120000,6190000
2018-03-28 12:36:50.546000,1.06208,1.06204,1120000,1620000
2018-03-28 12:36:52.442000,1.06209,1.06206,1500000,1250000
2018-03-28 12:36:52.961000,1.06209,1.06206,1000000,1370000
2018-03-28 12:36:55.175000,1.06209,1.06204,2440000,6560000
2018-03-28 12:36:55.383000,1.06209,1.06204,2810000,3560000
2018-03-28 12:36:56.131000,1.06207,1.06203,1120000,7270000
2018-03-28 12:36:56.649000,1.06206,1.06202,2250000,3940000
2018-03-28 12:36:57.184000,1.06206,1.06203,1500000,1500000
2018-03-28 12:36:58.862000,1.06206,1.06203,1120000,5440000
2018-03-28 12:37:00.492000,1.06206,1.06203,1120000,3000000
2018-03-28 12:37:01.019000,1.06201,1.06199,2620000,1000000
2018-03-28 12:37:01.071000,1.06198,1.06194,3410000,1250000
2018-03-28 12:37:01.123000,1.06197,1.06193,2620000,1620000
2018-03-28 12:37:01.763000,1.06196,1.06192,1120000,5060000
2018-03-28 12:37:03.129000,1.06197,1.06193,2620000,1000000
2018-03-28 12:37:03.643000,1.06196,1.06192,1870000,1500000
2018-03-28 12:37:04.189000,1.06199,1.06195,1870000,2810000
2018-03-28 12:37:04.739000,1.062,1.06195,3000000,3940000
2018-03-28 12:37:05.667000,1.062,1.06195,2810000,4690000
2018-03-28 12:37:06.134000,1.062,1.06196,2060000,1560000
2018-03-28 12:37:06.443000,1.06206,1.06203,2250000,1000000
2018-03-28 12:37:07.269000,1.06205,1.06202,3750000,3370000
2018-03-28 12:37:07.373000,1.06206,1.06203,2250000,1500000
2018-03-28 12:37:07.635000,1.06208,1.06204,3000000,2060000
2018-03-28 12:37:07.738000,1.06208,1.06204,2620000,1310000
2018-03-28 12:37:07.843000,1.06207,1.06204,2620000,1500000
2018-03-28 12:37:08.858000,1.06206,1.06203,5620000,3750000
2018-03-28 12:37:09.063000,1.06203,1.06199,4310000,6000000
2018-03-28 12:37:09.598000,1.06201,1.06198,1310000,1120000
2018-03-28 12:37:09.751000,1.06199,1.06197,1250000,1000000
2018-03-28 12:37:09.854000,1.06199,1.06195,1690000,3150000
2018-03-28 12:37:09.957000,1.06198,1.06195,2250000,1270000
2018-03-28 12:37:10.114000,1.06196,1.06193,1120000,1500000
2018-03-28 12:37:16.179000,1.06197,1.06195,1870000,1370000
2018-03-28 12:37:16.335000,1.06199,1.06196,1000000,1000000
2018-03-28 12:37:16.388000,1.06199,1.06195,1000000,3560000
2018-03-28 12:37:16.477000,1.06199,1.06195,1000000,3560000
2018-03-28 12:37:16.690000,1.06197,1.06194,1000000,1050000
2018-03-28 12:37:17.685000,1.06198,1.06196,1000000,1370000
2018-03-28 12:37:17.806000,1.06198,1.06194,2060000,2250000
2018-03-28 12:37:18.273000,1.06197,1.06193,2060000,2620000
2018-03-28 12:37:18.812000,1.06196,1.06192,1690000,2620000
2018-03-28 12:37:19.753000,1.06198,1.06194,1120000,2060000
2018-03-28 12:37:19.857000,1.06199,1.06196,1000000,1500000
2018-03-28 12:37:20.378000,1.06202,1.06198,3940000,2250000
2018-03-28 12:37:20.899000,1.06202,1.06199,1870000,1000000
2018-03-28 12:37:22.924000,1.06202,1.06199,1000000,3000000
2018-03-28 12:37:23.755000,1.06203,1.062,1870000,1870000
2018-03-28 12:37:24.067000,1.06208,1.06204,3190000,1120000
2018-03-28 12:37:24.119000,1.06208,1.06205,1000000,2100000
2018-03-28 12:37:24.171000,1.06208,1.06204,1310000,4120000
2018-03-28 12:37:24.620000,1.06206,1.06203,2060000,1120000
2018-03-28 12:37:24.934000,1.06204,1.06201,1690000,1120000
2018-03-28 12:37:25.264000,1.06203,1.06198,6560000,5620000
2018-03-28 12:37:25.790000,1.06205,1.06201,2060000,4870000
2018-03-28 12:37:26.301000,1.06205,1.06203,1000000,1120000
2018-03-28 12:37:26.852000,1.06207,1.06203,3560000,5250000
2018-03-28 12:37:27.360000,1.06207,1.06204,2810000,1000000
2018-03-28 12:37:27.954000,1.06206,1.06203,1690000,4120000
2018-03-28 12:37:28.469000,1.06205,1.06202,1250000,1870000
2018-03-28 12:37:29.288000,1.06206,1.06203,1500000,1870000
2018-03-28 12:37:29.825000,1.06207,1.06203,2440000,6000000
2018-03-28 12:37:30.327000,1.06206,1.06202,1250000,5620000
2018-03-28 12:37:30.696000,1.06209,1.06204,3560000,4690000
2018-03-28 12:37:30.854000,1.06209,1.06207,1000000,1370000
2018-03-28 12:37:30.907000,1.06211,1.06208,1000000,2250000
2018-03-28 12:37:31.134000,1.0621,1.06206,1120000,3220000
2018-03-28 12:37:31.343000,1.06209,1.06205,1690000,1000000
2018-03-28 12:37:31.651000,1.06208,1.06204,1690000,1120000
2018-03-28 12:37:32.173000,1.06207,1.06203,4310000,3750000
2018-03-28 12:37:32.684000,1.06207,1.06203,3750000,4120000
2018-03-28 12:37:33.280000,1.06207,1.06204,1500000,3000000
2018-03-28 12:37:33.642000,1.06207,1.06203,3560000,1500000
2018-03-28 12:37:35.265000,1.06206,1.06203,1000000,6750000
2018-03-28 12:37:35.776000,1.06208,1.06204,3560000,3750000
2018-03-28 12:37:36.347000,1.06209,1.06206,1690000,2250000
2018-03-28 12:37:36.870000,1.0621,1.06206,1690000,2620000
2018-03-28 12:37:37.380000,1.06209,1.06205,4310000,1500000
2018-03-28 12:37:37.901000,1.06209,1.06204,4690000,3750000
2018-03-28 12:37:39.036000,1.06207,1.06204,2060000,1120000
2018-03-28 12:37:39.139000,1.06205,1.06201,2060000,1500000
2018-03-28 12:37:39.670000,1.06207,1.06204,1120000,1870000
2018-03-28 12:37:40.218000,1.06208,1.06204,1000000,2810000
2018-03-28 12:37:41.829000,1.06207,1.06203,3190000,1870000
2018-03-28 12:37:42.346000,1.06206,1.06202,1690000,3750000
2018-03-28 12:37:42.896000,1.06206,1.06202,1690000,3370000
2018-03-28 12:37:44.188000,1.06203,1.06201,1910000,1120000
2018-03-28 12:37:44.240000,1.06201,1.06198,2060000,1500000
2018-03-28 12:37:44.650000,1.06202,1.06199,1120000,2810000
2018-03-28 12:37:44.914000,1.06207,1.06203,1120000,1120000
2018-03-28 12:37:45.425000,1.06208,1.06204,2620000,2620000
2018-03-28 12:37:47.512000,1.06209,1.06205,2620000,1120000
2018-03-28 12:37:47.719000,1.06209,1.06207,1500000,1690000
2018-03-28 12:37:47.823000,1.06211,1.06207,1500000,1990000
2018-03-28 12:37:48.339000,1.0621,1.06207,1250000,1000000
2018-03-28 12:37:48.901000,1.06211,1.06207,2620000,1620000
2018-03-28 12:37:49.460000,1.06211,1.06208,1120000,1000000
2018-03-28 12:37:50.530000,1.06212,1.06208,2250000,2620000
2018-03-28 12:37:50.583000,1.06212,1.06209,1000000,3000000
2018-03-28 12:37:51.146000,1.06213,1.06209,1500000,6750000
2018-03-28 12:37:51.475000,1.06216,1.06213,1310000,1000000
2018-03-28 12:37:51.836000,1.06215,1.06211,1690000,1500000
2018-03-28 12:37:52.297000,1.06216,1.06212,1120000,2250000
2018-03-28 12:37:52.832000,1.06217,1.06213,1310000,2620000
2018-03-28 12:37:53.142000,1.06215,1.06212,1250000,1870000
2018-03-28 12:37:53.683000,1.06216,1.06212,1690000,1370000
2018-03-28 12:37:54.231000,1.06214,1.06211,1250000,1870000
2018-03-28 12:37:54.782000,1.06214,1.0621,1190000,2740000
2018-03-28 12:37:55.327000,1.06214,1.0621,2810000,1610000
2018-03-28 12:37:55.635000,1.06211,1.06209,1250000,1000000
2018-03-28 12:37:55.915000,1.06211,1.06207,2440000,1500000
2018-03-28 12:37:56.431000,1.06211,1.06207,1500000,2060000
2018-03-28 12:37:56.588000,1.06211,1.06207,1500000,4690000
2018-03-28 12:37:57.118000,1.06212,1.06208,1500000,4120000
2018-03-28 12:37:57.639000,1.06213,1.0621,1120000,1000000
2018-03-28 12:37:59.092000,1.06213,1.0621,1120000,1370000
2018-03-28 12:37:59.475000,1.06216,1.06212,1500000,2620000
2018-03-28 12:37:59.723000,1.06219,1.06215,1500000,1500000
2018-03-28 12:37:59.830000,1.0622,1.06217,2620000,1500000
2018-03-28 12:38:00.241000,1.06223,1.06218,2810000,3000000
2018-03-28 12:38:00.752000,1.06223,1.0622,1690000,1000000
2018-03-28 12:38:01.512000,1.06223,1.06219,1690000,1120000
2018-03-28 12:38:02,1.0622,1.06218,2060000,1120000
2018-03-28 12:38:02.495000,1.06219,1.06215,1310000,6370000
2018-03-28 12:38:02.820000,1.06217,1.06213,2440000,1430000
2018-03-28 12:38:02.872000,1.06214,1.06212,1250000,3750000
2018-03-28 12:38:03.382000,1.06214,1.0621,1310000,1870000
2018-03-28 12:38:04.296000,1.06214,1.0621,1690000,1370000
2018-03-28 12:38:05.056000,1.06212,1.06209,2060000,4500000
2018-03-28 12:38:05.163000,1.06209,1.06206,1310000,3370000
2018-03-28 12:38:06.468000,1.06206,1.06205,1000000,1690000
2018-03-28 12:38:06.524000,1.06204,1.062,1690000,2620000
2018-03-28 12:38:06.835000,1.06202,1.06201,1250000,1500000
2018-03-28 12:38:07.356000,1.06202,1.062,1250000,1870000
2018-03-28 12:38:07.876000,1.06201,1.06198,1250000,1870000
2018-03-28 12:38:08.426000,1.06202,1.06199,2060000,1370000
2018-03-28 12:38:08.978000,1.06203,1.06199,1870000,1500000
2018-03-28 12:38:09.302000,1.06204,1.062,1250000,2620000
2018-03-28 12:38:10.178000,1.06204,1.06199,6560000,1870000
2018-03-28 12:38:10.530000,1.06206,1.06203,1000000,3000000
2018-03-28 12:38:11.046000,1.06207,1.06204,1000000,1120000
2018-03-28 12:38:12.182000,1.06206,1.06203,1310000,2620000
2018-03-28 12:38:12.742000,1.06205,1.06203,1250000,1870000
2018-03-28 12:38:13.266000,1.06206,1.06203,1120000,1870000
2018-03-28 12:38:13.799000,1.06207,1.06204,1690000,2250000
2018-03-28 12:38:14.164000,1.06208,1.06206,1310000,1100000
2018-03-28 12:38:15.263000,1.06209,1.06205,2060000,3640000
2018-03-28 12:38:15.804000,1.06208,1.06205,1250000,1070000
2018-03-28 12:38:16.161000,1.0621,1.06206,4310000,1100000
2018-03-28 12:38:16.896000,1.0621,1.06206,1870000,1950000
2018-03-28 12:38:18.478000,1.06211,1.06207,4690000,1000000
2018-03-28 12:38:19.292000,1.0621,1.06207,1250000,1000000
2018-03-28 12:38:19.806000,1.06211,1.06207,3560000,1000000
2018-03-28 12:38:20.343000,1.06211,1.06207,3560000,1000000
2018-03-28 12:38:20.550000,1.06212,1.06208,4500000,1690000
2018-03-28 12:38:20.862000,1.06214,1.0621,1690000,3560000
2018-03-28 12:38:23.753000,1.06213,1.0621,6560000,1000000
2018-03-28 12:38:23.834000,1.0621,1.06208,1000000,1000000
2018-03-28 12:38:24.256000,1.06212,1.0621,1000000,1000000
2018-03-28 12:38:24.361000,1.06214,1.06211,1500000,2810000
2018-03-28 12:38:24.760000,1.06216,1.06213,1120000,2810000
2018-03-28 12:38:24.916000,1.0622,1.06216,1120000,3190000
2018-03-28 12:38:26.141000,1.06221,1.06217,3000000,1250000
2018-03-28 12:38:26.964000,1.06219,1.06216,1250000,1310000
2018-03-28 12:38:27.271000,1.06215,1.06213,2060000,1000000
2018-03-28 12:38:27.811000,1.06215,1.06212,2060000,1000000
2018-03-28 12:38:29.515000,1.06215,1.06212,1000000,3750000
2018-03-28 12:38:30.033000,1.06216,1.06213,1000000,3190000
2018-03-28 12:38:30.584000,1.06217,1.06214,1000000,1000000
2018-03-28 12:38:32.316000,1.06218,1.06215,1120000,1120000
2018-03-28 12:38:32.849000,1.06218,1.06215,1120000,3370000
2018-03-28 12:38:33.119000,1.06218,1.06214,1310000,4120000
2018-03-28 12:38:33.790000,1.06218,1.06215,1310000,1870000
2018-03-28 12:38:34.319000,1.06218,1.06216,1310000,1000000
2018-03-28 12:38:34.849000,1.0622,1.06216,2440000,5250000
2018-03-28 12:38:37.615000,1.06219,1.06215,2810000,6000000
2018-03-28 12:38:37.667000,1.06217,1.06215,1120000,1870000
2018-03-28 12:38:38.182000,1.06217,1.06213,1250000,3000000
2018-03-28 12:38:39.817000,1.06216,1.06213,1250000,1870000
2018-03-28 12:38:40.332000,1.06216,1.06213,1310000,1870000
2018-03-28 12:38:40.861000,1.06217,1.06213,1310000,3750000
2018-03-28 12:38:42.449000,1.06216,1.06213,4690000,1500000
2018-03-28 12:38:42.959000,1.06214,1.0621,2060000,2250000
2018-03-28 12:38:43.495000,1.06214,1.0621,1250000,3370000
2018-03-28 12:38:43.979000,1.06216,1.06212,1120000,3560000
2018-03-28 12:38:44.699000,1.06215,1.06212,1000000,2620000
2018-03-28 12:38:46.519000,1.06216,1.06213,1250000,1000000
2018-03-28 12:38:47.040000,1.06217,1.06213,1310000,3750000
2018-03-28 12:38:47.556000,1.06216,1.06213,1250000,1500000
2018-03-28 12:38:48.095000,1.06217,1.06213,1000000,5060000
2018-03-28 12:38:48.301000,1.06214,1.06212,1120000,1000000
2018-03-28 12:38:48.355000,1.06211,1.06209,1500000,1120000
2018-03-28 12:38:48.872000,1.06212,1.06209,2060000,3000000
2018-03-28 12:38:49.115000,1.06209,1.06205,2060000,3190000
2018-03-28 12:38:50.435000,1.06208,1.06205,1000000,1370000
2018-03-28 12:39:00.471000,1.06207,1.06204,1000000,1120000
2018-03-28 12:39:00.575000,1.06207,1.06204,1000000,4120000
2018-03-28 12:39:01.052000,1.06207,1.06204,1000000,27370001
2018-03-28 12:39:01.360000,1.06207,1.06204,1000000,30370001
2018-03-28 12:39:02.201000,1.06207,1.06204,1000000,72370003
2018-03-28 12:39:02.794000,1.06207,1.06204,1000000,75370003
2018-03-28 12:39:02.981000,1.06209,1.06207,2440000,1120000
2018-03-28 12:39:03.191000,1.0621,1.06206,1000000,3790000
2018-03-28 12:39:03.651000,1.06208,1.06205,1000000,2250000
2018-03-28 12:39:06.218000,1.06208,1.06205,1000000,2060000
2018-03-28 12:39:06.345000,1.0621,1.06206,3560000,2440000
2018-03-28 12:39:06.863000,1.06211,1.06206,5440000,6940000
2018-03-28 12:39:07.479000,1.06211,1.06206,4310000,7540000
2018-03-28 12:39:08.009000,1.06211,1.06208,2060000,1000000
2018-03-28 12:39:09.855000,1.06208,1.06206,2100000,1000000
2018-03-28 12:39:10.370000,1.06209,1.06205,4690000,1120000
2018-03-28 12:39:12.951000,1.06209,1.06205,1500000,3190000
2018-03-28 12:39:14.209000,1.06209,1.06205,1250000,3560000
2018-03-28 12:39:14.722000,1.06208,1.06205,1250000,1120000
2018-03-28 12:39:15.291000,1.06206,1.06204,1620000,1000000
2018-03-28 12:39:15.343000,1.06206,1.06202,4310000,2250000
2018-03-28 12:39:17.652000,1.062,1.06199,1500000,1000000
2018-03-28 12:39:17.706000,1.062,1.06198,2620000,3190000
2018-03-28 12:39:17.761000,1.06197,1.06194,1000000,2810000
2018-03-28 12:39:17.814000,1.06197,1.06194,1000000,1310000
2018-03-28 12:39:17.867000,1.06197,1.06192,1250000,4310000
2018-03-28 12:39:18.374000,1.06196,1.06191,1250000,4120000
2018-03-28 12:39:18.735000,1.06194,1.06191,3190000,2060000
2018-03-28 12:39:19.148000,1.06193,1.06189,4310000,1120000
2018-03-28 12:39:19.303000,1.06193,1.0619,1500000,1310000
2018-03-28 12:39:19.355000,1.06195,1.06191,1000000,2440000
2018-03-28 12:39:19.872000,1.06196,1.06192,4310000,1500000
2018-03-28 12:39:20.132000,1.06197,1.06194,1000000,2440000
2018-03-28 12:39:20.185000,1.06199,1.06195,2250000,2060000
2018-03-28 12:39:20.717000,1.062,1.06195,1500000,33560001
2018-03-28 12:39:21.248000,1.062,1.06195,5060000,3000000
2018-03-28 12:39:21.807000,1.062,1.06195,3940000,2440000
2018-03-28 12:39:22.062000,1.06201,1.06197,1690000,1500000
2018-03-28 12:39:22.578000,1.06202,1.06198,1690000,1000000
2018-03-28 12:39:23.122000,1.06202,1.06198,1190000,1000000
2018-03-28 12:39:23.431000,1.06203,1.06199,3190000,1370000
2018-03-28 12:39:26.227000,1.06204,1.062,5440000,1190000
2018-03-28 12:39:26.362000,1.06205,1.06201,3370000,1250000
2018-03-28 12:39:26.479000,1.06207,1.06203,4310000,2620000
2018-03-28 12:39:26.998000,1.06208,1.06204,3190000,1120000
2018-03-28 12:39:27.522000,1.06208,1.06203,3190000,10690000
2018-03-28 12:39:31.010000,1.06208,1.06204,5060000,1870000
2018-03-28 12:39:31.483000,1.06208,1.06203,4310000,4310000
2018-03-28 12:39:31.793000,1.06208,1.06204,1500000,5060000
2018-03-28 12:39:32.314000,1.0621,1.06206,2440000,1250000
2018-03-28 12:39:32.983000,1.06209,1.06205,1190000,5060000
2018-03-28 12:39:33.503000,1.06209,1.06205,1250000,3000000
2018-03-28 12:39:34.048000,1.06204,1.06201,4160000,7870000
2018-03-28 12:39:34.381000,1.062,1.06196,3190000,1500000
2018-03-28 12:39:34.901000,1.06198,1.06195,1310000,2620000
2018-03-28 12:39:35.006000,1.06197,1.06195,2440000,1500000
2018-03-28 12:39:35.058000,1.06197,1.06193,1690000,1500000
2018-03-28 12:39:35.563000,1.06197,1.06193,2060000,2620000
2018-03-28 12:39:36.062000,1.06199,1.06197,1120000,1000000
2018-03-28 12:39:36.166000,1.06203,1.06199,5060000,1120000
2018-03-28 12:39:36.342000,1.06203,1.06199,1120000,1310000
2018-03-28 12:39:36.852000,1.06204,1.062,1500000,6190000
2018-03-28 12:39:37.991000,1.06204,1.062,3560000,2620000
2018-03-28 12:39:38.603000,1.06204,1.06199,6560000,1370000
2018-03-28 12:39:39.311000,1.06204,1.062,2250000,1690000
2018-03-28 12:39:39.858000,1.06205,1.062,3940000,2000000
2018-03-28 12:39:41.464000,1.06206,1.062,5440000,4690000
2018-03-28 12:39:42.155000,1.06205,1.062,2060000,3750000
2018-03-28 12:39:42.664000,1.06204,1.062,1000000,2250000
2018-03-28 12:39:44.144000,1.06204,1.06199,3940000,4500000
2018-03-28 12:39:44.891000,1.06204,1.06199,5440000,4690000
2018-03-28 12:39:45.196000,1.0621,1.06206,3190000,1620000
2018-03-28 12:39:45.719000,1.06208,1.06205,1120000,1870000
2018-03-28 12:39:46.200000,1.06207,1.06203,1250000,3750000
2018-03-28 12:39:46.743000,1.06208,1.06205,1000000,1310000
2018-03-28 12:39:46.845000,1.0621,1.06206,4690000,1620000
2018-03-28 12:39:47.427000,1.06208,1.06206,1000000,1500000
2018-03-28 12:39:47.943000,1.0621,1.06205,3190000,7310000
2018-03-28 12:39:48.497000,1.0621,1.06206,1190000,1620000
2018-03-28 12:39:49.027000,1.06209,1.06206,2440000,1120000
2018-03-28 12:39:50.546000,1.06209,1.06205,3940000,1500000
2018-03-28 12:39:51.067000,1.06209,1.06204,5660000,3190000
2018-03-28 12:39:51.534000,1.06209,1.06204,9190000,3000000
2018-03-28 12:39:51.843000,1.06207,1.06203,4540000,1500000
2018-03-28 12:39:52.486000,1.06206,1.06203,1190000,1500000
2018-03-28 12:39:53.034000,1.06207,1.06203,8660000,1120000
2018-03-28 12:39:53.544000,1.06205,1.06202,1000000,2250000
2018-03-28 12:39:54.557000,1.06205,1.06202,1310000,1500000
2018-03-28 12:39:55.123000,1.06204,1.06201,2060000,1310000
2018-03-28 12:39:55.493000,1.06204,1.06201,4310000,1000000
2018-03-28 12:39:55.820000,1.06199,1.06198,2660000,1000000
2018-03-28 12:39:55.873000,1.062,1.06197,2440000,1000000
2018-03-28 12:39:56.443000,1.06199,1.06195,2060000,1500000
2018-03-28 12:39:56.986000,1.06199,1.06194,3940000,5250000
2018-03-28 12:39:57.344000,1.06194,1.06192,1310000,1000000
2018-03-28 12:39:57.395000,1.06193,1.06191,1250000,1120000
2018-03-28 12:39:58.438000,1.06192,1.0619,1560000,1000000
2018-03-28 12:39:58.490000,1.0619,1.06188,10310000,1000000
2018-03-28 12:39:58.542000,1.06187,1.06183,2060000,1310000
2018-03-28 12:39:58.593000,1.06187,1.06184,2250000,1690000
2018-03-28 12:39:58.905000,1.06191,1.06188,3750000,1620000
2018-03-28 12:39:59.427000,1.06192,1.06188,1120000,1620000
2018-03-28 12:39:59.939000,1.06192,1.06188,1120000,1310000
2018-03-28 12:40:00.417000,1.06193,1.0619,1500000,2060000
2018-03-28 12:40:00.469000,1.06195,1.06191,1310000,1120000
2018-03-28 12:40:00.571000,1.06197,1.06193,1690000,1120000
2018-03-28 12:40:01.121000,1.06198,1.06192,8440000,3940000
2018-03-28 12:40:01.637000,1.06198,1.06193,5440000,1690000
2018-03-28 12:40:02.164000,1.06198,1.06193,6190000,3000000
2018-03-28 12:40:02.680000,1.06197,1.06193,1190000,1500000
2018-03-28 12:40:03.226000,1.06198,1.06193,5440000,1870000
2018-03-28 12:40:03.742000,1.06198,1.06193,3560000,1620000
2018-03-28 12:40:03.872000,1.06198,1.06195,1870000,2060000
2018-03-28 12:40:04.186000,1.06204,1.06201,1190000,1370000
2018-03-28 12:40:04.739000,1.06205,1.06202,1250000,1370000
2018-03-28 12:40:04.947000,1.06207,1.06202,2810000,10310000
2018-03-28 12:40:05.262000,1.06205,1.06202,1690000,1500000
2018-03-28 12:40:05.811000,1.06204,1.06201,1250000,1620000
2018-03-28 12:40:06.298000,1.06204,1.06201,3190000,1000000
2018-03-28 12:40:06.807000,1.06204,1.062,2810000,2060000
2018-03-28 12:40:08.051000,1.06199,1.06198,2470000,1120000
2018-03-28 12:40:08.154000,1.06199,1.06195,2060000,2250000
2018-03-28 12:40:08.511000,1.06198,1.06195,4310000,1120000
2018-03-28 12:40:08.562000,1.06197,1.06193,1000000,2810000
2018-03-28 12:40:08.665000,1.06192,1.06191,24750000,3750000
2018-03-28 12:40:08.716000,1.06189,1.06187,1000000,3560000
2018-03-28 12:40:08.848000,1.06186,1.06183,2060000,1120000
2018-03-28 12:40:09.155000,1.06187,1.06182,3370000,7310000
2018-03-28 12:40:09.660000,1.06187,1.06183,2810000,1120000
2018-03-28 12:40:10.172000,1.06187,1.06182,5440000,2000000
2018-03-28 12:40:10.520000,1.06188,1.06184,2620000,1690000
2018-03-28 12:40:10.985000,1.06188,1.06183,5060000,2620000
2018-03-28 12:40:12.052000,1.06187,1.06184,1000000,1000000
2018-03-28 12:40:12.327000,1.06189,1.06185,16309999,1120000
2018-03-28 12:40:12.480000,1.0619,1.06187,1500000,1690000
2018-03-28 12:40:12.634000,1.06192,1.06188,2440000,1120000
2018-03-28 12:40:13.146000,1.06192,1.06189,1120000,1120000
2018-03-28 12:40:13.728000,1.06193,1.06189,5810000,1870000
2018-03-28 12:40:14.241000,1.06192,1.06189,1250000,1120000
2018-03-28 12:40:15.700000,1.06191,1.06189,2060000,1000000
2018-03-28 12:40:15.755000,1.06189,1.06186,6190000,1120000
2018-03-28 12:40:16.262000,1.06189,1.06185,1690000,14250000
2018-03-28 12:40:16.779000,1.06189,1.06185,1250000,16120001
2018-03-28 12:40:17.363000,1.06188,1.06186,1250000,1870000
2018-03-28 12:40:17.782000,1.06187,1.06183,1250000,1500000
2018-03-28 12:40:18.312000,1.06186,1.06183,1250000,1000000
2018-03-28 12:40:19.048000,1.06186,1.06182,1190000,2620000
2018-03-28 12:40:19.101000,1.06184,1.06181,1690000,6000000
2018-03-28 12:40:19.258000,1.0618,1.06175,2810000,1000000
2018-03-28 12:40:19.763000,1.0618,1.06176,1120000,1500000
2018-03-28 12:40:20.275000,1.06181,1.06176,1120000,3940000
2018-03-28 12:40:20.803000,1.06182,1.06178,1750000,1310000
2018-03-28 12:40:21.009000,1.06183,1.06179,1500000,2810000
2018-03-28 12:40:21.525000,1.06185,1.0618,2000000,2440000
2018-03-28 12:40:22.181000,1.06184,1.06179,2810000,1690000
2018-03-28 12:40:22.653000,1.06183,1.06178,2810000,2440000
2018-03-28 12:40:23.093000,1.0618,1.06177,1560000,1000000
2018-03-28 12:40:23.403000,1.06179,1.06174,2810000,4310000
2018-03-28 12:40:23.939000,1.06177,1.06173,1370000,3190000
2018-03-28 12:40:24.041000,1.06179,1.06174,9190000,3940000
2018-03-28 12:40:24.298000,1.0618,1.06175,1870000,6940000
2018-03-28 12:40:24.814000,1.06179,1.06174,1560000,6750000
2018-03-28 12:40:25.543000,1.06179,1.06174,1620000,3560000
2018-03-28 12:40:26.082000,1.06179,1.06175,1310000,2060000
2018-03-28 12:40:26.547000,1.06179,1.06174,2810000,1870000
2018-03-28 12:40:26.619000,1.06179,1.06174,2060000,2060000
2018-03-28 12:40:27.131000,1.06178,1.06173,1000000,5440000
2018-03-28 12:40:27.438000,1.06179,1.06176,1000000,2060000
2018-03-28 12:40:27.702000,1.06183,1.06179,2060000,6750000
2018-03-28 12:40:27.754000,1.06182,1.06179,1190000,2250000
2018-03-28 12:40:27.805000,1.06182,1.06179,1120000,1690000
2018-03-28 12:40:28.319000,1.06182,1.06178,1000000,2060000
2018-03-28 12:40:29.324000,1.06183,1.06178,3560000,5810000
2018-03-28 12:40:30.260000,1.06183,1.06181,2620000,1250000
2018-03-28 12:40:30.419000,1.06195,1.06191,4160000,1000000
2018-03-28 12:40:30.480000,1.06197,1.06193,2060000,1870000
2018-03-28 12:40:30.533000,1.06197,1.06193,1120000,1250000
2018-03-28 12:40:30.757000,1.06195,1.06192,1120000,1870000
2018-03-28 12:40:31.267000,1.06194,1.0619,1120000,8440000
2018-03-28 12:40:31.834000,1.06194,1.0619,1120000,5060000
2018-03-28 12:40:32.344000,1.06193,1.0619,1120000,3190000
2018-03-28 12:40:32.914000,1.06193,1.06189,2440000,2810000
2018-03-28 12:40:33.461000,1.06193,1.0619,1120000,3940000
2018-03-28 12:40:34.589000,1.06194,1.0619,1760000,4310000
2018-03-28 12:40:35.402000,1.06193,1.0619,1250000,2810000
2018-03-28 12:40:36.932000,1.06192,1.0619,1000000,1000000
2018-03-28 12:40:37.441000,1.06193,1.0619,1120000,2440000
2018-03-28 12:40:37.944000,1.06192,1.06189,1500000,1690000
2018-03-28 12:40:38.493000,1.06192,1.06189,1870000,1690000
2018-03-28 12:40:41.584000,1.06194,1.06193,1250000,1000000
2018-03-28 12:40:42.095000,1.06196,1.06192,1500000,5810000
2018-03-28 12:40:42.253000,1.06195,1.06192,2810000,3750000
2018-03-28 12:40:42.633000,1.06194,1.0619,1690000,1610000
2018-03-28 12:40:43.150000,1.06192,1.06189,1250000,1300000
2018-03-28 12:40:43.616000,1.06192,1.06187,1690000,5440000
2018-03-28 12:40:44.174000,1.06192,1.06187,1690000,5250000
2018-03-28 12:40:44.571000,1.06191,1.06187,2440000,1500000
2018-03-28 12:40:44.829000,1.06192,1.06188,3750000,5810000
2018-03-28 12:40:44.984000,1.06192,1.06191,1000000,1000000
2018-03-28 12:40:45.138000,1.06196,1.06193,1000000,2620000
2018-03-28 12:40:45.368000,1.06195,1.06191,1870000,2810000
2018-03-28 12:40:45.727000,1.06193,1.06191,1310000,3070000
2018-03-28 12:40:45.833000,1.06192,1.06189,1000000,1310000
2018-03-28 12:40:46.377000,1.06191,1.06188,1120000,1310000
2018-03-28 12:40:46.900000,1.06191,1.06188,1500000,1250000
2018-03-28 12:40:47.407000,1.0619,1.06187,1000000,1250000
2018-03-28 12:40:47.764000,1.06187,1.06186,1000000,5440000
2018-03-28 12:40:47.816000,1.06187,1.06184,3750000,1250000
2018-03-28 12:40:47.919000,1.06184,1.06183,1120000,1250000
2018-03-28 12:40:47.971000,1.06184,1.06181,1120000,4690000
2018-03-28 12:40:48.383000,1.0618,1.06179,1000000,1760000
2018-03-28 12:40:48.436000,1.06178,1.06175,2620000,1310000
2018-03-28 12:40:48.811000,1.0618,1.06178,2620000,1310000
2018-03-28 12:40:49.224000,1.0618,1.06176,1000000,1310000
2018-03-28 12:40:49.998000,1.06179,1.06175,1000000,4390000
2018-03-28 12:40:50.510000,1.06178,1.06174,1500000,1310000
2018-03-28 12:40:50.983000,1.06179,1.06175,5250000,1310000
2018-03-28 12:40:51.493000,1.0618,1.06176,2620000,2440000
2018-03-28 12:40:52.006000,1.0618,1.06176,1000000,2440000
2018-03-28 12:40:52.519000,1.0618,1.06176,1000000,1310000
2018-03-28 12:40:53.118000,1.0618,1.06176,1000000,1310000
2018-03-28 12:40:53.873000,1.06176,1.06175,1120000,3820000
2018-03-28 12:40:54.102000,1.06176,1.06172,1690000,1370000
2018-03-28 12:40:54.520000,1.06177,1.06172,3560000,2060000
2018-03-28 12:40:55.066000,1.06176,1.06171,3560000,2170000
2018-03-28 12:40:55.583000,1.06176,1.06171,8060000,1500000
2018-03-28 12:40:56.091000,1.06176,1.06171,7310000,2250000
2018-03-28 12:40:56.661000,1.06176,1.06171,11060000,1370000
2018-03-28 12:40:57.198000,1.06176,1.0617,9560000,7010000
2018-03-28 12:40:57.906000,1.06176,1.0617,8060000,6820000
2018-03-28 12:40:58.198000,1.0617,1.06166,5060000,2440000
2018-03-28 12:40:58.716000,1.06169,1.06165,2810000,1310000
2018-03-28 12:40:59.079000,1.06168,1.06165,2810000,1760000
2018-03-28 12:40:59.253000,1.06167,1.06163,2250000,5440000
2018-03-28 12:40:59.767000,1.06166,1.06163,1000000,6190000
2018-03-28 12:41:00.282000,1.06167,1.06163,2570000,6190000
2018-03-28 12:41:00.903000,1.06167,1.06162,3130000,3560000
2018-03-28 12:41:01.161000,1.06167,1.06164,1500000,2440000
2018-03-28 12:41:01.468000,1.06172,1.0617,2250000,1370000
2018-03-28 12:41:01.520000,1.06174,1.0617,1000000,1620000
2018-03-28 12:41:02.046000,1.06174,1.0617,2060000,1000000
2018-03-28 12:41:02.251000,1.06175,1.06173,1120000,1000000
2018-03-28 12:41:02.790000,1.06176,1.06174,1120000,1000000
2018-03-28 12:41:02.842000,1.06179,1.06174,4310000,3940000
2018-03-28 12:41:02.946000,1.0618,1.06176,3000000,3560000
2018-03-28 12:41:03.461000,1.06181,1.06177,1690000,1500000
2018-03-28 12:41:05.164000,1.06181,1.06177,1000000,2060000
2018-03-28 12:41:06.062000,1.06182,1.06177,3560000,2440000
2018-03-28 12:41:06.574000,1.06181,1.06177,1250000,1000000
2018-03-28 12:41:08.615000,1.06178,1.06175,1370000,1350000
2018-03-28 12:41:08.911000,1.06177,1.06172,1690000,3190000
2018-03-28 12:41:09.423000,1.06176,1.06172,1000000,2060000
2018-03-28 12:41:09.933000,1.06176,1.06172,2440000,1120000
2018-03-28 12:41:10.001000,1.06176,1.06172,4690000,1120000
2018-03-28 12:41:10.053000,1.06174,1.06169,3940000,2810000
2018-03-28 12:41:10.364000,1.06175,1.06173,1120000,1870000
2018-03-28 12:41:10.468000,1.06179,1.06175,2440000,5060000
2018-03-28 12:41:10.908000,1.0618,1.06177,1250000,2440000
2018-03-28 12:41:11.423000,1.0618,1.06177,1190000,3000000
2018-03-28 12:41:11.822000,1.06182,1.06177,5250000,9040000
2018-03-28 12:41:11.925000,1.06183,1.06181,1000000,1000000
2018-03-28 12:41:11.977000,1.06185,1.06181,1690000,1500000
2018-03-28 12:41:12.386000,1.06186,1.06182,1500000,4310000
2018-03-28 12:41:13.205000,1.06186,1.06182,3190000,1500000
2018-03-28 12:41:13.257000,1.06185,1.0618,2060000,2620000
2018-03-28 12:41:14.367000,1.06184,1.06179,1310000,7120000
2018-03-28 12:41:14.422000,1.06181,1.06179,1000000,1500000
2018-03-28 12:41:14.525000,1.06181,1.06177,2810000,1500000
2018-03-28 12:41:15.048000,1.0618,1.06176,2810000,1120000
2018-03-28 12:41:15.566000,1.0618,1.06177,1310000,1250000
2018-03-28 12:41:17.203000,1.06181,1.06178,1310000,3750000
2018-03-28 12:41:17.576000,1.06181,1.06177,4690000,1000000
2018-03-28 12:41:17.678000,1.06179,1.06175,1310000,1120000
2018-03-28 12:41:18.256000,1.06179,1.06174,5440000,2620000
2018-03-28 12:41:18.361000,1.06177,1.06174,1620000,1000000
2018-03-28 12:41:18.945000,1.06178,1.06175,1870000,4310000
2018-03-28 12:41:19.101000,1.0618,1.06177,1000000,2250000
2018-03-28 12:41:19.609000,1.06181,1.06177,1500000,2440000
2018-03-28 12:41:20.204000,1.06181,1.06177,1120000,3560000
2018-03-28 12:41:20.719000,1.06184,1.06179,3560000,2060000
2018-03-28 12:41:20.822000,1.06184,1.06179,1690000,5060000
2018-03-28 12:41:21.361000,1.06184,1.06179,1310000,5440000
2018-03-28 12:41:21.906000,1.06184,1.06179,1310000,3750000
2018-03-28 12:41:22.213000,1.06183,1.06179,3560000,3000000
2018-03-28 12:41:22.317000,1.06181,1.06177,1310000,1870000
2018-03-28 12:41:22.837000,1.0618,1.06175,2810000,6940000
2018-03-28 12:41:23.018000,1.06178,1.06175,1190000,1120000
2018-03-28 12:41:23.557000,1.06178,1.06173,3560000,2250000
2018-03-28 12:41:24.115000,1.06178,1.06174,1000000,3940000
2018-03-28 12:41:24.423000,1.0618,1.06176,2440000,1690000
2018-03-28 12:41:26.784000,1.0618,1.06176,1250000,1310000
2018-03-28 12:41:28.036000,1.0618,1.06176,1190000,1500000
2018-03-28 12:41:28.875000,1.06179,1.06174,2060000,4310000
2018-03-28 12:41:29.389000,1.06179,1.06174,6940000,2620000
2018-03-28 12:41:29.923000,1.06178,1.06174,1120000,1690000
2018-03-28 12:41:30.700000,1.06178,1.06173,2440000,3560000
2018-03-28 12:41:31.217000,1.06178,1.06174,2250000,1620000
2018-03-28 12:41:31.579000,1.0618,1.06176,1690000,2440000
2018-03-28 12:41:36.300000,1.06181,1.06176,3940000,3190000
2018-03-28 12:41:36.612000,1.06178,1.06174,2440000,1870000
2018-03-28 12:41:37.164000,1.06178,1.06174,3190000,1870000
2018-03-28 12:41:37.216000,1.06177,1.06173,1250000,1870000
2018-03-28 12:41:37.321000,1.06176,1.06172,2810000,3370000
2018-03-28 12:41:37.839000,1.06176,1.06173,1500000,2060000
2018-03-28 12:41:37.893000,1.06178,1.06173,5290000,4310000
2018-03-28 12:41:37.999000,1.06178,1.06175,2100000,5440000
2018-03-28 12:41:38.278000,1.0618,1.06175,2060000,8440000
2018-03-28 12:41:38.799000,1.0618,1.06176,1690000,1120000
2018-03-28 12:41:39.212000,1.06181,1.06178,2060000,1000000
2018-03-28 12:41:39.753000,1.06181,1.06177,2440000,1310000
2018-03-28 12:41:41.342000,1.0618,1.06177,1690000,1000000
2018-03-28 12:41:41.875000,1.0618,1.06176,2810000,1120000
2018-03-28 12:41:44.710000,1.06181,1.06176,6940000,4310000
2018-03-28 12:41:45.216000,1.06181,1.06176,6190000,3560000
2018-03-28 12:41:45.732000,1.06181,1.06176,6940000,4690000
