time,ask,bid,ask_volume,bid_volume
2021-04-22 12:25:01.964000,1.08161,1.08157,2440000,1500000
2021-04-22 12:25:02.066000,1.08158,1.08155,1500000,3700000
2021-04-22 12:25:02.167000,1.08158,1.08155,1500000,2140000
2021-04-22 12:25:04.408000,1.08157,1.08155,1000000,1000000
2021-04-22 12:25:05.884000,1.08155,1.08154,1000000,1310000
2021-04-22 12:25:05.986000,1.08154,1.08153,1000000,1250000
2021-04-22 12:25:06.341000,1.08155,1.08153,1000000,1750000
2021-04-22 12:25:06.695000,1.08156,1.08154,1500000,1250000
2021-04-22 12:25:07.076000,1.08157,1.08155,1500000,1000000
2021-04-22 12:25:11.949000,1.08157,1.08152,2250000,3070000
2021-04-22 12:25:12.050000,1.08155,1.08152,1500000,3070000
2021-04-22 12:25:12.152000,1.08153,1.0815,1000000,2890000
2021-04-22 12:25:12.720000,1.08154,1.08151,1690000,3220000
2021-04-22 12:25:12.821000,1.08155,1.08153,2510000,1000000
2021-04-22 12:25:32.024000,1.08157,1.08154,3560000,1200000
2021-04-22 12:25:35.325000,1.08157,1.08154,1000000,5950000
2021-04-22 12:25:35.426000,1.08162,1.0816,1750000,1100000
2021-04-22 12:25:35.478000,1.08165,1.08163,2250000,1000000
2021-04-22 12:25:35.933000,1.08164,1.08161,1500000,2320000
2021-04-22 12:25:55.289000,1.08163,1.0816,1000000,5540000
2021-04-22 12:26:00.859000,1.08164,1.08161,1500000,1570000
2021-04-22 12:26:11.621000,1.08164,1.08161,1500000,2350000
2021-04-22 12:26:11.672000,1.08166,1.08164,2200000,1570000
2021-04-22 12:26:11.773000,1.08166,1.08163,2570000,1950000
2021-04-22 12:26:11.874000,1.08166,1.08163,1500000,1950000
2021-04-22 12:26:19.255000,1.08165,1.08162,1500000,2890000
2021-04-22 12:26:20.045000,1.08164,1.08162,1000000,1000000
2021-04-22 12:26:22.826000,1.08163,1.08161,1000000,1000000
2021-04-22 12:26:31.611000,1.08164,1.08162,1000000,1000000
2021-04-22 12:26:33.633000,1.08164,1.08163,1000000,1000000
2021-04-22 12:26:33.734000,1.08165,1.08163,1500000,1000000
2021-04-22 12:26:39.873000,1.08166,1.08164,1250000,1120000
2021-04-22 12:26:39.976000,1.08165,1.08164,1000000,2250000
2021-04-22 12:26:40.078000,1.08164,1.08162,1000000,1000000
2021-04-22 12:26:40.129000,1.08164,1.08161,1500000,1690000
2021-04-22 12:26:41.072000,1.08162,1.0816,3410000,1000000
2021-04-22 12:26:41.123000,1.08159,1.08156,1500000,2890000
2021-04-22 12:26:41.224000,1.08158,1.08155,1000000,3820000
2021-04-22 12:26:41.956000,1.08158,1.08155,1000000,3700000
2021-04-22 12:26:45.569000,1.08159,1.08155,1870000,4660000
2021-04-22 12:26:47.105000,1.08161,1.08158,2440000,1100000
2021-04-22 12:26:47.207000,1.08161,1.08158,2440000,1220000
2021-04-22 12:26:49.525000,1.0816,1.08158,1000000,1000000
2021-04-22 12:26:49.678000,1.08161,1.08158,2140000,1000000
2021-04-22 12:26:53.593000,1.08163,1.08158,2440000,1100000
2021-04-22 12:26:53.948000,1.08162,1.0816,1690000,1000000
2021-04-22 12:26:57.300000,1.08163,1.08161,1500000,1100000
2021-04-22 12:26:57.401000,1.08164,1.08161,1250000,1100000
2021-04-22 12:26:57.503000,1.08164,1.08162,1000000,1100000
2021-04-22 12:26:58.309000,1.08166,1.08161,1500000,1390000
2021-04-22 12:27:08.242000,1.08166,1.08162,1000000,1000000
2021-04-22 12:27:08.444000,1.08166,1.08163,1500000,1690000
2021-04-22 12:27:11.209000,1.08167,1.08165,1500000,1570000
2021-04-22 12:27:11.311000,1.08168,1.08166,1570000,1250000
2021-04-22 12:27:11.413000,1.08168,1.08165,1500000,1010000
2021-04-22 12:27:11.883000,1.08169,1.08166,2510000,1000000
2021-04-22 12:27:19.157000,1.08171,1.0817,1250000,1200000
2021-04-22 12:27:19.309000,1.08172,1.08169,1250000,1200000
2021-04-22 12:27:19.411000,1.08172,1.0817,1000000,1250000
2021-04-22 12:27:19.461000,1.08172,1.08169,1000000,1200000
2021-04-22 12:27:21.633000,1.08173,1.0817,1870000,1250000
2021-04-22 12:27:22.716000,1.08174,1.08171,2250000,1250000
2021-04-22 12:27:22.818000,1.08173,1.0817,1000000,3640000
2021-04-22 12:27:29.412000,1.0817,1.08169,1000000,1690000
2021-04-22 12:27:29.513000,1.0817,1.08167,1000000,3640000
2021-04-22 12:27:38.247000,1.08172,1.0817,1570000,1000000
2021-04-22 12:27:40.025000,1.08173,1.0817,1000000,2890000
2021-04-22 12:27:40.823000,1.08173,1.0817,1000000,3040000
2021-04-22 12:27:43.205000,1.08174,1.0817,2250000,3790000
2021-04-22 12:27:43.307000,1.08176,1.08173,1790000,1570000
2021-04-22 12:27:43.408000,1.08176,1.08173,1250000,1570000
2021-04-22 12:27:43.693000,1.08176,1.08174,1000000,1000000
2021-04-22 12:27:44.978000,1.08176,1.08173,3640000,1120000
2021-04-22 12:27:45.080000,1.08175,1.08172,1570000,1690000
2021-04-22 12:27:45.232000,1.08173,1.08171,1000000,1000000
2021-04-22 12:27:45.668000,1.08172,1.08169,1870000,1950000
2021-04-22 12:27:48.800000,1.08171,1.08169,1000000,1250000
2021-04-22 12:27:51.076000,1.08171,1.08168,1000000,1250000
2021-04-22 12:27:56.026000,1.0817,1.08168,1000000,1000000
2021-04-22 12:27:58.596000,1.08169,1.08167,1000000,1000000
2021-04-22 12:27:58.698000,1.0817,1.08167,1250000,1200000
2021-04-22 12:28:00.152000,1.0817,1.08168,1000000,1200000
2021-04-22 12:28:02.650000,1.08171,1.08168,1250000,1950000
2021-04-22 12:28:07.137000,1.08171,1.08169,1000000,1000000
2021-04-22 12:28:07.239000,1.08173,1.0817,1000000,4910000
2021-04-22 12:28:07.341000,1.08174,1.08171,1690000,1200000
2021-04-22 12:28:07.604000,1.08174,1.08171,1500000,1850000
2021-04-22 12:28:15.673000,1.08171,1.0817,1000000,1000000
2021-04-22 12:28:16.274000,1.08171,1.08169,1000000,2140000
2021-04-22 12:28:16.476000,1.08172,1.08169,1000000,2700000
2021-04-22 12:28:21.384000,1.08171,1.08169,1500000,1100000
2021-04-22 12:28:30.973000,1.08169,1.08166,2510000,1500000
2021-04-22 12:28:31.075000,1.08169,1.08167,1000000,1000000
2021-04-22 12:28:31.631000,1.08169,1.08166,1500000,1950000
2021-04-22 12:28:34.170000,1.08167,1.08164,2660000,2940000
2021-04-22 12:28:34.221000,1.08163,1.08161,1500000,9640000
2021-04-22 12:28:34.373000,1.08163,1.0816,1500000,1570000
2021-04-22 12:28:37.347000,1.08163,1.08159,2870000,2850000
2021-04-22 12:28:38.291000,1.08163,1.08158,1250000,1570000
2021-04-22 12:28:38.342000,1.08158,1.08157,1000000,3190000
2021-04-22 12:28:38.443000,1.08157,1.08155,1000000,2700000
2021-04-22 12:28:38.545000,1.08157,1.08154,3700000,2250000
2021-04-22 12:28:48.765000,1.08157,1.08154,1250000,2320000
2021-04-22 12:28:54.253000,1.08158,1.08154,1250000,1100000
2021-04-22 12:28:54.608000,1.08159,1.08157,1100000,1100000
2021-04-22 12:28:54.862000,1.08161,1.08157,2200000,1570000
2021-04-22 12:28:54.963000,1.08161,1.08159,1250000,1000000
2021-04-22 12:29:04.090000,1.08161,1.08158,1250000,2320000
2021-04-22 12:29:14.630000,1.08162,1.08157,2870000,1100000
2021-04-22 12:29:15.566000,1.08161,1.08158,1500000,1100000
2021-04-22 12:29:15.667000,1.08162,1.08157,1000000,3100000
2021-04-22 12:29:15.819000,1.08163,1.08158,1500000,1100000
2021-04-22 12:29:17.040000,1.08162,1.08159,1500000,1220000
2021-04-22 12:29:17.505000,1.08163,1.0816,2250000,1200000
2021-04-22 12:29:17.657000,1.08165,1.08161,1000000,1500000
2021-04-22 12:29:17.759000,1.08166,1.08161,1000000,2100000
2021-04-22 12:29:18.518000,1.08166,1.08164,1500000,1250000
2021-04-22 12:29:18.792000,1.08167,1.08164,3450000,1250000
2021-04-22 12:29:18.894000,1.08167,1.08165,1000000,1000000
2021-04-22 12:29:18.995000,1.08169,1.08164,1200000,1000000
2021-04-22 12:29:21.137000,1.0817,1.08164,1500000,2810000
2021-04-22 12:29:21.239000,1.0817,1.08167,1000000,1000000
2021-04-22 12:29:22.682000,1.08172,1.08167,4570000,1690000
2021-04-22 12:29:24.031000,1.08172,1.08167,4250000,1690000
2021-04-22 12:29:24.133000,1.08172,1.08167,1870000,2440000
2021-04-22 12:29:26.042000,1.08173,1.08169,1500000,1250000
2021-04-22 12:29:26.144000,1.08174,1.0817,3070000,1000000
2021-04-22 12:29:26.939000,1.08176,1.08171,2620000,1690000
2021-04-22 12:29:27.777000,1.08175,1.08172,1000000,2190000
2021-04-22 12:29:27.878000,1.08175,1.08172,1000000,1690000
2021-04-22 12:29:29.366000,1.08173,1.08171,1000000,1250000
2021-04-22 12:29:30.825000,1.08173,1.0817,1000000,1690000
2021-04-22 12:29:42.951000,1.08174,1.0817,2620000,1250000
2021-04-22 12:29:43.525000,1.08172,1.08169,1870000,1250000
2021-04-22 12:29:43.677000,1.08172,1.08168,1870000,1690000
2021-04-22 12:29:43.779000,1.08171,1.08168,1000000,1250000
2021-04-22 12:29:45.540000,1.08172,1.08168,1870000,1690000
2021-04-22 12:29:50.277000,1.08174,1.08169,2870000,1500000
2021-04-22 12:29:50.562000,1.08174,1.08169,2530000,1690000
2021-04-22 12:29:50.866000,1.08175,1.08169,2250000,1000000
2021-04-22 12:29:51.130000,1.08174,1.08169,2250000,1690000
2021-04-22 12:29:52.333000,1.08174,1.0817,1870000,1000000
2021-04-22 12:29:52.714000,1.08175,1.0817,1870000,1690000
2021-04-22 12:29:52.924000,1.08175,1.08171,1500000,1690000
2021-04-22 12:29:54.148000,1.08175,1.08171,1500000,1690000
2021-04-22 12:29:54.371000,1.08175,1.08171,1120000,1250000
2021-04-22 12:29:55.081000,1.08175,1.0817,1000000,2440000
2021-04-22 12:29:55.183000,1.08175,1.08171,1000000,1000000
2021-04-22 12:29:55.434000,1.08175,1.08172,1000000,1000000
2021-04-22 12:29:56.644000,1.08175,1.08171,1000000,1000000
2021-04-22 12:29:57.082000,1.08175,1.08172,1000000,1000000
2021-04-22 12:29:57.263000,1.08175,1.08171,1000000,1000000
2021-04-22 12:29:58.104000,1.08175,1.0817,1500000,2440000
2021-04-22 12:29:58.205000,1.08173,1.0817,1000000,1690000
2021-04-22 12:29:59.122000,1.08173,1.08169,1000000,1000000
2021-04-22 12:30:00.209000,1.08175,1.0817,1500000,1000000
2021-04-22 12:30:00.581000,1.08174,1.0817,1000000,1000000
2021-04-22 12:30:00.726000,1.08175,1.0817,1500000,1000000
2021-04-22 12:30:00.827000,1.08174,1.08169,1000000,1000000
2021-04-22 12:30:00.939000,1.08173,1.08168,1000000,1000000
2021-04-22 12:30:02.024000,1.08173,1.08168,1000000,1750000
2021-04-22 12:30:02.176000,1.08172,1.08166,1250000,4620000
2021-04-22 12:30:02.227000,1.08169,1.08164,1000000,1750000
2021-04-22 12:30:02.278000,1.08169,1.08164,1000000,1250000
2021-04-22 12:30:02.591000,1.08168,1.08163,1000000,1560000
2021-04-22 12:30:02.692000,1.08168,1.08162,1000000,2190000
2021-04-22 12:30:03.206000,1.08168,1.08162,1000000,1690000
2021-04-22 12:30:03.352000,1.08168,1.08163,1000000,1000000
2021-04-22 12:30:03.454000,1.08168,1.08164,1000000,1250000
2021-04-22 12:30:04.305000,1.08168,1.08165,1000000,1000000
2021-04-22 12:30:04.407000,1.08168,1.08163,1000000,3000000
2021-04-22 12:30:06.677000,1.08169,1.08162,1000000,1000000
2021-04-22 12:30:07.778000,1.08169,1.08164,1000000,1000000
2021-04-22 12:30:09.293000,1.08171,1.08166,2700000,1000000
2021-04-22 12:30:09.445000,1.08172,1.08167,1170000,1000000
2021-04-22 12:30:10.157000,1.08173,1.08167,1170000,2870000
2021-04-22 12:30:11.282000,1.08176,1.08172,1120000,1310000
2021-04-22 12:30:11.384000,1.08177,1.08172,1120000,1370000
2021-04-22 12:30:11.485000,1.08179,1.08174,1870000,2120000
2021-04-22 12:30:11.587000,1.0818,1.08174,1000000,2250000
2021-04-22 12:30:12.351000,1.0818,1.08174,1120000,2250000
2021-04-22 12:30:13.441000,1.0818,1.08174,1120000,2250000
2021-04-22 12:30:14.717000,1.08179,1.08175,1000000,1310000
2021-04-22 12:30:15.333000,1.08179,1.08174,1120000,2810000
2021-04-22 12:30:15.743000,1.08179,1.08174,2820000,2060000
2021-04-22 12:30:15.896000,1.08177,1.0817,1620000,5940000
2021-04-22 12:30:15.998000,1.08175,1.08171,1120000,1120000
2021-04-22 12:30:16.100000,1.08174,1.0817,1000000,2810000
2021-04-22 12:30:16.303000,1.08174,1.08169,1120000,3560000
2021-04-22 12:30:20.272000,1.08174,1.08171,1120000,1000000
2021-04-22 12:30:23.410000,1.08175,1.08172,1500000,1000000
2021-04-22 12:30:25.316000,1.08176,1.08173,2820000,1000000
2021-04-22 12:30:25.367000,1.08177,1.08173,1500000,1690000
2021-04-22 12:30:25.469000,1.08178,1.08173,3070000,3940000
2021-04-22 12:30:25.570000,1.08178,1.08174,1870000,1000000
2021-04-22 12:30:26.495000,1.08179,1.08175,1200000,1120000
2021-04-22 12:30:28.527000,1.08179,1.08176,1870000,1000000
2021-04-22 12:30:29.186000,1.08179,1.08176,1000000,2120000
2021-04-22 12:30:29.288000,1.08181,1.08178,4320000,1000000
2021-04-22 12:30:30.201000,1.08181,1.08178,4690000,1000000
2021-04-22 12:30:30.997000,1.0818,1.08177,1000000,1390000
2021-04-22 12:30:35.374000,1.08181,1.08179,2810000,2700000
2021-04-22 12:30:35.476000,1.08182,1.08181,1250000,1000000
2021-04-22 12:30:35.577000,1.08185,1.0818,2960000,1000000
2021-04-22 12:30:39.273000,1.08184,1.08179,1000000,2140000
2021-04-22 12:30:43.842000,1.08184,1.0818,3450000,2140000
2021-04-22 12:30:45.143000,1.08185,1.0818,3070000,1000000
2021-04-22 12:30:45.244000,1.08183,1.0818,4390000,1000000
2021-04-22 12:30:45.346000,1.08182,1.0818,1690000,1000000
2021-04-22 12:30:49.124000,1.08183,1.0818,2320000,1250000
2021-04-22 12:30:49.175000,1.08185,1.08183,5620000,1000000
2021-04-22 12:30:49.276000,1.08186,1.08183,2700000,2120000
2021-04-22 12:30:49.479000,1.08186,1.08183,1500000,1760000
2021-04-22 12:30:51.446000,1.08187,1.08184,3070000,1000000
2021-04-22 12:31:05.750000,1.08188,1.08186,1870000,1250000
2021-04-22 12:31:06.002000,1.08188,1.08186,1000000,3700000
2021-04-22 12:31:07.753000,1.08187,1.08185,4120000,1250000
2021-04-22 12:31:07.803000,1.08183,1.08182,1000000,3190000
2021-04-22 12:31:07.955000,1.08183,1.0818,3200000,1000000
2021-04-22 12:31:08.056000,1.08183,1.08178,1120000,2140000
2021-04-22 12:31:08.158000,1.08181,1.08179,1000000,2140000
2021-04-22 12:31:17.827000,1.08182,1.08177,3710000,1000000
2021-04-22 12:31:17.878000,1.0818,1.08176,1000000,3190000
2021-04-22 12:31:18.581000,1.08178,1.08176,1000000,1690000
2021-04-22 12:31:18.683000,1.0818,1.08177,3520000,2440000
2021-04-22 12:31:23.757000,1.0818,1.08178,1500000,1250000
2021-04-22 12:31:25.182000,1.08183,1.08182,1870000,1000000
2021-04-22 12:31:25.283000,1.0818,1.08178,1390000,2250000
2021-04-22 12:31:25.588000,1.08179,1.08178,1000000,1250000
2021-04-22 12:31:25.690000,1.08179,1.08177,1000000,1500000
2021-04-22 12:31:25.791000,1.08178,1.08177,1000000,1000000
2021-04-22 12:31:26.182000,1.08178,1.08176,1000000,1000000
2021-04-22 12:31:26.283000,1.08178,1.08177,1000000,1690000
2021-04-22 12:31:26.384000,1.08179,1.08177,1870000,1000000
2021-04-22 12:31:26.486000,1.08179,1.08178,1000000,1000000
2021-04-22 12:31:27.492000,1.08179,1.08177,1500000,1100000
2021-04-22 12:31:28.187000,1.08178,1.08175,1500000,3660000
2021-04-22 12:31:30.930000,1.08179,1.08174,1500000,1570000
2021-04-22 12:31:31.082000,1.08177,1.08175,1000000,1100000
2021-04-22 12:31:31.234000,1.08178,1.08177,1500000,1000000
2021-04-22 12:31:31.336000,1.08178,1.08175,2620000,1570000
2021-04-22 12:31:31.388000,1.08178,1.08177,1000000,1250000
2021-04-22 12:31:31.490000,1.08179,1.08177,1000000,2570000
2021-04-22 12:31:31.592000,1.08179,1.08177,1500000,1010000
2021-04-22 12:31:31.694000,1.08179,1.08178,1000000,1000000
2021-04-22 12:31:34.563000,1.08181,1.08177,1000000,1100000
2021-04-22 12:31:45.104000,1.08181,1.08178,1000000,1390000
2021-04-22 12:31:45.205000,1.08181,1.08179,1500000,1690000
2021-04-22 12:31:50.265000,1.08181,1.08178,1500000,1950000
2021-04-22 12:31:53.620000,1.08177,1.08176,1500000,1120000
2021-04-22 12:31:53.723000,1.08177,1.08175,1500000,1310000
2021-04-22 12:31:54.086000,1.08178,1.08175,1000000,2890000
2021-04-22 12:31:54.643000,1.08177,1.08175,1500000,1760000
2021-04-22 12:31:54.846000,1.08178,1.08175,2320000,2810000
2021-04-22 12:31:57.424000,1.08177,1.08175,1500000,1390000
2021-04-22 12:32:01.597000,1.08178,1.08177,3370000,1000000
2021-04-22 12:32:01.699000,1.08179,1.08178,1500000,1250000
2021-04-22 12:32:01.801000,1.08179,1.08177,1500000,1250000
2021-04-22 12:32:01.902000,1.08179,1.08176,1500000,3260000
2021-04-22 12:32:03.844000,1.08177,1.08175,1010000,1000000
2021-04-22 12:32:03.946000,1.08177,1.08173,1000000,1200000
2021-04-22 12:32:05.992000,1.08175,1.08173,1000000,1690000
2021-04-22 12:32:07.110000,1.08174,1.08171,1500000,4010000
2021-04-22 12:32:08.663000,1.08174,1.0817,1000000,1000000
2021-04-22 12:32:10.335000,1.08174,1.08172,1500000,1250000
2021-04-22 12:32:12.938000,1.08174,1.08171,1000000,4010000
2021-04-22 12:32:15.676000,1.08173,1.08171,2070000,1250000
2021-04-22 12:32:15.727000,1.0817,1.08167,1500000,3640000
2021-04-22 12:32:15.828000,1.08168,1.08167,1000000,2060000
2021-04-22 12:32:15.930000,1.08168,1.08165,1500000,1570000
2021-04-22 12:32:16.375000,1.08167,1.08165,1000000,1100000
2021-04-22 12:32:16.492000,1.08167,1.08164,1500000,2510000
2021-04-22 12:32:19.683000,1.08166,1.08164,1500000,1010000
2021-04-22 12:32:19.784000,1.08165,1.08162,1500000,1950000
2021-04-22 12:32:19.886000,1.08161,1.08159,1500000,1690000
2021-04-22 12:32:19.987000,1.08158,1.08157,1000000,1690000
2021-04-22 12:32:20.089000,1.08158,1.08156,1000000,1760000
2021-04-22 12:32:20.555000,1.08158,1.08155,1500000,2890000
2021-04-22 12:32:20.707000,1.08157,1.08154,1870000,2440000
2021-04-22 12:32:21.686000,1.08154,1.08152,1760000,1000000
2021-04-22 12:32:21.738000,1.08152,1.08149,2620000,2440000
2021-04-22 12:32:21.839000,1.08151,1.08148,2140000,2250000
2021-04-22 12:32:22.209000,1.0815,1.08148,1000000,1000000
2021-04-22 12:32:22.373000,1.0815,1.08147,1500000,2540000
2021-04-22 12:32:22.627000,1.08148,1.08145,1000000,2170000
2021-04-22 12:32:22.729000,1.08147,1.08144,1500000,2190000
2021-04-22 12:32:22.780000,1.08146,1.08143,1000000,3190000
2021-04-22 12:32:23.223000,1.08145,1.08143,1000000,1690000
2021-04-22 12:32:24.708000,1.08145,1.08144,1000000,1250000
2021-04-22 12:32:24.810000,1.08145,1.08143,1000000,2390000
2021-04-22 12:32:25.630000,1.08145,1.08142,1870000,2890000
2021-04-22 12:32:26.260000,1.08144,1.08142,1000000,2140000
2021-04-22 12:32:28.812000,1.08145,1.08143,1000000,2140000
2021-04-22 12:32:28.913000,1.08146,1.08143,1500000,1950000
2021-04-22 12:32:29.676000,1.08146,1.08143,1500000,3340000
2021-04-22 12:32:31.999000,1.08148,1.08145,1500000,3320000
2021-04-22 12:32:32.101000,1.08146,1.08144,1000000,4260000
2021-04-22 12:32:33.008000,1.08149,1.08147,3370000,4010000
2021-04-22 12:32:33.059000,1.08151,1.08149,1870000,1760000
2021-04-22 12:32:33.161000,1.08151,1.0815,1000000,1000000
2021-04-22 12:32:33.262000,1.08152,1.08149,1870000,1390000
2021-04-22 12:32:36.126000,1.08151,1.08148,1000000,2320000
2021-04-22 12:32:36.227000,1.08151,1.08148,1000000,2470000
2021-04-22 12:32:38.477000,1.08151,1.08148,1690000,1950000
2021-04-22 12:32:39.944000,1.08152,1.08147,1500000,3220000
2021-04-22 12:32:41.735000,1.08151,1.08148,1000000,2320000
2021-04-22 12:32:50.246000,1.08149,1.08147,2140000,2120000
2021-04-22 12:32:50.348000,1.08147,1.08145,1500000,1000000
2021-04-22 12:32:50.449000,1.08147,1.08144,1500000,2440000
2021-04-22 12:32:51.178000,1.08149,1.08146,3000000,1870000
2021-04-22 12:32:51.433000,1.08147,1.08145,1000000,1870000
2021-04-22 12:32:52.616000,1.08148,1.08143,1000000,4310000
2021-04-22 12:32:52.869000,1.08146,1.08144,1000000,3750000
2021-04-22 12:32:53.273000,1.08147,1.08145,1500000,1120000
2021-04-22 12:32:53.425000,1.08149,1.08144,1500000,2440000
2021-04-22 12:32:53.527000,1.08149,1.08144,1500000,3250000
2021-04-22 12:32:53.678000,1.08148,1.08145,1500000,2440000
2021-04-22 12:32:53.780000,1.08147,1.08144,1500000,2440000
2021-04-22 12:32:58.645000,1.08146,1.08144,1000000,1120000
2021-04-22 12:33:00.268000,1.08149,1.08146,2500000,1000000
2021-04-22 12:33:00.318000,1.08149,1.08148,1250000,1000000
2021-04-22 12:33:00.420000,1.08151,1.08149,1750000,1000000
2021-04-22 12:33:00.471000,1.08152,1.0815,3190000,1000000
2021-04-22 12:33:00.572000,1.08153,1.08152,1250000,1000000
2021-04-22 12:33:00.623000,1.08154,1.08152,1000000,1000000
2021-04-22 12:33:02.643000,1.08156,1.08154,1000000,1120000
2021-04-22 12:33:02.745000,1.08161,1.08159,1100000,1000000
2021-04-22 12:33:02.846000,1.08163,1.08159,1000000,1310000
2021-04-22 12:33:02.948000,1.08164,1.08162,1000000,1000000
2021-04-22 12:33:03.100000,1.08163,1.08161,1500000,1000000
2021-04-22 12:33:03.202000,1.0816,1.08156,1500000,1620000
2021-04-22 12:33:03.252000,1.08159,1.08156,1500000,3000000
2021-04-22 12:33:03.556000,1.08158,1.08156,1000000,1000000
2021-04-22 12:33:05.976000,1.08158,1.08155,1000000,3940000
2021-04-22 12:33:06.128000,1.08157,1.08155,1000000,1250000
2021-04-22 12:33:08.543000,1.08159,1.08157,1000000,3190000
2021-04-22 12:33:08.594000,1.08161,1.08158,1500000,1870000
2021-04-22 12:33:11.657000,1.0816,1.08158,1000000,1000000
2021-04-22 12:33:11.809000,1.08159,1.08156,1000000,1100000
2021-04-22 12:33:11.911000,1.08159,1.08154,1500000,2590000
2021-04-22 12:33:12.629000,1.08159,1.08157,1000000,2140000
2021-04-22 12:33:12.731000,1.08158,1.08156,1000000,1010000
2021-04-22 12:33:13.034000,1.08158,1.08155,1500000,2890000
2021-04-22 12:33:13.136000,1.08158,1.08155,1500000,3660000
2021-04-22 12:33:14.644000,1.08159,1.08157,1000000,1100000
2021-04-22 12:33:14.803000,1.08161,1.08156,1500000,1970000
2021-04-22 12:33:14.905000,1.0816,1.08157,1500000,1570000
2021-04-22 12:33:15.158000,1.0816,1.08157,1500000,2160000
2021-04-22 12:33:15.511000,1.0816,1.08157,1500000,1760000
2021-04-22 12:33:16.105000,1.0816,1.08157,1500000,2160000
2021-04-22 12:33:17.269000,1.08161,1.08159,1000000,1100000
2021-04-22 12:33:17.370000,1.08162,1.08159,1500000,3290000
2021-04-22 12:33:18.479000,1.08162,1.08159,1500000,1950000
2021-04-22 12:33:18.581000,1.08161,1.08158,2440000,3070000
2021-04-22 12:33:19.874000,1.08158,1.08157,1000000,1000000
2021-04-22 12:33:20.600000,1.08155,1.08154,1000000,1870000
2021-04-22 12:33:20.651000,1.08152,1.08151,1000000,1000000
2021-04-22 12:33:20.753000,1.08151,1.08149,1250000,5250000
2021-04-22 12:33:20.854000,1.08151,1.08148,1500000,1570000
2021-04-22 12:33:21.058000,1.08151,1.08148,1500000,4600000
2021-04-22 12:33:25.016000,1.08151,1.08148,2060000,1000000
2021-04-22 12:33:25.118000,1.0815,1.08148,1000000,1000000
2021-04-22 12:33:26.215000,1.0815,1.08147,1000000,8060000
2021-04-22 12:33:26.316000,1.08151,1.08149,1000000,1000000
2021-04-22 12:33:27.596000,1.08152,1.0815,2810000,1000000
2021-04-22 12:33:27.697000,1.08152,1.08151,1120000,1000000
2021-04-22 12:33:27.951000,1.08156,1.08154,2060000,1000000
2021-04-22 12:33:28.052000,1.08157,1.08154,1000000,1000000
2021-04-22 12:33:28.255000,1.08156,1.08153,1690000,1870000
2021-04-22 12:33:29.591000,1.08155,1.08152,1000000,10120000
2021-04-22 12:33:29.641000,1.08156,1.08155,1690000,1000000
2021-04-22 12:33:29.995000,1.08156,1.08154,1250000,1000000
2021-04-22 12:33:30.248000,1.08156,1.08153,1250000,1500000
2021-04-22 12:33:30.653000,1.08154,1.08153,1000000,1000000
2021-04-22 12:33:32.451000,1.08155,1.08152,1000000,1000000
2021-04-22 12:33:32.553000,1.08156,1.08155,1000000,1000000
2021-04-22 12:33:32.674000,1.08156,1.08153,1000000,9950000
2021-04-22 12:33:32.826000,1.08156,1.08155,1000000,1000000
2021-04-22 12:33:32.928000,1.08159,1.08156,5650000,1000000
2021-04-22 12:33:33.080000,1.08157,1.08156,1000000,1000000
2021-04-22 12:33:33.181000,1.08156,1.08153,3320000,1570000
2021-04-22 12:33:33.586000,1.08153,1.08152,1000000,1000000
2021-04-22 12:33:36.312000,1.08153,1.08151,1760000,1000000
2021-04-22 12:33:37.668000,1.08152,1.08151,1000000,1000000
2021-04-22 12:33:40.635000,1.08152,1.0815,2120000,1000000
2021-04-22 12:33:41.537000,1.08152,1.08147,1250000,8920000
2021-04-22 12:33:42.382000,1.0815,1.08148,1310000,1000000
2021-04-22 12:33:42.483000,1.0815,1.08148,3250000,1000000
2021-04-22 12:33:42.585000,1.0815,1.08149,1310000,1000000
2021-04-22 12:33:42.686000,1.0815,1.08147,1250000,2070000
2021-04-22 12:33:43.377000,1.0815,1.08147,1250000,1950000
2021-04-22 12:33:43.964000,1.0815,1.08147,1000000,1970000
2021-04-22 12:33:45.161000,1.0815,1.08147,2120000,2700000
2021-04-22 12:33:45.262000,1.0815,1.08148,2200000,1000000
2021-04-22 12:33:45.873000,1.0815,1.08149,1250000,1000000
2021-04-22 12:33:45.975000,1.08151,1.08149,2060000,1000000
2021-04-22 12:33:46.077000,1.08151,1.08148,2810000,1570000
2021-04-22 12:33:49.174000,1.08147,1.08146,1000000,2620000
2021-04-22 12:33:49.276000,1.08147,1.08145,1000000,1000000
2021-04-22 12:33:49.327000,1.0815,1.08146,6070000,1950000
2021-04-22 12:33:49.429000,1.0815,1.08146,2510000,1870000
2021-04-22 12:33:49.682000,1.0815,1.08146,3700000,1870000
2021-04-22 12:33:51.758000,1.08148,1.08146,1000000,1000000
2021-04-22 12:33:53.535000,1.08149,1.08148,1000000,1000000
2021-04-22 12:33:53.586000,1.08149,1.08146,1500000,3190000
2021-04-22 12:33:53.637000,1.08151,1.08149,1570000,1000000
2021-04-22 12:33:53.950000,1.08151,1.08148,2890000,1500000
2021-04-22 12:33:54.330000,1.0815,1.08148,1000000,1000000
2021-04-22 12:33:54.764000,1.08149,1.08146,1000000,5560000
2021-04-22 12:33:54.866000,1.08149,1.08146,1000000,3190000
2021-04-22 12:33:55.018000,1.08148,1.08145,1500000,3370000
2021-04-22 12:33:55.377000,1.08147,1.08145,1000000,1000000
2021-04-22 12:33:56.285000,1.08147,1.08143,1200000,1000000
2021-04-22 12:33:58.171000,1.08147,1.08144,1500000,2440000
2021-04-22 12:33:58.274000,1.0815,1.08147,2620000,1310000
2021-04-22 12:33:58.375000,1.08151,1.08148,1500000,2440000
2021-04-22 12:33:58.477000,1.08151,1.08148,1500000,3250000
2021-04-22 12:33:58.578000,1.08151,1.08148,1500000,1690000
2021-04-22 12:34:00.397000,1.08149,1.08147,1000000,1000000
2021-04-22 12:34:00.701000,1.08147,1.08145,1000000,3560000
2021-04-22 12:34:00.904000,1.08148,1.08146,1000000,1000000
2021-04-22 12:34:00.955000,1.0815,1.08147,2620000,1500000
2021-04-22 12:34:01.913000,1.08149,1.08147,1000000,1000000
2021-04-22 12:34:03.009000,1.08149,1.08146,1500000,2440000
2021-04-22 12:34:05.653000,1.08147,1.08144,1500000,9450000
2021-04-22 12:34:05.754000,1.08148,1.08142,10900000,2220000
2021-04-22 12:34:05.856000,1.08145,1.08143,1000000,1870000
2021-04-22 12:34:13.823000,1.08146,1.08143,1500000,2870000
2021-04-22 12:34:18.234000,1.08142,1.08141,1500000,6000000
2021-04-22 12:34:18.336000,1.08142,1.0814,1000000,1000000
2021-04-22 12:34:18.387000,1.08144,1.08141,2700000,2890000
2021-04-22 12:34:18.489000,1.08144,1.08141,1530000,4040000
2021-04-22 12:34:18.590000,1.08145,1.08143,1000000,1100000
2021-04-22 12:34:21.676000,1.08145,1.08142,1570000,2440000
2021-04-22 12:34:21.777000,1.08145,1.08142,4040000,1870000
2021-04-22 12:34:21.980000,1.08141,1.08139,1250000,1000000
2021-04-22 12:34:22.183000,1.08141,1.08138,1570000,2060000
2021-04-22 12:34:25.251000,1.0814,1.08137,1100000,5190000
2021-04-22 12:34:25.353000,1.0814,1.08137,1100000,2810000
2021-04-22 12:34:28.251000,1.08144,1.0814,3220000,1000000
2021-04-22 12:34:28.352000,1.08142,1.08139,1950000,4950000
2021-04-22 12:34:28.504000,1.08142,1.08139,1500000,1690000
2021-04-22 12:34:29.046000,1.08141,1.08139,1000000,1000000
2021-04-22 12:34:29.374000,1.0814,1.08138,1000000,1000000
2021-04-22 12:34:29.476000,1.0814,1.08137,3260000,1000000
2021-04-22 12:34:29.578000,1.08138,1.08133,1500000,2060000
2021-04-22 12:34:29.679000,1.08139,1.08136,3760000,1500000
2021-04-22 12:34:30.496000,1.08137,1.08134,1500000,2440000
2021-04-22 12:34:32.099000,1.08137,1.08135,1000000,1310000
2021-04-22 12:34:32.200000,1.08138,1.08135,1500000,3620000
2021-04-22 12:34:32.497000,1.08138,1.08135,1500000,3560000
2021-04-22 12:34:32.598000,1.08137,1.08135,1250000,1000000
2021-04-22 12:34:32.700000,1.08137,1.08134,2890000,1500000
2021-04-22 12:34:33.106000,1.08136,1.08133,1000000,1870000
2021-04-22 12:34:33.410000,1.08138,1.08136,2890000,1000000
2021-04-22 12:34:34.981000,1.08136,1.08135,1690000,1000000
2021-04-22 12:34:35.032000,1.08135,1.08132,1500000,4010000
2021-04-22 12:34:35.133000,1.08134,1.08131,1500000,1760000
2021-04-22 12:34:38.192000,1.08134,1.08131,1500000,2290000
2021-04-22 12:34:39.153000,1.08136,1.08134,1000000,2810000
2021-04-22 12:34:39.255000,1.08137,1.08135,1200000,2070000
2021-04-22 12:34:39.356000,1.08139,1.08135,1000000,3260000
2021-04-22 12:34:39.458000,1.08139,1.08137,1500000,1000000
2021-04-22 12:34:41.332000,1.0814,1.08135,1500000,4010000
2021-04-22 12:34:44.047000,1.08137,1.08135,2510000,1250000
2021-04-22 12:34:44.098000,1.08134,1.08132,1500000,4390000
2021-04-22 12:34:44.199000,1.08134,1.0813,1000000,1570000
2021-04-22 12:34:45.041000,1.08134,1.08132,1000000,1000000
2021-04-22 12:34:46.536000,1.08135,1.08132,1840000,1000000
2021-04-22 12:34:46.638000,1.08133,1.08132,1000000,1000000
2021-04-22 12:34:47.743000,1.08135,1.08132,2960000,1000000
2021-04-22 12:34:48.149000,1.08131,1.0813,1000000,1000000
2021-04-22 12:34:48.301000,1.08131,1.08129,1000000,1010000
2021-04-22 12:34:48.403000,1.08133,1.08131,1000000,1000000
2021-04-22 12:34:50.058000,1.08133,1.08132,1000000,1000000
2021-04-22 12:34:50.211000,1.08135,1.08134,1000000,1250000
2021-04-22 12:34:50.312000,1.08136,1.08135,1000000,1000000
2021-04-22 12:34:50.515000,1.08139,1.08135,1200000,2200000
2021-04-22 12:34:50.667000,1.08141,1.08138,2210000,1000000
2021-04-22 12:34:50.869000,1.08138,1.08135,1770000,3690000
2021-04-22 12:34:50.972000,1.08137,1.08135,1000000,1000000
2021-04-22 12:34:51.876000,1.08138,1.08136,1000000,1100000
2021-04-22 12:34:54.887000,1.08139,1.08138,1000000,1000000
2021-04-22 12:34:54.938000,1.0814,1.08138,1190000,1000000
2021-04-22 12:34:55.456000,1.08138,1.08135,1000000,12770000
2021-04-22 12:34:55.781000,1.08138,1.08137,1000000,1000000
2021-04-22 12:34:58.120000,1.08137,1.08135,1000000,4010000
2021-04-22 12:34:59.302000,1.08137,1.08134,1500000,2890000
2021-04-22 12:34:59.404000,1.08136,1.08134,1000000,1390000
2021-04-22 12:35:02.434000,1.08137,1.08135,1500000,1690000
2021-04-22 12:35:02.536000,1.08139,1.08137,1000000,3070000
2021-04-22 12:35:02.587000,1.08142,1.08141,1760000,1000000
2021-04-22 12:35:02.638000,1.08143,1.08141,2250000,4870000
2021-04-22 12:35:02.689000,1.08145,1.08142,2320000,1000000
2021-04-22 12:35:02.790000,1.08143,1.08142,1000000,1000000
2021-04-22 12:35:02.892000,1.08144,1.08142,1000000,1000000
2021-04-22 12:35:04.039000,1.08144,1.08143,1000000,1000000
2021-04-22 12:35:04.191000,1.08146,1.08143,1500000,4070000
2021-04-22 12:35:05.235000,1.08145,1.08143,1000000,2570000
2021-04-22 12:35:05.337000,1.08145,1.08143,1000000,1390000
2021-04-22 12:35:05.438000,1.08143,1.08142,1000000,1000000
2021-04-22 12:35:05.540000,1.08144,1.08142,1500000,1000000
2021-04-22 12:35:09.591000,1.08145,1.08143,1500000,1880000
2021-04-22 12:35:09.692000,1.08149,1.08147,2250000,3750000
2021-04-22 12:35:09.816000,1.0815,1.08148,1500000,1880000
2021-04-22 12:35:09.917000,1.08149,1.08147,1000000,5950000
2021-04-22 12:35:10.019000,1.08148,1.08147,1000000,1310000
2021-04-22 12:35:10.121000,1.08148,1.08146,1000000,2140000
2021-04-22 12:35:12.170000,1.08148,1.08145,1500000,2320000
2021-04-22 12:35:12.272000,1.08147,1.08145,1000000,1570000
2021-04-22 12:35:12.525000,1.08147,1.08144,2810000,2700000
2021-04-22 12:35:12.626000,1.08146,1.08143,1760000,1000000
2021-04-22 12:35:12.727000,1.08145,1.08143,1000000,1000000
2021-04-22 12:35:14.187000,1.08144,1.0814,1500000,1120000
2021-04-22 12:35:14.289000,1.08143,1.0814,1690000,1950000
2021-04-22 12:35:27.658000,1.08144,1.08139,1500000,5390000
2021-04-22 12:35:31.837000,1.08144,1.08141,2260000,1570000
2021-04-22 12:35:32.001000,1.08143,1.0814,1000000,7240000
2021-04-22 12:35:32.103000,1.08143,1.08141,1000000,1100000
2021-04-22 12:35:33.648000,1.08142,1.08141,1000000,1000000
2021-04-22 12:35:33.750000,1.08142,1.08139,1500000,2140000
2021-04-22 12:35:33.851000,1.08142,1.08139,2440000,2350000
2021-04-22 12:35:35.780000,1.08142,1.08139,1500000,2510000
2021-04-22 12:35:36.116000,1.0814,1.08138,1690000,1500000
2021-04-22 12:35:36.217000,1.08141,1.08136,1760000,2250000
2021-04-22 12:35:36.319000,1.08139,1.08137,1000000,1500000
2021-04-22 12:35:37.208000,1.0814,1.08137,1500000,5640000
2021-04-22 12:35:37.764000,1.0814,1.08137,1500000,4760000
2021-04-22 12:35:38.115000,1.08139,1.08137,1000000,1870000
2021-04-22 12:35:46.056000,1.08141,1.08139,1000000,1950000
2021-04-22 12:35:46.107000,1.08142,1.0814,1690000,1100000
2021-04-22 12:35:46.209000,1.08142,1.08139,1500000,3260000
2021-04-22 12:35:49.572000,1.08142,1.0814,1000000,1120000
2021-04-22 12:35:52.747000,1.08143,1.08141,1000000,1200000
2021-04-22 12:35:52.850000,1.08144,1.08142,1500000,1700000
2021-04-22 12:35:53.887000,1.08144,1.08142,1500000,1200000
2021-04-22 12:35:54.229000,1.08144,1.08141,1690000,3450000
2021-04-22 12:35:54.330000,1.08142,1.08141,1000000,1000000
2021-04-22 12:35:57.736000,1.08141,1.0814,1000000,1000000
2021-04-22 12:35:57.837000,1.08141,1.08139,1500000,1000000
2021-04-22 12:35:58.041000,1.0814,1.08139,1000000,1000000
2021-04-22 12:36:00.083000,1.0814,1.08138,1500000,1250000
2021-04-22 12:36:00.186000,1.0814,1.08137,1500000,4760000
2021-04-22 12:36:00.693000,1.0814,1.08137,2950000,1000000
2021-04-22 12:36:01.536000,1.08138,1.08136,1000000,1500000
2021-04-22 12:36:02.139000,1.08139,1.08136,1690000,2320000
2021-04-22 12:36:05.618000,1.08139,1.08135,1500000,1870000
2021-04-22 12:36:09.152000,1.08138,1.08137,1000000,1000000
2021-04-22 12:36:09.254000,1.08139,1.08137,1500000,2140000
2021-04-22 12:36:11.146000,1.08141,1.08136,1500000,5660000
2021-04-22 12:36:11.556000,1.08139,1.08135,1000000,2320000
2021-04-22 12:36:11.659000,1.08139,1.08137,1500000,1200000
2021-04-22 12:36:11.977000,1.08141,1.0814,7270000,1950000
2021-04-22 12:36:12.079000,1.08143,1.08141,1870000,1000000
2021-04-22 12:36:12.181000,1.08143,1.08141,1870000,1620000
2021-04-22 12:36:12.283000,1.08143,1.08141,1500000,1120000
2021-04-22 12:36:12.488000,1.08143,1.08138,1500000,4910000
2021-04-22 12:36:12.814000,1.08141,1.08139,1000000,1120000
2021-04-22 12:36:12.915000,1.0814,1.08137,1000000,7760000
2021-04-22 12:36:13.169000,1.0814,1.08137,1500000,4510000
2021-04-22 12:36:13.575000,1.0814,1.08137,1500000,4390000
2021-04-22 12:36:16.101000,1.0814,1.08137,1500000,5950000
2021-04-22 12:36:16.203000,1.08142,1.0814,2510000,1000000
2021-04-22 12:36:16.329000,1.08143,1.08141,1250000,3070000
2021-04-22 12:36:16.380000,1.08144,1.08141,2440000,3070000
2021-04-22 12:36:16.746000,1.08145,1.08141,1500000,1200000
2021-04-22 12:36:18.966000,1.08144,1.08141,1500000,2320000
2021-04-22 12:36:19.118000,1.08144,1.08139,2440000,3070000
2021-04-22 12:36:20.838000,1.08142,1.0814,1000000,1000000
2021-04-22 12:36:23.006000,1.08141,1.08138,1500000,4390000
2021-04-22 12:36:23.590000,1.08141,1.08138,3260000,1970000
2021-04-22 12:36:26.368000,1.0814,1.08138,1000000,1100000
2021-04-22 12:36:32.989000,1.08139,1.08136,1000000,5140000
2021-04-22 12:36:33.091000,1.08138,1.08136,1000000,1970000
2021-04-22 12:36:34.871000,1.0814,1.08136,1000000,3790000
2021-04-22 12:36:37.259000,1.08139,1.08137,1000000,1200000
2021-04-22 12:36:37.511000,1.08139,1.08137,1000000,1890000
2021-04-22 12:36:37.663000,1.08141,1.0814,1000000,1010000
2021-04-22 12:36:37.764000,1.08142,1.0814,1000000,3290000
2021-04-22 12:36:39.283000,1.08142,1.0814,1000000,1390000
2021-04-22 12:36:40.386000,1.08141,1.08139,1000000,1010000
2021-04-22 12:36:40.589000,1.08141,1.08137,1000000,1600000
2021-04-22 12:36:40.740000,1.08141,1.08138,1500000,4350000
2021-04-22 12:36:42.304000,1.0814,1.08138,1000000,2320000
2021-04-22 12:36:44.459000,1.0814,1.08137,1250000,1950000
2021-04-22 12:36:44.560000,1.0814,1.08136,1000000,1200000
2021-04-22 12:36:47.355000,1.08141,1.08139,1390000,1100000
2021-04-22 12:36:47.457000,1.08143,1.0814,1690000,1600000
2021-04-22 12:36:47.609000,1.08143,1.0814,1690000,1200000
2021-04-22 12:36:47.712000,1.08143,1.0814,1690000,1970000
2021-04-22 12:36:47.914000,1.08142,1.0814,1000000,1970000
2021-04-22 12:36:49.184000,1.08143,1.0814,1690000,3100000
2021-04-22 12:36:49.506000,1.08143,1.0814,1690000,3070000
2021-04-22 12:36:50.834000,1.08143,1.0814,1690000,3100000
2021-04-22 12:36:54.724000,1.08142,1.0814,1000000,1600000
2021-04-22 12:36:55.799000,1.08143,1.0814,1690000,2350000
2021-04-22 12:37:00.309000,1.08143,1.0814,1690000,2320000
2021-04-22 12:37:04.703000,1.08141,1.0814,1000000,1000000
2021-04-22 12:37:04.805000,1.08141,1.08139,1500000,1690000
2021-04-22 12:37:04.906000,1.0814,1.08139,1500000,1250000
2021-04-22 12:37:05.008000,1.08139,1.08138,1000000,1250000
2021-04-22 12:37:05.059000,1.0814,1.08136,1000000,2320000
2021-04-22 12:37:06.423000,1.0814,1.08139,1000000,1000000
2021-04-22 12:37:06.526000,1.0814,1.08138,1000000,4950000
2021-04-22 12:37:06.628000,1.0814,1.08138,1500000,1000000
2021-04-22 12:37:06.730000,1.0814,1.08137,1690000,2320000
2021-04-22 12:37:06.882000,1.0814,1.08137,1690000,1970000
2021-04-22 12:37:07.056000,1.08139,1.08137,1000000,1220000
2021-04-22 12:37:07.843000,1.08137,1.08135,1000000,1600000
2021-04-22 12:37:07.944000,1.08137,1.08135,1000000,1200000
2021-04-22 12:37:12.190000,1.08136,1.08134,1000000,2160000
2021-04-22 12:37:12.292000,1.08135,1.08133,1000000,1100000
2021-04-22 12:37:15.264000,1.08135,1.08131,1000000,1790000
2021-04-22 12:37:15.466000,1.08134,1.08132,1000000,4200000
2021-04-22 12:37:19.358000,1.08135,1.0813,2440000,3850000
2021-04-22 12:37:19.460000,1.08134,1.08132,1000000,2720000
2021-04-22 12:37:20.219000,1.08133,1.08131,1000000,3410000
2021-04-22 12:37:27.036000,1.08132,1.0813,1000000,2100000
2021-04-22 12:37:27.289000,1.08132,1.0813,1000000,5140000
2021-04-22 12:37:27.573000,1.08133,1.0813,1000000,3310000
2021-04-22 12:37:27.674000,1.08133,1.0813,1500000,4060000
2021-04-22 12:37:30.220000,1.08132,1.0813,1000000,2060000
2021-04-22 12:37:30.322000,1.08131,1.08128,1000000,2120000
2021-04-22 12:37:30.423000,1.08131,1.08127,1000000,9000000
2021-04-22 12:37:30.627000,1.08131,1.0813,1000000,1000000
2021-04-22 12:37:30.728000,1.08133,1.08131,2590000,1000000
2021-04-22 12:37:31.704000,1.08135,1.0813,1500000,2240000
2021-04-22 12:37:31.965000,1.08134,1.08131,1500000,3110000
2021-04-22 12:37:32.017000,1.08135,1.08134,1000000,1000000
2021-04-22 12:37:33.101000,1.08137,1.08134,1500000,1690000
2021-04-22 12:37:35.959000,1.08137,1.08135,1000000,1000000
2021-04-22 12:37:36.061000,1.0814,1.08135,2810000,1870000
2021-04-22 12:37:39.384000,1.08139,1.08136,4340000,1500000
2021-04-22 12:37:39.435000,1.08135,1.08133,1500000,2000000
2021-04-22 12:37:39.486000,1.08135,1.08132,1500000,7500000
2021-04-22 12:37:42.176000,1.08138,1.08136,2510000,1120000
2021-04-22 12:37:42.278000,1.08139,1.08136,4500000,3310000
2021-04-22 12:37:43.253000,1.0814,1.08135,1500000,2810000
2021-04-22 12:37:48.044000,1.08138,1.08135,2440000,1870000
2021-04-22 12:37:50.200000,1.08138,1.08135,2440000,3870000
2021-04-22 12:37:51.079000,1.08139,1.08137,1000000,1120000
2021-04-22 12:37:52.875000,1.0814,1.08138,1500000,1000000
2021-04-22 12:37:53.334000,1.08141,1.08139,2250000,1500000
2021-04-22 12:37:53.436000,1.08143,1.08141,1500000,1000000
2021-04-22 12:37:53.537000,1.08144,1.0814,1000000,2000000
2021-04-22 12:37:54.116000,1.08143,1.08141,1000000,4120000
2021-04-22 12:37:55.509000,1.08143,1.08141,1000000,1000000
2021-04-22 12:37:55.766000,1.08143,1.08139,1000000,1120000
2021-04-22 12:37:56.155000,1.08142,1.0814,1000000,1000000
2021-04-22 12:37:56.256000,1.0814,1.08138,1000000,1570000
2021-04-22 12:37:57.078000,1.08139,1.08137,1250000,1000000
2021-04-22 12:37:57.179000,1.08136,1.08134,1000000,2250000
2021-04-22 12:37:57.281000,1.08134,1.08132,1000000,2510000
2021-04-22 12:38:00.330000,1.08134,1.08131,1690000,1950000
2021-04-22 12:38:00.431000,1.08132,1.0813,1000000,2320000
2021-04-22 12:38:00.583000,1.08132,1.0813,1000000,2470000
2021-04-22 12:38:02.493000,1.08134,1.08131,1500000,4160000
2021-04-22 12:38:04.094000,1.08135,1.08132,1500000,4540000
2021-04-22 12:38:04.195000,1.08135,1.08134,1000000,1100000
2021-04-22 12:38:07.942000,1.08136,1.08133,1500000,4540000
2021-04-22 12:38:08.578000,1.08136,1.08134,1000000,3220000
2021-04-22 12:38:09.083000,1.08136,1.08134,1000000,2320000
2021-04-22 12:38:09.931000,1.08138,1.08136,1000000,4410000
2021-04-22 12:38:10.534000,1.08139,1.08135,1000000,4850000
2021-04-22 12:38:10.701000,1.08139,1.08137,1000000,1250000
2021-04-22 12:38:10.894000,1.08141,1.08138,6000000,3350000
2021-04-22 12:38:11.637000,1.08142,1.0814,1000000,1760000
2021-04-22 12:38:11.688000,1.08143,1.08141,3000000,1250000
2021-04-22 12:38:11.790000,1.08144,1.08142,1570000,1760000
2021-04-22 12:38:12.094000,1.08142,1.0814,1000000,3750000
2021-04-22 12:38:12.195000,1.08144,1.08139,1500000,1820000
2021-04-22 12:38:14.220000,1.08142,1.0814,1000000,1750000
2021-04-22 12:38:17.244000,1.08143,1.0814,1000000,2600000
2021-04-22 12:38:18.182000,1.08142,1.0814,1000000,1750000
2021-04-22 12:38:22.014000,1.08143,1.08141,1000000,1310000
2021-04-22 12:38:22.116000,1.08144,1.08142,1500000,1250000
2021-04-22 12:38:22.421000,1.08145,1.08142,1500000,1250000
2021-04-22 12:38:22.623000,1.08145,1.08143,1500000,1390000
2021-04-22 12:38:22.725000,1.08146,1.08145,1500000,1250000
2021-04-22 12:38:26.305000,1.0815,1.08147,3870000,1970000
2021-04-22 12:38:26.407000,1.08151,1.08149,1000000,1950000
2021-04-22 12:38:27.024000,1.08151,1.0815,1000000,1250000
2021-04-22 12:38:27.459000,1.08151,1.08149,1000000,4010000
2021-04-22 12:38:28.667000,1.08152,1.0815,1000000,1010000
2021-04-22 12:38:29.291000,1.08155,1.08151,1000000,2510000
2021-04-22 12:38:29.392000,1.08156,1.08154,1000000,1500000
2021-04-22 12:38:29.494000,1.08158,1.08155,1500000,4220000
2021-04-22 12:38:29.595000,1.08158,1.08156,1500000,1250000
2021-04-22 12:38:30.083000,1.08159,1.08157,1500000,1010000
2021-04-22 12:38:30.488000,1.0816,1.08158,1500000,1010000
2021-04-22 12:38:30.793000,1.08158,1.08156,1000000,3340000
2021-04-22 12:38:30.996000,1.08158,1.08157,1500000,1250000
2021-04-22 12:38:31.097000,1.08159,1.08157,1500000,1250000
2021-04-22 12:38:31.464000,1.08158,1.08156,1000000,1820000
2021-04-22 12:38:31.773000,1.0816,1.08157,1500000,2970000
2021-04-22 12:38:32.177000,1.0816,1.08158,1500000,1350000
2021-04-22 12:38:32.279000,1.0816,1.08157,1500000,4100000
2021-04-22 12:38:34.949000,1.0816,1.08158,1500000,1250000
2021-04-22 12:38:35.052000,1.0816,1.08158,1000000,1250000
2021-04-22 12:38:36.515000,1.08161,1.08158,1270000,1410000
2021-04-22 12:38:38.401000,1.0816,1.08158,1000000,1390000
2021-04-22 12:38:38.747000,1.08161,1.08159,1890000,1390000
2021-04-22 12:38:38.849000,1.08162,1.08161,1000000,1250000
2021-04-22 12:38:38.950000,1.08164,1.08162,1500000,1690000
2021-04-22 12:38:42.766000,1.08166,1.08165,1500000,1250000
2021-04-22 12:38:42.817000,1.08166,1.08163,1000000,2510000
2021-04-22 12:38:42.919000,1.08166,1.08163,1500000,3410000
2021-04-22 12:38:46.155000,1.08164,1.08163,1500000,1250000
2021-04-22 12:38:46.257000,1.08163,1.08162,1000000,1250000
2021-04-22 12:38:46.359000,1.08163,1.0816,1500000,2140000
2021-04-22 12:38:46.612000,1.08163,1.0816,1500000,2350000
2021-04-22 12:38:46.714000,1.08163,1.0816,1500000,1390000
2021-04-22 12:38:46.866000,1.08163,1.0816,1500000,2200000
2021-04-22 12:38:49.893000,1.08163,1.0816,1500000,1390000
2021-04-22 12:38:49.994000,1.08161,1.08158,1000000,2570000
2021-04-22 12:38:50.096000,1.0816,1.08158,1000000,1390000
2021-04-22 12:38:51.469000,1.08161,1.08158,1000000,3640000
2021-04-22 12:38:51.570000,1.08162,1.08159,3000000,1690000
2021-04-22 12:38:51.965000,1.08162,1.0816,1500000,1250000
2021-04-22 12:38:55.792000,1.08163,1.0816,1500000,2140000
2021-04-22 12:38:56.246000,1.08161,1.08159,1000000,1250000
2021-04-22 12:38:58.161000,1.0816,1.08157,1000000,6370000
2021-04-22 12:38:58.212000,1.08157,1.08156,1000000,1250000
2021-04-22 12:38:58.314000,1.08157,1.08155,1000000,2060000
2021-04-22 12:38:58.466000,1.08156,1.08155,1000000,1250000
2021-04-22 12:39:00.309000,1.08156,1.08154,1000000,2890000
2021-04-22 12:39:00.465000,1.08155,1.08153,1000000,3190000
2021-04-22 12:39:03.313000,1.08155,1.08152,1000000,6260000
2021-04-22 12:39:04.706000,1.08155,1.08152,1000000,9430000
2021-04-22 12:39:04.959000,1.08155,1.08153,1000000,3760000
2021-04-22 12:39:05.760000,1.08155,1.08153,1000000,3640000
2021-04-22 12:39:08.417000,1.08154,1.08152,1000000,5640000
2021-04-22 12:39:08.519000,1.0815,1.08149,1000000,1000000
2021-04-22 12:39:08.621000,1.0815,1.08148,1000000,6260000
2021-04-22 12:39:08.722000,1.08151,1.08149,1000000,3190000
2021-04-22 12:39:10.871000,1.08152,1.08149,1000000,3260000
2021-04-22 12:39:12.523000,1.08152,1.08149,1000000,2910000
2021-04-22 12:39:19.824000,1.08151,1.08149,1000000,1000000
2021-04-22 12:39:25.442000,1.08151,1.08149,1000000,1000000
2021-04-22 12:39:26.379000,1.08151,1.08147,1500000,2140000
2021-04-22 12:39:26.429000,1.08148,1.08147,1870000,4310000
2021-04-22 12:39:26.531000,1.08147,1.08146,1500000,1250000
2021-04-22 12:39:26.582000,1.08146,1.08144,1000000,1010000
2021-04-22 12:39:29.428000,1.08145,1.08143,1000000,3700000
2021-04-22 12:39:29.739000,1.08145,1.08143,1000000,3260000
2021-04-22 12:39:33.190000,1.08149,1.08147,6900000,2510000
2021-04-22 12:39:33.291000,1.0815,1.08148,1000000,4140000
2021-04-22 12:39:33.392000,1.08151,1.08149,1500000,1000000
2021-04-22 12:39:33.544000,1.08152,1.0815,1000000,3700000
2021-04-22 12:39:33.646000,1.08153,1.08151,1000000,1250000
2021-04-22 12:39:33.747000,1.08152,1.0815,1000000,4760000
2021-04-22 12:39:34.255000,1.08156,1.08151,1950000,2290000
2021-04-22 12:39:35.045000,1.08155,1.0815,1000000,1760000
2021-04-22 12:39:36.047000,1.08153,1.08151,1000000,1390000
2021-04-22 12:39:36.550000,1.08152,1.08149,1500000,6320000
2021-04-22 12:39:37.046000,1.08152,1.08149,1500000,2140000
2021-04-22 12:39:37.350000,1.08151,1.08149,1000000,1390000
2021-04-22 12:39:40.537000,1.0815,1.08148,1000000,4600000
2021-04-22 12:39:44.697000,1.08148,1.08146,1120000,1870000
2021-04-22 12:39:44.799000,1.08146,1.08144,1000000,1250000
2021-04-22 12:39:45.001000,1.08147,1.08142,1000000,1760000
2021-04-22 12:39:45.451000,1.08145,1.08143,1000000,1390000
2021-04-22 12:39:45.552000,1.08145,1.08142,1500000,2140000
2021-04-22 12:39:45.654000,1.08144,1.08141,1500000,1390000
2021-04-22 12:39:49.082000,1.08144,1.08141,1500000,3390000
2021-04-22 12:39:49.742000,1.08143,1.08141,1000000,1500000
2021-04-22 12:39:49.793000,1.08141,1.0814,1000000,1000000
2021-04-22 12:39:50.934000,1.08143,1.08141,1500000,2850000
2021-04-22 12:39:51.035000,1.08144,1.08142,1000000,2060000
2021-04-22 12:39:51.508000,1.08145,1.08143,1000000,1050000
2021-04-22 12:39:51.609000,1.08146,1.08145,1000000,1000000
2021-04-22 12:39:51.762000,1.08147,1.08143,1000000,1760000
2021-04-22 12:39:51.914000,1.08146,1.08144,1000000,3250000
2021-04-22 12:39:54.321000,1.08146,1.08143,1500000,2140000
2021-04-22 12:40:00.261000,1.08146,1.08143,1500000,3040000
2021-04-22 12:40:06.316000,1.08145,1.08142,1500000,4070000
2021-04-22 12:40:06.418000,1.08144,1.08142,1000000,1950000
2021-04-22 12:40:07.275000,1.08143,1.0814,1000000,3560000
2021-04-22 12:40:07.630000,1.0814,1.08138,1000000,3640000
2021-04-22 12:40:10.638000,1.08141,1.08138,1000000,2510000
2021-04-22 12:40:12.052000,1.0814,1.08138,1000000,2510000
2021-04-22 12:40:12.333000,1.08143,1.08142,1870000,1250000
2021-04-22 12:40:12.385000,1.08145,1.08143,2250000,2140000
2021-04-22 12:40:12.486000,1.08145,1.08143,1000000,3040000
2021-04-22 12:40:12.588000,1.08145,1.08143,1000000,2510000
2021-04-22 12:40:14.353000,1.08145,1.08143,1000000,2470000
2021-04-22 12:40:15.215000,1.08146,1.08144,1500000,1390000
2021-04-22 12:40:16.296000,1.08146,1.08145,1000000,1250000
2021-04-22 12:40:16.802000,1.0815,1.08147,1870000,2750000
2021-04-22 12:40:16.853000,1.08151,1.08149,2250000,1450000
2021-04-22 12:40:17.106000,1.08151,1.08149,1500000,1760000
2021-04-22 12:40:17.309000,1.08151,1.08148,1870000,1570000
2021-04-22 12:40:17.411000,1.08148,1.08147,1000000,1760000
2021-04-22 12:40:17.513000,1.08147,1.08144,1500000,4540000
2021-04-22 12:40:19.289000,1.08146,1.08144,1000000,2140000
2021-04-22 12:40:21.608000,1.08146,1.08143,1500000,2890000
2021-04-22 12:40:22.698000,1.08146,1.08143,1500000,3790000
2021-04-22 12:40:22.800000,1.08146,1.08145,1000000,1100000
2021-04-22 12:40:22.901000,1.08147,1.08144,1000000,1820000
2021-04-22 12:40:24.839000,1.08149,1.08145,1000000,1250000
2021-04-22 12:40:24.941000,1.08149,1.08147,1000000,1250000
2021-04-22 12:40:26.566000,1.08148,1.08146,1000000,2120000
2021-04-22 12:40:27.880000,1.08149,1.08147,1500000,1250000
2021-04-22 12:40:29.709000,1.08149,1.08147,1000000,1690000
2021-04-22 12:40:29.911000,1.08149,1.08147,1000000,1750000
2021-04-22 12:40:30.674000,1.08149,1.08147,1000000,2140000
2021-04-22 12:40:30.775000,1.08149,1.08147,1000000,2200000
2021-04-22 12:40:31.831000,1.0815,1.08148,1000000,2570000
2021-04-22 12:40:32.638000,1.08151,1.08149,1000000,3450000
2021-04-22 12:40:32.689000,1.08152,1.0815,1000000,5470000
2021-04-22 12:40:32.790000,1.08154,1.08152,1000000,1720000
2021-04-22 12:40:34.815000,1.08156,1.08154,1000000,1200000
2021-04-22 12:40:34.917000,1.08156,1.08154,1000000,2720000
2021-04-22 12:40:35.169000,1.08158,1.08156,1000000,1390000
2021-04-22 12:40:35.321000,1.08157,1.08155,1000000,2570000
2021-04-22 12:40:35.423000,1.08157,1.08155,1000000,1200000
2021-04-22 12:40:38.564000,1.08157,1.08154,1500000,2140000
2021-04-22 12:40:38.665000,1.08156,1.08153,1500000,2890000
2021-04-22 12:40:41.028000,1.08157,1.08155,2620000,1000000
2021-04-22 12:40:42.230000,1.08156,1.08154,1000000,1000000
2021-04-22 12:40:42.890000,1.08157,1.08152,3370000,1950000
2021-04-22 12:40:43.112000,1.08155,1.08153,1000000,1500000
2021-04-22 12:40:44.145000,1.08153,1.08151,1000000,3640000
2021-04-22 12:40:44.550000,1.08152,1.0815,1000000,2440000
2021-04-22 12:40:45.723000,1.08153,1.08151,1000000,1690000
2021-04-22 12:40:45.824000,1.08154,1.08152,2250000,1200000
2021-04-22 12:40:46.229000,1.08153,1.08151,1500000,1000000
2021-04-22 12:40:46.913000,1.08151,1.08149,1000000,2440000
2021-04-22 12:40:47.554000,1.08152,1.08149,1870000,1950000
2021-04-22 12:40:51.446000,1.08151,1.08149,1000000,1950000
2021-04-22 12:40:51.648000,1.08149,1.08147,1000000,1870000
2021-04-22 12:40:51.750000,1.08147,1.08146,1000000,1000000
2021-04-22 12:40:51.851000,1.08147,1.08144,1500000,1950000
2021-04-22 12:40:53.862000,1.08147,1.08144,2900000,1500000
2021-04-22 12:40:56.436000,1.08145,1.08143,1000000,3260000
2021-04-22 12:40:56.689000,1.08145,1.08141,1500000,2890000
2021-04-22 12:40:56.791000,1.08143,1.08142,1000000,1250000
2021-04-22 12:40:56.894000,1.08143,1.08141,1000000,1000000
2021-04-22 12:40:56.995000,1.08142,1.08141,1000000,1000000
2021-04-22 12:40:57.097000,1.08143,1.08141,1000000,1000000
2021-04-22 12:40:57.249000,1.08143,1.0814,1500000,2140000
2021-04-22 12:40:58.657000,1.08145,1.0814,1870000,1200000
2021-04-22 12:41:00.204000,1.08142,1.08139,1000000,5660000
2021-04-22 12:41:00.306000,1.08142,1.08139,1000000,4010000
2021-04-22 12:41:00.407000,1.08143,1.08141,1500000,1250000
2021-04-22 12:41:00.509000,1.08144,1.08142,1000000,1200000
2021-04-22 12:41:00.712000,1.08146,1.08143,1500000,1950000
2021-04-22 12:41:01.808000,1.08147,1.08145,1500000,1450000
2021-04-22 12:41:01.910000,1.08148,1.08145,1870000,2140000
2021-04-22 12:41:02.062000,1.08147,1.08145,1000000,1390000
2021-04-22 12:41:02.164000,1.08146,1.08145,1500000,1000000
2021-04-22 12:41:02.265000,1.08146,1.08144,1500000,1310000
2021-04-22 12:41:04.496000,1.08146,1.08143,1500000,3260000
2021-04-22 12:41:08.950000,1.08146,1.08144,1500000,1390000
2021-04-22 12:41:13.943000,1.08149,1.08147,1000000,2320000
2021-04-22 12:41:14.044000,1.08151,1.08149,1000000,1870000
2021-04-22 12:41:14.196000,1.08152,1.08149,1870000,2320000
2021-04-22 12:41:14.804000,1.08152,1.0815,1500000,1250000
2021-04-22 12:41:15.158000,1.08152,1.08149,1500000,2890000
2021-04-22 12:41:21.415000,1.08152,1.0815,1500000,1690000
2021-04-22 12:41:21.719000,1.08153,1.08151,1500000,1250000
2021-04-22 12:41:22.140000,1.08155,1.08152,3070000,2890000
2021-04-22 12:41:22.242000,1.08155,1.08153,1250000,1000000
2021-04-22 12:41:22.394000,1.08155,1.08153,1000000,1000000
2021-04-22 12:41:23.107000,1.08156,1.08154,1000000,1500000
2021-04-22 12:41:23.462000,1.08155,1.08153,1000000,1000000
2021-04-22 12:41:23.563000,1.08153,1.08151,1000000,2890000
2021-04-22 12:41:24.505000,1.08152,1.08151,1000000,1250000
2021-04-22 12:41:26.159000,1.08153,1.08149,1000000,1690000
2021-04-22 12:41:26.674000,1.08151,1.08149,1000000,2140000
2021-04-22 12:41:28.074000,1.08148,1.08147,1000000,1000000
2021-04-22 12:41:28.176000,1.08148,1.08146,1000000,1760000
2021-04-22 12:41:28.277000,1.08148,1.08146,1000000,2160000
2021-04-22 12:41:31.073000,1.08148,1.08146,1500000,1250000
2021-04-22 12:41:31.175000,1.08148,1.08145,1500000,2510000
2021-04-22 12:41:31.771000,1.08149,1.08144,1500000,2910000
2021-04-22 12:41:34.210000,1.08148,1.08145,1500000,2890000
2021-04-22 12:41:34.456000,1.08147,1.08145,1000000,2140000
2021-04-22 12:41:38.310000,1.08146,1.08145,1000000,1250000
2021-04-22 12:41:38.462000,1.08146,1.08144,1000000,1000000
2021-04-22 12:41:39.104000,1.08145,1.08142,1870000,4010000
2021-04-22 12:41:39.155000,1.08143,1.08142,1000000,1120000
2021-04-22 12:41:39.256000,1.08144,1.08142,1000000,1000000
2021-04-22 12:41:39.746000,1.08146,1.08141,1500000,2890000
2021-04-22 12:41:39.847000,1.08145,1.08143,1000000,1690000
2021-04-22 12:41:40.151000,1.08146,1.08144,1000000,2140000
2021-04-22 12:41:42.390000,1.08148,1.08144,1000000,1000000
2021-04-22 12:41:43.160000,1.08149,1.08146,1500000,2320000
2021-04-22 12:41:43.312000,1.08149,1.08146,1500000,3320000
2021-04-22 12:41:43.694000,1.08149,1.08146,1500000,3260000
2021-04-22 12:41:43.796000,1.08148,1.08145,1950000,2440000
2021-04-22 12:41:47.300000,1.08147,1.08145,1000000,1690000
2021-04-22 12:41:48.226000,1.08147,1.08145,1000000,2570000
2021-04-22 12:41:48.631000,1.08146,1.08143,1000000,6450000
2021-04-22 12:41:48.732000,1.08146,1.08144,1500000,1250000
2021-04-22 12:41:50.484000,1.08146,1.08144,1000000,2160000
2021-04-22 12:41:50.586000,1.08147,1.08144,2620000,2540000
2021-04-22 12:41:50.687000,1.08149,1.08144,1500000,1220000
2021-04-22 12:41:50.789000,1.08148,1.08145,1500000,1760000
2021-04-22 12:41:50.890000,1.08147,1.08146,1000000,1250000
2021-04-22 12:41:50.992000,1.08147,1.08145,1000000,1760000
2021-04-22 12:41:51.123000,1.08145,1.08143,1000000,2140000
2021-04-22 12:41:54.156000,1.08144,1.08141,1500000,3190000
2021-04-22 12:41:54.640000,1.08143,1.08141,1000000,2510000
2021-04-22 12:41:56.174000,1.08141,1.08138,1500000,2510000
2021-04-22 12:41:56.528000,1.08141,1.08139,1500000,1250000
2021-04-22 12:41:56.630000,1.08141,1.08139,1000000,1410000
2021-04-22 12:41:58.998000,1.08141,1.08139,1000000,1010000
2021-04-22 12:41:59.449000,1.08141,1.08138,1500000,1100000
2021-04-22 12:42:00.317000,1.08142,1.08137,1500000,2160000
2021-04-22 12:42:00.368000,1.08143,1.08141,2320000,1100000
2021-04-22 12:42:00.521000,1.08144,1.08141,1500000,2160000
2021-04-22 12:42:01.364000,1.08142,1.0814,1500000,1350000
2021-04-22 12:42:01.466000,1.08141,1.08139,1000000,1390000
2021-04-22 12:42:02.392000,1.08138,1.08136,1000000,2720000
2021-04-22 12:42:02.493000,1.08137,1.08135,1000000,2260000
2021-04-22 12:42:02.595000,1.08136,1.08134,1000000,1760000
2021-04-22 12:42:02.697000,1.08136,1.08133,1500000,1760000
2021-04-22 12:42:03.104000,1.08135,1.08133,1000000,1760000
2021-04-22 12:42:06.143000,1.08136,1.08134,1500000,1250000
2021-04-22 12:42:08.748000,1.08137,1.08134,1500000,3260000
2021-04-22 12:42:08.799000,1.08138,1.08136,1000000,1310000
2021-04-22 12:42:08.901000,1.08138,1.08135,1500000,3260000
2021-04-22 12:42:09.154000,1.08136,1.08134,1500000,1000000
2021-04-22 12:42:10.165000,1.08136,1.08132,1000000,2060000
2021-04-22 12:42:10.418000,1.08134,1.08133,1000000,1250000
2021-04-22 12:42:10.519000,1.08133,1.08132,1000000,1250000
2021-04-22 12:42:10.621000,1.08133,1.08131,1000000,2440000
2021-04-22 12:42:10.773000,1.08132,1.08129,1000000,7140000
2021-04-22 12:42:11.820000,1.0813,1.08128,1570000,2810000
2021-04-22 12:42:11.871000,1.08128,1.08125,1000000,8810000
2021-04-22 12:42:13.367000,1.08128,1.08127,1500000,1250000
2021-04-22 12:42:13.469000,1.08128,1.08127,1000000,1690000
2021-04-22 12:42:13.571000,1.08129,1.08128,1000000,1250000
2021-04-22 12:42:13.673000,1.0813,1.08128,1000000,1010000
2021-04-22 12:42:16.290000,1.08129,1.08128,1000000,1250000
2021-04-22 12:42:16.632000,1.0813,1.08128,1000000,1010000
2021-04-22 12:42:22.068000,1.08129,1.08128,1000000,1250000
2021-04-22 12:42:22.271000,1.08129,1.08127,1100000,1000000
2021-04-22 12:42:22.770000,1.0813,1.08127,1000000,1250000
2021-04-22 12:42:22.871000,1.0813,1.08128,1000000,1690000
2021-04-22 12:42:26.493000,1.08131,1.08129,1000000,2890000
2021-04-22 12:42:31.792000,1.08131,1.0813,1000000,1000000
2021-04-22 12:42:34.258000,1.08133,1.08131,1000000,1250000
2021-04-22 12:42:34.359000,1.08134,1.08132,1000000,1690000
2021-04-22 12:42:34.663000,1.08136,1.08132,1000000,1000000
2021-04-22 12:42:34.764000,1.08135,1.08132,1500000,4010000
2021-04-22 12:42:35.689000,1.08134,1.08132,1000000,1250000
2021-04-22 12:42:35.791000,1.08132,1.0813,1100000,1700000
2021-04-22 12:42:35.892000,1.08132,1.08129,1570000,2440000
2021-04-22 12:42:43.206000,1.08132,1.08131,1000000,1000000
2021-04-22 12:42:43.307000,1.08133,1.08131,1000000,2560000
2021-04-22 12:42:43.435000,1.08133,1.08131,1000000,1500000
2021-04-22 12:42:43.536000,1.08135,1.0813,1570000,1690000
2021-04-22 12:42:44.051000,1.08134,1.08131,2720000,1500000
2021-04-22 12:42:44.440000,1.08134,1.08131,1570000,1500000
2021-04-22 12:42:45.612000,1.08134,1.08132,1500000,1250000
2021-04-22 12:42:49.792000,1.08136,1.08131,1570000,2440000
2021-04-22 12:42:54.494000,1.08134,1.08132,1570000,1250000
2021-04-22 12:42:54.747000,1.08134,1.08131,1000000,1250000
2021-04-22 12:42:54.950000,1.08133,1.08131,1000000,1000000
2021-04-22 12:42:55.841000,1.08134,1.08131,1570000,1500000
2021-04-22 12:43:00.761000,1.08131,1.0813,1000000,1000000
2021-04-22 12:43:00.862000,1.08131,1.08128,1500000,4760000
2021-04-22 12:43:01.986000,1.08132,1.08129,1570000,1870000
2021-04-22 12:43:02.087000,1.08131,1.08129,1000000,1500000
2021-04-22 12:43:02.240000,1.08134,1.08132,1100000,1000000
2021-04-22 12:43:02.392000,1.08133,1.08131,1000000,3000000
2021-04-22 12:43:02.746000,1.08131,1.08129,1500000,2250000
2021-04-22 12:43:05.044000,1.08133,1.08131,1580000,1690000
2021-04-22 12:43:05.146000,1.08134,1.08132,1000000,1500000
2021-04-22 12:43:05.247000,1.08135,1.08132,2700000,1500000
2021-04-22 12:43:10.294000,1.08134,1.0813,1000000,2250000
2021-04-22 12:43:18.675000,1.08132,1.0813,1120000,1000000
2021-04-22 12:43:18.777000,1.0813,1.08128,1500000,1250000
2021-04-22 12:43:21.826000,1.08127,1.08126,1500000,2060000
2021-04-22 12:43:21.877000,1.08126,1.08123,2750000,2700000
2021-04-22 12:43:21.979000,1.08124,1.08122,1950000,2250000
2021-04-22 12:43:22.081000,1.08123,1.08121,1000000,1000000
2021-04-22 12:43:23.489000,1.08125,1.08123,1500000,1690000
2021-04-22 12:43:25.475000,1.08124,1.08122,1000000,1000000
2021-04-22 12:43:25.857000,1.08125,1.08122,2140000,1000000
2021-04-22 12:43:26.458000,1.08123,1.0812,1000000,2320000
2021-04-22 12:43:26.611000,1.08121,1.08118,2810000,4650000
2021-04-22 12:43:26.662000,1.08118,1.08116,1000000,9710000
2021-04-22 12:43:26.763000,1.08117,1.08115,1000000,1100000
2021-04-22 12:43:27.279000,1.08115,1.08114,1000000,1000000
2021-04-22 12:43:28.748000,1.08116,1.08115,1000000,1950000
2021-04-22 12:43:29.989000,1.08116,1.08114,1000000,2440000
2021-04-22 12:43:32.350000,1.08117,1.08114,1000000,1950000
2021-04-22 12:43:35.126000,1.08118,1.08116,1570000,1950000
2021-04-22 12:43:38.292000,1.08119,1.08116,1500000,3640000
2021-04-22 12:43:39.929000,1.08119,1.08116,1000000,11800000
2021-04-22 12:43:39.980000,1.08122,1.0812,2250000,1000000
2021-04-22 12:43:40.082000,1.08122,1.08121,1000000,1000000
2021-04-22 12:43:42.119000,1.08123,1.08121,1000000,1950000
2021-04-22 12:43:44.170000,1.08124,1.08121,1500000,2950000
2021-04-22 12:43:44.221000,1.08126,1.08125,2890000,1000000
2021-04-22 12:43:44.273000,1.08127,1.08125,2620000,1000000
2021-04-22 12:43:44.374000,1.08128,1.08125,1870000,1950000
2021-04-22 12:43:44.476000,1.08129,1.08126,1620000,1950000
2021-04-22 12:43:45.160000,1.08129,1.08126,1120000,3600000
2021-04-22 12:43:48.653000,1.0813,1.08127,2250000,1950000
2021-04-22 12:43:48.754000,1.0813,1.08127,1500000,3600000
2021-04-22 12:43:58.210000,1.0813,1.08127,1870000,2510000
2021-04-22 12:43:58.362000,1.08129,1.08126,2250000,4540000
2021-04-22 12:43:58.710000,1.08129,1.08126,2620000,2890000
2021-04-22 12:43:59.794000,1.08129,1.08126,3120000,2510000
2021-04-22 12:44:00.360000,1.0813,1.08125,3000000,2140000
2021-04-22 12:44:02.883000,1.08126,1.08124,2620000,2140000
2021-04-22 12:44:02.984000,1.08124,1.08123,1000000,1390000
2021-04-22 12:44:06.696000,1.08124,1.08122,1000000,2320000
2021-04-22 12:44:08.128000,1.08125,1.08121,1000000,3600000
2021-04-22 12:44:08.229000,1.08125,1.08123,1500000,1200000
2021-04-22 12:44:10.724000,1.08124,1.08122,1000000,1950000
2021-04-22 12:44:10.876000,1.08124,1.08122,1000000,3790000
2021-04-22 12:44:11.412000,1.08124,1.08122,1000000,2140000
2021-04-22 12:44:14.126000,1.08124,1.08122,1000000,3040000
2021-04-22 12:44:17.458000,1.08124,1.08122,1000000,1950000
2021-04-22 12:44:21.364000,1.08125,1.08123,1000000,1200000
2021-04-22 12:44:27.095000,1.08126,1.08123,1500000,6760000
2021-04-22 12:44:27.196000,1.08127,1.08124,2250000,4540000
2021-04-22 12:44:27.297000,1.08128,1.08126,1000000,1200000
2021-04-22 12:44:28.592000,1.08129,1.08127,1000000,1200000
2021-04-22 12:44:30.705000,1.0813,1.08127,2810000,2850000
2021-04-22 12:44:30.985000,1.08132,1.08129,1500000,1000000
2021-04-22 12:44:31.086000,1.08132,1.0813,1000000,1200000
2021-04-22 12:44:31.485000,1.08131,1.08129,1870000,1500000
2021-04-22 12:44:33.427000,1.0813,1.08128,1000000,2140000
2021-04-22 12:44:34.773000,1.0813,1.08127,2060000,1200000
2021-04-22 12:44:35.276000,1.08129,1.08126,1000000,2290000
2021-04-22 12:44:35.908000,1.0813,1.08127,2060000,1200000
2021-04-22 12:44:36.060000,1.0813,1.08127,1500000,1910000
2021-04-22 12:44:36.686000,1.08131,1.08129,1500000,1010000
2021-04-22 12:44:36.788000,1.08131,1.08128,1500000,3260000
2021-04-22 12:44:36.940000,1.0813,1.08128,1000000,1200000
2021-04-22 12:44:38.207000,1.0813,1.08127,1870000,2320000
2021-04-22 12:44:40.750000,1.08128,1.08127,1000000,1000000
2021-04-22 12:44:40.852000,1.08125,1.08124,1000000,1200000
2021-04-22 12:44:40.953000,1.08125,1.08123,1500000,1000000
2021-04-22 12:44:42.379000,1.08124,1.08121,1500000,4010000
2021-04-22 12:44:46.145000,1.08124,1.08121,1500000,2910000
2021-04-22 12:44:47.148000,1.08124,1.08121,1500000,2510000
2021-04-22 12:44:48.672000,1.08123,1.08121,1000000,1100000
2021-04-22 12:44:48.774000,1.08123,1.0812,1870000,1760000
2021-04-22 12:44:57.223000,1.08123,1.0812,1500000,2290000
2021-04-22 12:44:58.358000,1.08123,1.08121,1000000,1850000
2021-04-22 12:44:58.459000,1.08124,1.08121,1500000,3410000
2021-04-22 12:44:59.503000,1.08124,1.08121,1500000,2890000
2021-04-22 12:45:00.902000,1.08123,1.08121,1000000,1950000
