time,ask,bid,ask_volume,bid_volume
2020-09-16 14:25:00.763000,1.04931,1.04928,1000000,4690000
2020-09-16 14:25:01.488000,1.0493,1.04928,3000000,1690000
2020-09-16 14:25:01.690000,1.04931,1.04928,3750000,1690000
2020-09-16 14:25:01.926000,1.0493,1.04928,3000000,1690000
2020-09-16 14:25:02.042000,1.04931,1.04928,1000000,1690000
2020-09-16 14:25:04.401000,1.04928,1.04924,1000000,5190000
2020-09-16 14:25:04.503000,1.04929,1.04926,1000000,4690000
2020-09-16 14:25:04.604000,1.0493,1.04927,3940000,1000000
2020-09-16 14:25:04.705000,1.0493,1.04928,1000000,1250000
2020-09-16 14:25:04.807000,1.0493,1.04929,1000000,1250000
2020-09-16 14:25:05.313000,1.04931,1.04929,4500000,1250000
2020-09-16 14:25:05.989000,1.04931,1.04928,3750000,2060000
2020-09-16 14:25:07.425000,1.04931,1.04929,3750000,1000000
2020-09-16 14:25:07.526000,1.04932,1.04927,1000000,6190000
2020-09-16 14:25:07.749000,1.04932,1.04931,1000000,1000000
2020-09-16 14:25:07.800000,1.04934,1.04931,4690000,1250000
2020-09-16 14:25:07.901000,1.04935,1.04932,1500000,2060000
2020-09-16 14:25:08.003000,1.04937,1.04934,4950000,1250000
2020-09-16 14:25:08.104000,1.04936,1.04934,3000000,1250000
2020-09-16 14:25:08.206000,1.04937,1.04933,6620000,4870000
2020-09-16 14:25:08.307000,1.04932,1.04929,1500000,1120000
2020-09-16 14:25:09.166000,1.04931,1.04928,3750000,1500000
2020-09-16 14:25:11.149000,1.04929,1.04926,3000000,1120000
2020-09-16 14:25:11.250000,1.0493,1.04926,5810000,3750000
2020-09-16 14:25:11.402000,1.04931,1.04927,2810000,5250000
2020-09-16 14:25:11.503000,1.0493,1.04927,3000000,1500000
2020-09-16 14:25:11.604000,1.04931,1.04927,2810000,4500000
2020-09-16 14:25:11.706000,1.04932,1.04929,2440000,1000000
2020-09-16 14:25:11.807000,1.04934,1.0493,1570000,2890000
2020-09-16 14:25:11.909000,1.04934,1.04932,1720000,1120000
2020-09-16 14:25:13.143000,1.04935,1.0493,1720000,4870000
2020-09-16 14:25:13.245000,1.04931,1.04929,1000000,3000000
2020-09-16 14:25:13.397000,1.04931,1.04928,3750000,1250000
2020-09-16 14:25:18.007000,1.0493,1.04927,3750000,1690000
2020-09-16 14:25:18.108000,1.0493,1.04926,4690000,5440000
2020-09-16 14:25:18.741000,1.0493,1.04927,1500000,3640000
2020-09-16 14:25:18.843000,1.04931,1.04927,5440000,5140000
2020-09-16 14:25:18.995000,1.04931,1.04927,4500000,7070000
2020-09-16 14:25:22.414000,1.04931,1.04927,5060000,4690000
2020-09-16 14:25:22.515000,1.04931,1.04926,1000000,3940000
2020-09-16 14:25:22.616000,1.04927,1.04924,1000000,7010000
2020-09-16 14:25:22.718000,1.04928,1.04924,5060000,5440000
2020-09-16 14:25:22.819000,1.04928,1.04925,1000000,3940000
2020-09-16 14:25:23.246000,1.0493,1.04927,5810000,1000000
2020-09-16 14:25:23.348000,1.04931,1.04928,4500000,1000000
2020-09-16 14:25:23.449000,1.0493,1.04928,3000000,1000000
2020-09-16 14:25:24.358000,1.04931,1.04928,3560000,1000000
2020-09-16 14:25:24.642000,1.0493,1.04928,3000000,1000000
2020-09-16 14:25:25.047000,1.04932,1.04927,3560000,1000000
2020-09-16 14:25:26.004000,1.04933,1.0493,4320000,1000000
2020-09-16 14:25:26.105000,1.04933,1.04931,1000000,3000000
2020-09-16 14:25:26.257000,1.04934,1.04931,2250000,3000000
2020-09-16 14:25:26.359000,1.04936,1.04933,6260000,1000000
2020-09-16 14:25:26.612000,1.04937,1.04934,3940000,1500000
2020-09-16 14:25:26.713000,1.0494,1.04937,1690000,4500000
2020-09-16 14:25:26.865000,1.04942,1.04938,6940000,1500000
2020-09-16 14:25:28.746000,1.04942,1.04939,4870000,1000000
2020-09-16 14:25:29.423000,1.04941,1.04939,3000000,1000000
2020-09-16 14:25:29.524000,1.04942,1.04938,4010000,4500000
2020-09-16 14:25:29.625000,1.0494,1.04937,1250000,4500000
2020-09-16 14:25:29.727000,1.04941,1.04938,4310000,1500000
2020-09-16 14:25:30.283000,1.04941,1.04939,3000000,1000000
2020-09-16 14:25:30.384000,1.04942,1.04939,1000000,1000000
2020-09-16 14:25:30.940000,1.04942,1.04941,3000000,1690000
2020-09-16 14:25:30.991000,1.04947,1.04944,3750000,2440000
2020-09-16 14:25:31.092000,1.04946,1.04943,1250000,4500000
2020-09-16 14:25:31.194000,1.04947,1.04944,3000000,1500000
2020-09-16 14:25:31.447000,1.04948,1.04945,1000000,1000000
2020-09-16 14:25:36.632000,1.04948,1.04946,3750000,1000000
2020-09-16 14:25:36.771000,1.04948,1.04945,3000000,1500000
2020-09-16 14:25:38.054000,1.04951,1.04948,5450000,3250000
2020-09-16 14:25:38.155000,1.04953,1.04949,4870000,5500000
2020-09-16 14:25:38.307000,1.04953,1.04949,4690000,4690000
2020-09-16 14:25:38.895000,1.04953,1.0495,3940000,1000000
2020-09-16 14:25:39.149000,1.04953,1.04949,4690000,4690000
2020-09-16 14:25:41.134000,1.04953,1.04949,4500000,5500000
2020-09-16 14:25:41.235000,1.04953,1.04949,5440000,4500000
2020-09-16 14:25:42.455000,1.04953,1.04949,4500000,6250000
2020-09-16 14:25:42.659000,1.04953,1.04949,4690000,6190000
2020-09-16 14:25:42.912000,1.04953,1.04949,4500000,7000000
2020-09-16 14:25:44.396000,1.04953,1.04949,4690000,5440000
2020-09-16 14:25:46.418000,1.04952,1.04949,1000000,4690000
2020-09-16 14:25:46.832000,1.04949,1.04948,1000000,3750000
2020-09-16 14:25:46.883000,1.04948,1.04945,1500000,3750000
2020-09-16 14:25:46.934000,1.0495,1.04946,4690000,6940000
2020-09-16 14:25:46.985000,1.04948,1.04945,1500000,3940000
2020-09-16 14:25:47.087000,1.04947,1.04944,1000000,4690000
2020-09-16 14:25:48.375000,1.04947,1.04945,1000000,3000000
2020-09-16 14:25:48.541000,1.04947,1.04944,1000000,5060000
2020-09-16 14:25:48.643000,1.04947,1.04945,1000000,3000000
2020-09-16 14:25:48.744000,1.04948,1.04943,1000000,5060000
2020-09-16 14:25:49.155000,1.04945,1.04942,1500000,1120000
2020-09-16 14:25:49.206000,1.04941,1.04939,1000000,3750000
2020-09-16 14:25:49.409000,1.04941,1.04938,1870000,3750000
2020-09-16 14:25:49.510000,1.0494,1.04938,3750000,1000000
2020-09-16 14:25:49.611000,1.04941,1.04936,1000000,5250000
2020-09-16 14:25:50.168000,1.0494,1.04938,1000000,3750000
2020-09-16 14:25:51.683000,1.04939,1.04936,3750000,1870000
2020-09-16 14:25:51.785000,1.04938,1.04936,1000000,3750000
2020-09-16 14:25:52.092000,1.04937,1.04934,1000000,6560000
2020-09-16 14:25:52.194000,1.04938,1.04936,1000000,3000000
2020-09-16 14:25:52.295000,1.04938,1.04935,1000000,6560000
2020-09-16 14:25:52.967000,1.04938,1.04936,1000000,3000000
2020-09-16 14:25:53.574000,1.04938,1.04937,1000000,1000000
2020-09-16 14:25:53.624000,1.0494,1.04937,4870000,1000000
2020-09-16 14:25:54.282000,1.0494,1.04938,1000000,3750000
2020-09-16 14:25:55.087000,1.04941,1.04938,1870000,3750000
2020-09-16 14:25:58.138000,1.0494,1.04938,1000000,1000000
2020-09-16 14:26:00.822000,1.04941,1.04938,5250000,1000000
2020-09-16 14:26:01.076000,1.04943,1.04942,1950000,2440000
2020-09-16 14:26:01.178000,1.04946,1.04943,1500000,1000000
2020-09-16 14:26:01.229000,1.04947,1.04945,1500000,1010000
2020-09-16 14:26:01.383000,1.04944,1.04943,1000000,1000000
2020-09-16 14:26:01.484000,1.04943,1.04941,1000000,2250000
2020-09-16 14:26:01.687000,1.04943,1.0494,3750000,2250000
2020-09-16 14:26:01.788000,1.04943,1.04938,1500000,3750000
2020-09-16 14:26:01.940000,1.04941,1.04938,3000000,2620000
2020-09-16 14:26:02.041000,1.04942,1.04938,6190000,5620000
2020-09-16 14:26:02.395000,1.04941,1.04938,3000000,2620000
2020-09-16 14:26:02.496000,1.04942,1.04938,3190000,5620000
2020-09-16 14:26:03.883000,1.04941,1.04938,3000000,2250000
2020-09-16 14:26:03.985000,1.04942,1.04938,4690000,5250000
2020-09-16 14:26:04.101000,1.04941,1.04938,3000000,2250000
2020-09-16 14:26:04.203000,1.04942,1.04938,4690000,5250000
2020-09-16 14:26:04.355000,1.04941,1.04938,3000000,2250000
2020-09-16 14:26:05.273000,1.04942,1.04938,4690000,5250000
2020-09-16 14:26:05.394000,1.04941,1.04938,3000000,2250000
2020-09-16 14:26:05.496000,1.04942,1.04938,7690000,5250000
2020-09-16 14:26:05.598000,1.04941,1.04938,3000000,2250000
2020-09-16 14:26:05.800000,1.04942,1.04938,4690000,5250000
2020-09-16 14:26:06.003000,1.04941,1.04938,4310000,3000000
2020-09-16 14:26:06.104000,1.04941,1.04937,7310000,5250000
2020-09-16 14:26:08.450000,1.04941,1.04937,7440000,5250000
2020-09-16 14:26:08.804000,1.04939,1.04936,1000000,5250000
2020-09-16 14:26:08.956000,1.04938,1.04936,1000000,1000000
2020-09-16 14:26:09.629000,1.04939,1.04938,1000000,1000000
2020-09-16 14:26:09.681000,1.04941,1.0494,1000000,1690000
2020-09-16 14:26:09.732000,1.04944,1.04941,2250000,1500000
2020-09-16 14:26:09.884000,1.04945,1.04942,1500000,1620000
2020-09-16 14:26:09.985000,1.04944,1.04941,1500000,5750000
2020-09-16 14:26:10.086000,1.04943,1.04941,1690000,1500000
2020-09-16 14:26:10.787000,1.04943,1.04939,1000000,1750000
2020-09-16 14:26:12.891000,1.04943,1.0494,2810000,1750000
2020-09-16 14:26:14.241000,1.04942,1.04939,1500000,3000000
2020-09-16 14:26:14.500000,1.0494,1.04936,6250000,6950000
2020-09-16 14:26:14.703000,1.04939,1.04937,1000000,5000000
2020-09-16 14:26:14.956000,1.04941,1.04938,5060000,1120000
2020-09-16 14:26:18.683000,1.0494,1.04938,1000000,1690000
2020-09-16 14:26:18.785000,1.04939,1.04937,1000000,1000000
2020-09-16 14:26:19.405000,1.04937,1.04935,1000000,1000000
2020-09-16 14:26:20.114000,1.04939,1.04935,1000000,6190000
2020-09-16 14:26:20.216000,1.0494,1.04937,4690000,2060000
2020-09-16 14:26:20.883000,1.0494,1.04937,1500000,5560000
2020-09-16 14:26:22.609000,1.04942,1.04937,1000000,5810000
2020-09-16 14:26:22.660000,1.04943,1.04941,2870000,1500000
2020-09-16 14:26:22.762000,1.04944,1.04942,1000000,3000000
2020-09-16 14:26:22.863000,1.04944,1.04941,1000000,3190000
2020-09-16 14:26:23.014000,1.04944,1.04942,1000000,3000000
2020-09-16 14:26:23.116000,1.04944,1.04941,1000000,3560000
2020-09-16 14:26:23.220000,1.04942,1.0494,1000000,4620000
2020-09-16 14:26:24.086000,1.04941,1.0494,1000000,1000000
2020-09-16 14:26:24.238000,1.04942,1.0494,6640000,1000000
2020-09-16 14:26:25.318000,1.04943,1.04938,7760000,1500000
2020-09-16 14:26:25.664000,1.04942,1.0494,3560000,3000000
2020-09-16 14:26:26.081000,1.04942,1.04939,2620000,3750000
2020-09-16 14:26:26.385000,1.04941,1.04938,1690000,1870000
2020-09-16 14:26:26.941000,1.04939,1.04938,1500000,1000000
2020-09-16 14:26:28.436000,1.04938,1.04935,1000000,1000000
2020-09-16 14:26:28.487000,1.04936,1.04934,1000000,1000000
2020-09-16 14:26:28.790000,1.04936,1.04933,1000000,4500000
2020-09-16 14:26:29.143000,1.04936,1.04934,1000000,3000000
2020-09-16 14:26:29.245000,1.04936,1.04933,1000000,4500000
2020-09-16 14:26:29.700000,1.04936,1.04934,1000000,3000000
2020-09-16 14:26:29.802000,1.04937,1.04935,1500000,3000000
2020-09-16 14:26:29.852000,1.0494,1.04938,1620000,3750000
2020-09-16 14:26:29.954000,1.04941,1.04938,1000000,5250000
2020-09-16 14:26:32.673000,1.0494,1.04938,1000000,3000000
2020-09-16 14:26:32.775000,1.0494,1.04937,1000000,4500000
2020-09-16 14:26:32.826000,1.04941,1.04939,3560000,1000000
2020-09-16 14:26:32.927000,1.04942,1.04939,5060000,1000000
2020-09-16 14:26:33.183000,1.04941,1.04939,1000000,1000000
2020-09-16 14:26:33.394000,1.04942,1.04939,4120000,1000000
2020-09-16 14:26:33.495000,1.04943,1.04942,1000000,1000000
2020-09-16 14:26:33.546000,1.04945,1.04942,2440000,4870000
2020-09-16 14:26:33.597000,1.04947,1.04944,1000000,1250000
2020-09-16 14:26:33.699000,1.04947,1.04946,1500000,1000000
2020-09-16 14:26:33.836000,1.04947,1.04945,1500000,1250000
2020-09-16 14:26:34.823000,1.04948,1.04942,4500000,7690000
2020-09-16 14:26:35.550000,1.04948,1.04943,2440000,3000000
2020-09-16 14:26:35.803000,1.04947,1.04945,1870000,3000000
2020-09-16 14:26:35.904000,1.04947,1.04944,1870000,3000000
2020-09-16 14:26:36.733000,1.04948,1.04945,1500000,5440000
2020-09-16 14:26:36.834000,1.04947,1.04945,1000000,5250000
2020-09-16 14:26:36.992000,1.0495,1.04948,1000000,1500000
2020-09-16 14:26:37.043000,1.04953,1.04948,5700000,1690000
2020-09-16 14:26:37.144000,1.04953,1.04949,1000000,1000000
2020-09-16 14:26:37.246000,1.04953,1.0495,1500000,1120000
2020-09-16 14:26:37.702000,1.04953,1.04951,1500000,1000000
2020-09-16 14:26:37.803000,1.04956,1.04954,2250000,1250000
2020-09-16 14:26:37.904000,1.04958,1.04956,1870000,1000000
2020-09-16 14:26:38.208000,1.04958,1.04955,1500000,4500000
2020-09-16 14:26:38.360000,1.04958,1.04956,2440000,3000000
2020-09-16 14:26:38.461000,1.04958,1.04955,2440000,1000000
2020-09-16 14:26:38.733000,1.04959,1.04956,1500000,3000000
2020-09-16 14:26:38.885000,1.04959,1.04957,1000000,3750000
2020-09-16 14:26:39.087000,1.04958,1.04956,1000000,1120000
2020-09-16 14:26:39.188000,1.04959,1.04954,1000000,1500000
2020-09-16 14:26:39.290000,1.04955,1.04951,1000000,4250000
2020-09-16 14:26:39.341000,1.04954,1.04951,1000000,4500000
2020-09-16 14:26:39.442000,1.04953,1.04949,1000000,6560000
2020-09-16 14:26:39.543000,1.04954,1.04948,1000000,6690000
2020-09-16 14:26:39.644000,1.04952,1.04949,1000000,2000000
2020-09-16 14:26:40.622000,1.04952,1.04951,1000000,3000000
2020-09-16 14:26:40.723000,1.04952,1.0495,1000000,3750000
2020-09-16 14:26:41.077000,1.04952,1.04949,1000000,4120000
2020-09-16 14:26:41.178000,1.04952,1.0495,1000000,1000000
2020-09-16 14:26:41.486000,1.04952,1.04949,1000000,4870000
2020-09-16 14:26:41.943000,1.04952,1.0495,1000000,1000000
2020-09-16 14:26:42.232000,1.04952,1.04949,1000000,4870000
2020-09-16 14:26:42.428000,1.04952,1.0495,1000000,1000000
2020-09-16 14:26:43.069000,1.04953,1.0495,3750000,1500000
2020-09-16 14:26:43.176000,1.04954,1.0495,1000000,1000000
2020-09-16 14:26:43.278000,1.04954,1.04951,1250000,4870000
2020-09-16 14:26:43.744000,1.04952,1.0495,1750000,1500000
2020-09-16 14:26:43.845000,1.04953,1.04948,3000000,2250000
2020-09-16 14:26:43.947000,1.04953,1.0495,1870000,1000000
2020-09-16 14:26:45.167000,1.04953,1.04949,3190000,5250000
2020-09-16 14:26:45.453000,1.04953,1.0495,1500000,2060000
2020-09-16 14:26:45.555000,1.04955,1.0495,1690000,1000000
2020-09-16 14:26:45.656000,1.04953,1.0495,1690000,3370000
2020-09-16 14:26:46.816000,1.04953,1.04951,1000000,3000000
2020-09-16 14:26:46.967000,1.04953,1.0495,3940000,2250000
2020-09-16 14:26:51.265000,1.04951,1.04948,1000000,5140000
2020-09-16 14:26:51.725000,1.04952,1.04949,4870000,1250000
2020-09-16 14:26:51.826000,1.04953,1.04951,1000000,2250000
2020-09-16 14:26:51.928000,1.04954,1.04951,3940000,2250000
2020-09-16 14:26:52.788000,1.04953,1.04951,1000000,1000000
2020-09-16 14:26:52.889000,1.04954,1.04951,5440000,1000000
2020-09-16 14:26:53.193000,1.04954,1.0495,6190000,5440000
2020-09-16 14:26:54.134000,1.04951,1.04948,1690000,1870000
2020-09-16 14:26:56.544000,1.04951,1.04947,5440000,2440000
2020-09-16 14:26:56.696000,1.0495,1.04947,2440000,1500000
2020-09-16 14:26:56.797000,1.04949,1.04947,1000000,1000000
2020-09-16 14:26:56.899000,1.0495,1.04948,3750000,1000000
2020-09-16 14:26:57.001000,1.0495,1.04946,4690000,5440000
2020-09-16 14:27:00.098000,1.04949,1.04946,1250000,3750000
2020-09-16 14:27:00.199000,1.04948,1.04945,4760000,1000000
2020-09-16 14:27:00.300000,1.04947,1.04945,1250000,1000000
2020-09-16 14:27:01.924000,1.04947,1.04943,6560000,5810000
2020-09-16 14:27:10.296000,1.04943,1.04942,1500000,1250000
2020-09-16 14:27:10.398000,1.04944,1.04942,1250000,4500000
2020-09-16 14:27:10.500000,1.04945,1.04942,1500000,4690000
2020-09-16 14:27:11.341000,1.04943,1.0494,4690000,1120000
2020-09-16 14:27:11.442000,1.04942,1.04939,3000000,2440000
2020-09-16 14:27:11.543000,1.04943,1.04939,5810000,5440000
2020-09-16 14:27:11.646000,1.04942,1.04939,3000000,2440000
2020-09-16 14:27:12.542000,1.04941,1.04939,3000000,1000000
2020-09-16 14:27:13.557000,1.04941,1.04938,3000000,3560000
2020-09-16 14:27:14.421000,1.04942,1.04938,2810000,3560000
2020-09-16 14:27:14.586000,1.04941,1.04938,1250000,2250000
2020-09-16 14:27:16.754000,1.04938,1.04935,1500000,3970000
2020-09-16 14:27:16.856000,1.04938,1.04936,4810000,1000000
2020-09-16 14:27:16.958000,1.04939,1.04937,1250000,1000000
2020-09-16 14:27:17.060000,1.0494,1.04937,1250000,1690000
2020-09-16 14:27:18.173000,1.04938,1.04933,2060000,5070000
2020-09-16 14:27:18.275000,1.04937,1.04934,2060000,1120000
2020-09-16 14:27:18.377000,1.04936,1.04934,1120000,1000000
2020-09-16 14:27:19.954000,1.04938,1.04937,1120000,1500000
2020-09-16 14:27:20.006000,1.0494,1.04937,1500000,1690000
2020-09-16 14:27:20.108000,1.04941,1.04938,1690000,3000000
2020-09-16 14:27:20.467000,1.0494,1.04938,1000000,3750000
2020-09-16 14:27:20.569000,1.0494,1.04937,1000000,4690000
2020-09-16 14:27:20.779000,1.04942,1.04939,2370000,1690000
2020-09-16 14:27:20.881000,1.04942,1.04938,1950000,2870000
2020-09-16 14:27:20.982000,1.0494,1.04937,1310000,2250000
2020-09-16 14:27:21.083000,1.0494,1.04938,1000000,1000000
2020-09-16 14:27:21.185000,1.0494,1.04937,1000000,5060000
2020-09-16 14:27:21.286000,1.04939,1.04937,1000000,3560000
2020-09-16 14:27:21.388000,1.04938,1.04935,1500000,1000000
2020-09-16 14:27:22.175000,1.04937,1.04934,1500000,3750000
2020-09-16 14:27:22.276000,1.04937,1.04933,4500000,6940000
2020-09-16 14:27:22.579000,1.04936,1.04933,3000000,2620000
2020-09-16 14:27:22.681000,1.04933,1.0493,1690000,5720000
2020-09-16 14:27:22.732000,1.04932,1.04929,3750000,1690000
2020-09-16 14:27:22.833000,1.04933,1.04929,1000000,3940000
2020-09-16 14:27:23.411000,1.04933,1.0493,1000000,5440000
2020-09-16 14:27:23.613000,1.04934,1.0493,1000000,3000000
2020-09-16 14:27:23.715000,1.04935,1.04931,6250000,4500000
2020-09-16 14:27:23.816000,1.04935,1.04932,5870000,1000000
2020-09-16 14:27:23.918000,1.04936,1.04933,1690000,3000000
2020-09-16 14:27:24.019000,1.04936,1.04932,4690000,2810000
2020-09-16 14:27:24.376000,1.04936,1.04933,1690000,3000000
2020-09-16 14:27:24.628000,1.04936,1.04932,4690000,5060000
2020-09-16 14:27:24.730000,1.04936,1.04933,1690000,3000000
2020-09-16 14:27:25.516000,1.04936,1.04931,3000000,2810000
2020-09-16 14:27:25.618000,1.04936,1.04932,2440000,6560000
2020-09-16 14:27:26.107000,1.04936,1.04933,2890000,3000000
2020-09-16 14:27:32.914000,1.04937,1.04934,6260000,1000000
2020-09-16 14:27:33.637000,1.04936,1.04934,3000000,1000000
2020-09-16 14:27:33.839000,1.04936,1.04933,4500000,2060000
2020-09-16 14:27:34.230000,1.04935,1.04932,1950000,4810000
2020-09-16 14:27:34.281000,1.04933,1.0493,2140000,4620000
2020-09-16 14:27:34.921000,1.04935,1.04932,6560000,1000000
2020-09-16 14:27:36.193000,1.04935,1.04931,4500000,7310000
2020-09-16 14:27:36.294000,1.04935,1.04932,1500000,3000000
2020-09-16 14:27:36.699000,1.04935,1.04933,1000000,3000000
2020-09-16 14:27:36.951000,1.04935,1.04932,1000000,6190000
2020-09-16 14:27:37.053000,1.04935,1.04933,1000000,3000000
2020-09-16 14:27:37.852000,1.04935,1.04932,1000000,7310000
2020-09-16 14:27:39.154000,1.04935,1.04933,1000000,1000000
2020-09-16 14:27:39.535000,1.04935,1.04932,1000000,8060000
2020-09-16 14:27:41.100000,1.04936,1.04933,1500000,1000000
2020-09-16 14:27:45.204000,1.04936,1.04934,1000000,6000000
2020-09-16 14:27:45.406000,1.04936,1.04933,4500000,1120000
2020-09-16 14:27:46.370000,1.04936,1.04932,1500000,7310000
2020-09-16 14:27:46.785000,1.04936,1.04933,1950000,3000000
2020-09-16 14:27:46.936000,1.04936,1.04932,4950000,6560000
2020-09-16 14:27:47.312000,1.04936,1.04933,1950000,1250000
2020-09-16 14:27:49.696000,1.04936,1.04934,1000000,3000000
2020-09-16 14:27:50.199000,1.04937,1.04933,1000000,4810000
2020-09-16 14:27:50.251000,1.04939,1.04937,2000000,3750000
2020-09-16 14:27:50.302000,1.04941,1.04938,2510000,5060000
2020-09-16 14:27:50.354000,1.04941,1.0494,1120000,1000000
2020-09-16 14:27:50.455000,1.04942,1.0494,4950000,1000000
2020-09-16 14:27:50.557000,1.04942,1.04941,1500000,1000000
2020-09-16 14:27:50.760000,1.04944,1.04942,1120000,1250000
2020-09-16 14:27:50.862000,1.04945,1.04943,4500000,1250000
2020-09-16 14:27:51.268000,1.04947,1.04944,1500000,2440000
2020-09-16 14:27:51.369000,1.04947,1.04945,4500000,1250000
2020-09-16 14:27:53.130000,1.04947,1.04944,4500000,1690000
2020-09-16 14:27:53.527000,1.04944,1.04942,1000000,3750000
2020-09-16 14:27:53.628000,1.04946,1.04942,2510000,6190000
2020-09-16 14:27:53.780000,1.04946,1.04943,2510000,3000000
2020-09-16 14:27:57.061000,1.04947,1.04943,6260000,4690000
2020-09-16 14:27:57.112000,1.04947,1.04941,6470000,6000000
2020-09-16 14:27:57.632000,1.04947,1.04943,5890000,6940000
2020-09-16 14:27:57.734000,1.04949,1.04946,6070000,1000000
2020-09-16 14:27:57.836000,1.04949,1.04947,1000000,1250000
2020-09-16 14:27:57.937000,1.0495,1.04947,5140000,1250000
2020-09-16 14:27:58.039000,1.0495,1.04946,5140000,1000000
2020-09-16 14:27:58.595000,1.04948,1.04947,3750000,1000000
2020-09-16 14:27:58.697000,1.0495,1.04947,1250000,1250000
2020-09-16 14:27:58.848000,1.0495,1.04948,3000000,1000000
2020-09-16 14:27:58.950000,1.04952,1.04949,1000000,1000000
2020-09-16 14:28:00.334000,1.04951,1.04949,1250000,3370000
2020-09-16 14:28:00.384000,1.04949,1.04948,1690000,1000000
2020-09-16 14:28:00.435000,1.04948,1.04947,1500000,2250000
2020-09-16 14:28:01.610000,1.04948,1.04945,1200000,1000000
2020-09-16 14:28:01.661000,1.04948,1.04947,1000000,1000000
2020-09-16 14:28:01.864000,1.0495,1.04948,2960000,1000000
2020-09-16 14:28:02.168000,1.0495,1.04947,1100000,6000000
2020-09-16 14:28:02.269000,1.0495,1.04948,1000000,3000000
2020-09-16 14:28:02.895000,1.04951,1.04948,1000000,3750000
2020-09-16 14:28:03.904000,1.04952,1.04948,6260000,4120000
2020-09-16 14:28:05.057000,1.04954,1.04949,5510000,1000000
2020-09-16 14:28:05.210000,1.04954,1.04951,4120000,2440000
2020-09-16 14:28:06.126000,1.04954,1.04951,4970000,1000000
2020-09-16 14:28:06.341000,1.04956,1.04953,3870000,1000000
2020-09-16 14:28:06.393000,1.04957,1.04954,1270000,4690000
2020-09-16 14:28:06.547000,1.04954,1.04952,1690000,1000000
2020-09-16 14:28:06.649000,1.04952,1.04949,1000000,4690000
2020-09-16 14:28:06.803000,1.04953,1.0495,1690000,1120000
2020-09-16 14:28:06.955000,1.04953,1.04949,6470000,3250000
2020-09-16 14:28:07.057000,1.04953,1.04949,7600000,5250000
2020-09-16 14:28:07.259000,1.04952,1.04948,2140000,5060000
2020-09-16 14:28:07.310000,1.0495,1.04947,1000000,1250000
2020-09-16 14:28:07.412000,1.0495,1.04946,6560000,5440000
2020-09-16 14:28:07.514000,1.04949,1.04946,3190000,2250000
2020-09-16 14:28:08.503000,1.04949,1.04945,3000000,1250000
2020-09-16 14:28:08.958000,1.04948,1.04945,4570000,1250000
2020-09-16 14:28:09.059000,1.04948,1.04945,7410000,1000000
2020-09-16 14:28:09.261000,1.04949,1.04944,7390000,1000000
2020-09-16 14:28:09.562000,1.04947,1.04945,3000000,1000000
2020-09-16 14:28:09.815000,1.04946,1.04944,1000000,1000000
2020-09-16 14:28:09.917000,1.04945,1.04944,1500000,1000000
2020-09-16 14:28:10.120000,1.04945,1.04943,3250000,4120000
2020-09-16 14:28:10.171000,1.04944,1.04941,3750000,2500000
2020-09-16 14:28:10.272000,1.04945,1.04942,1690000,3750000
2020-09-16 14:28:10.475000,1.04945,1.04942,1000000,4750000
2020-09-16 14:28:10.576000,1.04946,1.04942,1870000,6620000
2020-09-16 14:28:11.017000,1.04946,1.04943,4870000,1250000
2020-09-16 14:28:11.119000,1.04947,1.04943,3070000,2500000
2020-09-16 14:28:14.383000,1.04947,1.04944,4500000,1250000
2020-09-16 14:28:14.484000,1.04947,1.04945,1000000,1250000
2020-09-16 14:28:14.586000,1.04948,1.04945,4500000,1250000
2020-09-16 14:28:15.544000,1.04948,1.04945,1000000,1250000
2020-09-16 14:28:15.798000,1.04947,1.04945,1000000,1690000
2020-09-16 14:28:15.900000,1.04948,1.04945,1950000,1690000
2020-09-16 14:28:17.180000,1.04947,1.04945,1000000,1250000
2020-09-16 14:28:18.381000,1.04946,1.04945,1000000,1250000
2020-09-16 14:28:18.483000,1.04945,1.04943,1000000,1750000
2020-09-16 14:28:18.584000,1.04945,1.04943,1000000,3940000
2020-09-16 14:28:19.861000,1.04943,1.04942,1000000,1000000
2020-09-16 14:28:19.912000,1.04942,1.0494,1000000,3940000
2020-09-16 14:28:19.963000,1.04944,1.04943,3750000,1000000
2020-09-16 14:28:20.014000,1.04945,1.04944,1000000,1690000
2020-09-16 14:28:20.251000,1.04946,1.04945,1000000,1250000
2020-09-16 14:28:23.687000,1.04946,1.04944,1000000,1690000
2020-09-16 14:28:24.163000,1.04946,1.04943,1000000,5060000
2020-09-16 14:28:24.822000,1.04945,1.04943,1000000,5060000
2020-09-16 14:28:24.974000,1.04945,1.04943,1000000,1000000
2020-09-16 14:28:28.268000,1.04944,1.04943,1000000,1690000
2020-09-16 14:28:29.378000,1.04945,1.04944,1000000,1250000
2020-09-16 14:28:30.065000,1.04945,1.04944,1000000,1690000
2020-09-16 14:28:30.217000,1.04947,1.04946,1000000,1250000
2020-09-16 14:28:30.267000,1.0495,1.04948,1000000,1000000
2020-09-16 14:28:30.369000,1.04949,1.04947,1000000,1250000
2020-09-16 14:28:30.470000,1.0495,1.04949,1000000,1250000
2020-09-16 14:28:30.925000,1.04951,1.0495,1000000,1250000
2020-09-16 14:28:31.846000,1.04951,1.04949,1000000,4690000
2020-09-16 14:28:31.949000,1.04948,1.04946,1000000,2510000
2020-09-16 14:28:32.307000,1.04947,1.04945,1000000,1250000
2020-09-16 14:28:32.409000,1.04945,1.04943,1000000,5500000
2020-09-16 14:28:32.511000,1.04945,1.04943,3750000,1310000
2020-09-16 14:28:33.437000,1.04946,1.04944,1000000,6250000
2020-09-16 14:28:33.539000,1.04947,1.04945,1000000,1250000
2020-09-16 14:28:34.421000,1.04946,1.04944,1000000,2500000
2020-09-16 14:28:34.522000,1.04945,1.04944,1000000,1000000
2020-09-16 14:28:34.624000,1.04944,1.04943,1000000,1000000
2020-09-16 14:28:36.585000,1.04946,1.04943,1500000,4690000
2020-09-16 14:28:36.636000,1.04945,1.04943,1000000,4690000
2020-09-16 14:28:36.838000,1.04943,1.04941,1500000,2750000
2020-09-16 14:28:36.889000,1.0494,1.04939,1000000,1250000
2020-09-16 14:28:36.990000,1.0494,1.04938,1000000,1000000
2020-09-16 14:28:37.344000,1.04941,1.04936,1000000,1250000
2020-09-16 14:28:37.446000,1.0494,1.04938,1000000,2500000
2020-09-16 14:28:37.547000,1.04941,1.0494,1000000,1000000
2020-09-16 14:28:38.747000,1.04941,1.04939,1000000,3370000
2020-09-16 14:28:38.950000,1.04941,1.04938,1000000,5190000
2020-09-16 14:28:39.411000,1.0494,1.04938,1000000,5440000
2020-09-16 14:28:40.863000,1.04943,1.04942,1500000,1250000
2020-09-16 14:28:40.965000,1.04944,1.04943,1000000,1310000
2020-09-16 14:28:41.169000,1.04943,1.04941,3750000,1250000
2020-09-16 14:28:41.373000,1.04944,1.04942,3750000,1690000
2020-09-16 14:28:41.626000,1.04943,1.04942,1000000,1690000
2020-09-16 14:28:41.980000,1.04944,1.04942,3750000,2440000
2020-09-16 14:28:42.334000,1.04944,1.04943,1000000,1250000
2020-09-16 14:28:43.443000,1.04945,1.04943,1000000,4690000
2020-09-16 14:28:43.544000,1.04947,1.04946,1000000,1250000
2020-09-16 14:28:45.766000,1.04946,1.04944,1000000,1310000
2020-09-16 14:28:46.984000,1.04944,1.04942,1000000,5440000
2020-09-16 14:28:47.085000,1.04942,1.04941,1000000,1250000
2020-09-16 14:28:48.866000,1.04941,1.0494,1000000,1690000
2020-09-16 14:28:49.239000,1.04942,1.04938,1000000,1120000
2020-09-16 14:28:49.340000,1.0494,1.04938,1000000,5060000
2020-09-16 14:28:49.694000,1.04941,1.04938,1000000,4120000
2020-09-16 14:28:50.768000,1.0494,1.04937,1500000,4810000
2020-09-16 14:28:50.818000,1.04938,1.04937,1000000,3000000
2020-09-16 14:28:50.920000,1.04939,1.04935,1000000,5440000
2020-09-16 14:28:51.021000,1.04939,1.04937,1000000,3750000
2020-09-16 14:28:51.223000,1.04939,1.04938,1000000,1000000
2020-09-16 14:28:51.325000,1.0494,1.04938,1000000,1500000
2020-09-16 14:28:51.426000,1.04941,1.04938,4120000,1690000
2020-09-16 14:28:51.527000,1.04942,1.04941,1500000,1000000
2020-09-16 14:28:51.629000,1.04943,1.04941,1000000,1500000
2020-09-16 14:28:51.680000,1.04945,1.04943,2060000,1000000
2020-09-16 14:28:51.781000,1.04946,1.04943,1690000,2250000
2020-09-16 14:28:52.186000,1.04944,1.04942,1000000,4870000
2020-09-16 14:28:52.338000,1.04944,1.04941,1000000,2060000
2020-09-16 14:28:52.653000,1.04943,1.04941,1000000,1310000
2020-09-16 14:28:52.819000,1.04942,1.04939,3750000,1810000
2020-09-16 14:28:52.921000,1.0494,1.04938,1000000,4310000
2020-09-16 14:28:54.051000,1.04941,1.04936,1250000,3750000
2020-09-16 14:28:54.253000,1.0494,1.04936,3940000,5810000
2020-09-16 14:28:54.405000,1.0494,1.04937,3940000,1000000
2020-09-16 14:28:54.797000,1.04941,1.04939,1000000,1750000
2020-09-16 14:28:54.899000,1.0494,1.04938,1000000,4690000
2020-09-16 14:28:55.308000,1.04939,1.04937,1250000,1120000
2020-09-16 14:28:55.598000,1.04938,1.04937,1000000,1000000
2020-09-16 14:28:55.956000,1.0494,1.04936,1000000,1000000
2020-09-16 14:28:56.939000,1.04939,1.04936,1250000,5060000
2020-09-16 14:28:57.221000,1.04939,1.04937,1000000,1310000
2020-09-16 14:28:58.602000,1.04939,1.04936,1250000,5060000
2020-09-16 14:28:58.653000,1.04936,1.04934,1000000,5500000
2020-09-16 14:28:58.755000,1.04936,1.04934,1000000,4310000
2020-09-16 14:29:00.068000,1.04935,1.04933,1000000,4310000
2020-09-16 14:29:01.021000,1.04935,1.04931,4690000,5060000
2020-09-16 14:29:01.073000,1.04933,1.04931,1000000,3560000
2020-09-16 14:29:01.175000,1.04931,1.04928,1690000,6120000
2020-09-16 14:29:01.277000,1.0493,1.04928,3750000,4500000
2020-09-16 14:29:02.666000,1.04928,1.04926,1000000,1000000
2020-09-16 14:29:04.541000,1.04927,1.04925,1000000,1250000
2020-09-16 14:29:06.014000,1.04925,1.04923,1000000,5000000
2020-09-16 14:29:06.065000,1.04925,1.04922,4500000,1010000
2020-09-16 14:29:07.162000,1.04924,1.04921,3000000,4120000
2020-09-16 14:29:07.264000,1.04924,1.04921,1000000,1250000
2020-09-16 14:29:09.159000,1.04923,1.0492,1000000,2620000
2020-09-16 14:29:09.261000,1.04921,1.04919,2250000,1250000
2020-09-16 14:29:09.312000,1.04918,1.04917,1000000,1250000
2020-09-16 14:29:09.362000,1.04918,1.04916,1000000,1250000
2020-09-16 14:29:09.463000,1.04918,1.04915,1000000,1690000
2020-09-16 14:29:09.918000,1.04918,1.04914,3750000,5810000
2020-09-16 14:29:11.105000,1.04917,1.04914,2250000,3940000
2020-09-16 14:29:11.206000,1.04917,1.04913,2320000,5810000
2020-09-16 14:29:11.428000,1.04917,1.04914,2320000,1250000
2020-09-16 14:29:14.575000,1.04918,1.04913,1000000,10120000
2020-09-16 14:29:14.828000,1.04917,1.04915,1500000,1310000
2020-09-16 14:29:16.585000,1.04917,1.04914,1000000,4690000
2020-09-16 14:29:16.687000,1.04914,1.04911,2440000,2470000
2020-09-16 14:29:16.738000,1.04912,1.04909,1000000,5140000
2020-09-16 14:29:16.839000,1.04912,1.0491,1120000,1250000
2020-09-16 14:29:16.890000,1.04913,1.04912,3750000,1250000
2020-09-16 14:29:17.042000,1.04914,1.04913,3000000,1250000
2020-09-16 14:29:17.093000,1.04916,1.04913,3750000,1250000
2020-09-16 14:29:17.194000,1.04917,1.04913,2250000,6620000
2020-09-16 14:29:18.112000,1.04915,1.04913,1000000,4870000
2020-09-16 14:29:18.213000,1.04914,1.04913,3000000,1000000
2020-09-16 14:29:18.264000,1.04916,1.04913,3370000,1690000
2020-09-16 14:29:18.366000,1.04917,1.04914,3370000,1250000
2020-09-16 14:29:19.448000,1.04918,1.04914,6940000,3940000
2020-09-16 14:29:19.564000,1.04917,1.04914,1000000,3940000
2020-09-16 14:29:19.733000,1.04915,1.04911,4750000,1000000
2020-09-16 14:29:19.834000,1.04914,1.0491,3940000,1000000
2020-09-16 14:29:20.650000,1.04913,1.0491,5060000,1000000
2020-09-16 14:29:21.100000,1.04913,1.04909,4310000,6560000
2020-09-16 14:29:21.455000,1.04913,1.0491,2060000,1000000
2020-09-16 14:29:22.823000,1.04915,1.04912,5750000,3190000
2020-09-16 14:29:22.924000,1.04917,1.04914,6250000,1500000
2020-09-16 14:29:23.026000,1.04917,1.04914,3940000,1500000
2020-09-16 14:29:23.282000,1.04917,1.04915,3750000,1250000
2020-09-16 14:29:24.604000,1.04917,1.04916,1000000,1250000
2020-09-16 14:29:24.806000,1.04918,1.04916,4870000,1250000
2020-09-16 14:29:25.031000,1.04917,1.04916,1000000,1250000
2020-09-16 14:29:25.168000,1.04918,1.04916,4500000,1250000
2020-09-16 14:29:25.518000,1.04917,1.04916,1000000,1250000
2020-09-16 14:29:25.669000,1.04918,1.04916,4500000,1250000
2020-09-16 14:29:26.033000,1.04917,1.04916,1000000,1250000
2020-09-16 14:29:26.168000,1.04918,1.04916,5250000,1250000
2020-09-16 14:29:26.382000,1.04917,1.04916,1000000,1250000
2020-09-16 14:29:26.536000,1.04918,1.04916,6370000,1250000
2020-09-16 14:29:26.638000,1.04913,1.04912,1500000,1250000
2020-09-16 14:29:26.689000,1.04913,1.0491,1500000,2440000
2020-09-16 14:29:26.790000,1.04913,1.04911,2250000,1250000
2020-09-16 14:29:27.832000,1.04914,1.04909,2060000,2440000
2020-09-16 14:29:29.123000,1.04913,1.0491,2940000,2440000
2020-09-16 14:29:31.175000,1.04911,1.04909,1000000,2440000
2020-09-16 14:29:31.226000,1.04908,1.04906,4500000,2640000
2020-09-16 14:29:31.328000,1.04908,1.04906,3120000,1250000
2020-09-16 14:29:31.581000,1.04907,1.04905,2620000,1250000
2020-09-16 14:29:32.528000,1.04908,1.04904,2370000,1250000
2020-09-16 14:29:32.629000,1.04907,1.04903,1310000,1000000
2020-09-16 14:29:32.831000,1.04906,1.04903,2060000,2440000
2020-09-16 14:29:32.938000,1.04907,1.04903,1500000,1250000
2020-09-16 14:29:33.192000,1.04905,1.04903,3750000,1310000
2020-09-16 14:29:35.318000,1.04906,1.04903,4310000,1250000
2020-09-16 14:29:35.419000,1.04905,1.04903,3000000,1250000
2020-09-16 14:29:35.520000,1.04906,1.04903,3940000,1250000
2020-09-16 14:29:35.622000,1.04904,1.04902,1000000,1690000
2020-09-16 14:29:37.564000,1.04905,1.04904,3370000,1250000
2020-09-16 14:29:37.665000,1.04906,1.04904,3750000,1250000
2020-09-16 14:29:37.972000,1.04907,1.04904,4690000,1690000
2020-09-16 14:29:38.073000,1.04907,1.04905,4500000,1250000
2020-09-16 14:29:38.175000,1.04907,1.04906,3000000,1690000
2020-09-16 14:29:38.276000,1.04908,1.04906,3750000,1690000
2020-09-16 14:29:38.682000,1.0491,1.04909,3000000,1000000
2020-09-16 14:29:38.733000,1.04912,1.0491,1000000,1690000
2020-09-16 14:29:38.884000,1.04914,1.04909,3750000,1690000
2020-09-16 14:29:38.986000,1.04913,1.04911,3750000,1000000
2020-09-16 14:29:39.292000,1.04914,1.04911,4500000,1690000
2020-09-16 14:29:39.596000,1.04913,1.0491,6000000,1250000
2020-09-16 14:29:39.647000,1.04912,1.04908,4120000,1690000
2020-09-16 14:29:39.749000,1.04911,1.04908,4870000,1690000
2020-09-16 14:29:39.850000,1.0491,1.04908,1000000,1690000
2020-09-16 14:29:41.194000,1.04911,1.0491,3000000,1250000
2020-09-16 14:29:41.296000,1.04912,1.0491,1000000,1250000
2020-09-16 14:29:42.744000,1.04913,1.0491,3370000,1250000
2020-09-16 14:29:42.846000,1.04911,1.04909,3750000,1690000
2020-09-16 14:29:42.998000,1.04913,1.0491,3870000,1250000
2020-09-16 14:29:43.099000,1.04913,1.0491,6000000,1250000
2020-09-16 14:29:43.586000,1.04912,1.04908,3750000,1000000
2020-09-16 14:29:43.687000,1.0491,1.04908,1000000,1690000
2020-09-16 14:29:43.793000,1.04909,1.04908,1000000,1690000
2020-09-16 14:29:44.930000,1.04912,1.0491,4500000,1250000
2020-09-16 14:29:45.032000,1.04913,1.0491,6000000,1250000
2020-09-16 14:29:45.335000,1.04912,1.0491,3000000,1250000
2020-09-16 14:29:45.739000,1.04913,1.0491,5250000,1250000
2020-09-16 14:29:45.840000,1.04913,1.04912,4500000,1250000
2020-09-16 14:29:46.568000,1.04914,1.04912,4870000,1250000
2020-09-16 14:29:47.140000,1.04914,1.04912,4500000,1250000
2020-09-16 14:29:47.293000,1.04915,1.04913,1500000,1250000
2020-09-16 14:29:49.608000,1.04916,1.0491,4500000,4820000
2020-09-16 14:29:49.710000,1.04916,1.04911,1500000,1250000
2020-09-16 14:29:50.940000,1.04917,1.04915,1120000,7070000
2020-09-16 14:29:50.991000,1.0492,1.04917,2250000,1690000
2020-09-16 14:29:51.142000,1.0492,1.04918,1500000,1250000
2020-09-16 14:29:51.652000,1.04919,1.04918,1500000,1250000
2020-09-16 14:29:51.753000,1.0492,1.04916,1500000,1250000
2020-09-16 14:29:52.466000,1.04919,1.04918,1000000,3000000
2020-09-16 14:29:52.582000,1.04919,1.04917,1000000,1250000
2020-09-16 14:29:53.458000,1.04919,1.04918,1000000,3000000
2020-09-16 14:29:53.560000,1.04919,1.04917,1000000,1250000
2020-09-16 14:29:55.601000,1.04917,1.04916,1000000,1250000
2020-09-16 14:29:56.796000,1.04918,1.04916,1000000,1250000
2020-09-16 14:29:57.202000,1.04917,1.04916,1000000,1250000
2020-09-16 14:29:57.304000,1.04918,1.04916,1000000,1250000
2020-09-16 14:29:57.556000,1.04917,1.04916,1500000,1250000
2020-09-16 14:29:57.658000,1.04918,1.04916,1500000,1250000
2020-09-16 14:29:58.181000,1.04916,1.04914,1000000,1120000
2020-09-16 14:29:58.858000,1.04915,1.04914,1000000,1000000
2020-09-16 14:29:59.010000,1.04915,1.04913,1000000,4690000
2020-09-16 14:29:59.112000,1.04916,1.04913,1870000,2810000
2020-09-16 14:29:59.213000,1.04919,1.04916,3940000,1000000
2020-09-16 14:29:59.314000,1.04919,1.04917,3750000,1000000
2020-09-16 14:29:59.718000,1.0492,1.04918,1000000,3940000
2020-09-16 14:29:59.820000,1.04919,1.04917,1000000,1250000
2020-09-16 14:29:59.921000,1.0492,1.04917,3750000,1250000
2020-09-16 14:30:00.073000,1.04919,1.04917,3000000,1250000
2020-09-16 14:30:00.479000,1.0492,1.04917,3750000,1690000
2020-09-16 14:30:00.580000,1.04919,1.04917,1000000,1690000
2020-09-16 14:30:00.690000,1.0492,1.04918,1000000,1250000
2020-09-16 14:30:01.145000,1.0492,1.04919,1000000,3000000
2020-09-16 14:30:01.247000,1.04924,1.0492,1500000,1000000
2020-09-16 14:30:01.449000,1.04923,1.0492,5250000,1250000
2020-09-16 14:30:01.500000,1.04921,1.04919,1000000,3750000
2020-09-16 14:30:02.207000,1.04923,1.0492,1870000,2440000
2020-09-16 14:30:03.303000,1.04924,1.0492,6940000,6190000
2020-09-16 14:30:03.422000,1.04921,1.04919,1000000,1000000
2020-09-16 14:30:03.804000,1.04921,1.04918,1000000,4690000
2020-09-16 14:30:04.463000,1.04922,1.04919,6190000,1000000
2020-09-16 14:30:04.564000,1.04922,1.04918,1000000,1000000
2020-09-16 14:30:04.716000,1.04922,1.0492,1120000,2440000
2020-09-16 14:30:04.767000,1.04926,1.04923,6750000,1000000
2020-09-16 14:30:04.818000,1.04926,1.04924,1870000,1000000
2020-09-16 14:30:05.556000,1.04926,1.04923,2440000,1000000
2020-09-16 14:30:05.708000,1.04926,1.04922,3000000,1000000
2020-09-16 14:30:07.901000,1.04925,1.04922,1690000,1000000
2020-09-16 14:30:08.006000,1.04922,1.04919,1310000,4620000
2020-09-16 14:30:08.107000,1.04922,1.04919,5060000,1000000
2020-09-16 14:30:08.259000,1.04923,1.0492,3190000,1000000
2020-09-16 14:30:08.411000,1.04924,1.0492,4690000,1690000
2020-09-16 14:30:09.600000,1.04925,1.0492,1250000,3000000
2020-09-16 14:30:10.063000,1.04924,1.0492,4390000,2810000
2020-09-16 14:30:10.165000,1.04921,1.0492,1000000,1000000
2020-09-16 14:30:10.216000,1.04921,1.04918,1000000,2060000
2020-09-16 14:30:10.569000,1.04921,1.0492,1000000,3940000
2020-09-16 14:30:10.772000,1.04925,1.04919,5440000,5810000
2020-09-16 14:30:10.873000,1.04924,1.04921,1690000,3000000
2020-09-16 14:30:10.974000,1.04924,1.0492,4690000,5810000
2020-09-16 14:30:11.085000,1.04921,1.04919,1000000,2060000
2020-09-16 14:30:11.338000,1.0492,1.04919,3000000,1000000
2020-09-16 14:30:13.143000,1.04922,1.04918,4950000,1000000
2020-09-16 14:30:13.295000,1.0492,1.04919,3000000,1000000
2020-09-16 14:30:14.412000,1.04921,1.04919,1000000,3750000
2020-09-16 14:30:14.782000,1.0492,1.04919,3000000,1000000
2020-09-16 14:30:14.934000,1.04921,1.04919,1000000,1000000
2020-09-16 14:30:15.086000,1.04921,1.04918,2700000,5060000
2020-09-16 14:30:16.884000,1.0492,1.04918,3000000,1690000
2020-09-16 14:30:19.170000,1.04918,1.04916,1000000,1250000
2020-09-16 14:30:19.271000,1.04917,1.04915,1000000,1250000
2020-09-16 14:30:19.373000,1.04915,1.04913,1500000,1250000
2020-09-16 14:30:19.474000,1.04914,1.04912,5250000,1250000
2020-09-16 14:30:19.575000,1.04914,1.04911,2250000,1690000
2020-09-16 14:30:19.731000,1.04913,1.04911,3000000,1690000
2020-09-16 14:30:19.983000,1.04915,1.0491,5250000,1250000
2020-09-16 14:30:20.085000,1.04913,1.04911,3000000,1250000
2020-09-16 14:30:20.293000,1.04914,1.04911,6000000,1250000
2020-09-16 14:30:20.394000,1.04913,1.04911,3000000,1250000
2020-09-16 14:30:20.916000,1.04911,1.04908,7690000,1310000
2020-09-16 14:30:21.017000,1.0491,1.04907,1690000,4690000
2020-09-16 14:30:21.504000,1.04908,1.04906,1000000,5120000
2020-09-16 14:30:22.859000,1.04908,1.04905,1500000,2440000
2020-09-16 14:30:24.837000,1.04908,1.04904,6190000,5440000
2020-09-16 14:30:26.171000,1.04907,1.04904,3000000,3190000
2020-09-16 14:30:26.401000,1.04905,1.04903,1000000,3000000
2020-09-16 14:30:26.503000,1.04905,1.04902,1870000,4690000
2020-09-16 14:30:27.418000,1.04905,1.04903,1120000,1000000
2020-09-16 14:30:27.468000,1.04908,1.04905,4500000,1250000
2020-09-16 14:30:27.570000,1.04909,1.04906,6370000,1250000
2020-09-16 14:30:28.178000,1.04906,1.04902,1250000,1570000
2020-09-16 14:30:29.970000,1.04906,1.04904,3690000,1500000
2020-09-16 14:30:30.021000,1.04908,1.04907,1000000,1250000
2020-09-16 14:30:30.072000,1.0491,1.04907,7690000,1250000
2020-09-16 14:30:30.274000,1.04909,1.04906,1250000,4690000
2020-09-16 14:30:30.881000,1.04908,1.04906,1000000,4690000
2020-09-16 14:30:32.432000,1.04908,1.04907,1000000,1250000
2020-09-16 14:30:33.221000,1.04909,1.04907,1500000,1250000
2020-09-16 14:30:33.272000,1.04911,1.04908,2060000,1000000
2020-09-16 14:30:33.374000,1.04912,1.04909,3750000,3190000
2020-09-16 14:30:33.475000,1.04912,1.0491,3000000,1250000
2020-09-16 14:30:33.963000,1.04911,1.0491,1500000,1250000
2020-09-16 14:30:34.064000,1.0491,1.04908,1000000,1000000
2020-09-16 14:30:34.561000,1.04911,1.04908,4760000,1000000
2020-09-16 14:30:34.763000,1.0491,1.04908,1000000,1500000
2020-09-16 14:30:39.404000,1.0491,1.04907,1000000,2440000
2020-09-16 14:30:39.708000,1.0491,1.04908,2440000,3000000
2020-09-16 14:30:39.809000,1.0491,1.04907,1250000,2060000
2020-09-16 14:30:42.285000,1.0491,1.04908,1000000,3000000
2020-09-16 14:30:42.944000,1.0491,1.04907,1000000,4690000
2020-09-16 14:30:45.227000,1.04909,1.04907,4820000,3000000
2020-09-16 14:30:45.329000,1.04909,1.04907,1000000,3000000
2020-09-16 14:30:46.127000,1.0491,1.04907,1000000,1000000
2020-09-16 14:30:46.380000,1.0491,1.04908,1000000,1000000
2020-09-16 14:30:47.882000,1.04911,1.04908,5320000,1000000
2020-09-16 14:30:49.223000,1.04911,1.04908,7040000,1000000
2020-09-16 14:30:50.301000,1.0491,1.04907,1500000,4690000
2020-09-16 14:30:51.840000,1.0491,1.04909,1500000,1000000
2020-09-16 14:30:52.180000,1.04911,1.0491,1500000,1690000
2020-09-16 14:30:52.231000,1.04914,1.04912,1200000,1000000
2020-09-16 14:30:52.333000,1.04914,1.04912,4870000,1000000
2020-09-16 14:30:53.102000,1.04913,1.04912,1000000,1000000
2020-09-16 14:30:53.153000,1.04911,1.0491,1000000,3750000
2020-09-16 14:30:53.254000,1.0491,1.04908,2250000,1000000
2020-09-16 14:30:53.561000,1.04909,1.04908,1000000,1000000
2020-09-16 14:30:53.663000,1.0491,1.04908,2510000,1000000
2020-09-16 14:30:54.167000,1.0491,1.04907,1500000,1690000
2020-09-16 14:30:56.014000,1.0491,1.04906,1000000,1000000
2020-09-16 14:30:56.116000,1.0491,1.04907,5250000,1690000
2020-09-16 14:30:57.188000,1.04909,1.04906,1690000,3750000
2020-09-16 14:30:57.289000,1.0491,1.04907,2060000,1000000
2020-09-16 14:30:58.363000,1.0491,1.04906,1250000,1000000
2020-09-16 14:30:58.567000,1.0491,1.04907,1690000,1000000
2020-09-16 14:30:58.722000,1.0491,1.04906,1250000,1000000
2020-09-16 14:30:58.874000,1.0491,1.04907,1690000,1000000
2020-09-16 14:30:58.992000,1.04909,1.04907,1250000,1000000
2020-09-16 14:30:59.118000,1.0491,1.04907,1690000,1000000
2020-09-16 14:30:59.232000,1.04909,1.04907,1250000,1000000
2020-09-16 14:30:59.384000,1.0491,1.04907,1690000,1000000
2020-09-16 14:31:00.273000,1.04911,1.04907,6640000,3190000
2020-09-16 14:31:00.476000,1.04911,1.04907,7140000,6190000
2020-09-16 14:31:01.597000,1.04911,1.04907,6640000,6190000
2020-09-16 14:31:01.799000,1.04911,1.04907,7450000,5250000
2020-09-16 14:31:06.225000,1.04908,1.04906,3940000,1000000
2020-09-16 14:31:06.326000,1.04909,1.04906,2810000,1000000
2020-09-16 14:31:06.428000,1.04909,1.04907,1250000,1000000
2020-09-16 14:31:06.529000,1.0491,1.04908,1870000,1000000
2020-09-16 14:31:07.040000,1.04911,1.04906,1870000,4690000
2020-09-16 14:31:07.671000,1.04909,1.04906,1000000,1250000
2020-09-16 14:31:11.120000,1.04908,1.04906,1000000,5440000
2020-09-16 14:31:11.222000,1.04906,1.04905,1000000,1690000
2020-09-16 14:31:11.943000,1.04909,1.04906,2250000,4820000
2020-09-16 14:31:12.789000,1.0491,1.04905,1000000,5440000
2020-09-16 14:31:12.839000,1.04905,1.04904,1000000,1500000
2020-09-16 14:31:13.295000,1.04904,1.04902,1000000,1000000
2020-09-16 14:31:14.606000,1.04904,1.04901,1000000,5440000
2020-09-16 14:31:16.791000,1.049,1.04897,4750000,5470000
2020-09-16 14:31:16.842000,1.04898,1.04896,1250000,4500000
2020-09-16 14:31:19.913000,1.04898,1.04895,1250000,1000000
2020-09-16 14:31:20.811000,1.04897,1.04895,1250000,3000000
2020-09-16 14:31:20.913000,1.04898,1.04894,6560000,5440000
2020-09-16 14:31:21.022000,1.04898,1.04895,2810000,3000000
2020-09-16 14:31:22.335000,1.04897,1.04894,5620000,1250000
2020-09-16 14:31:22.437000,1.04899,1.04898,1000000,1250000
2020-09-16 14:31:22.538000,1.04899,1.04897,1000000,1000000
2020-09-16 14:31:22.690000,1.04899,1.04896,1000000,5810000
2020-09-16 14:31:23.156000,1.04901,1.04898,1000000,3190000
2020-09-16 14:31:23.258000,1.04901,1.049,1000000,1250000
2020-09-16 14:31:23.359000,1.04902,1.049,1500000,1250000
2020-09-16 14:31:24.102000,1.04902,1.04899,5250000,2440000
2020-09-16 14:31:26.690000,1.04902,1.049,3000000,1000000
2020-09-16 14:31:26.791000,1.04903,1.04901,1500000,1250000
2020-09-16 14:31:29.486000,1.04903,1.049,1500000,1690000
2020-09-16 14:31:29.937000,1.04902,1.049,3000000,1690000
2020-09-16 14:31:30.096000,1.04904,1.04899,1500000,1690000
2020-09-16 14:31:30.298000,1.04902,1.04899,5620000,1690000
2020-09-16 14:31:30.653000,1.04901,1.04899,3000000,1690000
2020-09-16 14:31:30.805000,1.04902,1.04899,4870000,1690000
2020-09-16 14:31:33.706000,1.04902,1.04898,3000000,1690000
2020-09-16 14:31:33.807000,1.04902,1.04899,2250000,1690000
2020-09-16 14:31:33.908000,1.04902,1.049,1000000,1690000
2020-09-16 14:31:34.439000,1.04903,1.049,1870000,4690000
2020-09-16 14:31:36.196000,1.04902,1.04899,1000000,1690000
2020-09-16 14:31:36.650000,1.04902,1.049,1000000,1690000
2020-09-16 14:31:37.510000,1.04901,1.049,1000000,1000000
2020-09-16 14:31:37.855000,1.04902,1.049,2620000,3750000
2020-09-16 14:31:38.152000,1.049,1.04899,1000000,1690000
2020-09-16 14:31:38.304000,1.04898,1.04897,1000000,1500000
2020-09-16 14:31:38.355000,1.04897,1.04895,1000000,5060000
2020-09-16 14:31:38.557000,1.04897,1.04896,1000000,1250000
2020-09-16 14:31:38.925000,1.04897,1.04895,1000000,5440000
2020-09-16 14:31:44.195000,1.04898,1.04893,1690000,4500000
2020-09-16 14:31:48.158000,1.04897,1.04895,1500000,1250000
2020-09-16 14:31:49.006000,1.04897,1.04896,1000000,1000000
2020-09-16 14:31:49.058000,1.04899,1.04897,1000000,1100000
2020-09-16 14:31:49.160000,1.04898,1.04896,1000000,1500000
2020-09-16 14:31:49.362000,1.04897,1.04896,1000000,1000000
2020-09-16 14:31:50.055000,1.04897,1.04895,1000000,4500000
2020-09-16 14:31:51.355000,1.04897,1.04896,1000000,3000000
2020-09-16 14:31:51.554000,1.04897,1.04895,1000000,1500000
2020-09-16 14:31:53.525000,1.04897,1.04896,1000000,1000000
2020-09-16 14:31:53.575000,1.04901,1.049,3370000,1000000
2020-09-16 14:31:53.676000,1.04903,1.049,1810000,1870000
2020-09-16 14:31:53.777000,1.04903,1.049,1250000,4870000
2020-09-16 14:31:54.634000,1.049,1.04898,3560000,4500000
2020-09-16 14:31:54.740000,1.04898,1.04895,3620000,3000000
2020-09-16 14:31:54.841000,1.04898,1.04895,4120000,3250000
2020-09-16 14:31:54.943000,1.04897,1.04895,1000000,4500000
2020-09-16 14:31:59.625000,1.04899,1.04897,1000000,2140000
2020-09-16 14:31:59.726000,1.049,1.04898,1000000,1000000
2020-09-16 14:31:59.828000,1.04901,1.04898,1000000,1000000
2020-09-16 14:31:59.878000,1.04898,1.04896,1000000,2250000
2020-09-16 14:32:00.401000,1.04898,1.04895,1000000,4500000
2020-09-16 14:32:01.477000,1.04899,1.04897,1000000,1000000
2020-09-16 14:32:01.579000,1.04902,1.04899,1690000,1000000
2020-09-16 14:32:02.039000,1.04901,1.04899,1000000,1000000
2020-09-16 14:32:02.322000,1.04898,1.04897,1000000,1120000
2020-09-16 14:32:02.424000,1.04898,1.04894,1000000,3750000
2020-09-16 14:32:06.451000,1.04894,1.04893,1000000,1000000
2020-09-16 14:32:06.704000,1.04895,1.04893,4870000,1000000
2020-09-16 14:32:08.119000,1.04895,1.04892,1500000,3750000
2020-09-16 14:32:08.761000,1.04895,1.04893,1500000,3000000
2020-09-16 14:32:08.862000,1.04895,1.04892,1500000,3750000
2020-09-16 14:32:10.652000,1.04896,1.04893,2440000,3370000
2020-09-16 14:32:10.753000,1.04896,1.04895,1000000,3000000
2020-09-16 14:32:10.855000,1.04897,1.04893,1000000,3000000
2020-09-16 14:32:11.639000,1.04896,1.04893,3750000,3190000
2020-09-16 14:32:12.042000,1.04898,1.04892,4570000,6940000
2020-09-16 14:32:12.143000,1.04898,1.04896,1000000,1000000
2020-09-16 14:32:12.194000,1.04897,1.04895,1000000,3750000
2020-09-16 14:32:12.396000,1.04897,1.04895,1000000,3750000
2020-09-16 14:32:13.164000,1.04895,1.04894,2810000,1000000
2020-09-16 14:32:13.316000,1.04895,1.04894,1000000,1000000
2020-09-16 14:32:13.569000,1.04896,1.04894,1870000,1000000
2020-09-16 14:32:14.942000,1.04894,1.04892,1000000,1120000
2020-09-16 14:32:15.043000,1.04893,1.04891,1310000,3750000
2020-09-16 14:32:15.602000,1.04893,1.04891,2120000,1000000
2020-09-16 14:32:16.841000,1.04893,1.04891,1310000,3750000
2020-09-16 14:32:17.323000,1.04893,1.04891,2120000,3750000
2020-09-16 14:32:20.521000,1.04893,1.04891,1870000,1000000
2020-09-16 14:32:20.622000,1.04894,1.04891,3940000,4870000
2020-09-16 14:32:20.724000,1.04894,1.04892,1000000,4690000
2020-09-16 14:32:21.129000,1.04893,1.04891,1250000,1000000
2020-09-16 14:32:23.910000,1.04892,1.04891,1000000,3000000
2020-09-16 14:32:23.961000,1.04891,1.04889,1000000,5060000
2020-09-16 14:32:25.866000,1.04892,1.04889,1000000,7070000
2020-09-16 14:32:25.917000,1.04894,1.04892,3000000,1750000
2020-09-16 14:32:26.018000,1.04894,1.04892,1500000,3370000
2020-09-16 14:32:26.323000,1.04893,1.04891,1000000,3190000
2020-09-16 14:32:26.677000,1.04894,1.04891,3940000,4690000
2020-09-16 14:32:26.781000,1.04896,1.04894,1000000,4690000
2020-09-16 14:32:26.883000,1.04897,1.04895,1120000,3190000
2020-09-16 14:32:26.984000,1.04898,1.04896,1000000,1250000
2020-09-16 14:32:27.641000,1.04898,1.04895,1690000,4690000
2020-09-16 14:32:28.152000,1.04897,1.04895,1000000,4690000
2020-09-16 14:32:28.952000,1.04896,1.04895,1250000,3000000
2020-09-16 14:32:29.188000,1.04895,1.04893,1000000,1250000
2020-09-16 14:32:29.391000,1.04896,1.04895,1000000,3000000
2020-09-16 14:32:29.493000,1.04896,1.04894,1000000,3750000
2020-09-16 14:32:29.595000,1.04897,1.04894,1870000,4500000
2020-09-16 14:32:29.698000,1.04896,1.04893,1000000,7120000
2020-09-16 14:32:30.004000,1.04894,1.04892,1690000,1000000
2020-09-16 14:32:30.105000,1.04895,1.04892,5250000,1500000
2020-09-16 14:32:30.207000,1.04897,1.04892,2810000,4500000
2020-09-16 14:32:31.377000,1.04896,1.04894,1120000,3000000
2020-09-16 14:32:32.078000,1.04897,1.04894,2250000,3750000
2020-09-16 14:32:32.361000,1.04897,1.04895,1500000,3000000
2020-09-16 14:32:32.664000,1.04898,1.04895,1000000,3370000
2020-09-16 14:32:32.765000,1.04899,1.04898,1100000,1000000
2020-09-16 14:32:32.816000,1.04902,1.04899,2560000,5250000
2020-09-16 14:32:32.917000,1.04902,1.049,2060000,3000000
2020-09-16 14:32:33.934000,1.04902,1.04899,1250000,5250000
2020-09-16 14:32:34.697000,1.049,1.04899,280269989,1000000
2020-09-16 14:32:34.849000,1.04902,1.04899,1690000,3750000
2020-09-16 14:32:35.803000,1.04902,1.049,3940000,1500000
2020-09-16 14:32:35.905000,1.04904,1.04902,1310000,1000000
2020-09-16 14:32:36.006000,1.04909,1.04906,3940000,1000000
2020-09-16 14:32:36.108000,1.04908,1.04906,3190000,1000000
2020-09-16 14:32:36.209000,1.0491,1.04906,7570000,3940000
2020-09-16 14:32:36.565000,1.04909,1.04906,1370000,3750000
2020-09-16 14:32:37.629000,1.04907,1.04903,1870000,4690000
2020-09-16 14:32:37.680000,1.04905,1.04902,6190000,1000000
2020-09-16 14:32:37.781000,1.04907,1.04904,4810000,1500000
2020-09-16 14:32:37.882000,1.04908,1.04904,6760000,4500000
2020-09-16 14:32:38.961000,1.04908,1.04904,5060000,5250000
2020-09-16 14:32:39.281000,1.04907,1.04904,3820000,1500000
2020-09-16 14:32:39.383000,1.04904,1.04901,3560000,3750000
2020-09-16 14:32:39.535000,1.04904,1.049,7310000,5250000
2020-09-16 14:32:39.790000,1.04904,1.049,7060000,5250000
2020-09-16 14:32:39.892000,1.04904,1.04901,5560000,1690000
2020-09-16 14:32:39.994000,1.04904,1.04901,1310000,5440000
2020-09-16 14:32:40.197000,1.04905,1.04901,5560000,7750000
2020-09-16 14:32:40.299000,1.04905,1.04901,6370000,6940000
2020-09-16 14:32:41.652000,1.04907,1.04906,1000000,1000000
2020-09-16 14:32:41.703000,1.0491,1.04905,1310000,3940000
2020-09-16 14:32:41.805000,1.04909,1.04906,2950000,3750000
2020-09-16 14:32:43.960000,1.04909,1.04905,4750000,1000000
2020-09-16 14:32:44.061000,1.04906,1.04905,1690000,1000000
2020-09-16 14:32:44.112000,1.04905,1.04904,1250000,1000000
2020-09-16 14:32:44.812000,1.04903,1.04901,1250000,6120000
2020-09-16 14:32:44.913000,1.04903,1.04901,1250000,5250000
2020-09-16 14:32:48.468000,1.04905,1.04902,1250000,1000000
2020-09-16 14:32:48.569000,1.04906,1.04903,6620000,1000000
2020-09-16 14:32:49.585000,1.04904,1.04902,1750000,1000000
2020-09-16 14:32:50.002000,1.04903,1.04901,1250000,1500000
2020-09-16 14:32:52.007000,1.04904,1.04902,4000000,1000000
2020-09-16 14:32:52.109000,1.04904,1.04901,1250000,1000000
2020-09-16 14:32:54.276000,1.04903,1.04901,1310000,1000000
2020-09-16 14:32:54.378000,1.04901,1.049,1250000,1500000
2020-09-16 14:32:54.429000,1.04901,1.04898,2250000,5370000
2020-09-16 14:32:54.479000,1.04898,1.04896,2060000,1000000
2020-09-16 14:32:54.581000,1.04896,1.04895,1250000,1500000
2020-09-16 14:32:54.783000,1.04895,1.04893,1250000,1500000
2020-09-16 14:32:57.225000,1.04897,1.04894,1500000,2010000
2020-09-16 14:32:57.326000,1.04898,1.04896,2810000,1000000
2020-09-16 14:32:57.871000,1.04899,1.04896,3190000,5440000
2020-09-16 14:32:59.061000,1.04899,1.04898,1690000,1000000
2020-09-16 14:32:59.162000,1.04901,1.04898,3750000,1870000
2020-09-16 14:32:59.264000,1.049,1.04898,1500000,1120000
2020-09-16 14:32:59.415000,1.04901,1.04898,1250000,1870000
2020-09-16 14:33:00.085000,1.04899,1.04897,1000000,4620000
2020-09-16 14:33:00.289000,1.04899,1.04897,1000000,3750000
2020-09-16 14:33:01.685000,1.049,1.04897,1870000,8260000
2020-09-16 14:33:01.787000,1.04901,1.04899,3750000,1000000
2020-09-16 14:33:02.242000,1.04901,1.04898,3750000,4310000
2020-09-16 14:33:02.495000,1.04899,1.04896,4500000,3500000
2020-09-16 14:33:02.597000,1.04899,1.04896,1500000,6000000
2020-09-16 14:33:04.260000,1.04898,1.04896,1000000,1500000
2020-09-16 14:33:04.582000,1.049,1.04897,5250000,1500000
2020-09-16 14:33:04.685000,1.04901,1.04898,4500000,1120000
2020-09-16 14:33:05.630000,1.04899,1.04897,1250000,1120000
2020-09-16 14:33:05.863000,1.04899,1.04896,5500000,2250000
2020-09-16 14:33:05.964000,1.04899,1.04896,4690000,2440000
2020-09-16 14:33:06.276000,1.049,1.04897,1120000,5890000
2020-09-16 14:33:06.377000,1.04901,1.04898,4870000,1250000
2020-09-16 14:33:06.562000,1.049,1.04896,3940000,1000000
2020-09-16 14:33:06.664000,1.04899,1.04896,3940000,1500000
2020-09-16 14:33:06.766000,1.04899,1.04895,4690000,6640000
2020-09-16 14:33:07.869000,1.04899,1.04896,5060000,1000000
2020-09-16 14:33:08.271000,1.04898,1.04896,3000000,1000000
2020-09-16 14:33:09.078000,1.04899,1.04896,5060000,1000000
2020-09-16 14:33:09.969000,1.04899,1.04896,5560000,1000000
2020-09-16 14:33:10.523000,1.049,1.04894,8250000,5620000
2020-09-16 14:33:10.783000,1.04899,1.04895,7310000,5810000
2020-09-16 14:33:11.612000,1.04898,1.04895,1000000,6560000
2020-09-16 14:33:15.767000,1.049,1.04897,6370000,2700000
2020-09-16 14:33:15.869000,1.04901,1.04899,3370000,1500000
2020-09-16 14:33:15.970000,1.04902,1.04899,5250000,1500000
2020-09-16 14:33:16.122000,1.04901,1.04899,1000000,1000000
2020-09-16 14:33:17.711000,1.049,1.04898,1750000,1000000
2020-09-16 14:33:17.813000,1.049,1.04897,6250000,1000000
2020-09-16 14:33:18.476000,1.04899,1.04896,1250000,5810000
2020-09-16 14:33:20.041000,1.049,1.04898,5620000,1000000
2020-09-16 14:33:20.498000,1.04899,1.04897,1310000,1000000
2020-09-16 14:33:20.599000,1.04899,1.04896,1310000,1250000
2020-09-16 14:33:22.049000,1.04898,1.04896,1000000,1250000
2020-09-16 14:33:22.406000,1.04898,1.04895,1250000,5890000
2020-09-16 14:33:22.697000,1.04898,1.04896,1250000,1000000
2020-09-16 14:33:23.561000,1.04896,1.04894,1000000,2690000
2020-09-16 14:33:23.612000,1.04895,1.04893,1000000,2140000
2020-09-16 14:33:23.865000,1.04896,1.04894,1750000,1000000
2020-09-16 14:33:23.916000,1.04897,1.04895,3190000,3000000
2020-09-16 14:33:24.017000,1.04898,1.04893,3190000,3750000
2020-09-16 14:33:24.149000,1.04897,1.04894,6790000,1000000
2020-09-16 14:33:28.210000,1.04897,1.04893,3410000,4120000
2020-09-16 14:33:30.020000,1.04897,1.04893,6260000,6370000
2020-09-16 14:33:30.761000,1.04897,1.04895,3370000,1250000
2020-09-16 14:33:30.965000,1.04896,1.04895,3750000,1000000
2020-09-16 14:33:31.068000,1.04897,1.04895,1120000,1000000
2020-09-16 14:33:33.241000,1.04897,1.04893,1000000,3750000
2020-09-16 14:33:35.183000,1.04893,1.04892,1000000,1870000
2020-09-16 14:33:35.234000,1.04893,1.04891,1500000,3000000
2020-09-16 14:33:35.338000,1.04893,1.0489,1500000,5620000
2020-09-16 14:33:37.473000,1.04893,1.0489,4870000,4370000
2020-09-16 14:33:37.625000,1.04895,1.04893,1000000,5250000
2020-09-16 14:33:37.676000,1.04897,1.04894,7840000,1000000
2020-09-16 14:33:38.570000,1.04896,1.04893,1000000,4870000
2020-09-16 14:33:38.672000,1.04895,1.04893,1000000,4870000
2020-09-16 14:33:40.202000,1.04896,1.04893,2890000,5620000
2020-09-16 14:33:43.442000,1.04895,1.04893,1000000,1500000
2020-09-16 14:33:43.658000,1.04893,1.04891,1250000,2000000
2020-09-16 14:33:43.759000,1.04893,1.04891,1250000,1000000
2020-09-16 14:33:44.656000,1.04893,1.0489,1690000,5810000
2020-09-16 14:33:48.057000,1.04895,1.04893,3370000,2250000
2020-09-16 14:33:48.158000,1.04896,1.04895,1000000,1000000
2020-09-16 14:33:48.209000,1.04898,1.04895,7390000,1000000
2020-09-16 14:33:48.361000,1.04898,1.04896,3750000,1310000
2020-09-16 14:33:52.571000,1.04899,1.04896,3640000,3940000
2020-09-16 14:33:53.070000,1.04899,1.04897,1310000,1000000
2020-09-16 14:33:56.030000,1.049,1.04898,2500000,1000000
2020-09-16 14:33:56.082000,1.04901,1.04898,1500000,1500000
2020-09-16 14:33:56.185000,1.04901,1.04899,1000000,1500000
2020-09-16 14:33:56.288000,1.049,1.04898,1000000,1000000
2020-09-16 14:33:56.626000,1.04901,1.04899,1000000,1500000
2020-09-16 14:33:56.728000,1.04902,1.04899,1870000,5250000
2020-09-16 14:33:56.829000,1.04902,1.049,1870000,3000000
2020-09-16 14:33:57.378000,1.04902,1.04899,1500000,5250000
2020-09-16 14:34:04.387000,1.04902,1.049,1000000,1000000
2020-09-16 14:34:06.678000,1.04901,1.04898,1000000,4120000
2020-09-16 14:34:06.728000,1.04898,1.04897,1000000,1000000
2020-09-16 14:34:06.830000,1.04898,1.04895,1500000,5950000
2020-09-16 14:34:07.273000,1.04898,1.04895,2440000,3940000
2020-09-16 14:34:07.375000,1.04896,1.04894,3750000,1250000
2020-09-16 14:34:07.476000,1.04896,1.04893,3940000,1250000
2020-09-16 14:34:07.678000,1.04896,1.04893,5120000,1000000
2020-09-16 14:34:07.780000,1.04894,1.04892,1690000,1000000
2020-09-16 14:34:07.881000,1.04893,1.04888,4000000,3750000
2020-09-16 14:34:08.415000,1.04888,1.04885,1870000,4690000
2020-09-16 14:34:08.516000,1.04886,1.04885,1000000,3000000
2020-09-16 14:34:08.720000,1.04886,1.04884,1000000,1000000
2020-09-16 14:34:08.825000,1.04886,1.04883,1000000,4690000
2020-09-16 14:34:09.546000,1.04887,1.04884,4500000,2500000
2020-09-16 14:34:09.647000,1.04889,1.04888,3750000,1000000
2020-09-16 14:34:09.698000,1.04891,1.04888,3070000,3750000
2020-09-16 14:34:10.203000,1.04891,1.04889,1500000,1000000
2020-09-16 14:34:10.961000,1.04891,1.04888,1500000,5060000
2020-09-16 14:34:11.118000,1.04891,1.04889,1500000,3000000
2020-09-16 14:34:11.284000,1.04892,1.04887,1500000,5060000
2020-09-16 14:34:11.581000,1.04888,1.04886,1500000,1620000
2020-09-16 14:34:11.711000,1.04888,1.04885,1500000,6290000
2020-09-16 14:34:11.813000,1.04888,1.04885,1500000,5890000
2020-09-16 14:34:12.015000,1.04889,1.04886,4120000,2510000
2020-09-16 14:34:12.116000,1.0489,1.04888,1500000,3000000
2020-09-16 14:34:12.654000,1.04891,1.04888,1500000,3750000
2020-09-16 14:34:12.883000,1.04891,1.04888,1500000,5500000
2020-09-16 14:34:12.984000,1.04891,1.04888,1500000,4690000
2020-09-16 14:34:14.658000,1.0489,1.04887,1500000,2060000
2020-09-16 14:34:14.760000,1.04888,1.04886,1000000,4010000
2020-09-16 14:34:16.341000,1.04887,1.04885,1250000,1000000
2020-09-16 14:34:16.442000,1.04886,1.04883,3250000,3750000
2020-09-16 14:34:16.543000,1.04884,1.04881,6250000,1500000
2020-09-16 14:34:17.928000,1.04885,1.04881,5250000,5510000
2020-09-16 14:34:18.080000,1.04885,1.04882,1870000,3000000
2020-09-16 14:34:18.181000,1.04885,1.04881,4870000,5510000
2020-09-16 14:34:18.485000,1.04884,1.04881,1000000,4760000
2020-09-16 14:34:18.586000,1.04885,1.04883,3750000,1000000
2020-09-16 14:34:20.237000,1.04886,1.04883,1000000,2440000
2020-09-16 14:34:21.203000,1.04886,1.04883,1000000,7000000
2020-09-16 14:34:22.280000,1.04886,1.04883,1000000,5810000
2020-09-16 14:34:22.607000,1.0489,1.04888,6450000,2250000
2020-09-16 14:34:22.709000,1.04891,1.04889,1500000,5440000
2020-09-16 14:34:22.814000,1.04892,1.0489,1500000,3190000
2020-09-16 14:34:22.916000,1.04893,1.04891,1250000,3000000
2020-09-16 14:34:23.017000,1.04893,1.0489,1000000,5060000
2020-09-16 14:34:23.169000,1.04895,1.0489,1000000,3000000
2020-09-16 14:34:23.625000,1.04894,1.04892,1000000,3750000
2020-09-16 14:34:23.726000,1.04895,1.04892,1000000,4500000
2020-09-16 14:34:26.749000,1.04894,1.04892,1000000,1000000
2020-09-16 14:34:27.039000,1.04894,1.04891,5440000,1690000
2020-09-16 14:34:37.436000,1.04894,1.04891,5870000,1000000
2020-09-16 14:34:37.537000,1.04889,1.04888,2250000,1000000
2020-09-16 14:34:37.588000,1.04888,1.04885,2440000,1000000
2020-09-16 14:34:38.300000,1.04888,1.04884,3000000,1000000
2020-09-16 14:34:39.268000,1.04885,1.04881,1000000,3370000
2020-09-16 14:34:39.369000,1.04883,1.04878,2250000,4010000
2020-09-16 14:34:39.471000,1.04881,1.04879,3560000,1000000
2020-09-16 14:34:39.832000,1.04882,1.0488,6120000,1250000
2020-09-16 14:34:39.933000,1.04882,1.0488,1120000,1250000
2020-09-16 14:34:40.256000,1.04883,1.0488,5250000,1690000
2020-09-16 14:34:43.483000,1.04885,1.04882,5620000,1500000
2020-09-16 14:34:43.584000,1.04886,1.04882,7310000,6370000
2020-09-16 14:34:43.686000,1.04885,1.04882,1000000,6370000
2020-09-16 14:34:44.090000,1.04884,1.04882,1000000,5250000
2020-09-16 14:34:44.292000,1.04886,1.04881,1000000,5250000
2020-09-16 14:34:44.426000,1.04884,1.04882,1250000,5250000
2020-09-16 14:34:44.528000,1.04885,1.04882,1000000,5250000
2020-09-16 14:34:44.897000,1.04884,1.04882,1000000,5250000
2020-09-16 14:34:45.043000,1.04883,1.04881,1000000,2620000
2020-09-16 14:34:45.481000,1.04884,1.04881,5620000,1500000
2020-09-16 14:34:45.582000,1.04883,1.04881,3190000,1500000
2020-09-16 14:34:45.835000,1.04882,1.04879,1000000,7390000
2020-09-16 14:34:45.936000,1.04882,1.04879,4500000,2570000
2020-09-16 14:34:48.291000,1.04882,1.04878,5810000,5810000
2020-09-16 14:34:48.393000,1.04881,1.04878,3940000,1500000
2020-09-16 14:34:50.541000,1.04881,1.04879,3000000,1750000
2020-09-16 14:34:50.643000,1.04883,1.04881,1620000,1120000
2020-09-16 14:34:53.779000,1.04885,1.0488,5440000,1500000
2020-09-16 14:34:53.980000,1.04884,1.04882,4690000,1000000
2020-09-16 14:34:54.465000,1.04884,1.04881,4690000,3000000
2020-09-16 14:34:57.763000,1.04883,1.04881,1000000,1500000
2020-09-16 14:34:59.532000,1.04884,1.04881,5060000,1690000
2020-09-16 14:35:00.596000,1.04883,1.04881,1000000,1250000
2020-09-16 14:35:00.900000,1.04885,1.0488,2060000,1250000
2020-09-16 14:35:05.421000,1.04886,1.04883,3690000,2440000
2020-09-16 14:35:05.523000,1.04887,1.04884,5120000,1500000
2020-09-16 14:35:05.650000,1.04887,1.04884,4870000,2440000
2020-09-16 14:35:06.783000,1.04886,1.04884,1000000,2440000
2020-09-16 14:35:06.884000,1.04885,1.04883,1000000,4690000
2020-09-16 14:35:06.985000,1.04887,1.04882,5060000,2440000
2020-09-16 14:35:07.561000,1.04886,1.04884,1310000,1000000
2020-09-16 14:35:07.814000,1.04886,1.04883,2060000,5440000
2020-09-16 14:35:08.322000,1.04884,1.04883,1000000,3750000
2020-09-16 14:35:08.474000,1.04884,1.04882,3750000,1690000
2020-09-16 14:35:09.434000,1.04885,1.0488,4690000,2060000
2020-09-16 14:35:10.203000,1.04884,1.04882,4690000,1000000
2020-09-16 14:35:10.304000,1.04886,1.04883,4310000,2440000
2020-09-16 14:35:10.506000,1.04887,1.04885,1250000,1500000
2020-09-16 14:35:10.557000,1.04888,1.04885,1500000,6250000
2020-09-16 14:35:10.608000,1.04889,1.04888,1250000,3000000
2020-09-16 14:35:10.710000,1.04891,1.0489,1250000,2060000
2020-09-16 14:35:10.862000,1.04893,1.04891,1000000,4870000
2020-09-16 14:35:10.964000,1.04898,1.04895,4570000,1000000
2020-09-16 14:35:11.015000,1.04899,1.04896,1850000,1000000
2020-09-16 14:35:11.117000,1.04899,1.04896,1250000,1690000
2020-09-16 14:35:11.219000,1.04897,1.04895,1250000,1000000
2020-09-16 14:35:11.270000,1.04894,1.04892,6700000,1000000
2020-09-16 14:35:11.324000,1.04893,1.0489,1250000,1250000
2020-09-16 14:35:11.426000,1.04892,1.04891,1250000,1000000
2020-09-16 14:35:11.732000,1.04892,1.04889,1690000,5440000
2020-09-16 14:35:11.986000,1.04893,1.04889,1690000,1000000
2020-09-16 14:35:12.482000,1.04892,1.04889,1690000,5440000
2020-09-16 14:35:15.622000,1.04893,1.04889,1250000,1000000
2020-09-16 14:35:15.724000,1.04894,1.04891,1690000,4760000
2020-09-16 14:35:17.357000,1.04894,1.04892,1250000,1000000
2020-09-16 14:35:17.408000,1.04896,1.04894,2500000,1000000
2020-09-16 14:35:17.459000,1.04898,1.04894,1000000,1000000
2020-09-16 14:35:17.560000,1.04898,1.04896,1000000,1000000
2020-09-16 14:35:17.662000,1.049,1.04899,1000000,1000000
2020-09-16 14:35:17.713000,1.04903,1.04901,2570000,1000000
2020-09-16 14:35:17.865000,1.04902,1.04898,1000000,3750000
2020-09-16 14:35:18.016000,1.04901,1.04899,1000000,1690000
2020-09-16 14:35:18.274000,1.04899,1.04898,1000000,1120000
2020-09-16 14:35:18.476000,1.04899,1.04897,1000000,1000000
2020-09-16 14:35:20.330000,1.04899,1.04896,3000000,3190000
2020-09-16 14:35:20.742000,1.04897,1.04895,1500000,4690000
2020-09-16 14:35:20.793000,1.04896,1.04893,2250000,1250000
2020-09-16 14:35:20.895000,1.04895,1.04892,3000000,1250000
2020-09-16 14:35:22.680000,1.04894,1.04892,1000000,1000000
2020-09-16 14:35:24.812000,1.04893,1.0489,1100000,6250000
2020-09-16 14:35:24.913000,1.04893,1.0489,1100000,5440000
2020-09-16 14:35:25.015000,1.0489,1.04887,2140000,1000000
2020-09-16 14:35:25.116000,1.04889,1.04887,1000000,1690000
2020-09-16 14:35:25.167000,1.04891,1.04888,1100000,2440000
2020-09-16 14:35:25.218000,1.04891,1.0489,1000000,3750000
2020-09-16 14:35:25.425000,1.04892,1.0489,1010000,3750000
2020-09-16 14:35:25.843000,1.04893,1.0489,1690000,4500000
2020-09-16 14:35:26.348000,1.04893,1.0489,5570000,1000000
2020-09-16 14:35:26.551000,1.04893,1.04888,4690000,1500000
2020-09-16 14:35:27.445000,1.04891,1.04889,1000000,1000000
2020-09-16 14:35:27.939000,1.04889,1.04887,1000000,5060000
2020-09-16 14:35:28.095000,1.04892,1.04887,1000000,1690000
2020-09-16 14:35:28.146000,1.04893,1.0489,2450000,1250000
2020-09-16 14:35:28.249000,1.04893,1.0489,1500000,1250000
2020-09-16 14:35:28.350000,1.04893,1.04889,1570000,6250000
2020-09-16 14:35:29.073000,1.04894,1.04889,1500000,1250000
2020-09-16 14:35:29.175000,1.04894,1.0489,5810000,6250000
2020-09-16 14:35:30.242000,1.04894,1.04891,5250000,1750000
2020-09-16 14:35:30.343000,1.04896,1.04892,1000000,1250000
2020-09-16 14:35:30.445000,1.04896,1.04893,1500000,1250000
2020-09-16 14:35:30.671000,1.04896,1.04893,4500000,1750000
2020-09-16 14:35:32.161000,1.04896,1.04893,5440000,1000000
2020-09-16 14:35:32.262000,1.04895,1.04892,1500000,2440000
2020-09-16 14:35:33.481000,1.04894,1.04892,3940000,1000000
2020-09-16 14:35:33.584000,1.04894,1.04891,3940000,3260000
2020-09-16 14:35:34.039000,1.04894,1.04892,3940000,1250000
2020-09-16 14:35:34.212000,1.04894,1.04891,3940000,2440000
2020-09-16 14:35:34.788000,1.04894,1.04891,1250000,2620000
2020-09-16 14:35:35.003000,1.04894,1.04891,1690000,3560000
2020-09-16 14:35:36.220000,1.04894,1.04892,3190000,1250000
2020-09-16 14:35:36.321000,1.04894,1.04891,3190000,3560000
2020-09-16 14:35:36.625000,1.04895,1.0489,4000000,2250000
2020-09-16 14:35:36.726000,1.04894,1.04891,1250000,3190000
2020-09-16 14:35:39.544000,1.04894,1.04891,1250000,5250000
2020-09-16 14:35:42.444000,1.04893,1.0489,3000000,1690000
2020-09-16 14:35:42.546000,1.04889,1.04886,4500000,2510000
2020-09-16 14:35:42.900000,1.04888,1.04886,3000000,1690000
2020-09-16 14:35:43.153000,1.04889,1.04886,1870000,1690000
2020-09-16 14:35:43.363000,1.04888,1.04886,3000000,1690000
2020-09-16 14:35:47.887000,1.04889,1.04886,2250000,2440000
2020-09-16 14:35:47.989000,1.04891,1.04888,1000000,6560000
2020-09-16 14:35:50.358000,1.0489,1.04888,1000000,2440000
2020-09-16 14:35:53.898000,1.04889,1.04887,3940000,1000000
2020-09-16 14:35:54,1.04889,1.04886,2500000,1000000
2020-09-16 14:35:54.102000,1.04889,1.04886,2440000,1690000
2020-09-16 14:35:58.338000,1.04889,1.04886,2560000,2060000
2020-09-16 14:35:59.229000,1.04889,1.04886,2440000,1690000
2020-09-16 14:36:00.132000,1.04889,1.04886,2560000,1690000
2020-09-16 14:36:02.059000,1.0489,1.04888,4120000,1000000
2020-09-16 14:36:02.161000,1.0489,1.04888,4000000,1000000
2020-09-16 14:36:02.212000,1.04892,1.0489,4200000,1250000
2020-09-16 14:36:02.313000,1.04893,1.0489,4950000,1250000
2020-09-16 14:36:03.388000,1.04891,1.0489,1000000,1250000
2020-09-16 14:36:03.489000,1.04891,1.04889,1000000,1250000
2020-09-16 14:36:03.591000,1.0489,1.04889,1000000,1250000
2020-09-16 14:36:03.642000,1.04889,1.04887,1000000,1250000
2020-09-16 14:36:05.695000,1.0489,1.04888,1000000,2440000
2020-09-16 14:36:05.797000,1.04891,1.04888,1000000,6250000
2020-09-16 14:36:06.561000,1.04891,1.04888,1000000,5810000
2020-09-16 14:36:06.773000,1.04889,1.04887,1000000,1690000
2020-09-16 14:36:11.911000,1.04888,1.04886,1250000,1120000
2020-09-16 14:36:12.015000,1.04887,1.04886,1000000,1000000
2020-09-16 14:36:12.066000,1.04886,1.04884,1310000,3370000
2020-09-16 14:36:12.218000,1.04887,1.04884,4760000,1500000
2020-09-16 14:36:12.421000,1.04887,1.04884,6010000,1500000
2020-09-16 14:36:12.522000,1.04887,1.04884,4760000,1500000
2020-09-16 14:36:12.775000,1.04887,1.04884,3950000,1690000
2020-09-16 14:36:12.900000,1.04887,1.04884,4010000,1690000
2020-09-16 14:36:13.001000,1.04887,1.04884,3950000,1690000
2020-09-16 14:36:13.969000,1.04888,1.04883,4500000,1250000
2020-09-16 14:36:15.251000,1.04889,1.04884,2560000,1250000
2020-09-16 14:36:15.352000,1.04889,1.04886,1000000,1760000
2020-09-16 14:36:15.454000,1.04889,1.04888,3750000,1000000
2020-09-16 14:36:15.505000,1.04891,1.04889,1250000,1000000
2020-09-16 14:36:15.657000,1.04892,1.04891,1000000,3750000
2020-09-16 14:36:15.758000,1.04893,1.04891,1000000,3190000
2020-09-16 14:36:17.633000,1.04892,1.04891,1000000,1000000
2020-09-16 14:36:18.620000,1.04894,1.0489,4310000,1000000
2020-09-16 14:36:18.721000,1.04895,1.04893,1250000,1000000
2020-09-16 14:36:18.823000,1.04895,1.04894,1250000,1000000
2020-09-16 14:36:20.303000,1.04896,1.04894,1000000,3940000
2020-09-16 14:36:20.404000,1.04898,1.04896,4310000,1000000
2020-09-16 14:36:20.506000,1.04899,1.04896,5060000,1250000
2020-09-16 14:36:20.913000,1.049,1.04897,6370000,1120000
2020-09-16 14:36:21.044000,1.049,1.04899,1250000,1000000
2020-09-16 14:36:21.196000,1.04899,1.04898,1000000,1000000
2020-09-16 14:36:21.398000,1.04899,1.04897,4000000,1000000
2020-09-16 14:36:21.499000,1.04899,1.04897,3940000,1000000
2020-09-16 14:36:23.983000,1.049,1.04897,1310000,1000000
2020-09-16 14:36:24.135000,1.04894,1.04893,1000000,1000000
2020-09-16 14:36:24.338000,1.04894,1.04892,3750000,1690000
2020-09-16 14:36:24.439000,1.04894,1.04891,3940000,2440000
2020-09-16 14:36:26.567000,1.04895,1.04892,1690000,2440000
2020-09-16 14:36:27.512000,1.04896,1.04894,1120000,1250000
2020-09-16 14:36:27.613000,1.04897,1.04894,1120000,5440000
2020-09-16 14:36:27.714000,1.04897,1.04895,1000000,1250000
2020-09-16 14:36:28.202000,1.04899,1.04894,4120000,1250000
2020-09-16 14:36:46.436000,1.04899,1.04896,2060000,4690000
2020-09-16 14:36:46.966000,1.049,1.04897,1870000,3190000
2020-09-16 14:36:50.011000,1.049,1.04898,1500000,1250000
2020-09-16 14:36:50.431000,1.049,1.04897,1500000,2810000
2020-09-16 14:36:50.623000,1.04901,1.04897,1500000,1250000
2020-09-16 14:36:51.053000,1.049,1.04897,1500000,2810000
2020-09-16 14:36:51.158000,1.049,1.04898,1500000,1250000
2020-09-16 14:36:51.260000,1.04901,1.04899,3000000,1000000
2020-09-16 14:36:51.462000,1.04902,1.04899,1500000,4690000
2020-09-16 14:36:51.765000,1.04902,1.04899,5940000,1000000
2020-09-16 14:36:51.866000,1.049,1.04898,1000000,1000000
2020-09-16 14:36:51.968000,1.04902,1.04898,4120000,1690000
2020-09-16 14:36:52.170000,1.04902,1.04899,1870000,2440000
2020-09-16 14:36:53.940000,1.04902,1.049,1120000,1000000
2020-09-16 14:36:54.041000,1.04906,1.04901,1000000,1570000
2020-09-16 14:36:54.632000,1.04905,1.04903,1000000,1250000
2020-09-16 14:36:55.625000,1.04905,1.04902,1000000,3940000
2020-09-16 14:37:02.411000,1.04906,1.04902,1000000,3000000
2020-09-16 14:37:02.752000,1.04905,1.04902,1000000,3190000
2020-09-16 14:37:08.736000,1.04905,1.04901,3940000,3260000
2020-09-16 14:37:09.476000,1.04901,1.04899,1500000,1600000
2020-09-16 14:37:09.578000,1.04902,1.04901,1120000,1000000
2020-09-16 14:37:09.730000,1.04903,1.04901,1120000,1250000
2020-09-16 14:37:10.701000,1.04902,1.049,1250000,1620000
2020-09-16 14:37:10.804000,1.049,1.04898,1500000,1000000
2020-09-16 14:37:10.905000,1.049,1.04897,1500000,3750000
2020-09-16 14:37:11.665000,1.04899,1.04896,1000000,7760000
2020-09-16 14:37:13.207000,1.04895,1.04893,1690000,1500000
2020-09-16 14:37:13.309000,1.04895,1.04892,5440000,1760000
2020-09-16 14:37:13.461000,1.04895,1.04891,1000000,1250000
2020-09-16 14:37:13.714000,1.04894,1.04891,4690000,2060000
2020-09-16 14:37:16.995000,1.04894,1.04892,3940000,1000000
2020-09-16 14:37:17.097000,1.04895,1.04892,4690000,2060000
2020-09-16 14:37:17.300000,1.04894,1.04892,1000000,1310000
2020-09-16 14:37:18.295000,1.04894,1.04891,4690000,2440000
2020-09-16 14:37:22.302000,1.04894,1.0489,3000000,2060000
2020-09-16 14:37:22.403000,1.04895,1.0489,4690000,2060000
2020-09-16 14:37:22.543000,1.04893,1.04891,3000000,2060000
2020-09-16 14:37:22.724000,1.04894,1.04891,4690000,2060000
2020-09-16 14:37:23.262000,1.04891,1.0489,1000000,2440000
2020-09-16 14:37:23.313000,1.0489,1.04889,1000000,1000000
2020-09-16 14:37:23.364000,1.04889,1.04887,1000000,1690000
2020-09-16 14:37:23.516000,1.0489,1.04888,1000000,4870000
2020-09-16 14:37:23.617000,1.04891,1.04888,4120000,1000000
2020-09-16 14:37:23.871000,1.0489,1.04887,6560000,2620000
2020-09-16 14:37:23.974000,1.0489,1.04886,3750000,1000000
2020-09-16 14:37:24.774000,1.0489,1.04885,1500000,1870000
2020-09-16 14:37:25.127000,1.04888,1.04886,3000000,1500000
2020-09-16 14:37:25.228000,1.04889,1.04886,4870000,1500000
2020-09-16 14:37:29.088000,1.04887,1.04886,3000000,1120000
2020-09-16 14:37:29.189000,1.04889,1.04886,7060000,1000000
2020-09-16 14:37:32.127000,1.04889,1.04887,4810000,1000000
2020-09-16 14:37:32.229000,1.04893,1.0489,1500000,2140000
2020-09-16 14:37:32.280000,1.04894,1.04891,3000000,3190000
2020-09-16 14:37:32.381000,1.04895,1.04891,4500000,6940000
2020-09-16 14:37:32.482000,1.04894,1.04891,1000000,5620000
2020-09-16 14:37:36.279000,1.04892,1.04889,1250000,5250000
2020-09-16 14:37:36.381000,1.04892,1.0489,1000000,1000000
2020-09-16 14:37:36.634000,1.04894,1.04889,3190000,1500000
2020-09-16 14:37:36.735000,1.04893,1.0489,4000000,1500000
2020-09-16 14:37:37.676000,1.04894,1.0489,9750000,4500000
2020-09-16 14:37:37.781000,1.04895,1.0489,5810000,1250000
2020-09-16 14:37:38.046000,1.04895,1.04891,1000000,1000000
2020-09-16 14:37:38.254000,1.04893,1.04892,1000000,1000000
2020-09-16 14:37:38.305000,1.04889,1.04888,1250000,1000000
2020-09-16 14:37:38.357000,1.04888,1.04887,3000000,1000000
2020-09-16 14:37:38.459000,1.04889,1.04887,4310000,1000000
2020-09-16 14:37:39.758000,1.04889,1.04888,3000000,1000000
2020-09-16 14:37:39.810000,1.04891,1.04888,1000000,2810000
2020-09-16 14:37:39.913000,1.04892,1.04889,4000000,1000000
2020-09-16 14:37:40.014000,1.04893,1.04887,1750000,4870000
2020-09-16 14:37:40.115000,1.04893,1.04888,1750000,3000000
2020-09-16 14:37:41.993000,1.04891,1.04889,2500000,3000000
2020-09-16 14:37:42.095000,1.04891,1.04888,2500000,4500000
2020-09-16 14:37:43.861000,1.0489,1.04887,1250000,1000000
2020-09-16 14:37:43.963000,1.04889,1.04886,1750000,4950000
2020-09-16 14:37:44.064000,1.04888,1.04886,1250000,4950000
2020-09-16 14:37:44.367000,1.04889,1.04886,1750000,5700000
2020-09-16 14:37:47.767000,1.04889,1.04886,1690000,6000000
2020-09-16 14:37:49.215000,1.04889,1.04887,1690000,3000000
2020-09-16 14:37:49.317000,1.04889,1.04886,4690000,3000000
2020-09-16 14:37:49.418000,1.04889,1.04887,1690000,3000000
2020-09-16 14:37:49.727000,1.04889,1.04886,4690000,3000000
2020-09-16 14:37:58.341000,1.04888,1.04886,1000000,1000000
2020-09-16 14:38:00.523000,1.04884,1.04883,1000000,4500000
2020-09-16 14:38:00.574000,1.04885,1.04882,3190000,4950000
2020-09-16 14:38:00.726000,1.04882,1.0488,1690000,1500000
2020-09-16 14:38:00.827000,1.04879,1.04877,1000000,4870000
2020-09-16 14:38:01.744000,1.0488,1.04879,1690000,1000000
2020-09-16 14:38:03.138000,1.0488,1.04878,1000000,4500000
2020-09-16 14:38:03.189000,1.04877,1.04875,4500000,1200000
2020-09-16 14:38:03.239000,1.04876,1.04873,1000000,5810000
2020-09-16 14:38:07.614000,1.04876,1.04873,6000000,1250000
2020-09-16 14:38:09.848000,1.04875,1.04873,1000000,1250000
2020-09-16 14:38:10.881000,1.04875,1.04872,1250000,5060000
2020-09-16 14:38:14.165000,1.04874,1.04872,1000000,5060000
2020-09-16 14:38:15.016000,1.04875,1.04872,1690000,5060000
2020-09-16 14:38:21.062000,1.04872,1.04871,1250000,1500000
2020-09-16 14:38:21.164000,1.04872,1.04869,1690000,5510000
2020-09-16 14:38:25.295000,1.04872,1.04869,2870000,1120000
2020-09-16 14:38:26.199000,1.04867,1.04866,2440000,3370000
2020-09-16 14:38:26.250000,1.04867,1.04864,2440000,5060000
2020-09-16 14:38:26.352000,1.04866,1.04863,5440000,1250000
2020-09-16 14:38:26.454000,1.04866,1.04862,1000000,1250000
2020-09-16 14:38:31.085000,1.04864,1.04862,1250000,1500000
2020-09-16 14:38:34.165000,1.04862,1.0486,2690000,3750000
2020-09-16 14:38:34.216000,1.04861,1.04859,1500000,3190000
2020-09-16 14:38:35.095000,1.04861,1.04857,2500000,4510000
2020-09-16 14:38:35.196000,1.04859,1.04856,1250000,1000000
2020-09-16 14:38:35.247000,1.04857,1.04854,1250000,6260000
2020-09-16 14:38:35.552000,1.04858,1.04855,3750000,1000000
2020-09-16 14:38:35.654000,1.04859,1.04856,3750000,1950000
2020-09-16 14:38:35.755000,1.04859,1.04856,3750000,2820000
2020-09-16 14:38:36.734000,1.04859,1.04856,3750000,1310000
2020-09-16 14:38:37.573000,1.04858,1.04855,1250000,7320000
2020-09-16 14:38:37.675000,1.04859,1.04855,5440000,5060000
2020-09-16 14:38:37.776000,1.04858,1.04855,1000000,4310000
2020-09-16 14:38:38.257000,1.04858,1.04854,2440000,2060000
2020-09-16 14:38:38.359000,1.04856,1.04853,1690000,6120000
2020-09-16 14:38:38.410000,1.04855,1.04852,4690000,1950000
2020-09-16 14:38:38.612000,1.04854,1.04851,1000000,7390000
2020-09-16 14:38:38.765000,1.04853,1.0485,1000000,5060000
2020-09-16 14:38:38.967000,1.04853,1.04849,5060000,2440000
2020-09-16 14:38:39.170000,1.04853,1.0485,4310000,1000000
2020-09-16 14:38:39.424000,1.04852,1.0485,1000000,1000000
2020-09-16 14:38:41.176000,1.04853,1.0485,4120000,2500000
2020-09-16 14:38:41.278000,1.04854,1.04852,1000000,2060000
2020-09-16 14:38:42.080000,1.04854,1.04853,1000000,1000000
2020-09-16 14:38:42.547000,1.04856,1.04854,1000000,1690000
2020-09-16 14:38:42.648000,1.04858,1.04855,4500000,1250000
2020-09-16 14:38:46.925000,1.04858,1.04856,1000000,1000000
2020-09-16 14:38:47.203000,1.04859,1.04856,4500000,1000000
2020-09-16 14:38:47.557000,1.0486,1.04855,3750000,4000000
2020-09-16 14:38:48.429000,1.04859,1.04858,1000000,1000000
2020-09-16 14:38:49.528000,1.04859,1.04857,1000000,1310000
2020-09-16 14:38:50.171000,1.04859,1.04856,3750000,3370000
2020-09-16 14:38:50.273000,1.04856,1.04854,1000000,2940000
2020-09-16 14:38:50.374000,1.04856,1.04854,1000000,2060000
2020-09-16 14:38:50.475000,1.04857,1.04854,5250000,1690000
2020-09-16 14:38:50.576000,1.04857,1.04855,4500000,1000000
2020-09-16 14:38:50.678000,1.04858,1.04855,3750000,2440000
2020-09-16 14:38:50.779000,1.04858,1.04856,1000000,1690000
2020-09-16 14:38:53.544000,1.04859,1.04856,1690000,2250000
2020-09-16 14:38:54.458000,1.04858,1.04856,1250000,1500000
2020-09-16 14:38:54.563000,1.04856,1.04854,2440000,1000000
2020-09-16 14:38:54.664000,1.04856,1.04853,2810000,4870000
2020-09-16 14:38:54.790000,1.04855,1.04853,1000000,4870000
2020-09-16 14:38:56.518000,1.04858,1.04855,2060000,2250000
2020-09-16 14:38:56.619000,1.04858,1.04856,1250000,1500000
2020-09-16 14:38:57.693000,1.04859,1.04856,4690000,1500000
2020-09-16 14:39:00.736000,1.0486,1.04857,2440000,1000000
2020-09-16 14:39:04.920000,1.04862,1.04859,4810000,2440000
2020-09-16 14:39:05.021000,1.04863,1.04861,7060000,1000000
2020-09-16 14:39:05.072000,1.04865,1.04864,1120000,1000000
2020-09-16 14:39:07.102000,1.04866,1.04865,4310000,1000000
2020-09-16 14:39:07.203000,1.04867,1.04865,2060000,1000000
2020-09-16 14:39:07.623000,1.04866,1.04865,1690000,1000000
2020-09-16 14:39:08.586000,1.04866,1.04864,1250000,1000000
2020-09-16 14:39:08.637000,1.04864,1.04863,1250000,1500000
2020-09-16 14:39:08.789000,1.04865,1.04863,1250000,1000000
2020-09-16 14:39:09.200000,1.04864,1.04862,1250000,4500000
2020-09-16 14:39:09.716000,1.04864,1.04863,1250000,1000000
2020-09-16 14:39:13.592000,1.04865,1.04863,4310000,1000000
2020-09-16 14:39:13.850000,1.04867,1.04862,2060000,3750000
2020-09-16 14:39:15.848000,1.04865,1.04863,1250000,1120000
2020-09-16 14:39:15.949000,1.04862,1.04861,1000000,1120000
2020-09-16 14:39:16,1.04862,1.0486,2810000,1000000
2020-09-16 14:39:16.101000,1.04861,1.04858,7060000,1000000
2020-09-16 14:39:17.148000,1.04862,1.04857,5060000,1000000
2020-09-16 14:39:17.905000,1.04859,1.04857,1000000,5810000
2020-09-16 14:39:19.951000,1.0486,1.04856,1000000,8120000
2020-09-16 14:39:20.002000,1.04863,1.04861,1950000,1000000
2020-09-16 14:39:20.052000,1.04861,1.0486,1000000,1500000
2020-09-16 14:39:20.103000,1.04861,1.04858,1690000,5620000
2020-09-16 14:39:22.205000,1.0486,1.04858,1000000,1500000
2020-09-16 14:39:22.351000,1.0486,1.04857,3750000,2060000
2020-09-16 14:39:25.230000,1.04856,1.04854,1000000,4570000
2020-09-16 14:39:25.331000,1.04855,1.04852,1250000,5750000
2020-09-16 14:39:25.540000,1.04855,1.04852,1690000,1870000
2020-09-16 14:39:25.767000,1.04854,1.04852,1250000,1120000
2020-09-16 14:39:25.976000,1.04855,1.04851,3190000,7060000
2020-09-16 14:39:26.178000,1.04855,1.04851,6190000,6560000
2020-09-16 14:39:26.565000,1.04855,1.04851,6190000,7440000
2020-09-16 14:39:36.440000,1.04853,1.04852,1000000,1870000
2020-09-16 14:39:36.492000,1.04851,1.0485,1690000,1000000
2020-09-16 14:39:36.543000,1.04851,1.04847,2440000,1760000
2020-09-16 14:39:36.594000,1.04851,1.04847,1500000,20350000
2020-09-16 14:39:36.646000,1.04852,1.04851,1000000,3750000
2020-09-16 14:39:36.748000,1.04853,1.04851,1690000,3870000
2020-09-16 14:39:36.850000,1.04854,1.04851,1000000,5640000
2020-09-16 14:39:37.649000,1.04852,1.04851,1250000,4500000
2020-09-16 14:39:37.700000,1.04852,1.0485,3370000,1000000
2020-09-16 14:39:37.802000,1.04851,1.0485,1690000,1000000
2020-09-16 14:39:37.904000,1.04853,1.0485,1500000,3870000
2020-09-16 14:39:38.006000,1.04853,1.04851,1250000,4620000
2020-09-16 14:39:38.159000,1.04853,1.0485,1000000,1500000
2020-09-16 14:39:38.261000,1.04853,1.04851,1250000,1500000
2020-09-16 14:39:38.645000,1.04852,1.0485,3370000,1690000
2020-09-16 14:39:38.747000,1.04852,1.0485,2120000,1000000
2020-09-16 14:39:38.849000,1.04852,1.0485,3370000,1690000
2020-09-16 14:39:38.950000,1.04853,1.0485,2810000,1690000
2020-09-16 14:39:39.672000,1.04853,1.04851,4690000,1000000
2020-09-16 14:39:40.147000,1.04852,1.0485,1000000,1310000
2020-09-16 14:39:40.251000,1.04851,1.04848,3000000,3750000
2020-09-16 14:39:40.353000,1.04851,1.04848,5810000,1000000
2020-09-16 14:39:40.454000,1.04852,1.04849,1250000,4500000
2020-09-16 14:39:40.657000,1.04853,1.0485,1690000,1000000
2020-09-16 14:39:41.402000,1.04854,1.04853,1500000,1250000
2020-09-16 14:39:41.503000,1.04858,1.04855,2560000,1000000
2020-09-16 14:39:41.554000,1.04858,1.04856,1690000,1100000
2020-09-16 14:39:41.656000,1.0486,1.04856,1690000,4500000
2020-09-16 14:39:41.757000,1.04859,1.04858,1250000,1000000
2020-09-16 14:39:41.858000,1.0486,1.04858,1250000,1500000
2020-09-16 14:39:41.960000,1.04861,1.04858,4690000,1500000
2020-09-16 14:39:42.213000,1.04859,1.04858,1250000,1000000
2020-09-16 14:39:44.083000,1.0486,1.04858,1690000,1000000
2020-09-16 14:39:45.351000,1.04861,1.04858,5440000,1500000
2020-09-16 14:39:46.723000,1.04861,1.04859,1000000,1000000
2020-09-16 14:39:46.976000,1.04864,1.04862,2560000,1500000
2020-09-16 14:39:47.077000,1.04864,1.04862,1250000,2250000
2020-09-16 14:39:47.233000,1.04864,1.04861,1970000,5250000
2020-09-16 14:39:47.334000,1.04862,1.0486,1750000,1000000
2020-09-16 14:39:47.487000,1.04862,1.04859,2500000,3000000
2020-09-16 14:39:47.689000,1.04861,1.04858,3940000,4120000
2020-09-16 14:39:47.957000,1.04861,1.04859,1250000,3000000
2020-09-16 14:39:48.062000,1.04861,1.04858,3940000,3750000
2020-09-16 14:39:48.163000,1.0486,1.04859,1250000,3000000
2020-09-16 14:39:48.365000,1.0486,1.04858,1250000,2250000
2020-09-16 14:39:48.982000,1.04861,1.04858,1250000,3000000
2020-09-16 14:39:49.083000,1.0486,1.04858,1250000,2250000
2020-09-16 14:39:49.504000,1.0486,1.04859,1250000,3000000
2020-09-16 14:39:49.605000,1.04861,1.04859,3000000,1000000
2020-09-16 14:39:49.706000,1.04862,1.04859,2810000,3750000
2020-09-16 14:39:49.808000,1.04861,1.04858,3940000,2250000
2020-09-16 14:39:53.281000,1.0486,1.04858,1000000,2250000
2020-09-16 14:39:53.825000,1.04859,1.04858,1000000,1500000
2020-09-16 14:39:53.926000,1.0486,1.04858,1000000,2250000
2020-09-16 14:39:54.041000,1.04862,1.04857,6190000,2250000
2020-09-16 14:39:55.189000,1.0486,1.04858,1000000,1000000
2020-09-16 14:39:55.291000,1.04861,1.04858,6190000,1000000
2020-09-16 14:39:59.085000,1.04858,1.04857,1690000,1000000
2020-09-16 14:39:59.136000,1.04857,1.04855,1000000,1000000
2020-09-16 14:39:59.237000,1.04856,1.04853,1000000,7850000
2020-09-16 14:39:59.339000,1.04858,1.04855,3000000,4070000
2020-09-16 14:39:59.390000,1.0486,1.04857,5440000,1500000
2020-09-16 14:40:03.836000,1.04859,1.04856,1000000,4310000
2020-09-16 14:40:03.887000,1.04856,1.04855,2250000,1250000
2020-09-16 14:40:03.938000,1.04855,1.04852,1000000,4760000
2020-09-16 14:40:04.039000,1.04854,1.04851,1000000,5500000
2020-09-16 14:40:08.553000,1.04855,1.0485,1250000,3640000
2020-09-16 14:40:11.072000,1.04855,1.04852,2250000,2290000
2020-09-16 14:40:11.174000,1.04858,1.04854,1000000,3190000
2020-09-16 14:40:11.277000,1.04858,1.04856,1000000,1200000
2020-09-16 14:40:11.379000,1.04859,1.04856,1690000,4950000
2020-09-16 14:40:13.790000,1.04861,1.04856,3750000,4450000
2020-09-16 14:40:13.891000,1.0486,1.04857,1000000,7390000
2020-09-16 14:40:15.323000,1.04861,1.04858,3190000,1000000
2020-09-16 14:40:16.467000,1.04861,1.04857,6190000,6560000
2020-09-16 14:40:16.569000,1.04861,1.04856,3000000,3560000
2020-09-16 14:40:17.039000,1.0486,1.04858,3000000,1000000
2020-09-16 14:40:17.411000,1.04861,1.04858,2440000,1000000
2020-09-16 14:40:18.848000,1.0486,1.04858,3000000,1000000
2020-09-16 14:40:20.374000,1.04859,1.04857,1250000,1000000
2020-09-16 14:40:20.425000,1.04856,1.04855,1000000,2060000
2020-09-16 14:40:20.526000,1.04856,1.04854,1120000,1250000
2020-09-16 14:40:20.679000,1.04857,1.04855,4690000,1000000
2020-09-16 14:40:20.791000,1.04856,1.04855,1000000,1000000
2020-09-16 14:40:20.893000,1.04855,1.04854,1250000,1000000
2020-09-16 14:40:20.994000,1.04855,1.04852,3940000,4510000
2020-09-16 14:40:21.095000,1.04855,1.04852,4750000,4320000
2020-09-16 14:40:21.661000,1.04855,1.04852,4750000,3750000
2020-09-16 14:40:22.817000,1.04856,1.04852,4750000,1000000
2020-09-16 14:40:22.918000,1.04855,1.04852,4750000,3370000
2020-09-16 14:40:25.458000,1.04855,1.04852,3940000,2810000
2020-09-16 14:40:30.748000,1.04854,1.04852,3940000,1870000
2020-09-16 14:40:35.954000,1.04851,1.0485,1000000,2440000
2020-09-16 14:40:36.005000,1.04852,1.0485,3940000,1120000
2020-09-16 14:40:36.106000,1.04852,1.04851,1000000,1000000
2020-09-16 14:40:36.363000,1.04854,1.0485,5440000,1000000
2020-09-16 14:40:38.080000,1.04854,1.04851,5560000,4040000
2020-09-16 14:40:38.181000,1.04854,1.04851,4690000,4040000
2020-09-16 14:40:38.333000,1.04854,1.04851,4690000,3640000
2020-09-16 14:40:40.015000,1.04854,1.04851,4690000,4510000
2020-09-16 14:40:42.953000,1.04854,1.04852,2620000,1000000
2020-09-16 14:40:43.054000,1.04854,1.04851,5620000,2620000
2020-09-16 14:40:43.206000,1.04854,1.04852,4750000,1000000
2020-09-16 14:40:43.308000,1.04854,1.04851,1750000,4570000
2020-09-16 14:40:46.466000,1.04854,1.04852,4750000,1000000
2020-09-16 14:40:46.567000,1.04854,1.04852,1000000,1000000
2020-09-16 14:40:47.213000,1.04854,1.04851,1000000,3560000
2020-09-16 14:40:47.415000,1.04855,1.04851,1000000,1000000
2020-09-16 14:40:50.183000,1.04851,1.04849,2810000,1120000
2020-09-16 14:40:50.285000,1.04848,1.04847,1000000,1000000
2020-09-16 14:40:51.143000,1.0485,1.04846,4310000,1000000
2020-09-16 14:40:51.653000,1.0485,1.04847,1000000,1250000
2020-09-16 14:40:53.464000,1.0485,1.04848,3750000,1000000
2020-09-16 14:40:54.756000,1.04845,1.04844,2250000,1000000
2020-09-16 14:40:54.807000,1.04845,1.04842,4870000,1000000
2020-09-16 14:40:54.858000,1.04843,1.04841,1000000,1250000
2020-09-16 14:40:54.960000,1.04842,1.0484,1120000,1750000
2020-09-16 14:40:55.061000,1.04843,1.04838,1120000,4690000
2020-09-16 14:40:56.072000,1.04843,1.0484,5060000,1500000
2020-09-16 14:40:56.123000,1.04845,1.04843,2750000,1000000
2020-09-16 14:40:56.225000,1.04845,1.04844,1000000,1000000
2020-09-16 14:40:56.275000,1.04847,1.04845,3000000,1250000
2020-09-16 14:40:56.427000,1.04849,1.04844,5250000,1250000
2020-09-16 14:41:00.518000,1.04849,1.04845,2060000,2440000
2020-09-16 14:41:01.676000,1.04848,1.04845,1000000,5440000
2020-09-16 14:41:02.279000,1.04849,1.04845,5060000,5440000
2020-09-16 14:41:03.939000,1.04849,1.04846,1500000,3190000
2020-09-16 14:41:03.990000,1.04853,1.04851,4120000,1000000
2020-09-16 14:41:04.091000,1.04854,1.04851,1250000,2250000
2020-09-16 14:41:04.294000,1.04854,1.04852,1000000,1950000
2020-09-16 14:41:04.899000,1.04852,1.0485,1000000,5940000
2020-09-16 14:41:05.001000,1.04853,1.04851,3000000,1250000
2020-09-16 14:41:05.102000,1.04854,1.04851,5060000,1250000
2020-09-16 14:41:05.217000,1.04853,1.04851,3000000,1250000
2020-09-16 14:41:08.573000,1.04853,1.0485,1250000,3190000
2020-09-16 14:41:10.051000,1.04853,1.0485,6620000,2250000
2020-09-16 14:41:10.153000,1.04853,1.0485,2620000,1690000
2020-09-16 14:41:10.254000,1.04853,1.04851,1870000,1000000
2020-09-16 14:41:10.937000,1.04854,1.04849,1000000,3560000
2020-09-16 14:41:15.747000,1.04852,1.0485,3000000,1690000
2020-09-16 14:41:15.849000,1.04852,1.04848,3940000,1500000
2020-09-16 14:41:15.950000,1.04851,1.04848,2500000,1000000
2020-09-16 14:41:16.051000,1.04849,1.04847,1250000,3750000
2020-09-16 14:41:16.102000,1.04849,1.04848,1690000,1000000
2020-09-16 14:41:16.641000,1.04848,1.04847,1250000,3750000
2020-09-16 14:41:16.692000,1.04848,1.04845,2500000,1000000
2020-09-16 14:41:16.793000,1.04844,1.04843,1000000,1120000
2020-09-16 14:41:16.895000,1.04845,1.0484,1750000,1000000
2020-09-16 14:41:17.047000,1.04843,1.0484,1250000,1500000
2020-09-16 14:41:19.361000,1.04843,1.0484,4310000,1000000
2020-09-16 14:41:19.678000,1.04842,1.0484,3000000,1000000
2020-09-16 14:41:19.779000,1.04843,1.0484,4310000,1000000
2020-09-16 14:41:19.981000,1.04841,1.0484,1250000,1000000
2020-09-16 14:41:20.032000,1.04839,1.04837,1000000,1500000
2020-09-16 14:41:20.135000,1.0484,1.04838,5620000,1000000
2020-09-16 14:41:20.339000,1.04841,1.04838,2560000,1000000
2020-09-16 14:41:20.390000,1.04842,1.04839,3000000,2440000
2020-09-16 14:41:20.491000,1.04842,1.0484,3000000,1000000
2020-09-16 14:41:20.593000,1.04843,1.0484,1120000,1000000
2020-09-16 14:41:22.312000,1.04842,1.0484,3000000,1000000
2020-09-16 14:41:22.546000,1.04843,1.0484,1120000,1000000
2020-09-16 14:41:22.799000,1.0484,1.04838,1750000,1000000
2020-09-16 14:41:22.900000,1.04839,1.04837,1120000,1000000
2020-09-16 14:41:23.514000,1.04838,1.04837,1000000,1000000
2020-09-16 14:41:24.627000,1.04838,1.04836,1000000,1000000
2020-09-16 14:41:27.624000,1.04839,1.04836,4120000,1500000
2020-09-16 14:41:27.725000,1.04842,1.04838,5060000,2810000
2020-09-16 14:41:28.425000,1.04841,1.04838,3000000,2810000
2020-09-16 14:41:28.910000,1.0484,1.04836,1250000,4120000
2020-09-16 14:41:29.011000,1.04838,1.04836,1000000,1690000
2020-09-16 14:41:29.113000,1.04839,1.04836,3940000,1690000
2020-09-16 14:41:31.824000,1.04838,1.04836,1000000,3190000
2020-09-16 14:41:31.976000,1.04839,1.04836,1120000,5140000
2020-09-16 14:41:32.078000,1.0484,1.04837,5370000,1250000
2020-09-16 14:41:32.181000,1.0484,1.04839,3750000,1690000
2020-09-16 14:41:33.129000,1.0484,1.04838,3870000,1500000
2020-09-16 14:41:34.052000,1.04839,1.04836,1310000,3940000
2020-09-16 14:41:34.405000,1.0484,1.04836,4690000,6640000
2020-09-16 14:41:34.506000,1.0484,1.04837,1500000,3190000
2020-09-16 14:41:35.459000,1.04841,1.04839,3000000,1690000
2020-09-16 14:41:35.560000,1.04842,1.04839,3750000,1690000
2020-09-16 14:41:35.863000,1.04842,1.04839,4750000,1000000
2020-09-16 14:41:35.965000,1.0484,1.04839,3940000,1000000
2020-09-16 14:41:36.066000,1.04839,1.04838,1000000,1000000
2020-09-16 14:41:37.032000,1.04839,1.04837,1250000,1000000
2020-09-16 14:41:37.133000,1.04839,1.04836,1000000,1000000
2020-09-16 14:41:37.286000,1.04838,1.04836,1000000,1250000
2020-09-16 14:41:37.901000,1.04839,1.04836,5060000,1250000
2020-09-16 14:41:38.003000,1.0484,1.04835,4870000,1750000
2020-09-16 14:41:38.937000,1.04838,1.04836,1000000,1750000
2020-09-16 14:41:39.039000,1.04838,1.04836,1000000,1690000
2020-09-16 14:41:46.839000,1.04839,1.04836,1500000,1570000
2020-09-16 14:41:47.427000,1.04841,1.04838,1500000,2250000
2020-09-16 14:41:47.528000,1.04842,1.04838,3750000,1000000
2020-09-16 14:41:47.782000,1.04842,1.04839,1500000,1500000
2020-09-16 14:41:51.965000,1.04842,1.04838,4500000,6940000
2020-09-16 14:41:54.202000,1.04842,1.04839,3750000,1500000
2020-09-16 14:41:57.862000,1.0484,1.04839,1000000,1000000
2020-09-16 14:41:57.913000,1.04839,1.04837,3000000,1000000
2020-09-16 14:41:58.016000,1.04839,1.04836,1870000,1690000
2020-09-16 14:41:59.938000,1.04838,1.04835,1000000,4000000
2020-09-16 14:42:01.292000,1.04838,1.04835,3940000,2440000
2020-09-16 14:42:02.994000,1.04838,1.04834,3000000,1690000
2020-09-16 14:42:03.147000,1.04835,1.04834,3560000,1000000
2020-09-16 14:42:03.197000,1.04834,1.04832,1000000,2210000
2020-09-16 14:42:03.299000,1.04834,1.04833,1000000,1500000
2020-09-16 14:42:03.401000,1.04834,1.04832,1000000,2890000
2020-09-16 14:42:03.953000,1.04836,1.04831,4500000,3640000
2020-09-16 14:42:04.411000,1.04835,1.04833,3750000,1250000
2020-09-16 14:42:04.613000,1.04835,1.04832,3750000,3640000
2020-09-16 14:42:04.715000,1.04834,1.04831,4500000,3260000
2020-09-16 14:42:06.296000,1.04833,1.04831,1000000,1500000
2020-09-16 14:42:06.398000,1.04833,1.0483,1690000,3750000
2020-09-16 14:42:08.205000,1.04832,1.04829,4690000,1500000
2020-09-16 14:42:08.559000,1.04832,1.0483,1000000,3000000
2020-09-16 14:42:11.605000,1.04834,1.04829,5440000,1500000
2020-09-16 14:42:13.417000,1.04834,1.0483,1690000,1000000
2020-09-16 14:42:17.303000,1.04834,1.04833,1000000,2250000
2020-09-16 14:42:17.354000,1.04838,1.04833,1000000,2440000
2020-09-16 14:42:17.506000,1.04836,1.04834,4500000,1000000
2020-09-16 14:42:17.608000,1.04836,1.04835,1250000,1000000
2020-09-16 14:42:17.810000,1.04838,1.04835,4600000,3750000
2020-09-16 14:42:19.117000,1.04838,1.04835,1690000,1000000
2020-09-16 14:42:20.082000,1.04838,1.04836,1250000,1000000
2020-09-16 14:42:20.588000,1.04838,1.04835,1250000,4500000
2020-09-16 14:42:20.639000,1.04841,1.04839,2440000,1000000
2020-09-16 14:42:20.740000,1.04842,1.0484,1250000,1000000
2020-09-16 14:42:21.094000,1.04843,1.0484,1690000,1250000
2020-09-16 14:42:21.942000,1.04843,1.0484,3250000,1000000
2020-09-16 14:42:23.324000,1.04843,1.04841,3250000,3000000
2020-09-16 14:42:23.426000,1.04841,1.04838,1690000,3000000
2020-09-16 14:42:24.697000,1.0484,1.04838,1250000,4500000
2020-09-16 14:42:24.900000,1.04841,1.04838,1250000,6000000
2020-09-16 14:42:26.666000,1.04842,1.0484,1250000,1000000
2020-09-16 14:42:26.768000,1.04843,1.04838,1250000,5250000
2020-09-16 14:42:27.355000,1.0484,1.04838,1250000,1120000
2020-09-16 14:42:27.456000,1.04838,1.04836,1250000,4500000
2020-09-16 14:42:29.633000,1.04838,1.04835,1690000,4500000
2020-09-16 14:42:30.299000,1.04838,1.04836,1690000,3000000
2020-09-16 14:42:30.610000,1.04838,1.04835,1690000,4500000
2020-09-16 14:42:30.711000,1.04838,1.04836,1690000,3000000
2020-09-16 14:42:31.523000,1.04838,1.04835,2440000,3750000
2020-09-16 14:42:31.675000,1.04837,1.04835,1000000,3750000
2020-09-16 14:42:31.726000,1.04833,1.04831,1000000,6950000
2020-09-16 14:42:31.827000,1.04834,1.04831,1500000,1750000
2020-09-16 14:42:32.163000,1.04833,1.04831,1500000,1250000
2020-09-16 14:42:32.264000,1.04832,1.04831,1000000,1250000
2020-09-16 14:42:37.343000,1.04833,1.04831,4500000,1250000
2020-09-16 14:42:37.444000,1.04833,1.04829,1250000,3000000
2020-09-16 14:42:37.545000,1.04834,1.04829,1250000,3000000
2020-09-16 14:42:37.596000,1.04836,1.04834,6500000,1250000
2020-09-16 14:42:37.647000,1.04837,1.04834,4570000,1690000
2020-09-16 14:42:37.850000,1.04838,1.04834,5810000,1690000
2020-09-16 14:42:39.756000,1.04839,1.04837,1120000,3250000
2020-09-16 14:42:39.808000,1.04842,1.0484,4250000,1000000
2020-09-16 14:42:39.909000,1.04844,1.04839,3500000,1690000
2020-09-16 14:42:40.011000,1.04843,1.0484,3000000,2060000
2020-09-16 14:42:40.113000,1.04844,1.04841,2440000,3000000
2020-09-16 14:42:40.215000,1.04843,1.0484,3190000,1870000
2020-09-16 14:42:41.993000,1.04844,1.04841,2440000,3000000
2020-09-16 14:42:42.834000,1.04843,1.0484,3000000,1690000
2020-09-16 14:42:42.936000,1.04844,1.0484,5250000,5500000
2020-09-16 14:42:43.557000,1.04847,1.04844,4320000,4370000
2020-09-16 14:42:43.659000,1.04848,1.04845,3750000,2440000
2020-09-16 14:42:44.107000,1.04848,1.04846,1000000,3000000
2020-09-16 14:42:44.403000,1.04849,1.04846,1000000,1250000
2020-09-16 14:42:44.508000,1.04849,1.04847,1000000,3000000
2020-09-16 14:42:44.774000,1.0485,1.04845,1000000,1250000
2020-09-16 14:42:45.048000,1.0485,1.04846,1000000,3000000
2020-09-16 14:42:45.154000,1.04849,1.04846,3750000,1250000
2020-09-16 14:42:49.397000,1.04849,1.04847,1000000,1000000
2020-09-16 14:42:50.309000,1.0485,1.04847,3190000,1500000
2020-09-16 14:42:50.410000,1.04852,1.04846,5060000,4690000
2020-09-16 14:42:50.997000,1.0485,1.04847,1250000,3750000
2020-09-16 14:42:51.309000,1.04849,1.04847,3000000,1000000
2020-09-16 14:42:51.474000,1.0485,1.04847,3940000,1000000
2020-09-16 14:42:51.994000,1.04849,1.04846,1250000,1000000
2020-09-16 14:42:52.096000,1.04847,1.04845,3000000,2690000
2020-09-16 14:42:52.147000,1.04851,1.04849,3940000,1000000
2020-09-16 14:42:52.300000,1.04853,1.04852,3000000,1000000
2020-09-16 14:42:52.402000,1.04854,1.04851,3940000,2250000
2020-09-16 14:42:53.141000,1.04853,1.04851,3750000,1000000
2020-09-16 14:42:53.242000,1.04853,1.0485,3750000,1250000
2020-09-16 14:42:53.343000,1.04852,1.0485,3000000,1250000
2020-09-16 14:42:54.269000,1.04853,1.0485,3750000,1250000
2020-09-16 14:42:54.488000,1.04852,1.0485,3000000,1000000
2020-09-16 14:42:54.601000,1.04853,1.0485,5440000,1000000
2020-09-16 14:43:05.364000,1.04855,1.04851,4500000,3250000
2020-09-16 14:43:05.516000,1.04854,1.04851,3750000,4370000
2020-09-16 14:43:06.051000,1.04855,1.0485,3750000,2810000
2020-09-16 14:43:06.153000,1.04853,1.04851,3000000,1000000
2020-09-16 14:43:06.255000,1.0485,1.04849,1000000,1000000
2020-09-16 14:43:06.356000,1.04851,1.04847,1000000,1250000
2020-09-16 14:43:06.710000,1.04849,1.04847,1000000,1750000
2020-09-16 14:43:06.811000,1.04849,1.04847,3750000,1250000
2020-09-16 14:43:12.476000,1.04844,1.04843,1250000,1000000
2020-09-16 14:43:12.527000,1.04844,1.04842,1250000,1000000
2020-09-16 14:43:12.780000,1.04843,1.04841,3000000,1250000
2020-09-16 14:43:14.924000,1.0484,1.04838,1000000,3250000
2020-09-16 14:43:14.975000,1.0484,1.04837,1000000,4690000
2020-09-16 14:43:15.504000,1.04842,1.04837,3940000,1000000
2020-09-16 14:43:15.605000,1.04841,1.04839,1250000,1000000
2020-09-16 14:43:15.706000,1.04841,1.04838,1250000,1000000
2020-09-16 14:43:18.605000,1.04842,1.04839,6700000,1000000
2020-09-16 14:43:18.808000,1.04843,1.0484,6620000,1000000
2020-09-16 14:43:22.775000,1.04843,1.0484,3190000,1500000
2020-09-16 14:43:22.876000,1.04844,1.04841,3190000,3750000
2020-09-16 14:43:23.195000,1.04845,1.04841,2250000,1000000
2020-09-16 14:43:25.334000,1.04847,1.04846,1120000,1000000
2020-09-16 14:43:25.436000,1.04848,1.04846,3000000,1250000
2020-09-16 14:43:25.587000,1.04849,1.04846,1690000,4690000
2020-09-16 14:43:26.302000,1.0485,1.04847,4000000,3000000
2020-09-16 14:43:26.404000,1.0485,1.04846,2440000,7750000
2020-09-16 14:43:26.606000,1.0485,1.04848,2440000,1000000
2020-09-16 14:43:26.711000,1.04852,1.0485,3750000,1690000
