time,ask,bid,ask_volume,bid_volume
2017-08-15 13:55:00.379000,1.10686,1.10683,2060000,1000000
2017-08-15 13:55:00.637000,1.10687,1.10685,1870000,1000000
2017-08-15 13:55:02.192000,1.10685,1.10683,1000000,2440000
2017-08-15 13:55:02.297000,1.10687,1.10684,1500000,1000000
2017-08-15 13:55:02.709000,1.10688,1.10686,1870000,1000000
2017-08-15 13:55:03.252000,1.10687,1.10684,1000000,2440000
2017-08-15 13:55:06.048000,1.10688,1.10684,2250000,1690000
2017-08-15 13:55:06.308000,1.10689,1.10685,3000000,3190000
2017-08-15 13:55:06.868000,1.10689,1.10685,4880000,2810000
2017-08-15 13:55:07.534000,1.10689,1.10685,1870000,3750000
2017-08-15 13:55:08.071000,1.10691,1.10687,5320000,2440000
2017-08-15 13:55:08.585000,1.10691,1.10687,1870000,3560000
2017-08-15 13:55:11.136000,1.10692,1.10688,2630000,2510000
2017-08-15 13:55:11.705000,1.10691,1.10688,1000000,1690000
2017-08-15 13:55:12.241000,1.10692,1.10689,1000000,1500000
2017-08-15 13:55:12.884000,1.10692,1.1069,1000000,3000000
2017-08-15 13:55:13.039000,1.10697,1.10694,4690000,2250000
2017-08-15 13:55:13.287000,1.10697,1.10694,1370000,2140000
2017-08-15 13:55:13.393000,1.10698,1.10695,400000,2140000
2017-08-15 13:55:14.273000,1.10698,1.10696,400000,2890000
2017-08-15 13:55:14.784000,1.10698,1.10695,400000,2060000
2017-08-15 13:55:15.353000,1.10698,1.10695,400000,2510000
2017-08-15 13:55:16.091000,1.10698,1.10696,1400000,1000000
2017-08-15 13:55:16.593000,1.10697,1.10695,1000000,1570000
2017-08-15 13:55:17.105000,1.10698,1.10695,2400000,1570000
2017-08-15 13:55:17.679000,1.10697,1.10695,1000000,1500000
2017-08-15 13:55:18.221000,1.10698,1.10696,1400000,1000000
2017-08-15 13:55:18.910000,1.10698,1.10697,400000,1000000
2017-08-15 13:55:21.192000,1.10698,1.10696,380000,1120000
2017-08-15 13:55:21.668000,1.10698,1.10697,380000,1000000
2017-08-15 13:55:22.024000,1.10698,1.10696,380000,1120000
2017-08-15 13:55:22.538000,1.10698,1.10695,1880000,1120000
2017-08-15 13:55:23.740000,1.10698,1.10696,880000,1000000
2017-08-15 13:55:23.844000,1.10698,1.10697,380000,4690000
2017-08-15 13:55:23.947000,1.10702,1.10699,1500000,2250000
2017-08-15 13:55:23.999000,1.10706,1.10704,1370000,1000000
2017-08-15 13:55:24.205000,1.10707,1.10703,2140000,1200000
2017-08-15 13:55:24.752000,1.10706,1.10702,3450000,1100000
2017-08-15 13:55:25.007000,1.10705,1.10701,2060000,1200000
2017-08-15 13:55:25.161000,1.10703,1.10699,1000000,4010000
2017-08-15 13:55:25.265000,1.10703,1.10699,4500000,1120000
2017-08-15 13:55:25.673000,1.10701,1.10696,1690000,3640000
2017-08-15 13:55:26.135000,1.10699,1.10695,1250000,1000000
2017-08-15 13:55:26.645000,1.10699,1.10695,2630000,1000000
2017-08-15 13:55:27.913000,1.10698,1.10693,2250000,2700000
2017-08-15 13:55:34.693000,1.10697,1.10693,1250000,2250000
2017-08-15 13:55:35.837000,1.10695,1.10693,1880000,1000000
2017-08-15 13:55:35.940000,1.10695,1.10691,4130000,1000000
2017-08-15 13:55:36.126000,1.10696,1.10692,2250000,3000000
2017-08-15 13:55:36.688000,1.10697,1.10693,2060000,1120000
2017-08-15 13:55:37.204000,1.10698,1.10694,1690000,1870000
2017-08-15 13:55:38.227000,1.10699,1.10696,1690000,3370000
2017-08-15 13:55:38.739000,1.107,1.10696,1310000,2620000
2017-08-15 13:55:39.277000,1.10699,1.10696,1000000,1370000
2017-08-15 13:55:39.685000,1.10699,1.10695,2630000,1120000
2017-08-15 13:55:41.957000,1.10699,1.10695,2060000,1870000
2017-08-15 13:55:42.468000,1.10699,1.10695,1950000,1870000
2017-08-15 13:55:42.997000,1.10698,1.10695,1000000,1870000
2017-08-15 13:55:43.515000,1.10698,1.10695,1250000,1500000
2017-08-15 13:55:46.849000,1.10699,1.10695,2250000,2060000
2017-08-15 13:55:47.563000,1.107,1.10696,1870000,1310000
2017-08-15 13:55:50.122000,1.10699,1.10696,1000000,1120000
2017-08-15 13:55:50.633000,1.10697,1.10693,3380000,2250000
2017-08-15 13:55:50.685000,1.10695,1.10693,1000000,1000000
2017-08-15 13:55:51.284000,1.10693,1.10692,1000000,1310000
2017-08-15 13:55:51.387000,1.10693,1.1069,1310000,1310000
2017-08-15 13:55:51.932000,1.10694,1.10692,2250000,1000000
2017-08-15 13:55:52.035000,1.10696,1.10693,1310000,1120000
2017-08-15 13:55:54.090000,1.10697,1.10693,3190000,3370000
2017-08-15 13:55:54.597000,1.10697,1.10693,1500000,3940000
2017-08-15 13:55:55.224000,1.10697,1.10693,1500000,3560000
2017-08-15 13:55:58.702000,1.10695,1.10693,1250000,1000000
2017-08-15 13:55:59.239000,1.10696,1.10692,2810000,1000000
2017-08-15 13:56:00.076000,1.10696,1.10692,1690000,3450000
2017-08-15 13:56:00.678000,1.10696,1.10692,1310000,3820000
2017-08-15 13:56:01.221000,1.10695,1.10692,1000000,4010000
2017-08-15 13:56:01.554000,1.10697,1.10694,2330000,1000000
2017-08-15 13:56:02.180000,1.10697,1.10694,3450000,1000000
2017-08-15 13:56:06.413000,1.10698,1.10696,1370000,1000000
2017-08-15 13:56:07.439000,1.10698,1.10696,1500000,1000000
2017-08-15 13:56:07.750000,1.107,1.10698,8440000,1000000
2017-08-15 13:56:08.060000,1.10698,1.10695,9750000,1000000
2017-08-15 13:56:09.265000,1.10698,1.10696,7870000,1000000
2017-08-15 13:56:09.572000,1.107,1.10697,9190000,1000000
2017-08-15 13:56:10.106000,1.10699,1.10696,1000000,2060000
2017-08-15 13:56:10.829000,1.10698,1.10695,1120000,3070000
2017-08-15 13:56:11.577000,1.10699,1.10695,1000000,3450000
2017-08-15 13:56:12.535000,1.107,1.10698,3000000,1000000
2017-08-15 13:56:12.947000,1.10703,1.107,2510000,1500000
2017-08-15 13:56:13.468000,1.10703,1.107,2060000,2620000
2017-08-15 13:56:13.985000,1.10703,1.107,1310000,2620000
2017-08-15 13:56:14.675000,1.10704,1.10703,1880000,1000000
2017-08-15 13:56:14.727000,1.10707,1.10704,2620000,1000000
2017-08-15 13:56:15.349000,1.10708,1.10706,3370000,1000000
2017-08-15 13:56:15.860000,1.10709,1.10707,2250000,1000000
2017-08-15 13:56:17.537000,1.1071,1.10707,3640000,1000000
2017-08-15 13:56:17.795000,1.10706,1.10703,3560000,1870000
2017-08-15 13:56:18.306000,1.10706,1.10704,1120000,1000000
2017-08-15 13:56:19.472000,1.10707,1.10705,2060000,1000000
2017-08-15 13:56:19.731000,1.10706,1.10703,1000000,6450000
2017-08-15 13:56:20.280000,1.10706,1.10702,7950000,1500000
2017-08-15 13:56:20.789000,1.10706,1.10702,10390000,1120000
2017-08-15 13:56:25.638000,1.10703,1.10701,1000000,2290000
2017-08-15 13:56:28.964000,1.10707,1.10704,4200000,4010000
2017-08-15 13:56:29.499000,1.10706,1.10703,1000000,3110000
2017-08-15 13:56:37.539000,1.10707,1.10703,1120000,6860000
2017-08-15 13:56:38.055000,1.10708,1.10704,3370000,6110000
2017-08-15 13:56:38.753000,1.10708,1.10704,1120000,8930000
2017-08-15 13:56:38.959000,1.10709,1.10705,2250000,4200000
2017-08-15 13:56:42.055000,1.10709,1.10707,1120000,1250000
2017-08-15 13:56:44.623000,1.1071,1.10707,1870000,1250000
2017-08-15 13:56:45.612000,1.1071,1.10706,2620000,5660000
2017-08-15 13:56:46.113000,1.1071,1.10707,1000000,3560000
2017-08-15 13:56:46.267000,1.10713,1.10711,1580000,2060000
2017-08-15 13:56:46.473000,1.10716,1.10713,1510000,1250000
2017-08-15 13:56:47.016000,1.10715,1.10712,1120000,2890000
2017-08-15 13:56:49.569000,1.10713,1.10711,2250000,1000000
2017-08-15 13:56:49.876000,1.10712,1.10709,1870000,1190000
2017-08-15 13:56:50.784000,1.10711,1.10709,1870000,1000000
2017-08-15 13:56:51.297000,1.10711,1.10708,1870000,2060000
2017-08-15 13:56:52.272000,1.1071,1.10708,1870000,1000000
2017-08-15 13:56:52.821000,1.1071,1.10706,1870000,4310000
2017-08-15 13:56:53.691000,1.1071,1.10707,1870000,1310000
2017-08-15 13:56:54.214000,1.10711,1.10708,1500000,3190000
2017-08-15 13:56:55.639000,1.1071,1.10708,1000000,2060000
2017-08-15 13:56:56.538000,1.10712,1.10709,3000000,1310000
2017-08-15 13:56:56.794000,1.10714,1.1071,2250000,2550000
2017-08-15 13:56:57.699000,1.10715,1.10712,1120000,3190000
2017-08-15 13:56:58.226000,1.10716,1.10712,1880000,4310000
2017-08-15 13:56:58.662000,1.10713,1.10712,1500000,1250000
2017-08-15 13:56:59.277000,1.10715,1.10711,4690000,3560000
2017-08-15 13:56:59.791000,1.10716,1.10713,2890000,1120000
2017-08-15 13:57:00.302000,1.10715,1.10711,1000000,4690000
2017-08-15 13:57:00.843000,1.10716,1.10713,1370000,1120000
2017-08-15 13:57:01.382000,1.10716,1.10713,1000000,1120000
2017-08-15 13:57:01.903000,1.10716,1.10712,6080000,1690000
2017-08-15 13:57:04.025000,1.10714,1.10711,1000000,4310000
2017-08-15 13:57:05.739000,1.10715,1.10711,1500000,5060000
2017-08-15 13:57:08.179000,1.10715,1.10712,1120000,1690000
2017-08-15 13:57:08.423000,1.10713,1.10711,3190000,1000000
2017-08-15 13:57:08.924000,1.10712,1.1071,1500000,1250000
2017-08-15 13:57:19.681000,1.10712,1.10709,2060000,4870000
2017-08-15 13:57:20.190000,1.10712,1.10709,2810000,42560001
2017-08-15 13:57:21.320000,1.10711,1.10708,3380000,1000000
2017-08-15 13:57:21.830000,1.1071,1.10707,1120000,1500000
2017-08-15 13:57:22.334000,1.10711,1.10708,5330000,1000000
2017-08-15 13:57:22.917000,1.1071,1.10707,1120000,1000000
2017-08-15 13:57:23.530000,1.1071,1.10706,1570000,2060000
2017-08-15 13:57:23.864000,1.10709,1.10706,1620000,1120000
2017-08-15 13:57:24.171000,1.10704,1.10701,1120000,1620000
2017-08-15 13:57:25.033000,1.10705,1.10701,3940000,2060000
2017-08-15 13:57:26.679000,1.10704,1.107,1500000,4390000
2017-08-15 13:57:28.149000,1.10704,1.10701,1500000,2060000
2017-08-15 13:57:28.683000,1.10705,1.10702,4760000,1000000
2017-08-15 13:57:29.205000,1.10705,1.10701,3190000,3190000
2017-08-15 13:57:29.433000,1.10704,1.10701,1500000,1310000
2017-08-15 13:57:29.958000,1.10704,1.10701,1500000,2060000
2017-08-15 13:57:30.950000,1.10705,1.10701,3820000,3190000
2017-08-15 13:57:32.138000,1.10705,1.10702,2320000,1370000
2017-08-15 13:57:32.647000,1.10704,1.10702,1000000,1000000
2017-08-15 13:57:33.241000,1.10705,1.10702,2250000,1000000
2017-08-15 13:57:33.752000,1.10705,1.10703,1120000,1120000
2017-08-15 13:57:34.294000,1.10706,1.10703,7570000,1120000
2017-08-15 13:57:34.812000,1.10706,1.10703,7570000,1500000
2017-08-15 13:57:35.379000,1.10706,1.10703,9070000,1120000
2017-08-15 13:57:38.278000,1.10706,1.10703,7950000,1500000
2017-08-15 13:57:39.360000,1.10706,1.10705,7120000,1500000
2017-08-15 13:57:39.412000,1.10709,1.10708,1000000,1000000
2017-08-15 13:57:39.937000,1.1071,1.10709,1200000,1000000
2017-08-15 13:57:40.387000,1.10712,1.10709,3000000,1870000
2017-08-15 13:57:40.694000,1.10712,1.10711,2620000,1000000
2017-08-15 13:57:41.308000,1.10712,1.1071,1500000,1870000
2017-08-15 13:57:41.876000,1.10713,1.10712,1870000,1000000
2017-08-15 13:57:41.928000,1.10714,1.10712,1500000,1000000
2017-08-15 13:57:42.337000,1.10716,1.10714,3260000,1000000
2017-08-15 13:57:42.877000,1.10715,1.10713,1000000,1500000
2017-08-15 13:57:44.099000,1.10713,1.10712,2250000,1000000
2017-08-15 13:57:44.627000,1.10714,1.10712,1100000,1120000
2017-08-15 13:57:46.069000,1.10714,1.10713,1000000,1000000
2017-08-15 13:57:48.087000,1.10714,1.10712,1000000,1500000
2017-08-15 13:57:48.638000,1.10714,1.10713,1000000,1000000
2017-08-15 13:57:51.614000,1.10715,1.10713,2320000,1120000
2017-08-15 13:57:52.148000,1.10715,1.10713,2320000,1000000
2017-08-15 13:57:52.711000,1.10716,1.10715,1570000,1000000
2017-08-15 13:57:53.687000,1.10717,1.10715,2250000,1000000
2017-08-15 13:57:54.926000,1.10717,1.10716,1120000,1000000
2017-08-15 13:57:55.233000,1.10721,1.10719,1870000,1500000
2017-08-15 13:57:55.540000,1.10722,1.10721,1870000,1000000
2017-08-15 13:57:55.833000,1.1072,1.10719,12000000,1250000
2017-08-15 13:57:56.349000,1.10722,1.1072,1500000,1120000
2017-08-15 13:57:56.999000,1.10722,1.1072,1500000,1120000
2017-08-15 13:57:57.561000,1.10723,1.10721,1950000,1120000
2017-08-15 13:57:58.072000,1.10723,1.10722,1000000,1000000
2017-08-15 13:57:58.694000,1.10723,1.10721,1120000,1870000
2017-08-15 13:58:00.426000,1.10724,1.10721,1910000,1870000
2017-08-15 13:58:00.949000,1.10724,1.10722,1720000,1120000
2017-08-15 13:58:03.551000,1.10724,1.10722,1760000,1370000
2017-08-15 13:58:04.057000,1.10724,1.10722,1760000,1000000
2017-08-15 13:58:04.366000,1.10728,1.10726,2060000,1870000
2017-08-15 13:58:04.469000,1.1073,1.10726,2810000,1870000
2017-08-15 13:58:05.532000,1.10729,1.10727,1120000,1000000
2017-08-15 13:58:06.042000,1.10729,1.10726,2020000,1000000
2017-08-15 13:58:06.354000,1.10725,1.10724,2250000,5250000
2017-08-15 13:58:06.864000,1.10725,1.10722,2810000,2620000
2017-08-15 13:58:07.410000,1.10726,1.10722,3000000,1750000
2017-08-15 13:58:07.925000,1.10727,1.10724,2140000,1370000
2017-08-15 13:58:07.978000,1.10727,1.10724,2140000,1370000
2017-08-15 13:58:08.236000,1.1073,1.10726,6710000,1000000
2017-08-15 13:58:10.120000,1.10729,1.10726,2360000,1370000
2017-08-15 13:58:12.997000,1.10735,1.1073,4390000,8440000
2017-08-15 13:58:13.306000,1.10735,1.10732,2060000,1370000
2017-08-15 13:58:14.169000,1.10735,1.10732,1570000,1000000
2017-08-15 13:58:14.680000,1.10735,1.10732,1390000,1370000
2017-08-15 13:58:15.191000,1.10735,1.10732,1910000,1120000
2017-08-15 13:58:15.736000,1.10736,1.10732,4720000,1620000
2017-08-15 13:58:15.891000,1.10736,1.10734,1420000,1000000
2017-08-15 13:58:16.463000,1.10737,1.10734,4010000,1690000
2017-08-15 13:58:17.983000,1.10737,1.10734,1390000,1620000
2017-08-15 13:58:18.496000,1.10738,1.10736,1760000,1000000
2017-08-15 13:58:19.037000,1.10739,1.10736,2550000,1120000
2017-08-15 13:58:19.552000,1.10739,1.10737,3640000,1120000
2017-08-15 13:58:20.143000,1.10739,1.10737,1390000,1870000
2017-08-15 13:58:20.720000,1.10739,1.10737,1010000,1500000
2017-08-15 13:58:22.452000,1.1074,1.10737,2620000,2620000
2017-08-15 13:58:22.810000,1.10741,1.1074,1120000,1000000
2017-08-15 13:58:23.149000,1.10744,1.10741,1000000,2620000
2017-08-15 13:58:23.950000,1.10746,1.10742,2810000,2620000
2017-08-15 13:58:24.269000,1.10744,1.10743,1000000,1120000
2017-08-15 13:58:24.780000,1.10745,1.10743,1000000,1120000
2017-08-15 13:58:25.321000,1.10745,1.10744,1000000,1120000
2017-08-15 13:58:25.827000,1.10746,1.10744,1870000,1120000
2017-08-15 13:58:26.339000,1.10746,1.10745,2250000,1120000
2017-08-15 13:58:27.133000,1.10746,1.10744,2620000,1000000
2017-08-15 13:58:27.885000,1.10743,1.10741,1000000,1000000
2017-08-15 13:58:28.396000,1.10742,1.10739,1870000,3560000
2017-08-15 13:58:29.012000,1.10742,1.10739,2250000,2440000
2017-08-15 13:58:29.761000,1.10742,1.10739,1500000,3190000
2017-08-15 13:58:30.277000,1.10743,1.1074,4310000,1870000
2017-08-15 13:58:31.553000,1.10743,1.1074,6940000,1000000
2017-08-15 13:58:31.707000,1.10741,1.10739,3380000,1000000
2017-08-15 13:58:32.221000,1.10741,1.10738,3190000,1870000
2017-08-15 13:58:32.823000,1.10741,1.10738,2620000,4690000
2017-08-15 13:58:33.338000,1.10741,1.10739,1000000,2250000
2017-08-15 13:58:33.843000,1.10742,1.1074,1500000,1370000
2017-08-15 13:58:34.355000,1.10742,1.10739,3190000,1120000
2017-08-15 13:58:34.510000,1.10741,1.10738,1500000,1870000
2017-08-15 13:58:34.766000,1.10737,1.10736,1120000,1000000
2017-08-15 13:58:35.074000,1.10739,1.10737,1870000,1000000
2017-08-15 13:58:36.526000,1.10739,1.10735,3000000,2890000
2017-08-15 13:58:37.530000,1.10737,1.10735,3450000,3560000
2017-08-15 13:58:38.091000,1.10737,1.10735,1500000,3750000
2017-08-15 13:58:38.626000,1.10738,1.10735,3000000,3750000
2017-08-15 13:58:40.131000,1.10739,1.10735,2440000,5440000
2017-08-15 13:58:41.396000,1.10739,1.10736,1880000,1000000
2017-08-15 13:58:42.125000,1.10739,1.10736,1310000,1500000
2017-08-15 13:58:44.165000,1.1074,1.10737,2440000,1500000
2017-08-15 13:58:44.680000,1.10739,1.10737,1000000,1370000
2017-08-15 13:58:45.273000,1.10739,1.10736,1880000,1500000
2017-08-15 13:58:47.133000,1.10739,1.10736,1120000,1120000
2017-08-15 13:58:47.650000,1.10739,1.10735,4760000,1120000
2017-08-15 13:58:48.479000,1.10737,1.10734,1500000,1500000
2017-08-15 13:58:49.148000,1.10737,1.10733,5620000,3000000
2017-08-15 13:58:49.705000,1.10736,1.10733,1870000,1120000
2017-08-15 13:58:50.961000,1.10736,1.10733,1870000,1750000
2017-08-15 13:58:56.001000,1.10738,1.10734,1500000,3380000
2017-08-15 13:58:56.353000,1.10741,1.10737,1870000,1010000
2017-08-15 13:58:56.407000,1.10742,1.10738,2810000,6000000
2017-08-15 13:58:56.960000,1.10743,1.10739,1950000,6070000
2017-08-15 13:58:58.598000,1.10742,1.10741,1000000,1000000
2017-08-15 13:58:59.203000,1.10743,1.1074,1570000,2000000
2017-08-15 13:59:00.081000,1.10742,1.10739,1120000,2320000
2017-08-15 13:59:00.183000,1.10742,1.10738,2060000,4950000
2017-08-15 13:59:01.225000,1.10742,1.10738,3560000,3000000
2017-08-15 13:59:04.869000,1.10742,1.10739,1690000,1500000
2017-08-15 13:59:11.107000,1.10742,1.10739,1690000,1500000
2017-08-15 13:59:12.162000,1.10742,1.10739,2440000,1500000
2017-08-15 13:59:13.745000,1.10743,1.1074,10160000,1120000
2017-08-15 13:59:13.848000,1.10744,1.10743,6410000,1500000
2017-08-15 13:59:13.899000,1.10747,1.10743,6190000,2250000
2017-08-15 13:59:14.411000,1.10747,1.10743,3330000,2250000
2017-08-15 13:59:14.960000,1.10747,1.10743,2390000,2890000
2017-08-15 13:59:15.937000,1.10747,1.10744,2250000,1870000
2017-08-15 13:59:19.560000,1.10748,1.10744,2810000,2440000
2017-08-15 13:59:20.087000,1.10749,1.10746,6530000,1120000
2017-08-15 13:59:20.601000,1.10749,1.10746,6530000,1500000
2017-08-15 13:59:21.913000,1.10749,1.10746,6530000,1120000
2017-08-15 13:59:23.640000,1.10749,1.10746,1910000,2620000
2017-08-15 13:59:30.991000,1.10749,1.10745,6220000,1950000
2017-08-15 13:59:32.022000,1.10746,1.10744,1690000,5620000
2017-08-15 13:59:32.074000,1.10747,1.10744,1250000,5250000
2017-08-15 13:59:32.601000,1.10747,1.10743,2630000,1760000
2017-08-15 13:59:33.366000,1.10747,1.10744,1500000,1000000
2017-08-15 13:59:33.621000,1.10748,1.10745,2620000,1950000
2017-08-15 13:59:34.129000,1.10748,1.10744,2250000,8510000
2017-08-15 13:59:35.228000,1.10748,1.10745,1000000,1950000
2017-08-15 13:59:35.758000,1.10749,1.10746,3000000,1470000
2017-08-15 13:59:36.709000,1.1075,1.10746,2250000,3070000
2017-08-15 13:59:39.046000,1.10749,1.10747,1240000,1950000
2017-08-15 13:59:39.579000,1.1075,1.10747,1000000,1100000
2017-08-15 13:59:41.177000,1.1075,1.10747,750000,3450000
2017-08-15 13:59:41.785000,1.1075,1.10747,750000,2700000
2017-08-15 13:59:43.102000,1.10749,1.10746,1000000,2700000
2017-08-15 13:59:43.614000,1.10749,1.10746,2850000,2250000
2017-08-15 13:59:44.780000,1.10749,1.10746,1570000,3820000
2017-08-15 13:59:45.328000,1.10749,1.10746,2360000,3070000
2017-08-15 13:59:48.251000,1.10749,1.10746,1200000,5320000
2017-08-15 13:59:48.650000,1.1075,1.10748,750000,1470000
2017-08-15 13:59:49.162000,1.1075,1.10748,500000,3070000
2017-08-15 13:59:49.469000,1.1075,1.10746,2620000,1870000
2017-08-15 13:59:50.012000,1.1075,1.10747,2000000,1570000
2017-08-15 13:59:50.525000,1.1075,1.10747,1000000,3070000
2017-08-15 13:59:51.045000,1.1075,1.10746,1000000,6830000
2017-08-15 13:59:52.042000,1.1075,1.10747,500000,1950000
2017-08-15 13:59:54.357000,1.1075,1.10747,750000,1950000
2017-08-15 13:59:54.903000,1.1075,1.10747,750000,1000000
2017-08-15 13:59:55.418000,1.1075,1.10747,500000,3450000
2017-08-15 13:59:56.347000,1.1075,1.10747,750000,1200000
2017-08-15 13:59:57.504000,1.10749,1.10746,4910000,2250000
2017-08-15 13:59:57.556000,1.10749,1.10746,5470000,1000000
2017-08-15 13:59:58.106000,1.1075,1.10745,3060000,2620000
2017-08-15 13:59:58.617000,1.1075,1.10746,1000000,5060000
2017-08-15 14:00:00.232000,1.1075,1.10748,500000,2700000
2017-08-15 14:00:00.284000,1.10752,1.10749,1310000,1950000
2017-08-15 14:00:00.874000,1.10753,1.1075,1250000,1070000
2017-08-15 14:00:01.184000,1.10755,1.1075,4760000,3260000
2017-08-15 14:00:01.744000,1.10757,1.10752,4310000,1100000
2017-08-15 14:00:02.259000,1.10756,1.10752,2060000,2620000
2017-08-15 14:00:02.835000,1.10757,1.10753,1310000,2250000
2017-08-15 14:00:02.990000,1.10756,1.10752,3560000,1310000
2017-08-15 14:00:03.909000,1.10754,1.1075,1200000,1690000
2017-08-15 14:00:04.461000,1.10754,1.10749,2440000,2890000
2017-08-15 14:00:04.974000,1.10753,1.10749,1120000,1250000
2017-08-15 14:00:05.519000,1.10754,1.10749,1870000,2890000
2017-08-15 14:00:06.033000,1.10754,1.1075,1120000,1690000
2017-08-15 14:00:06.599000,1.10755,1.10751,1250000,1000000
2017-08-15 14:00:07.115000,1.10754,1.1075,2440000,1470000
2017-08-15 14:00:07.836000,1.10756,1.10754,4390000,1000000
2017-08-15 14:00:07.991000,1.10757,1.10752,4310000,1100000
2017-08-15 14:00:08.516000,1.10757,1.10753,2810000,1870000
2017-08-15 14:00:09.031000,1.10757,1.10752,4570000,1000000
2017-08-15 14:00:09.578000,1.10757,1.10751,5510000,2890000
2017-08-15 14:00:10.093000,1.10756,1.10752,1250000,1000000
2017-08-15 14:00:11.240000,1.10757,1.10752,3450000,1120000
2017-08-15 14:00:11.789000,1.10757,1.10753,1000000,1870000
2017-08-15 14:00:12.298000,1.10758,1.10753,6070000,1120000
2017-08-15 14:00:13.147000,1.10759,1.10754,5700000,3000000
2017-08-15 14:00:13.658000,1.1076,1.10755,3450000,2620000
2017-08-15 14:00:14.738000,1.1076,1.10755,2620000,3300000
2017-08-15 14:00:15.839000,1.10761,1.10756,5960000,1120000
2017-08-15 14:00:16.504000,1.10761,1.10757,5020000,1120000
2017-08-15 14:00:17.306000,1.10761,1.10758,3450000,1120000
2017-08-15 14:00:17.807000,1.1076,1.10758,1000000,1120000
2017-08-15 14:00:18.328000,1.10761,1.10758,3070000,1120000
2017-08-15 14:00:18.637000,1.10761,1.10759,1200000,4310000
2017-08-15 14:00:18.740000,1.10764,1.10761,2620000,1250000
2017-08-15 14:00:18.842000,1.10766,1.10762,2620000,4570000
2017-08-15 14:00:19.047000,1.10766,1.10761,3000000,5510000
2017-08-15 14:00:19.248000,1.10766,1.10762,2060000,1100000
2017-08-15 14:00:19.915000,1.10766,1.10762,1000000,5140000
2017-08-15 14:00:20.069000,1.10767,1.10764,1000000,3260000
2017-08-15 14:00:20.440000,1.10771,1.10766,4690000,5320000
2017-08-15 14:00:20.748000,1.10771,1.10769,1000000,1000000
2017-08-15 14:00:21.259000,1.10771,1.10768,1000000,2620000
2017-08-15 14:00:21.767000,1.10771,1.10768,1000000,1870000
2017-08-15 14:00:22.280000,1.10771,1.10768,1870000,1870000
2017-08-15 14:00:26.961000,1.10771,1.10768,2250000,2810000
2017-08-15 14:00:27.115000,1.10773,1.10769,2250000,1760000
2017-08-15 14:00:27.269000,1.10773,1.1077,1500000,2000000
2017-08-15 14:00:27.780000,1.10773,1.1077,1500000,1690000
2017-08-15 14:00:30.214000,1.10773,1.10772,1500000,2250000
2017-08-15 14:00:30.420000,1.10777,1.10774,1500000,1000000
2017-08-15 14:00:30.626000,1.10775,1.10773,1120000,1500000
2017-08-15 14:00:30.729000,1.10777,1.10773,4010000,2440000
2017-08-15 14:00:31.811000,1.10778,1.10774,2060000,2250000
2017-08-15 14:00:32.225000,1.10779,1.10776,1120000,2620000
2017-08-15 14:00:32.736000,1.10779,1.10776,1000000,3000000
2017-08-15 14:00:33.268000,1.10779,1.10777,1000000,1500000
2017-08-15 14:00:33.783000,1.10779,1.10776,1000000,3000000
2017-08-15 14:00:34.336000,1.10779,1.10777,1000000,1000000
2017-08-15 14:00:34.805000,1.10781,1.10778,1360000,2250000
2017-08-15 14:00:34.907000,1.10781,1.10778,1250000,2250000
2017-08-15 14:00:35.412000,1.10782,1.10778,5550000,2250000
2017-08-15 14:00:35.463000,1.1078,1.10777,1050000,2060000
2017-08-15 14:00:35.974000,1.1078,1.10777,1110000,1690000
2017-08-15 14:00:36.487000,1.1078,1.10777,1610000,2890000
2017-08-15 14:00:36.660000,1.10777,1.10774,1510000,2060000
2017-08-15 14:00:36.919000,1.10774,1.10773,1200000,1870000
2017-08-15 14:00:36.971000,1.10774,1.10772,1200000,3000000
2017-08-15 14:00:37.513000,1.10773,1.10771,1000000,1870000
2017-08-15 14:00:37.616000,1.10778,1.10774,2510000,2250000
2017-08-15 14:00:38.025000,1.10779,1.10775,7990000,1500000
2017-08-15 14:00:38.546000,1.10779,1.10776,2850000,1000000
2017-08-15 14:00:38.803000,1.10776,1.10775,1000000,1000000
2017-08-15 14:00:38.957000,1.10774,1.10771,4120000,1000000
2017-08-15 14:00:39.573000,1.10773,1.10769,3000000,3940000
2017-08-15 14:00:39.930000,1.10774,1.1077,5250000,1690000
2017-08-15 14:00:40.492000,1.10774,1.10771,3600000,1120000
2017-08-15 14:00:41.026000,1.10774,1.10771,2470000,1120000
2017-08-15 14:00:41.281000,1.10773,1.10769,5620000,2620000
2017-08-15 14:00:41.487000,1.10773,1.10769,4120000,1310000
2017-08-15 14:00:41.865000,1.10774,1.10772,1870000,1000000
2017-08-15 14:00:41.968000,1.10777,1.10772,5700000,1310000
2017-08-15 14:00:42.479000,1.10776,1.10773,3640000,1000000
2017-08-15 14:00:42.785000,1.10778,1.10776,1570000,1620000
2017-08-15 14:00:43.095000,1.10789,1.10786,3370000,6190000
2017-08-15 14:00:43.147000,1.10791,1.10787,3450000,2060000
2017-08-15 14:00:43.198000,1.10791,1.10788,1570000,1310000
2017-08-15 14:00:45.813000,1.10787,1.10786,1000000,3000000
2017-08-15 14:00:45.916000,1.10786,1.10783,2250000,2250000
2017-08-15 14:00:46.448000,1.10786,1.10782,4390000,1500000
2017-08-15 14:00:47.031000,1.10786,1.10782,6370000,1370000
2017-08-15 14:00:47.461000,1.10783,1.10781,1690000,1000000
2017-08-15 14:00:47.974000,1.10785,1.10782,1320000,1000000
2017-08-15 14:00:48.397000,1.10784,1.1078,3640000,1500000
2017-08-15 14:00:48.807000,1.10779,1.10778,1000000,1000000
2017-08-15 14:00:48.911000,1.10779,1.10775,1200000,1310000
2017-08-15 14:00:49.470000,1.10779,1.10775,4950000,1120000
2017-08-15 14:00:50.387000,1.10774,1.10773,5250000,1200000
2017-08-15 14:00:50.491000,1.10774,1.1077,8440000,1120000
2017-08-15 14:00:51.005000,1.10774,1.1077,7390000,1370000
2017-08-15 14:00:51.371000,1.10774,1.10772,8140000,1370000
2017-08-15 14:00:51.474000,1.10777,1.10773,3260000,1370000
2017-08-15 14:00:51.732000,1.10775,1.10771,4390000,2250000
2017-08-15 14:00:52.277000,1.10774,1.10771,5140000,1120000
2017-08-15 14:00:52.587000,1.1077,1.10769,1000000,2060000
2017-08-15 14:00:52.690000,1.10771,1.10766,7010000,2810000
2017-08-15 14:00:52.847000,1.10771,1.10768,6190000,1500000
2017-08-15 14:00:53.356000,1.10772,1.10767,2920000,1500000
2017-08-15 14:00:53.408000,1.10772,1.10768,1760000,1000000
2017-08-15 14:00:53.768000,1.10772,1.10768,1000000,3560000
2017-08-15 14:00:54.001000,1.10775,1.10771,2640000,1000000
2017-08-15 14:00:55.215000,1.10773,1.10771,1250000,1000000
2017-08-15 14:00:55.266000,1.10773,1.10768,2810000,3260000
2017-08-15 14:00:55.471000,1.10769,1.10767,1000000,1100000
2017-08-15 14:00:55.983000,1.1077,1.10766,3640000,1370000
2017-08-15 14:00:56.328000,1.10768,1.10765,1200000,1500000
2017-08-15 14:00:56.636000,1.1077,1.10765,2270000,3560000
2017-08-15 14:00:57.169000,1.10772,1.10767,6580000,1120000
2017-08-15 14:00:59.090000,1.1077,1.10765,6030000,7200000
2017-08-15 14:00:59.869000,1.1077,1.10765,5640000,4560000
2017-08-15 14:01:00.075000,1.10768,1.10765,1310000,1750000
2017-08-15 14:01:00.127000,1.10768,1.10765,5060000,1500000
2017-08-15 14:01:00.178000,1.10768,1.10765,4870000,1120000
2017-08-15 14:01:00.333000,1.10768,1.10764,4120000,1690000
2017-08-15 14:01:01.690000,1.10769,1.10766,6750000,1750000
2017-08-15 14:01:01.743000,1.10771,1.10767,6770000,1370000
2017-08-15 14:01:02.258000,1.10772,1.10767,4880000,1750000
2017-08-15 14:01:04.460000,1.10774,1.1077,2510000,4500000
2017-08-15 14:01:04.870000,1.10776,1.10771,8510000,1870000
2017-08-15 14:01:05.236000,1.10776,1.10773,2620000,1750000
2017-08-15 14:01:05.339000,1.10778,1.10775,2250000,1370000
2017-08-15 14:01:05.863000,1.10781,1.10776,5140000,4310000
2017-08-15 14:01:06.172000,1.10778,1.10776,1310000,1000000
2017-08-15 14:01:06.783000,1.10779,1.10776,1120000,1120000
2017-08-15 14:01:07.144000,1.1078,1.10777,3560000,1370000
2017-08-15 14:01:07.763000,1.10781,1.10777,1120000,2000000
2017-08-15 14:01:08.071000,1.10783,1.1078,2060000,1370000
2017-08-15 14:01:08.649000,1.10783,1.1078,1000000,1500000
2017-08-15 14:01:09.262000,1.10783,1.1078,1500000,1120000
2017-08-15 14:01:09.600000,1.10781,1.10778,1250000,1500000
2017-08-15 14:01:10.113000,1.10782,1.10779,1000000,1120000
2017-08-15 14:01:10.421000,1.1078,1.10778,1000000,3070000
2017-08-15 14:01:11.738000,1.10781,1.10778,1120000,1570000
2017-08-15 14:01:12.281000,1.10782,1.10778,1310000,3070000
2017-08-15 14:01:13.239000,1.10782,1.1078,1000000,1000000
2017-08-15 14:01:13.657000,1.10784,1.1078,3190000,1570000
2017-08-15 14:01:14.171000,1.10783,1.1078,1000000,2320000
2017-08-15 14:01:16.981000,1.10783,1.1078,1000000,2700000
2017-08-15 14:01:17.495000,1.10782,1.1078,1250000,1200000
2017-08-15 14:01:18.429000,1.10783,1.10779,1310000,2700000
2017-08-15 14:01:18.943000,1.10784,1.10782,1120000,1200000
2017-08-15 14:01:19.458000,1.10783,1.1078,1250000,1950000
2017-08-15 14:01:20.086000,1.10782,1.1078,1250000,1100000
2017-08-15 14:01:20.190000,1.1078,1.10778,1250000,1870000
2017-08-15 14:01:20.398000,1.10779,1.10776,1120000,1950000
2017-08-15 14:01:20.931000,1.10778,1.10776,1000000,1000000
2017-08-15 14:01:21.455000,1.10778,1.10775,1000000,1200000
2017-08-15 14:01:21.964000,1.10779,1.10776,1000000,6070000
2017-08-15 14:01:22.475000,1.1078,1.10778,1250000,1200000
2017-08-15 14:01:23.038000,1.10781,1.10778,1190000,2320000
2017-08-15 14:01:23.621000,1.10781,1.10778,1000000,2700000
2017-08-15 14:01:23.725000,1.10783,1.1078,3370000,1000000
2017-08-15 14:01:24.098000,1.10785,1.10782,1190000,1500000
2017-08-15 14:01:24.356000,1.10786,1.10784,1250000,1000000
2017-08-15 14:01:24.865000,1.10788,1.10785,1000000,1000000
2017-08-15 14:01:25.487000,1.10789,1.10786,1000000,1100000
2017-08-15 14:01:26.094000,1.10789,1.10786,1000000,1470000
2017-08-15 14:01:26.622000,1.10789,1.10787,1500000,2250000
2017-08-15 14:01:26.994000,1.10789,1.10785,1870000,1390000
2017-08-15 14:01:27.541000,1.10789,1.10785,3190000,1570000
2017-08-15 14:01:28.056000,1.10789,1.10784,2060000,7390000
2017-08-15 14:01:29.655000,1.10787,1.10784,1000000,2250000
2017-08-15 14:01:29.759000,1.10785,1.10783,1000000,2620000
2017-08-15 14:01:30.376000,1.10784,1.10781,1120000,2320000
2017-08-15 14:01:30.591000,1.10784,1.10781,1500000,1200000
2017-08-15 14:01:31.104000,1.10784,1.1078,1120000,2140000
2017-08-15 14:01:31.623000,1.10783,1.10779,1120000,8510000
2017-08-15 14:01:32.136000,1.10784,1.1078,1120000,2140000
2017-08-15 14:01:32.809000,1.10784,1.1078,1310000,3070000
2017-08-15 14:01:33.272000,1.10786,1.10783,6940000,1000000
2017-08-15 14:01:33.770000,1.10787,1.10785,4950000,1000000
2017-08-15 14:01:33.978000,1.1079,1.10786,1690000,1120000
2017-08-15 14:01:34.030000,1.1079,1.10786,2060000,1120000
2017-08-15 14:01:34.133000,1.10789,1.10787,1870000,1000000
2017-08-15 14:01:34.609000,1.10791,1.10789,1310000,1000000
2017-08-15 14:01:34.968000,1.10793,1.10791,1500000,1000000
2017-08-15 14:01:35.070000,1.10794,1.10792,1690000,1000000
2017-08-15 14:01:35.616000,1.10795,1.1079,3940000,3450000
2017-08-15 14:01:36.126000,1.10795,1.10792,3750000,1000000
2017-08-15 14:01:36.677000,1.10795,1.10791,2060000,1870000
2017-08-15 14:01:37.830000,1.10796,1.10792,6000000,1000000
2017-08-15 14:01:38.342000,1.10796,1.10792,3560000,1120000
2017-08-15 14:01:39.171000,1.10796,1.10793,1310000,1000000
2017-08-15 14:01:39.680000,1.10797,1.10794,3120000,1100000
2017-08-15 14:01:39.885000,1.10796,1.10792,1120000,2810000
2017-08-15 14:01:40.397000,1.10796,1.10793,1000000,1000000
2017-08-15 14:01:40.569000,1.10797,1.10795,500000,1500000
2017-08-15 14:01:41.866000,1.10797,1.10795,500000,2810000
2017-08-15 14:01:42.935000,1.10797,1.10794,1600000,2060000
2017-08-15 14:01:45.486000,1.10797,1.10793,2850000,1870000
2017-08-15 14:01:46.046000,1.10796,1.10794,1500000,1130000
2017-08-15 14:01:46.354000,1.10793,1.10788,2510000,6640000
2017-08-15 14:01:46.856000,1.10793,1.10791,2700000,1000000
2017-08-15 14:01:47.180000,1.10794,1.10791,1120000,1500000
2017-08-15 14:01:47.717000,1.10796,1.10792,2810000,1000000
2017-08-15 14:01:48.266000,1.10796,1.10793,1000000,1120000
2017-08-15 14:01:49.703000,1.10797,1.10794,1500000,2620000
2017-08-15 14:01:50.113000,1.10797,1.10795,500000,1470000
2017-08-15 14:01:51.371000,1.10797,1.10796,500000,1120000
2017-08-15 14:01:52.710000,1.10797,1.10796,500000,1000000
2017-08-15 14:01:53.374000,1.10797,1.10795,500000,1500000
2017-08-15 14:01:53.608000,1.10796,1.10793,1000000,3370000
2017-08-15 14:01:53.865000,1.10792,1.10791,1000000,3000000
2017-08-15 14:01:53.917000,1.10792,1.10789,3640000,2440000
2017-08-15 14:01:54.479000,1.10793,1.1079,1000000,1250000
2017-08-15 14:01:54.888000,1.10793,1.1079,1500000,1130000
2017-08-15 14:01:55.042000,1.10793,1.1079,1120000,3000000
2017-08-15 14:01:55.566000,1.10794,1.1079,1870000,1500000
2017-08-15 14:01:56.081000,1.10792,1.10789,1500000,2810000
2017-08-15 14:01:56.590000,1.10792,1.10789,1500000,1250000
2017-08-15 14:01:57.105000,1.10791,1.10787,2060000,3000000
2017-08-15 14:01:57.357000,1.1079,1.10787,1500000,1870000
2017-08-15 14:01:57.893000,1.10792,1.1079,1570000,1000000
2017-08-15 14:01:57.997000,1.10795,1.10792,2620000,1750000
2017-08-15 14:01:58.151000,1.10795,1.10792,2250000,1000000
2017-08-15 14:01:58.666000,1.10795,1.10791,1870000,1690000
2017-08-15 14:01:58.718000,1.10793,1.1079,1250000,3450000
2017-08-15 14:01:59.130000,1.10791,1.10788,1120000,2810000
2017-08-15 14:01:59.348000,1.1079,1.10787,1500000,1250000
2017-08-15 14:02:00.385000,1.10789,1.10786,1000000,1000000
2017-08-15 14:02:00.912000,1.10789,1.10785,1870000,3560000
2017-08-15 14:02:01.435000,1.10789,1.10786,1500000,1370000
2017-08-15 14:02:02.156000,1.10791,1.10787,3640000,1690000
2017-08-15 14:02:02.465000,1.10792,1.1079,1120000,4870000
2017-08-15 14:02:02.568000,1.10792,1.10789,1870000,1000000
2017-08-15 14:02:02.846000,1.1079,1.10787,1120000,1620000
2017-08-15 14:02:03.363000,1.10791,1.10787,1950000,1690000
2017-08-15 14:02:03.907000,1.10791,1.10787,1870000,1690000
2017-08-15 14:02:04.421000,1.10791,1.10787,2140000,1000000
2017-08-15 14:02:04.883000,1.10788,1.10785,1500000,2060000
2017-08-15 14:02:05.397000,1.10789,1.10785,1500000,2440000
2017-08-15 14:02:05.757000,1.10783,1.10782,1120000,1250000
2017-08-15 14:02:06.073000,1.10787,1.10783,2060000,4920000
2017-08-15 14:02:06.125000,1.10788,1.10784,1870000,3750000
2017-08-15 14:02:06.279000,1.10789,1.10786,1690000,1000000
2017-08-15 14:02:06.381000,1.1079,1.10786,2810000,1120000
2017-08-15 14:02:07.067000,1.1079,1.10787,2060000,1000000
2017-08-15 14:02:07.735000,1.1079,1.10786,1870000,1310000
2017-08-15 14:02:08.299000,1.1079,1.10786,2250000,1310000
2017-08-15 14:02:08.605000,1.10787,1.10785,1500000,1000000
2017-08-15 14:02:09.017000,1.10786,1.10783,1120000,1000000
2017-08-15 14:02:09.542000,1.10789,1.10785,2440000,3190000
2017-08-15 14:02:09.595000,1.10789,1.10786,2060000,1120000
2017-08-15 14:02:09.699000,1.10791,1.10787,2890000,1690000
2017-08-15 14:02:09.802000,1.10791,1.10788,1760000,1000000
2017-08-15 14:02:10.108000,1.10789,1.10786,1000000,1000000
2017-08-15 14:02:10.623000,1.10789,1.10785,2250000,1620000
2017-08-15 14:02:11.185000,1.10789,1.10785,2620000,1310000
2017-08-15 14:02:11.610000,1.10786,1.10784,1000000,1190000
2017-08-15 14:02:12.106000,1.10788,1.10783,1690000,9450000
2017-08-15 14:02:12.209000,1.10788,1.10783,2780000,5440000
2017-08-15 14:02:12.618000,1.10788,1.10784,1500000,2440000
2017-08-15 14:02:13.178000,1.10788,1.10784,1370000,4690000
2017-08-15 14:02:13.680000,1.10788,1.10784,2250000,1690000
2017-08-15 14:02:13.732000,1.10786,1.10784,1000000,1250000
2017-08-15 14:02:14.038000,1.10785,1.10782,1000000,2810000
2017-08-15 14:02:14.402000,1.10784,1.1078,1570000,2060000
2017-08-15 14:02:14.917000,1.10783,1.1078,1500000,1620000
2017-08-15 14:02:15.467000,1.10783,1.1078,1500000,1250000
2017-08-15 14:02:16.082000,1.10782,1.10778,1500000,4310000
2017-08-15 14:02:16.613000,1.10783,1.1078,1500000,1000000
2017-08-15 14:02:18.107000,1.10782,1.10779,1120000,1870000
2017-08-15 14:02:18.653000,1.10782,1.10779,1120000,3370000
2017-08-15 14:02:22.116000,1.10782,1.10779,1120000,1200000
2017-08-15 14:02:22.673000,1.10782,1.10779,1120000,3070000
2017-08-15 14:02:25.201000,1.10783,1.1078,1120000,2700000
2017-08-15 14:02:25.723000,1.10783,1.1078,1500000,2620000
2017-08-15 14:02:26.385000,1.10782,1.1078,1500000,1000000
2017-08-15 14:02:27.104000,1.10782,1.1078,1120000,1870000
2017-08-15 14:02:27.309000,1.10784,1.10781,1690000,1500000
2017-08-15 14:02:28.187000,1.10785,1.10783,3560000,1000000
2017-08-15 14:02:28.290000,1.10784,1.10781,1000000,3370000
2017-08-15 14:02:28.546000,1.10783,1.1078,2250000,1370000
2017-08-15 14:02:28.755000,1.10782,1.10779,3000000,1120000
2017-08-15 14:02:29.287000,1.10782,1.10779,2620000,1120000
2017-08-15 14:02:29.393000,1.1078,1.10777,1120000,5810000
2017-08-15 14:02:29.445000,1.10778,1.10777,1000000,3750000
2017-08-15 14:02:29.938000,1.1078,1.10777,2510000,2250000
2017-08-15 14:02:29.989000,1.10778,1.10777,1000000,1870000
2017-08-15 14:02:30.093000,1.10778,1.10774,3370000,2810000
2017-08-15 14:02:30.196000,1.10776,1.10774,1000000,1500000
2017-08-15 14:02:31.527000,1.10776,1.10775,1000000,1000000
2017-08-15 14:02:31.804000,1.10778,1.10776,1000000,1120000
2017-08-15 14:02:32.315000,1.10779,1.10775,1000000,3750000
2017-08-15 14:02:32.829000,1.10778,1.10774,1500000,1500000
2017-08-15 14:02:33.104000,1.10776,1.10773,1000000,1120000
2017-08-15 14:02:33.411000,1.1078,1.10776,2440000,1120000
2017-08-15 14:02:33.670000,1.10778,1.10774,1120000,4500000
2017-08-15 14:02:33.824000,1.10777,1.10774,1370000,2250000
2017-08-15 14:02:34.334000,1.10777,1.10775,1370000,1000000
2017-08-15 14:02:35.450000,1.10777,1.10774,1370000,1120000
2017-08-15 14:02:35.757000,1.10781,1.10778,1190000,1120000
2017-08-15 14:02:36.291000,1.10781,1.10779,1000000,1000000
2017-08-15 14:02:37.403000,1.10781,1.10779,1370000,1000000
2017-08-15 14:02:38.235000,1.10782,1.10779,2510000,1000000
2017-08-15 14:02:38.806000,1.1078,1.10777,1120000,1120000
2017-08-15 14:02:39.339000,1.1078,1.10777,2060000,1120000
2017-08-15 14:02:40.711000,1.10778,1.10775,1870000,2250000
2017-08-15 14:02:40.878000,1.10778,1.10774,3260000,1870000
2017-08-15 14:02:41.135000,1.10777,1.10773,1750000,1870000
2017-08-15 14:02:41.674000,1.10777,1.10774,2250000,1000000
2017-08-15 14:02:42.194000,1.10777,1.10773,3000000,2620000
2017-08-15 14:02:42.449000,1.10774,1.10771,3000000,1000000
2017-08-15 14:02:42.654000,1.10774,1.10771,2440000,1500000
2017-08-15 14:02:42.756000,1.10774,1.10771,1500000,1500000
2017-08-15 14:02:43.960000,1.10774,1.1077,2140000,2250000
2017-08-15 14:02:44.420000,1.10771,1.10769,1120000,1500000
2017-08-15 14:02:44.473000,1.10771,1.10767,2320000,1120000
2017-08-15 14:02:45.502000,1.10771,1.10767,2510000,1120000
2017-08-15 14:02:45.762000,1.10773,1.10771,4690000,1870000
2017-08-15 14:02:46.019000,1.10772,1.10767,5540000,3640000
2017-08-15 14:02:46.541000,1.10771,1.10768,1390000,1000000
2017-08-15 14:02:47.074000,1.1077,1.10767,1120000,1870000
2017-08-15 14:02:47.711000,1.10771,1.10766,2890000,4500000
2017-08-15 14:02:48.466000,1.10769,1.10765,2320000,1000000
2017-08-15 14:02:49.092000,1.10769,1.10765,2320000,3000000
2017-08-15 14:02:49.606000,1.10769,1.10765,5250000,1120000
2017-08-15 14:02:50.285000,1.10769,1.10765,5250000,1120000
2017-08-15 14:02:50.824000,1.10768,1.10764,3560000,1570000
2017-08-15 14:02:51.393000,1.10768,1.10764,2810000,1950000
2017-08-15 14:02:51.936000,1.10767,1.10764,1790000,2250000
2017-08-15 14:02:52.722000,1.10766,1.10763,1530000,3820000
2017-08-15 14:02:53.127000,1.10769,1.10766,3190000,1000000
2017-08-15 14:02:53.334000,1.1077,1.10766,2060000,3820000
2017-08-15 14:02:53.845000,1.1077,1.10767,2060000,1120000
2017-08-15 14:02:54.364000,1.1077,1.10767,2440000,1120000
2017-08-15 14:02:55.235000,1.10771,1.10767,2810000,1120000
2017-08-15 14:02:55.921000,1.1077,1.10766,1870000,3640000
2017-08-15 14:02:56.440000,1.1077,1.10767,1120000,1870000
2017-08-15 14:02:56.957000,1.1077,1.10767,1500000,1120000
2017-08-15 14:02:57.588000,1.10769,1.10766,1120000,2510000
2017-08-15 14:02:58.394000,1.10767,1.10765,1000000,4570000
2017-08-15 14:02:58.448000,1.10766,1.10764,1500000,1690000
2017-08-15 14:02:58.552000,1.10765,1.10762,1000000,1500000
2017-08-15 14:02:58.655000,1.10765,1.10762,1120000,2320000
2017-08-15 14:02:58.859000,1.10764,1.10761,1000000,1120000
2017-08-15 14:02:59.166000,1.10763,1.10759,1870000,5890000
2017-08-15 14:02:59.753000,1.10763,1.10761,1000000,1000000
2017-08-15 14:02:59.805000,1.10764,1.10761,1000000,1870000
2017-08-15 14:03:00.318000,1.10764,1.1076,1000000,3640000
2017-08-15 14:03:00.754000,1.10765,1.10761,1370000,4010000
2017-08-15 14:03:00.858000,1.1077,1.10766,4390000,1500000
2017-08-15 14:03:02.047000,1.10771,1.10766,3190000,6260000
2017-08-15 14:03:02.781000,1.10771,1.10767,3340000,1120000
2017-08-15 14:03:03.091000,1.10769,1.10766,7310000,1870000
2017-08-15 14:03:03.434000,1.10767,1.10764,1870000,2250000
2017-08-15 14:03:04.271000,1.10767,1.10764,1120000,1000000
2017-08-15 14:03:04.790000,1.10767,1.10764,1370000,1500000
2017-08-15 14:03:05.335000,1.10767,1.10764,1370000,1500000
2017-08-15 14:03:05.991000,1.10768,1.10765,2320000,2810000
2017-08-15 14:03:06.094000,1.1077,1.10766,2320000,3190000
2017-08-15 14:03:06.605000,1.1077,1.10767,1570000,1500000
2017-08-15 14:03:07.219000,1.1077,1.10768,1000000,1000000
2017-08-15 14:03:08.536000,1.10771,1.10769,1370000,1000000
2017-08-15 14:03:08.640000,1.10773,1.10771,4870000,1000000
2017-08-15 14:03:08.742000,1.10774,1.10772,1690000,1000000
2017-08-15 14:03:08.795000,1.10773,1.1077,1500000,1950000
2017-08-15 14:03:08.899000,1.10772,1.10769,2250000,1250000
2017-08-15 14:03:09.484000,1.10772,1.10769,2620000,1000000
2017-08-15 14:03:11.088000,1.10771,1.10768,1370000,1310000
2017-08-15 14:03:11.396000,1.10767,1.10763,2620000,4760000
2017-08-15 14:03:11.652000,1.10767,1.10763,2620000,2810000
2017-08-15 14:03:11.926000,1.10765,1.10762,1870000,3190000
2017-08-15 14:03:12.746000,1.10765,1.10763,1870000,1000000
2017-08-15 14:03:13.082000,1.10763,1.1076,2250000,1950000
2017-08-15 14:03:13.606000,1.10762,1.10758,2250000,4760000
2017-08-15 14:03:14.305000,1.10762,1.10759,2620000,2810000
2017-08-15 14:03:14.871000,1.10762,1.10759,1000000,2700000
2017-08-15 14:03:15.386000,1.10762,1.10758,1370000,3640000
2017-08-15 14:03:15.762000,1.10764,1.1076,2060000,1120000
2017-08-15 14:03:15.955000,1.10765,1.10761,1690000,4950000
2017-08-15 14:03:16.160000,1.10766,1.10762,1500000,3190000
2017-08-15 14:03:16.760000,1.10766,1.10763,1500000,1000000
2017-08-15 14:03:16.814000,1.10767,1.10765,1000000,2320000
2017-08-15 14:03:17.028000,1.10766,1.10762,1120000,2510000
2017-08-15 14:03:17.548000,1.10765,1.10762,1000000,1500000
2017-08-15 14:03:17.868000,1.10763,1.1076,1000000,3070000
2017-08-15 14:03:18.022000,1.10763,1.10759,1690000,3820000
2017-08-15 14:03:18.572000,1.10761,1.10758,1120000,1370000
2017-08-15 14:03:18.881000,1.10761,1.10757,1120000,3640000
2017-08-15 14:03:19.877000,1.10761,1.10757,2250000,2510000
2017-08-15 14:03:20.375000,1.10758,1.10756,1000000,1870000
2017-08-15 14:03:20.743000,1.1076,1.10756,2620000,1690000
2017-08-15 14:03:21.266000,1.1076,1.10756,2620000,2250000
2017-08-15 14:03:21.471000,1.10762,1.10758,6750000,3940000
2017-08-15 14:03:21.635000,1.10762,1.10758,2250000,5810000
2017-08-15 14:03:22.148000,1.10762,1.10759,1500000,2440000
2017-08-15 14:03:22.515000,1.10764,1.1076,1870000,2620000
2017-08-15 14:03:22.621000,1.10765,1.10762,1620000,2810000
2017-08-15 14:03:23.133000,1.10766,1.10762,2250000,6820000
2017-08-15 14:03:23.552000,1.10768,1.10765,1750000,1500000
2017-08-15 14:03:23.655000,1.10769,1.10766,2060000,1200000
2017-08-15 14:03:23.860000,1.10767,1.10764,1870000,1010000
2017-08-15 14:03:24.424000,1.10767,1.10763,2620000,4950000
2017-08-15 14:03:24.968000,1.10766,1.10763,1500000,1950000
2017-08-15 14:03:26.077000,1.10766,1.10765,1120000,1000000
2017-08-15 14:03:26.281000,1.10769,1.10765,1120000,8890000
2017-08-15 14:03:26.820000,1.1077,1.10767,2440000,1120000
2017-08-15 14:03:26.875000,1.10771,1.1077,1120000,1500000
2017-08-15 14:03:27.184000,1.10774,1.10771,1620000,2620000
2017-08-15 14:03:27.724000,1.10775,1.10771,3370000,3260000
2017-08-15 14:03:27.888000,1.10772,1.1077,1000000,3070000
2017-08-15 14:03:27.992000,1.10771,1.10768,1120000,1120000
2017-08-15 14:03:28.856000,1.1077,1.10767,1000000,4500000
2017-08-15 14:03:30.516000,1.1077,1.10767,1120000,2810000
2017-08-15 14:03:32.260000,1.10772,1.1077,4870000,3000000
2017-08-15 14:03:32.627000,1.10773,1.10771,1000000,1870000
2017-08-15 14:03:33.190000,1.10774,1.10771,1370000,3750000
2017-08-15 14:03:33.734000,1.10775,1.10772,1370000,1870000
2017-08-15 14:03:33.836000,1.10776,1.10772,2440000,3450000
2017-08-15 14:03:34.533000,1.10776,1.10772,1870000,4580000
2017-08-15 14:03:34.636000,1.10777,1.10774,4120000,2250000
2017-08-15 14:03:34.806000,1.1078,1.10778,1690000,1500000
2017-08-15 14:03:35.064000,1.10782,1.10779,1370000,1120000
2017-08-15 14:03:35.628000,1.10782,1.10779,1000000,1000000
2017-08-15 14:03:36.196000,1.10784,1.10781,3190000,1120000
2017-08-15 14:03:36.709000,1.10782,1.10779,1750000,1120000
2017-08-15 14:03:37.121000,1.10778,1.10776,15970000,4120000
2017-08-15 14:03:37.224000,1.10772,1.10769,1500000,2510000
2017-08-15 14:03:37.329000,1.10771,1.1077,1120000,1500000
2017-08-15 14:03:37.601000,1.10774,1.10772,1500000,1000000
2017-08-15 14:03:38.113000,1.10773,1.10771,2660000,1000000
2017-08-15 14:03:38.662000,1.10771,1.1077,1000000,1000000
2017-08-15 14:03:39.181000,1.10771,1.10769,1120000,1000000
2017-08-15 14:03:40.135000,1.10771,1.1077,1000000,1000000
2017-08-15 14:03:40.801000,1.10772,1.10771,1500000,1000000
2017-08-15 14:03:40.854000,1.10773,1.10772,1000000,1000000
2017-08-15 14:03:41.367000,1.10774,1.10773,1000000,1000000
2017-08-15 14:03:41.910000,1.10775,1.10773,1870000,1000000
2017-08-15 14:03:42.421000,1.10775,1.10774,1000000,1000000
2017-08-15 14:03:43.161000,1.10777,1.10775,3560000,1000000
2017-08-15 14:03:43.689000,1.10776,1.10774,1370000,1000000
2017-08-15 14:03:44.209000,1.10775,1.10773,1370000,1000000
2017-08-15 14:03:46.370000,1.10774,1.10772,1870000,1000000
2017-08-15 14:03:46.939000,1.10773,1.10771,1500000,1000000
2017-08-15 14:03:47.093000,1.10772,1.10769,1870000,3260000
2017-08-15 14:03:47.299000,1.10771,1.10769,1870000,1000000
2017-08-15 14:03:47.810000,1.10771,1.1077,1870000,1000000
2017-08-15 14:03:48.329000,1.10771,1.10769,2620000,1000000
2017-08-15 14:03:48.980000,1.10771,1.10769,2620000,1000000
2017-08-15 14:03:50.794000,1.10771,1.1077,1000000,1000000
2017-08-15 14:03:52.141000,1.10773,1.10771,1500000,3620000
2017-08-15 14:03:52.294000,1.10773,1.1077,2620000,1250000
2017-08-15 14:03:52.804000,1.10772,1.1077,1500000,1000000
2017-08-15 14:03:53.322000,1.10772,1.10769,2250000,1000000
2017-08-15 14:03:53.835000,1.10772,1.10769,3000000,1000000
2017-08-15 14:03:54.355000,1.10771,1.1077,1000000,1000000
2017-08-15 14:03:54.867000,1.10771,1.10769,1370000,1000000
2017-08-15 14:03:55.488000,1.10771,1.10769,1000000,1000000
2017-08-15 14:03:55.998000,1.10772,1.1077,3000000,1000000
2017-08-15 14:03:56.654000,1.10772,1.10769,3190000,1000000
2017-08-15 14:03:56.891000,1.10772,1.10768,3190000,2250000
2017-08-15 14:03:58.956000,1.10772,1.10769,2890000,1500000
2017-08-15 14:03:59.464000,1.10772,1.10769,2890000,1500000
2017-08-15 14:04:00.887000,1.10771,1.10769,1370000,1000000
2017-08-15 14:04:01.398000,1.10771,1.10769,1120000,1000000
2017-08-15 14:04:01.718000,1.1077,1.10767,1000000,1500000
2017-08-15 14:04:02.260000,1.10772,1.10768,4390000,2250000
2017-08-15 14:04:02.971000,1.10772,1.10768,4390000,3000000
2017-08-15 14:04:03.754000,1.10772,1.10768,4010000,2620000
2017-08-15 14:04:04.298000,1.10772,1.10769,2320000,1500000
2017-08-15 14:04:04.901000,1.10772,1.10768,2320000,3940000
2017-08-15 14:04:06.004000,1.10772,1.10768,2320000,3190000
2017-08-15 14:04:08.895000,1.10771,1.10768,1000000,1500000
2017-08-15 14:04:09.593000,1.10772,1.10768,4010000,1500000
2017-08-15 14:04:10.153000,1.10772,1.10768,4010000,2250000
2017-08-15 14:04:10.323000,1.10771,1.10767,3640000,2250000
2017-08-15 14:04:10.838000,1.1077,1.10767,1000000,3750000
2017-08-15 14:04:11.207000,1.10769,1.10766,1500000,1380000
2017-08-15 14:04:11.310000,1.10768,1.10765,1500000,1500000
2017-08-15 14:04:11.821000,1.10767,1.10764,1500000,1250000
2017-08-15 14:04:12.164000,1.10767,1.10763,4200000,2250000
2017-08-15 14:04:13.143000,1.10765,1.10761,3000000,2810000
2017-08-15 14:04:13.675000,1.10765,1.10761,3750000,2810000
2017-08-15 14:04:14.389000,1.10762,1.1076,1500000,4310000
2017-08-15 14:04:14.550000,1.10761,1.10759,1500000,1000000
2017-08-15 14:04:14.965000,1.10761,1.10757,3640000,3000000
2017-08-15 14:04:15.222000,1.1076,1.10756,3070000,1690000
2017-08-15 14:04:15.274000,1.10759,1.10755,1120000,3560000
2017-08-15 14:04:15.791000,1.10759,1.10755,2250000,3750000
2017-08-15 14:04:17.555000,1.10757,1.10754,1000000,4760000
2017-08-15 14:04:17.983000,1.10756,1.10753,1500000,2890000
2017-08-15 14:04:18.137000,1.10754,1.10751,1120000,1200000
2017-08-15 14:04:18.649000,1.10753,1.1075,1000000,4760000
2017-08-15 14:04:19.180000,1.10754,1.10751,1000000,2320000
2017-08-15 14:04:20.381000,1.10753,1.10751,1370000,1120000
2017-08-15 14:04:20.483000,1.10753,1.10749,3940000,3260000
2017-08-15 14:04:20.994000,1.10753,1.10749,2250000,1010000
2017-08-15 14:04:22.311000,1.10747,1.10744,1000000,1760000
2017-08-15 14:04:22.824000,1.10748,1.10744,2250000,2330000
2017-08-15 14:04:23.368000,1.10748,1.10745,1750000,1000000
2017-08-15 14:04:23.915000,1.10747,1.10744,1500000,1310000
2017-08-15 14:04:24.376000,1.10746,1.10743,1500000,2700000
2017-08-15 14:04:24.883000,1.10746,1.10743,2250000,1100000
2017-08-15 14:04:25.292000,1.10747,1.10744,3190000,1000000
2017-08-15 14:04:25.806000,1.10747,1.10743,3190000,2320000
2017-08-15 14:04:26.334000,1.10747,1.10744,1250000,1120000
2017-08-15 14:04:26.866000,1.10748,1.10745,3190000,1000000
2017-08-15 14:04:28.102000,1.10748,1.10746,1000000,1000000
2017-08-15 14:04:28.701000,1.10749,1.10746,1690000,1870000
2017-08-15 14:04:28.907000,1.10747,1.10744,1500000,1310000
2017-08-15 14:04:29.419000,1.10747,1.10745,1000000,1000000
2017-08-15 14:04:30.049000,1.10747,1.10746,1000000,1000000
2017-08-15 14:04:30.101000,1.10749,1.10747,1250000,1000000
2017-08-15 14:04:30.203000,1.10751,1.10747,1690000,3190000
2017-08-15 14:04:30.730000,1.10751,1.10748,1000000,1120000
2017-08-15 14:04:36.169000,1.10749,1.10747,1000000,1200000
2017-08-15 14:04:36.272000,1.10747,1.10744,1000000,1310000
2017-08-15 14:04:36.782000,1.10746,1.10743,1000000,2140000
2017-08-15 14:04:37.294000,1.10746,1.10743,1310000,1000000
2017-08-15 14:04:37.805000,1.10745,1.10742,2240000,1000000
2017-08-15 14:04:38.593000,1.10744,1.10741,1000000,3070000
2017-08-15 14:04:39.737000,1.10744,1.10741,2240000,1370000
2017-08-15 14:04:40.918000,1.10744,1.1074,1870000,7870000
2017-08-15 14:04:41.691000,1.10744,1.1074,4120000,6820000
2017-08-15 14:04:42.337000,1.10745,1.10741,3560000,1870000
2017-08-15 14:04:42.710000,1.10742,1.1074,1000000,4950000
2017-08-15 14:04:42.814000,1.10741,1.10738,1500000,1000000
2017-08-15 14:04:42.919000,1.10741,1.1074,1500000,1870000
2017-08-15 14:04:42.971000,1.10743,1.1074,2810000,2060000
2017-08-15 14:04:43.520000,1.10744,1.10741,1120000,1500000
2017-08-15 14:04:46.461000,1.10745,1.10741,2440000,1250000
2017-08-15 14:04:46.971000,1.10744,1.1074,1120000,4580000
2017-08-15 14:04:50.642000,1.10742,1.1074,1000000,1390000
2017-08-15 14:04:50.746000,1.1074,1.10736,2250000,1760000
2017-08-15 14:04:50.798000,1.10738,1.10735,4500000,1560000
2017-08-15 14:04:51.180000,1.10742,1.10739,1310000,1870000
2017-08-15 14:04:51.388000,1.10744,1.1074,2810000,1560000
2017-08-15 14:04:51.798000,1.10742,1.10739,1000000,1620000
2017-08-15 14:04:52.127000,1.10738,1.10735,1120000,1620000
2017-08-15 14:04:52.281000,1.10737,1.10734,3000000,2810000
2017-08-15 14:04:52.333000,1.10734,1.10732,1120000,1000000
2017-08-15 14:04:55.810000,1.10735,1.10732,2250000,500000
2017-08-15 14:04:56.319000,1.10734,1.10732,1500000,500000
2017-08-15 14:04:56.890000,1.10733,1.10732,1000000,500000
2017-08-15 14:04:57.984000,1.10733,1.10732,4120000,500000
2017-08-15 14:04:58.086000,1.10732,1.10729,1120000,1250000
2017-08-15 14:04:58.648000,1.10729,1.10727,1000000,7760000
2017-08-15 14:04:59.039000,1.10731,1.10728,1690000,4010000
2017-08-15 14:04:59.143000,1.10732,1.10728,1000000,7580000
2017-08-15 14:04:59.655000,1.10732,1.10729,1000000,1120000
2017-08-15 14:05:00.871000,1.10733,1.10729,1620000,2700000
2017-08-15 14:05:01.388000,1.10733,1.10729,5810000,1100000
2017-08-15 14:05:01.907000,1.10733,1.1073,1250000,1120000
2017-08-15 14:05:02.370000,1.10735,1.1073,2440000,7160000
2017-08-15 14:05:02.473000,1.10737,1.10733,1250000,4500000
2017-08-15 14:05:02.983000,1.10737,1.10732,2440000,4200000
2017-08-15 14:05:03.241000,1.10735,1.10732,1120000,1010000
2017-08-15 14:05:03.758000,1.10736,1.10732,1120000,3560000
2017-08-15 14:05:04.295000,1.10737,1.10733,1120000,3450000
2017-08-15 14:05:05.003000,1.10738,1.10736,1120000,1000000
2017-08-15 14:05:05.221000,1.1074,1.10737,1250000,1000000
2017-08-15 14:05:05.904000,1.1074,1.10737,2060000,1000000
2017-08-15 14:05:06.476000,1.10739,1.10735,5060000,1120000
2017-08-15 14:05:06.988000,1.10737,1.10734,1120000,1500000
2017-08-15 14:05:08.919000,1.10739,1.10735,8060000,1120000
2017-08-15 14:05:09.432000,1.10739,1.10736,2060000,1000000
2017-08-15 14:05:09.935000,1.10738,1.10735,1870000,1120000
2017-08-15 14:05:10.953000,1.10739,1.10734,9000000,1500000
2017-08-15 14:05:11.795000,1.10736,1.10733,1000000,1570000
2017-08-15 14:05:12.967000,1.10737,1.10734,1620000,1000000
2017-08-15 14:05:13.070000,1.10734,1.10733,1000000,1250000
2017-08-15 14:05:13.123000,1.10731,1.10726,1120000,1200000
2017-08-15 14:05:13.175000,1.10727,1.10723,1870000,26809999
2017-08-15 14:05:13.436000,1.10723,1.1072,7870000,1250000
2017-08-15 14:05:13.950000,1.10722,1.10718,1310000,2620000
2017-08-15 14:05:14.053000,1.1072,1.10718,1000000,1870000
2017-08-15 14:05:14.285000,1.10719,1.10716,1000000,1690000
2017-08-15 14:05:14.388000,1.10721,1.10717,2060000,1690000
2017-08-15 14:05:14.899000,1.10723,1.10718,5810000,2250000
2017-08-15 14:05:15.327000,1.1072,1.10718,1000000,1370000
2017-08-15 14:05:17.658000,1.10718,1.10716,2620000,2700000
2017-08-15 14:05:17.761000,1.10717,1.10713,2620000,1390000
2017-08-15 14:05:17.864000,1.10714,1.10712,1000000,3560000
2017-08-15 14:05:18.374000,1.10713,1.1071,1000000,4760000
2017-08-15 14:05:18.889000,1.10713,1.1071,1000000,4310000
2017-08-15 14:05:19.404000,1.10712,1.1071,1000000,3560000
2017-08-15 14:05:19.879000,1.10714,1.1071,1500000,3560000
2017-08-15 14:05:20.135000,1.10712,1.1071,1000000,3000000
2017-08-15 14:05:21.234000,1.10713,1.10709,1870000,1310000
2017-08-15 14:05:21.491000,1.10714,1.1071,2020000,1690000
2017-08-15 14:05:21.848000,1.10716,1.10711,3530000,4500000
2017-08-15 14:05:22.369000,1.10715,1.10711,1690000,3750000
2017-08-15 14:05:23.535000,1.10716,1.10713,1290000,1000000
2017-08-15 14:05:24.058000,1.10717,1.10713,3640000,1120000
2017-08-15 14:05:24.827000,1.10717,1.10714,2810000,1000000
2017-08-15 14:05:25.408000,1.10717,1.10715,1500000,1000000
2017-08-15 14:05:25.960000,1.10717,1.10714,1500000,1000000
2017-08-15 14:05:26.220000,1.10715,1.10711,3000000,1690000
2017-08-15 14:05:26.272000,1.10714,1.1071,2060000,2700000
2017-08-15 14:05:26.580000,1.10715,1.10712,1870000,1000000
2017-08-15 14:05:27.454000,1.10715,1.10713,1120000,1000000
2017-08-15 14:05:28.128000,1.10715,1.10712,1120000,1500000
2017-08-15 14:05:28.665000,1.10714,1.10712,1370000,1000000
2017-08-15 14:05:28.769000,1.10712,1.10708,1870000,6340000
2017-08-15 14:05:29.284000,1.10712,1.10707,3190000,5510000
2017-08-15 14:05:30.256000,1.10712,1.10709,2060000,1500000
2017-08-15 14:05:30.308000,1.10714,1.1071,2510000,4870000
2017-08-15 14:05:30.359000,1.10715,1.10711,2700000,2810000
2017-08-15 14:05:30.614000,1.10716,1.10712,1010000,1500000
2017-08-15 14:05:30.820000,1.10718,1.10716,1370000,3190000
2017-08-15 14:05:31.143000,1.10722,1.10719,4010000,1000000
2017-08-15 14:05:31.657000,1.10722,1.10718,5140000,1500000
2017-08-15 14:05:31.840000,1.10722,1.1072,1310000,1000000
2017-08-15 14:05:33.112000,1.10723,1.10722,3820000,1000000
2017-08-15 14:05:33.267000,1.10725,1.10721,1500000,3370000
2017-08-15 14:05:33.784000,1.10724,1.10721,1000000,3750000
2017-08-15 14:05:34.299000,1.10724,1.10721,1000000,4010000
2017-08-15 14:05:34.640000,1.10722,1.10721,1000000,1500000
2017-08-15 14:05:34.787000,1.10723,1.1072,1120000,1000000
2017-08-15 14:05:35.301000,1.10722,1.10719,1500000,1250000
2017-08-15 14:05:35.507000,1.10723,1.10721,1000000,1000000
2017-08-15 14:05:35.832000,1.10726,1.10723,1120000,1310000
2017-08-15 14:05:36.342000,1.10726,1.10724,1000000,1000000
2017-08-15 14:05:36.887000,1.10727,1.10724,1690000,1000000
2017-08-15 14:05:38.318000,1.10728,1.10727,1000000,2250000
2017-08-15 14:05:38.370000,1.10727,1.10725,1500000,15370000
2017-08-15 14:05:38.473000,1.10725,1.10724,3370000,1000000
2017-08-15 14:05:38.576000,1.10724,1.10721,1000000,1310000
2017-08-15 14:05:40.868000,1.10723,1.1072,1000000,2440000
2017-08-15 14:05:41.277000,1.10725,1.10722,2440000,1000000
2017-08-15 14:05:42.328000,1.10724,1.10722,1000000,1000000
2017-08-15 14:05:45.375000,1.10722,1.1072,1120000,1120000
2017-08-15 14:05:45.686000,1.10719,1.10716,3750000,1000000
2017-08-15 14:05:46.238000,1.10718,1.10715,1000000,1000000
2017-08-15 14:05:46.756000,1.10718,1.10716,1000000,1000000
2017-08-15 14:05:47.314000,1.1072,1.10717,4200000,1120000
2017-08-15 14:05:47.573000,1.10721,1.10718,1250000,1200000
2017-08-15 14:05:48.923000,1.10722,1.10718,2810000,1950000
2017-08-15 14:05:49.077000,1.1072,1.10718,1000000,1950000
2017-08-15 14:05:49.436000,1.10722,1.1072,2060000,1000000
2017-08-15 14:05:49.742000,1.10724,1.10722,1000000,1000000
2017-08-15 14:05:50.133000,1.10723,1.1072,1500000,1310000
2017-08-15 14:05:50.648000,1.10722,1.10721,1000000,1000000
2017-08-15 14:05:51.253000,1.10723,1.10721,1500000,1000000
2017-08-15 14:05:51.305000,1.10726,1.10723,1950000,1000000
2017-08-15 14:05:51.830000,1.10726,1.10723,1000000,1000000
2017-08-15 14:05:52.422000,1.10726,1.10724,1120000,1000000
2017-08-15 14:05:52.633000,1.10725,1.10722,1120000,2510000
2017-08-15 14:05:53.137000,1.10725,1.10722,1000000,2890000
2017-08-15 14:05:53.240000,1.10724,1.1072,4240000,5510000
2017-08-15 14:05:53.292000,1.10723,1.1072,1120000,1250000
2017-08-15 14:05:53.802000,1.10723,1.10719,1500000,1580000
2017-08-15 14:05:54.805000,1.10722,1.10718,2250000,2510000
2017-08-15 14:05:55.665000,1.10722,1.1072,1120000,2250000
2017-08-15 14:05:56.970000,1.10723,1.10721,1120000,1120000
2017-08-15 14:05:58.107000,1.10723,1.1072,2700000,1000000
2017-08-15 14:05:58.617000,1.10722,1.10721,1000000,1000000
2017-08-15 14:05:59.129000,1.10723,1.1072,1120000,1100000
2017-08-15 14:05:59.673000,1.10722,1.1072,1500000,1000000
2017-08-15 14:06:00.287000,1.10722,1.10721,1250000,1000000
2017-08-15 14:06:00.812000,1.10722,1.10719,1120000,1200000
2017-08-15 14:06:01.372000,1.10723,1.10719,1500000,2140000
2017-08-15 14:06:01.922000,1.10723,1.10718,6080000,3260000
2017-08-15 14:06:03.672000,1.1072,1.10718,1000000,1200000
2017-08-15 14:06:04.183000,1.1072,1.10717,1000000,3070000
2017-08-15 14:06:04.599000,1.10719,1.10716,2440000,1100000
2017-08-15 14:06:05.544000,1.10719,1.10716,1150000,1570000
2017-08-15 14:06:05.856000,1.10717,1.10714,2060000,2320000
2017-08-15 14:06:06.367000,1.10717,1.10714,1120000,3070000
2017-08-15 14:06:06.937000,1.10717,1.10714,2620000,2320000
2017-08-15 14:06:07.449000,1.10717,1.10713,5060000,1100000
2017-08-15 14:06:08.288000,1.10716,1.10712,1120000,2510000
2017-08-15 14:06:08.949000,1.10716,1.10712,1620000,1570000
2017-08-15 14:06:10.147000,1.10715,1.10711,2620000,2890000
2017-08-15 14:06:10.539000,1.10712,1.10709,1000000,4390000
2017-08-15 14:06:10.746000,1.10712,1.10708,1000000,3450000
2017-08-15 14:06:11.209000,1.10711,1.10706,4310000,5890000
2017-08-15 14:06:11.568000,1.10705,1.10701,1570000,2440000
2017-08-15 14:06:11.876000,1.10708,1.10705,1690000,1000000
2017-08-15 14:06:13.074000,1.10707,1.10706,1000000,1000000
2017-08-15 14:06:13.278000,1.10706,1.10704,1870000,1000000
2017-08-15 14:06:13.330000,1.10704,1.10702,1500000,1000000
2017-08-15 14:06:13.483000,1.10703,1.10699,1000000,4310000
2017-08-15 14:06:13.742000,1.10699,1.10698,1000000,4120000
2017-08-15 14:06:13.948000,1.10702,1.10699,1760000,1000000
2017-08-15 14:06:14.419000,1.10704,1.10703,1000000,1870000
2017-08-15 14:06:14.625000,1.10707,1.10704,2810000,1870000
2017-08-15 14:06:15.085000,1.10708,1.10704,1310000,4120000
2017-08-15 14:06:15.748000,1.10708,1.10705,1310000,4720000
2017-08-15 14:06:15.851000,1.10712,1.10708,2810000,2810000
2017-08-15 14:06:16.945000,1.10712,1.10708,2250000,2060000
2017-08-15 14:06:17.661000,1.10708,1.10707,1000000,2440000
2017-08-15 14:06:17.829000,1.10706,1.10704,1870000,1870000
2017-08-15 14:06:17.983000,1.10707,1.10704,1000000,5250000
2017-08-15 14:06:18.342000,1.10708,1.10707,1000000,1250000
2017-08-15 14:06:18.497000,1.10712,1.1071,1000000,1000000
2017-08-15 14:06:18.601000,1.10711,1.10709,1870000,3000000
2017-08-15 14:06:18.921000,1.10711,1.10707,1200000,1500000
2017-08-15 14:06:19.453000,1.10711,1.10707,1950000,1120000
2017-08-15 14:06:20.347000,1.10711,1.10707,1310000,1500000
2017-08-15 14:06:20.450000,1.10712,1.10709,1870000,1250000
2017-08-15 14:06:20.759000,1.10714,1.10711,1000000,1000000
2017-08-15 14:06:21.828000,1.10715,1.10711,1250000,2620000
2017-08-15 14:06:22.136000,1.1071,1.10706,2440000,1120000
2017-08-15 14:06:22.646000,1.10709,1.10705,1620000,3000000
2017-08-15 14:06:25.315000,1.10707,1.10705,1000000,1120000
2017-08-15 14:06:25.829000,1.10709,1.10704,4580000,6940000
2017-08-15 14:06:26.189000,1.10707,1.10704,1720000,1500000
2017-08-15 14:06:26.241000,1.10708,1.10704,1200000,3190000
2017-08-15 14:06:26.775000,1.10709,1.10705,2810000,1120000
2017-08-15 14:06:27.325000,1.10709,1.10706,1690000,1000000
2017-08-15 14:06:29.078000,1.10707,1.10705,19540001,1000000
2017-08-15 14:06:29.235000,1.10702,1.10698,21190001,1010000
2017-08-15 14:06:29.747000,1.10702,1.10698,2810000,2810000
2017-08-15 14:06:31.198000,1.10701,1.10698,1000000,1870000
2017-08-15 14:06:31.250000,1.10702,1.107,2140000,1000000
2017-08-15 14:06:31.858000,1.10703,1.107,1370000,1000000
2017-08-15 14:06:33.354000,1.10702,1.10699,1500000,1250000
2017-08-15 14:06:33.867000,1.10702,1.107,1120000,1000000
2017-08-15 14:06:34.687000,1.10702,1.10698,2620000,2810000
2017-08-15 14:06:34.840000,1.10701,1.10697,4870000,1690000
2017-08-15 14:06:34.944000,1.10699,1.10697,1000000,1120000
2017-08-15 14:06:35.456000,1.10699,1.10696,1000000,1500000
2017-08-15 14:06:35.963000,1.10699,1.10697,1500000,1000000
2017-08-15 14:06:36.533000,1.10699,1.10697,1120000,1120000
2017-08-15 14:06:37.518000,1.10699,1.10696,1120000,1000000
2017-08-15 14:06:38.029000,1.10699,1.10695,1870000,1310000
2017-08-15 14:06:38.554000,1.10698,1.10694,2440000,1690000
2017-08-15 14:06:39.065000,1.10697,1.10694,1500000,1000000
2017-08-15 14:06:39.816000,1.10696,1.10693,1000000,1310000
2017-08-15 14:06:40.133000,1.10697,1.10693,3820000,1310000
2017-08-15 14:06:41.785000,1.10696,1.10692,5140000,1870000
2017-08-15 14:06:42.298000,1.10696,1.10693,1850000,1000000
2017-08-15 14:06:43.495000,1.10695,1.10692,1500000,2440000
2017-08-15 14:06:44.408000,1.10695,1.10692,1500000,2810000
2017-08-15 14:06:45.933000,1.10697,1.10694,2510000,1120000
2017-08-15 14:06:45.985000,1.10697,1.10696,1010000,1000000
2017-08-15 14:06:46.037000,1.107,1.10698,2250000,1500000
2017-08-15 14:06:48.258000,1.10699,1.10698,1690000,1000000
2017-08-15 14:06:48.309000,1.10694,1.10692,1370000,8320000
2017-08-15 14:06:48.620000,1.10698,1.10695,1010000,1500000
2017-08-15 14:06:48.723000,1.10698,1.10694,1620000,4950000
2017-08-15 14:06:50.988000,1.10699,1.10694,3560000,5510000
2017-08-15 14:06:51.799000,1.10699,1.10695,1690000,2250000
2017-08-15 14:06:52.357000,1.10699,1.10696,2810000,1000000
2017-08-15 14:06:52.985000,1.10697,1.10695,2250000,1000000
2017-08-15 14:06:53.514000,1.10697,1.10694,1690000,1120000
2017-08-15 14:06:53.975000,1.10695,1.10693,1190000,1000000
2017-08-15 14:06:54.078000,1.10693,1.1069,1000000,2620000
2017-08-15 14:06:54.587000,1.10693,1.1069,1000000,2250000
2017-08-15 14:06:57.703000,1.10692,1.1069,2250000,1000000
2017-08-15 14:06:58.243000,1.10692,1.10689,2890000,1000000
2017-08-15 14:06:58.294000,1.10692,1.10688,4390000,1000000
2017-08-15 14:06:58.805000,1.10692,1.10689,1120000,1000000
2017-08-15 14:06:59.912000,1.10694,1.1069,2140000,4120000
2017-08-15 14:07:00.459000,1.10693,1.10691,1000000,1000000
2017-08-15 14:07:01,1.10693,1.1069,1120000,1120000
2017-08-15 14:07:02.210000,1.10694,1.10692,2440000,1000000
2017-08-15 14:07:02.314000,1.10696,1.10693,2060000,1120000
2017-08-15 14:07:02.927000,1.10698,1.10694,5060000,2620000
2017-08-15 14:07:03.183000,1.10698,1.10696,1120000,1000000
2017-08-15 14:07:03.595000,1.10699,1.10698,1000000,1000000
2017-08-15 14:07:04.105000,1.107,1.10697,1500000,1000000
2017-08-15 14:07:04.416000,1.10701,1.10699,1390000,1000000
2017-08-15 14:07:04.929000,1.10701,1.10698,1310000,1000000
2017-08-15 14:07:05.236000,1.107,1.10696,3750000,1120000
2017-08-15 14:07:05.588000,1.107,1.10696,1870000,4010000
2017-08-15 14:07:05.640000,1.107,1.10696,2060000,3450000
2017-08-15 14:07:06.153000,1.10699,1.10695,2250000,4690000
2017-08-15 14:07:06.799000,1.10699,1.10695,1870000,5140000
2017-08-15 14:07:09.798000,1.107,1.10696,2620000,2250000
2017-08-15 14:07:11.980000,1.10698,1.10695,1500000,1500000
2017-08-15 14:07:12.581000,1.10698,1.10694,2250000,2440000
2017-08-15 14:07:13.132000,1.10698,1.10695,1000000,1500000
2017-08-15 14:07:13.440000,1.107,1.10698,1000000,1000000
2017-08-15 14:07:13.973000,1.10699,1.10697,1000000,1000000
2017-08-15 14:07:16.306000,1.107,1.10696,1310000,3070000
2017-08-15 14:07:19.458000,1.10699,1.10696,1500000,1500000
2017-08-15 14:07:19.670000,1.10698,1.10694,3190000,1500000
2017-08-15 14:07:20.558000,1.10696,1.10693,1500000,1370000
2017-08-15 14:07:21.069000,1.10696,1.10693,1000000,1500000
2017-08-15 14:07:21.583000,1.10697,1.10694,1250000,3000000
2017-08-15 14:07:22.100000,1.10697,1.10695,1000000,1000000
2017-08-15 14:07:22.654000,1.10698,1.10695,2440000,1000000
2017-08-15 14:07:23.831000,1.10697,1.10695,1000000,1000000
2017-08-15 14:07:23.933000,1.10695,1.10694,1000000,1000000
2017-08-15 14:07:24.143000,1.10693,1.1069,5810000,1000000
2017-08-15 14:07:24.655000,1.10693,1.1069,2060000,1000000
2017-08-15 14:07:25.649000,1.10695,1.10693,1570000,1000000
2017-08-15 14:07:25.752000,1.10696,1.10694,2810000,1000000
2017-08-15 14:07:26.263000,1.10695,1.10693,1500000,1000000
2017-08-15 14:07:26.791000,1.10696,1.10693,2060000,1120000
2017-08-15 14:07:28.034000,1.10697,1.10695,1250000,1120000
2017-08-15 14:07:28.242000,1.10706,1.10703,1310000,1500000
2017-08-15 14:07:28.704000,1.10705,1.10701,3190000,1570000
2017-08-15 14:07:29.219000,1.10704,1.10701,1310000,1120000
2017-08-15 14:07:29.528000,1.10705,1.10703,1310000,1000000
2017-08-15 14:07:30.071000,1.10706,1.10703,1310000,1120000
2017-08-15 14:07:30.583000,1.10707,1.10703,2620000,5170000
2017-08-15 14:07:33.815000,1.10706,1.10703,1000000,1570000
2017-08-15 14:07:34.331000,1.10706,1.10703,1000000,1000000
2017-08-15 14:07:35.751000,1.10707,1.10705,3190000,1000000
2017-08-15 14:07:36.333000,1.10707,1.10705,1500000,1120000
2017-08-15 14:07:36.795000,1.10709,1.10706,2440000,1000000
2017-08-15 14:07:38.498000,1.1071,1.10707,2630000,1000000
2017-08-15 14:07:39.756000,1.10707,1.10706,1000000,1000000
2017-08-15 14:07:40.091000,1.10707,1.10704,2060000,1120000
2017-08-15 14:07:41.635000,1.10707,1.10705,2060000,1000000
2017-08-15 14:07:42.389000,1.10706,1.10703,3190000,1200000
2017-08-15 14:07:42.907000,1.10705,1.10703,1690000,1000000
2017-08-15 14:07:43.419000,1.10706,1.10702,6000000,1120000
2017-08-15 14:07:44.093000,1.10704,1.10702,1000000,1120000
2017-08-15 14:07:44.764000,1.10703,1.10701,1000000,1500000
2017-08-15 14:07:45.386000,1.10704,1.10702,2060000,1000000
2017-08-15 14:07:48.497000,1.10705,1.10703,1690000,1000000
2017-08-15 14:07:48.651000,1.10707,1.10705,2440000,1000000
2017-08-15 14:07:49.472000,1.10707,1.10706,1250000,1000000
2017-08-15 14:07:49.987000,1.1071,1.10707,2810000,1120000
2017-08-15 14:07:52.097000,1.1071,1.10707,1310000,1870000
2017-08-15 14:07:52.149000,1.10712,1.10711,3000000,2250000
2017-08-15 14:07:52.308000,1.10714,1.10713,1000000,1000000
2017-08-15 14:07:52.361000,1.10717,1.10715,2810000,1000000
2017-08-15 14:07:52.617000,1.10717,1.10714,1250000,1120000
2017-08-15 14:07:53.233000,1.10718,1.10715,3940000,1000000
2017-08-15 14:07:53.697000,1.10719,1.10716,1310000,1870000
2017-08-15 14:07:54.207000,1.10719,1.10716,1000000,1470000
2017-08-15 14:07:54.570000,1.10721,1.10719,1000000,1000000
2017-08-15 14:07:54.879000,1.10717,1.10715,1000000,1000000
2017-08-15 14:07:55.393000,1.10718,1.10715,1310000,1120000
2017-08-15 14:07:55.943000,1.10718,1.10715,1000000,2620000
2017-08-15 14:07:56.506000,1.10717,1.10715,1000000,2060000
2017-08-15 14:07:56.735000,1.10716,1.10714,1000000,1500000
2017-08-15 14:07:57.942000,1.10716,1.10714,1000000,2440000
2017-08-15 14:07:58.462000,1.10716,1.10714,1000000,1000000
2017-08-15 14:07:59.226000,1.10715,1.10713,1000000,1870000
2017-08-15 14:07:59.843000,1.10714,1.10712,1000000,2250000
2017-08-15 14:08:02.192000,1.10713,1.10711,8060000,3000000
2017-08-15 14:08:02.349000,1.10708,1.10705,1120000,4870000
2017-08-15 14:08:02.504000,1.1071,1.10709,2510000,1000000
2017-08-15 14:08:02.660000,1.10715,1.10712,2700000,1690000
2017-08-15 14:08:03.166000,1.10716,1.10713,1370000,3370000
2017-08-15 14:08:03.218000,1.10718,1.10715,2060000,1000000
2017-08-15 14:08:03.270000,1.10718,1.10716,1250000,1370000
2017-08-15 14:08:03.578000,1.10714,1.10712,1190000,4390000
2017-08-15 14:08:03.630000,1.10716,1.10713,1200000,1880000
2017-08-15 14:08:04.150000,1.10717,1.10713,2060000,2440000
2017-08-15 14:08:04.612000,1.10717,1.10715,1250000,1000000
2017-08-15 14:08:05.013000,1.10715,1.10713,1000000,1500000
2017-08-15 14:08:05.525000,1.10716,1.10713,1000000,1500000
2017-08-15 14:08:06.116000,1.10715,1.10712,1000000,3190000
2017-08-15 14:08:07.037000,1.1071,1.10708,1000000,10760000
2017-08-15 14:08:07.218000,1.10709,1.10706,1250000,10500000
2017-08-15 14:08:07.744000,1.10706,1.10704,2440000,2620000
2017-08-15 14:08:08.017000,1.10704,1.10702,1500000,1000000
2017-08-15 14:08:08.068000,1.10702,1.107,1000000,1000000
2017-08-15 14:08:08.530000,1.10703,1.10702,1250000,1000000
2017-08-15 14:08:08.634000,1.10706,1.10704,1200000,1000000
2017-08-15 14:08:09.043000,1.10704,1.10702,1250000,2250000
2017-08-15 14:08:09.870000,1.10705,1.10703,1690000,2250000
2017-08-15 14:08:10.075000,1.10705,1.10701,1690000,2060000
2017-08-15 14:08:10.944000,1.10704,1.10702,1000000,1120000
2017-08-15 14:08:11.460000,1.10705,1.10702,1310000,1120000
2017-08-15 14:08:12.164000,1.10707,1.10704,3190000,2250000
2017-08-15 14:08:12.669000,1.10708,1.10705,1620000,1000000
2017-08-15 14:08:13.649000,1.10709,1.10705,2140000,4310000
2017-08-15 14:08:14.203000,1.10709,1.10705,1190000,5810000
2017-08-15 14:08:15.803000,1.10708,1.10705,1250000,3750000
2017-08-15 14:08:16.774000,1.10707,1.10705,1870000,1180000
2017-08-15 14:08:17.132000,1.10705,1.10704,1000000,1180000
2017-08-15 14:08:17.184000,1.107,1.10698,1370000,18370001
2017-08-15 14:08:17.235000,1.10699,1.10696,9000000,1570000
2017-08-15 14:08:17.287000,1.10698,1.10694,9560000,9940000
2017-08-15 14:08:17.475000,1.10698,1.10696,8620000,1500000
2017-08-15 14:08:17.885000,1.10697,1.10694,1500000,1120000
2017-08-15 14:08:18.726000,1.10698,1.10697,1120000,1500000
2017-08-15 14:08:18.829000,1.10697,1.10695,1250000,2250000
2017-08-15 14:08:19.240000,1.10697,1.10693,10310000,1690000
2017-08-15 14:08:19.390000,1.10697,1.10695,8810000,1000000
2017-08-15 14:08:19.699000,1.10701,1.10699,2320000,1000000
2017-08-15 14:08:20.298000,1.10702,1.107,2810000,1000000
2017-08-15 14:08:20.453000,1.10704,1.10701,2060000,1000000
2017-08-15 14:08:20.966000,1.10703,1.107,1250000,1000000
2017-08-15 14:08:22.334000,1.10703,1.10701,1250000,1000000
2017-08-15 14:08:22.642000,1.10704,1.10703,1120000,1000000
2017-08-15 14:08:23.185000,1.10704,1.10702,1250000,1000000
2017-08-15 14:08:24.403000,1.10704,1.10703,1000000,1000000
2017-08-15 14:08:24.931000,1.10704,1.10702,1250000,1000000
2017-08-15 14:08:25.921000,1.10704,1.10703,1000000,1000000
2017-08-15 14:08:26.489000,1.10705,1.10704,1000000,1000000
2017-08-15 14:08:26.749000,1.10705,1.10702,1310000,1000000
2017-08-15 14:08:26.852000,1.10706,1.10704,1500000,1000000
2017-08-15 14:08:26.904000,1.10707,1.10704,2250000,1120000
2017-08-15 14:08:27.416000,1.10707,1.10705,1120000,1000000
2017-08-15 14:08:31.013000,1.10707,1.10705,1120000,1000000
2017-08-15 14:08:31.065000,1.10707,1.10703,3940000,1650000
2017-08-15 14:08:31.571000,1.10705,1.10703,1500000,1000000
2017-08-15 14:08:32.081000,1.10705,1.10702,2810000,1000000
2017-08-15 14:08:32.848000,1.10705,1.10702,3190000,1000000
2017-08-15 14:08:38.622000,1.10704,1.10701,2060000,1270000
2017-08-15 14:08:38.979000,1.10706,1.10703,8320000,1500000
2017-08-15 14:08:39.466000,1.10707,1.10705,3450000,1000000
2017-08-15 14:08:40.243000,1.10707,1.10705,1120000,1000000
2017-08-15 14:08:41.011000,1.10707,1.10704,1000000,1500000
2017-08-15 14:08:41.521000,1.10708,1.10705,5060000,1000000
2017-08-15 14:08:41.623000,1.10706,1.10703,2060000,1500000
2017-08-15 14:08:42.134000,1.10706,1.10702,4200000,1500000
2017-08-15 14:08:42.185000,1.10706,1.10705,2620000,1000000
2017-08-15 14:08:42.642000,1.10709,1.10706,2510000,1000000
2017-08-15 14:08:43.154000,1.10708,1.10705,1690000,1120000
2017-08-15 14:08:43.704000,1.10709,1.10706,4200000,1000000
2017-08-15 14:08:44.571000,1.10708,1.10705,1310000,1120000
2017-08-15 14:08:45.673000,1.10709,1.10705,1010000,3940000
2017-08-15 14:08:46.185000,1.10709,1.10705,1250000,6300000
2017-08-15 14:08:46.454000,1.10707,1.10705,1000000,2620000
2017-08-15 14:08:47.275000,1.10709,1.10704,4200000,5890000
2017-08-15 14:08:48.612000,1.10709,1.10708,1000000,1000000
2017-08-15 14:08:48.664000,1.10711,1.10707,2700000,1370000
2017-08-15 14:08:48.716000,1.10711,1.10709,1000000,5810000
2017-08-15 14:08:48.819000,1.10714,1.1071,4310000,1570000
2017-08-15 14:08:48.870000,1.10714,1.1071,4690000,1760000
2017-08-15 14:08:48.973000,1.10714,1.1071,1120000,7580000
2017-08-15 14:08:49.484000,1.10715,1.10711,3450000,1250000
2017-08-15 14:08:49.759000,1.10713,1.1071,1690000,1250000
2017-08-15 14:08:50.271000,1.10712,1.10708,2440000,2810000
2017-08-15 14:08:50.773000,1.10716,1.10713,3000000,3750000
2017-08-15 14:08:50.826000,1.10716,1.10713,2250000,1870000
2017-08-15 14:08:50.980000,1.10717,1.10716,1000000,2550000
2017-08-15 14:08:51.032000,1.10718,1.10716,1000000,1990000
2017-08-15 14:08:51.605000,1.10718,1.10715,1120000,1500000
2017-08-15 14:08:51.810000,1.10715,1.10714,1000000,1000000
2017-08-15 14:08:51.914000,1.10717,1.10713,3370000,1950000
2017-08-15 14:08:52.170000,1.10717,1.10715,2250000,1000000
2017-08-15 14:08:52.745000,1.10717,1.10714,3560000,1000000
2017-08-15 14:08:53.058000,1.10714,1.10711,1000000,1500000
2017-08-15 14:08:53.369000,1.1071,1.10706,1870000,3370000
2017-08-15 14:08:53.906000,1.1071,1.10706,1690000,3370000
2017-08-15 14:08:56.262000,1.10711,1.10708,3820000,1000000
2017-08-15 14:08:56.780000,1.1071,1.10706,1000000,2700000
2017-08-15 14:08:57.955000,1.10709,1.10706,1000000,2320000
2017-08-15 14:08:58.467000,1.10709,1.10706,1120000,1570000
2017-08-15 14:08:58.783000,1.10711,1.10707,3370000,3190000
2017-08-15 14:08:58.835000,1.10711,1.10707,2620000,3560000
2017-08-15 14:08:59.199000,1.1071,1.10706,3640000,1310000
2017-08-15 14:08:59.826000,1.10709,1.10707,1000000,1000000
2017-08-15 14:09:00.341000,1.10711,1.10707,3000000,3000000
2017-08-15 14:09:00.849000,1.10711,1.10707,5700000,1120000
2017-08-15 14:09:01.530000,1.10711,1.10707,4950000,1500000
2017-08-15 14:09:01.887000,1.10709,1.10706,1000000,2510000
2017-08-15 14:09:02.390000,1.1071,1.10707,2700000,1000000
2017-08-15 14:09:03.105000,1.10709,1.10707,1000000,1120000
2017-08-15 14:09:04.181000,1.10709,1.10706,1500000,1250000
2017-08-15 14:09:04.491000,1.10706,1.10704,1500000,4310000
2017-08-15 14:09:04.986000,1.10706,1.10702,4390000,1500000
2017-08-15 14:09:05.499000,1.10705,1.10702,1870000,1000000
2017-08-15 14:09:06.667000,1.10704,1.10701,1500000,1250000
2017-08-15 14:09:07.170000,1.10705,1.10702,1000000,1870000
2017-08-15 14:09:07.690000,1.10704,1.10701,1120000,1120000
2017-08-15 14:09:08.195000,1.10703,1.10701,1000000,1000000
2017-08-15 14:09:08.708000,1.10704,1.10701,1000000,1000000
2017-08-15 14:09:09.380000,1.10703,1.107,1000000,1620000
2017-08-15 14:09:09.892000,1.10703,1.107,1000000,1250000
2017-08-15 14:09:10.198000,1.10705,1.107,3750000,5890000
2017-08-15 14:09:10.249000,1.10704,1.107,2250000,1390000
2017-08-15 14:09:11.089000,1.10704,1.107,1500000,2630000
2017-08-15 14:09:11.900000,1.10704,1.107,1870000,2060000
2017-08-15 14:09:12.925000,1.10703,1.107,1000000,1250000
2017-08-15 14:09:13.822000,1.10702,1.10699,1870000,2440000
2017-08-15 14:09:13.875000,1.10699,1.10698,1870000,1870000
2017-08-15 14:09:13.979000,1.10698,1.10695,1120000,1690000
2017-08-15 14:09:14.134000,1.10698,1.10695,1000000,1310000
2017-08-15 14:09:14.711000,1.10697,1.10695,1000000,1310000
2017-08-15 14:09:15.225000,1.10697,1.10693,1120000,3560000
2017-08-15 14:09:15.519000,1.10695,1.10693,1000000,2060000
2017-08-15 14:09:15.828000,1.10691,1.10688,1000000,2060000
2017-08-15 14:09:16.673000,1.10691,1.10688,1000000,3000000
2017-08-15 14:09:16.930000,1.10688,1.10687,1000000,1690000
2017-08-15 14:09:16.982000,1.10686,1.10683,5100000,1310000
2017-08-15 14:09:17.172000,1.10682,1.10678,7950000,4500000
2017-08-15 14:09:17.280000,1.10681,1.10677,7010000,1870000
2017-08-15 14:09:17.795000,1.1068,1.10676,2510000,1310000
2017-08-15 14:09:18.053000,1.1068,1.10678,1100000,1000000
2017-08-15 14:09:18.566000,1.10682,1.10678,5510000,1120000
2017-08-15 14:09:19.101000,1.10682,1.1068,1120000,1000000
2017-08-15 14:09:19.205000,1.10684,1.10681,1870000,1000000
2017-08-15 14:09:19.513000,1.10686,1.10682,1570000,1500000
2017-08-15 14:09:20.031000,1.10686,1.10683,4010000,1000000
2017-08-15 14:09:20.776000,1.10686,1.10682,4760000,1120000
2017-08-15 14:09:21.308000,1.10686,1.10682,3820000,1000000
2017-08-15 14:09:21.413000,1.10683,1.1068,1000000,2810000
2017-08-15 14:09:21.925000,1.10683,1.10679,4570000,2440000
2017-08-15 14:09:22.445000,1.10682,1.10679,1570000,1690000
2017-08-15 14:09:22.753000,1.10681,1.10678,1500000,1120000
2017-08-15 14:09:23.445000,1.10681,1.10677,3640000,1120000
2017-08-15 14:09:23.752000,1.10683,1.10678,5510000,1690000
2017-08-15 14:09:24.164000,1.10683,1.10679,1570000,4500000
2017-08-15 14:09:24.218000,1.10684,1.1068,4390000,1120000
2017-08-15 14:09:24.745000,1.10684,1.1068,2250000,3190000
2017-08-15 14:09:25.283000,1.10684,1.10681,1000000,1500000
2017-08-15 14:09:25.808000,1.10683,1.1068,1120000,3190000
2017-08-15 14:09:26.168000,1.10685,1.10682,1000000,1000000
2017-08-15 14:09:26.322000,1.10687,1.10684,4500000,1000000
2017-08-15 14:09:27.945000,1.10687,1.10683,1500000,2140000
2017-08-15 14:09:28.484000,1.10686,1.10683,1000000,1120000
2017-08-15 14:09:29.066000,1.10685,1.10682,3370000,1120000
2017-08-15 14:09:29.435000,1.10683,1.1068,1870000,1000000
2017-08-15 14:09:29.487000,1.10684,1.10681,1000000,1500000
2017-08-15 14:09:29.795000,1.10685,1.10683,1500000,1000000
2017-08-15 14:09:30.205000,1.10687,1.10684,2250000,1000000
2017-08-15 14:09:31.067000,1.10686,1.10684,1120000,1000000
2017-08-15 14:09:31.119000,1.10686,1.10682,3000000,3560000
2017-08-15 14:09:31.666000,1.10686,1.10683,1000000,1250000
2017-08-15 14:09:32.180000,1.10686,1.10684,1000000,1000000
2017-08-15 14:09:32.388000,1.10686,1.10682,7500000,1000000
2017-08-15 14:09:33.043000,1.10686,1.10682,2620000,3000000
2017-08-15 14:09:34.592000,1.10685,1.10682,1000000,2250000
2017-08-15 14:09:35.123000,1.10685,1.10682,1000000,1120000
2017-08-15 14:09:35.354000,1.10683,1.10681,1000000,1120000
2017-08-15 14:09:35.662000,1.10681,1.10678,1000000,2810000
2017-08-15 14:09:36.137000,1.10679,1.10677,1000000,1250000
2017-08-15 14:09:36.341000,1.10677,1.10674,1870000,1250000
2017-08-15 14:09:36.852000,1.10678,1.10674,1000000,2440000
2017-08-15 14:09:37.006000,1.10677,1.10673,3370000,1310000
2017-08-15 14:09:38.079000,1.10675,1.10672,1000000,2890000
2017-08-15 14:09:38.513000,1.10675,1.10671,1870000,2810000
2017-08-15 14:09:38.821000,1.10676,1.10673,2620000,1000000
2017-08-15 14:09:39.358000,1.10676,1.10672,4120000,1120000
2017-08-15 14:09:39.904000,1.10676,1.10672,2250000,1120000
2017-08-15 14:09:41.508000,1.10676,1.10672,1120000,1620000
2017-08-15 14:09:43.093000,1.10675,1.10672,1000000,1620000
2017-08-15 14:09:43.730000,1.10676,1.10672,1870000,1620000
2017-08-15 14:09:45.026000,1.10675,1.10671,1120000,2140000
2017-08-15 14:09:45.539000,1.10676,1.10671,2250000,3830000
2017-08-15 14:09:46.555000,1.10674,1.10671,1120000,1310000
2017-08-15 14:09:48.905000,1.10675,1.10672,5620000,1120000
2017-08-15 14:09:49.061000,1.10677,1.10673,3450000,2250000
2017-08-15 14:09:49.618000,1.10677,1.10674,4120000,1000000
2017-08-15 14:09:50.128000,1.10675,1.10673,1500000,2250000
2017-08-15 14:09:51.594000,1.10676,1.10672,3000000,2620000
2017-08-15 14:09:52.816000,1.10676,1.10674,1120000,3000000
2017-08-15 14:09:52.867000,1.10678,1.10676,1500000,1000000
2017-08-15 14:09:52.970000,1.10679,1.10676,4500000,1000000
2017-08-15 14:09:53.452000,1.10675,1.10674,1500000,3750000
2017-08-15 14:09:53.605000,1.10678,1.10675,5170000,1120000
2017-08-15 14:09:54.115000,1.10679,1.10676,1370000,1000000
2017-08-15 14:09:54.167000,1.1068,1.10677,3000000,1000000
2017-08-15 14:09:54.704000,1.10682,1.10678,5890000,1120000
2017-08-15 14:09:55.216000,1.10682,1.10678,3000000,1500000
2017-08-15 14:09:55.767000,1.1068,1.10677,3450000,1120000
2017-08-15 14:09:56.282000,1.1068,1.10676,4200000,1690000
2017-08-15 14:09:56.589000,1.10681,1.10678,1200000,1000000
2017-08-15 14:09:57.098000,1.10683,1.1068,3410000,1000000
2017-08-15 14:09:57.407000,1.10685,1.10683,1000000,1000000
2017-08-15 14:09:57.927000,1.10685,1.10682,1120000,1000000
2017-08-15 14:09:58.746000,1.10685,1.10683,1120000,1000000
2017-08-15 14:09:59.930000,1.10686,1.10683,1000000,1250000
2017-08-15 14:10:00.508000,1.10688,1.10684,9110000,1000000
2017-08-15 14:10:01.020000,1.10687,1.10684,1870000,1000000
2017-08-15 14:10:01.830000,1.10687,1.10683,1870000,3940000
2017-08-15 14:10:02.241000,1.10685,1.10681,1120000,2810000
2017-08-15 14:10:02.549000,1.10683,1.10679,3450000,2060000
2017-08-15 14:10:03.064000,1.10684,1.10681,1000000,1000000
2017-08-15 14:10:03.674000,1.10685,1.10681,1390000,1690000
2017-08-15 14:10:04.909000,1.10685,1.10681,1580000,1690000
2017-08-15 14:10:06.026000,1.10683,1.10681,1000000,1000000
2017-08-15 14:10:06.232000,1.10682,1.10678,1500000,3190000
2017-08-15 14:10:06.488000,1.10681,1.10677,2700000,1250000
2017-08-15 14:10:07.038000,1.1068,1.10676,2510000,2440000
2017-08-15 14:10:07.550000,1.1068,1.10676,2320000,1250000
2017-08-15 14:10:08.064000,1.10681,1.10676,4390000,5060000
2017-08-15 14:10:09.323000,1.10681,1.10678,1500000,1880000
2017-08-15 14:10:09.374000,1.10683,1.10679,1950000,4310000
2017-08-15 14:10:09.479000,1.10684,1.1068,1000000,1690000
2017-08-15 14:10:10.470000,1.10683,1.10679,2440000,2060000
2017-08-15 14:10:11.133000,1.10684,1.10681,1470000,1000000
2017-08-15 14:10:11.664000,1.10683,1.1068,1000000,1000000
2017-08-15 14:10:12.187000,1.10684,1.10681,5740000,1000000
2017-08-15 14:10:13.867000,1.10682,1.10679,1120000,2440000
2017-08-15 14:10:14.159000,1.10679,1.10678,1000000,1870000
2017-08-15 14:10:14.211000,1.10678,1.10674,8440000,2060000
2017-08-15 14:10:14.313000,1.10677,1.10673,8470000,1310000
2017-08-15 14:10:14.418000,1.10676,1.10675,1000000,1000000
2017-08-15 14:10:14.574000,1.10677,1.10673,1390000,1690000
2017-08-15 14:10:15.090000,1.10677,1.10674,1200000,1000000
2017-08-15 14:10:15.255000,1.10677,1.10676,1000000,1000000
2017-08-15 14:10:15.771000,1.10678,1.10675,1570000,1000000
2017-08-15 14:10:16.180000,1.10677,1.10673,2440000,3560000
2017-08-15 14:10:16.455000,1.10675,1.10673,1000000,1690000
2017-08-15 14:10:16.609000,1.10674,1.10671,1000000,2810000
2017-08-15 14:10:17.278000,1.10673,1.10671,1000000,1690000
2017-08-15 14:10:17.805000,1.10673,1.1067,1000000,2900000
2017-08-15 14:10:18.256000,1.10668,1.10666,1300000,21459999
2017-08-15 14:10:18.442000,1.10663,1.1066,2700000,1000000
2017-08-15 14:10:18.647000,1.10662,1.10658,4010000,1690000
2017-08-15 14:10:19.017000,1.10657,1.10654,1690000,1690000
2017-08-15 14:10:19.223000,1.10655,1.10652,1690000,1120000
2017-08-15 14:10:19.531000,1.10658,1.10656,1500000,1000000
2017-08-15 14:10:19.969000,1.1066,1.10657,1200000,1250000
2017-08-15 14:10:20.381000,1.10659,1.10656,2810000,1000000
2017-08-15 14:10:20.637000,1.1066,1.10658,1500000,1000000
2017-08-15 14:10:21.155000,1.10662,1.10659,1370000,1000000
2017-08-15 14:10:21.680000,1.10661,1.10658,1000000,1000000
2017-08-15 14:10:22.195000,1.10661,1.10659,1120000,1000000
2017-08-15 14:10:22.247000,1.10661,1.10657,1500000,1250000
2017-08-15 14:10:22.402000,1.10662,1.10659,1000000,1690000
2017-08-15 14:10:22.505000,1.10666,1.10662,3000000,1500000
2017-08-15 14:10:22.677000,1.10664,1.10662,1500000,1120000
2017-08-15 14:10:22.729000,1.10663,1.1066,1500000,1310000
2017-08-15 14:10:23.240000,1.10663,1.1066,1000000,1500000
2017-08-15 14:10:23.646000,1.10662,1.1066,1870000,1000000
2017-08-15 14:10:23.698000,1.10661,1.10658,3370000,1310000
2017-08-15 14:10:23.957000,1.10659,1.10656,1310000,1690000
2017-08-15 14:10:24.603000,1.10659,1.10657,1000000,1000000
2017-08-15 14:10:25.165000,1.10661,1.10657,1370000,1120000
2017-08-15 14:10:25.474000,1.10662,1.10659,1870000,1000000
2017-08-15 14:10:25.995000,1.10661,1.10658,1120000,1310000
2017-08-15 14:10:26.509000,1.1066,1.10657,1000000,1620000
2017-08-15 14:10:27.014000,1.10659,1.10656,1000000,5140000
2017-08-15 14:10:27.476000,1.10661,1.10657,1000000,5890000
2017-08-15 14:10:28.297000,1.10662,1.10657,2620000,4760000
2017-08-15 14:10:28.656000,1.10664,1.1066,1270000,3190000
2017-08-15 14:10:29.184000,1.10664,1.1066,1500000,4310000
2017-08-15 14:10:29.512000,1.10667,1.10664,1570000,1120000
2017-08-15 14:10:29.974000,1.10664,1.10661,1270000,1760000
2017-08-15 14:10:30.397000,1.10665,1.10664,1500000,1000000
2017-08-15 14:10:32.593000,1.10666,1.10664,1120000,1000000
2017-08-15 14:10:33.121000,1.10667,1.10665,1870000,1500000
2017-08-15 14:10:33.635000,1.10666,1.10665,1120000,1000000
2017-08-15 14:10:34.190000,1.10667,1.10665,1870000,1000000
2017-08-15 14:10:35.604000,1.10669,1.10667,1500000,1690000
2017-08-15 14:10:35.656000,1.10671,1.10669,1000000,1000000
2017-08-15 14:10:35.759000,1.1067,1.10668,6560000,1500000
2017-08-15 14:10:36.067000,1.10667,1.10666,1120000,1870000
2017-08-15 14:10:36.221000,1.10669,1.10667,1120000,1000000
2017-08-15 14:10:36.752000,1.1067,1.10668,1120000,1690000
2017-08-15 14:10:37.264000,1.10671,1.1067,1870000,1000000
2017-08-15 14:10:37.788000,1.1067,1.10669,1120000,1000000
2017-08-15 14:10:38.325000,1.1067,1.10668,1120000,1500000
2017-08-15 14:10:38.856000,1.10669,1.10667,2250000,1250000
2017-08-15 14:10:39.368000,1.10669,1.10668,1120000,1000000
2017-08-15 14:10:41.130000,1.10669,1.10667,1120000,1250000
2017-08-15 14:10:41.637000,1.1067,1.10667,1870000,2440000
2017-08-15 14:10:41.979000,1.10675,1.10672,2810000,1000000
2017-08-15 14:10:42.621000,1.10674,1.10673,1120000,1000000
2017-08-15 14:10:42.776000,1.10676,1.10674,1870000,1000000
2017-08-15 14:10:43.859000,1.10675,1.10674,1120000,1000000
2017-08-15 14:10:44.469000,1.10675,1.10673,1120000,1870000
2017-08-15 14:10:44.980000,1.10674,1.10672,1500000,1000000
2017-08-15 14:10:45.498000,1.10672,1.1067,1000000,1500000
2017-08-15 14:10:46.008000,1.10673,1.1067,1620000,1000000
2017-08-15 14:10:46.555000,1.10671,1.10668,3560000,1000000
2017-08-15 14:10:46.608000,1.10669,1.10666,1000000,5890000
2017-08-15 14:10:46.711000,1.10669,1.10666,1620000,1000000
2017-08-15 14:10:47.221000,1.10669,1.10667,1370000,1000000
2017-08-15 14:10:48.192000,1.10671,1.10669,2810000,1000000
2017-08-15 14:10:48.696000,1.10672,1.10669,1620000,1000000
2017-08-15 14:10:49.212000,1.1067,1.10668,1250000,1000000
2017-08-15 14:10:49.521000,1.10668,1.10667,1000000,1120000
2017-08-15 14:10:50.049000,1.10668,1.10666,1000000,1000000
2017-08-15 14:10:50.843000,1.1067,1.10667,2810000,1870000
2017-08-15 14:10:50.997000,1.10672,1.10669,1000000,1000000
2017-08-15 14:10:51.294000,1.10674,1.10671,1620000,1000000
2017-08-15 14:10:51.800000,1.10674,1.10671,1250000,1120000
2017-08-15 14:10:52.409000,1.10674,1.10669,4690000,6450000
2017-08-15 14:10:52.564000,1.10672,1.10669,1310000,1870000
2017-08-15 14:10:53.600000,1.1067,1.10667,2440000,1500000
2017-08-15 14:10:53.702000,1.10669,1.10666,3560000,1690000
2017-08-15 14:10:54.556000,1.1067,1.10666,3190000,1240000
2017-08-15 14:10:55.067000,1.1067,1.10667,3560000,1000000
2017-08-15 14:10:57.678000,1.1067,1.10666,3940000,1120000
2017-08-15 14:10:58.342000,1.10669,1.10665,1250000,1500000
2017-08-15 14:10:58.914000,1.1067,1.10666,4010000,1500000
2017-08-15 14:11:00.625000,1.10671,1.10668,2140000,2250000
2017-08-15 14:11:00.935000,1.10673,1.10669,3560000,2250000
2017-08-15 14:11:01.440000,1.10673,1.1067,1690000,2250000
2017-08-15 14:11:02.476000,1.10671,1.10669,4870000,1500000
2017-08-15 14:11:02.630000,1.10668,1.10664,4240000,1870000
2017-08-15 14:11:03.808000,1.10667,1.10664,2250000,2250000
2017-08-15 14:11:04.387000,1.10665,1.10663,1000000,3070000
2017-08-15 14:11:05.711000,1.10667,1.10663,1310000,3070000
2017-08-15 14:11:08.144000,1.10667,1.10663,3750000,3000000
2017-08-15 14:11:09.132000,1.10666,1.10663,1500000,3000000
2017-08-15 14:11:09.693000,1.10666,1.10663,1120000,3000000
2017-08-15 14:11:10.086000,1.10668,1.10666,1500000,9750000
2017-08-15 14:11:10.609000,1.10668,1.10666,1120000,9750000
2017-08-15 14:11:11.121000,1.1067,1.10668,1870000,1000000
2017-08-15 14:11:11.343000,1.10672,1.10669,3190000,2250000
2017-08-15 14:11:11.918000,1.10672,1.10669,1120000,2250000
2017-08-15 14:11:12.471000,1.10672,1.1067,1120000,1500000
2017-08-15 14:11:13.094000,1.10675,1.10671,4010000,2250000
2017-08-15 14:11:13.847000,1.10672,1.10671,1310000,1500000
2017-08-15 14:11:13.951000,1.10671,1.10668,1120000,2440000
2017-08-15 14:11:15.963000,1.10672,1.1067,1690000,1000000
2017-08-15 14:11:16.484000,1.10672,1.1067,1120000,1500000
2017-08-15 14:11:17.039000,1.10671,1.10669,1310000,2250000
2017-08-15 14:11:17.756000,1.10671,1.10668,1120000,3000000
2017-08-15 14:11:18.266000,1.1067,1.10668,1000000,2250000
2017-08-15 14:11:18.790000,1.10671,1.10668,1690000,1000000
2017-08-15 14:11:19.302000,1.10668,1.10666,1120000,2320000
2017-08-15 14:11:19.808000,1.10668,1.10665,1000000,1120000
2017-08-15 14:11:20.370000,1.10667,1.10665,1000000,1000000
2017-08-15 14:11:22.559000,1.10668,1.10665,1870000,1000000
2017-08-15 14:11:22.866000,1.10671,1.10669,1500000,1000000
2017-08-15 14:11:23.410000,1.10672,1.1067,1690000,1000000
2017-08-15 14:11:24.098000,1.1067,1.10668,1000000,2620000
2017-08-15 14:11:24.253000,1.10669,1.10665,1880000,1200000
2017-08-15 14:11:24.792000,1.10669,1.10666,1690000,1000000
2017-08-15 14:11:26.433000,1.10668,1.10665,1500000,1120000
2017-08-15 14:11:26.686000,1.10666,1.10663,1130000,1500000
2017-08-15 14:11:27.095000,1.10668,1.10665,2440000,1000000
2017-08-15 14:11:27.721000,1.10668,1.10665,1690000,1000000
2017-08-15 14:11:28.267000,1.10669,1.10666,1250000,1000000
2017-08-15 14:11:28.934000,1.10669,1.10665,1690000,1500000
2017-08-15 14:11:29.446000,1.10668,1.10666,1120000,1000000
2017-08-15 14:11:29.755000,1.10665,1.10662,5250000,5620000
2017-08-15 14:11:29.912000,1.10662,1.10659,1310000,1570000
2017-08-15 14:11:30.461000,1.10661,1.10658,1690000,1000000
2017-08-15 14:11:30.970000,1.1066,1.10657,1130000,1000000
2017-08-15 14:11:32.171000,1.1066,1.10658,1250000,1000000
2017-08-15 14:11:33.234000,1.10661,1.10659,1690000,1000000
2017-08-15 14:11:34.598000,1.10661,1.10657,2440000,1500000
2017-08-15 14:11:34.650000,1.1066,1.10656,2060000,4200000
2017-08-15 14:11:35.193000,1.10658,1.10656,1000000,1000000
2017-08-15 14:11:35.514000,1.10661,1.10659,2440000,1000000
2017-08-15 14:11:36.063000,1.10662,1.10658,3560000,1950000
2017-08-15 14:11:37.345000,1.10662,1.10659,3940000,1000000
2017-08-15 14:11:37.448000,1.10663,1.1066,1500000,1100000
2017-08-15 14:11:38.049000,1.10662,1.10659,2440000,1120000
2017-08-15 14:11:38.711000,1.10662,1.10659,3560000,1120000
2017-08-15 14:11:42.209000,1.10661,1.10658,1000000,1000000
2017-08-15 14:11:42.748000,1.10661,1.10658,2620000,1000000
2017-08-15 14:11:43.682000,1.10659,1.10656,4500000,1120000
2017-08-15 14:11:44.139000,1.1066,1.10658,1870000,1000000
2017-08-15 14:11:44.651000,1.1066,1.10658,1000000,1000000
2017-08-15 14:11:45.622000,1.10658,1.10655,1500000,4870000
2017-08-15 14:11:45.725000,1.10656,1.10653,1310000,1500000
2017-08-15 14:11:46.251000,1.10657,1.10654,1500000,1000000
2017-08-15 14:11:46.946000,1.10657,1.10655,1250000,1000000
2017-08-15 14:11:47.104000,1.10656,1.10653,1130000,1000000
2017-08-15 14:11:47.625000,1.10656,1.10653,2510000,1500000
2017-08-15 14:11:48.144000,1.10656,1.10652,4950000,1120000
2017-08-15 14:11:48.708000,1.10655,1.10651,2060000,2250000
2017-08-15 14:11:49.229000,1.10655,1.10652,1310000,1000000
2017-08-15 14:11:49.774000,1.10656,1.10653,1120000,1500000
2017-08-15 14:11:50.133000,1.10658,1.10655,3000000,1690000
2017-08-15 14:11:50.235000,1.10659,1.10657,1120000,1000000
2017-08-15 14:11:50.806000,1.1066,1.10657,1690000,1570000
2017-08-15 14:11:51.319000,1.10661,1.10658,2060000,1000000
2017-08-15 14:11:52.949000,1.1066,1.10657,1310000,1390000
2017-08-15 14:11:53.469000,1.10661,1.10658,2060000,1000000
2017-08-15 14:11:54.094000,1.10661,1.10659,1190000,1120000
2017-08-15 14:11:54.146000,1.10662,1.1066,1690000,1120000
2017-08-15 14:11:54.691000,1.1066,1.10657,2060000,1120000
2017-08-15 14:11:55.210000,1.10661,1.10658,4310000,1500000
2017-08-15 14:11:55.312000,1.10662,1.10659,1310000,1000000
2017-08-15 14:11:55.415000,1.10663,1.10661,3560000,1000000
2017-08-15 14:11:55.651000,1.10665,1.10662,2440000,1000000
2017-08-15 14:11:55.960000,1.10665,1.10663,1250000,1000000
2017-08-15 14:11:56.511000,1.10666,1.10663,1500000,1120000
2017-08-15 14:11:57.239000,1.10665,1.10662,2250000,1000000
2017-08-15 14:11:57.877000,1.10665,1.10663,2060000,1000000
2017-08-15 14:11:58.389000,1.10664,1.10662,1690000,1000000
2017-08-15 14:11:58.850000,1.10664,1.1066,6000000,1200000
2017-08-15 14:12:00.038000,1.10665,1.10662,6560000,1000000
2017-08-15 14:12:00.192000,1.10665,1.10662,3190000,2320000
2017-08-15 14:12:00.367000,1.10664,1.10662,3000000,1120000
2017-08-15 14:12:00.522000,1.10666,1.10664,1250000,1000000
2017-08-15 14:12:00.625000,1.10664,1.10663,1000000,1000000
2017-08-15 14:12:01.138000,1.10666,1.10664,1560000,1000000
2017-08-15 14:12:02.345000,1.10665,1.10662,2060000,1120000
2017-08-15 14:12:02.668000,1.10668,1.10665,3000000,1000000
2017-08-15 14:12:04.562000,1.10668,1.10665,1250000,1000000
2017-08-15 14:12:05.153000,1.10668,1.10665,2810000,1000000
2017-08-15 14:12:07.843000,1.10666,1.10663,1940000,6260000
2017-08-15 14:12:08.177000,1.10668,1.10665,2440000,1000000
2017-08-15 14:12:09.265000,1.10669,1.10666,1560000,1000000
2017-08-15 14:12:10.279000,1.10669,1.10666,4690000,1500000
2017-08-15 14:12:11.668000,1.10668,1.10665,3380000,1000000
2017-08-15 14:12:12.179000,1.10668,1.10664,4310000,1570000
2017-08-15 14:12:12.694000,1.10667,1.10663,2440000,2700000
2017-08-15 14:12:13.409000,1.10667,1.10664,1190000,1000000
2017-08-15 14:12:16.211000,1.10663,1.1066,3190000,1570000
2017-08-15 14:12:16.314000,1.1066,1.10658,3000000,1000000
2017-08-15 14:12:17.330000,1.1066,1.10657,1260000,1950000
2017-08-15 14:12:18.678000,1.10659,1.10655,4580000,5320000
2017-08-15 14:12:18.939000,1.10657,1.10654,1500000,1200000
2017-08-15 14:12:19.501000,1.10657,1.10655,1620000,1000000
2017-08-15 14:12:19.757000,1.10659,1.10657,1390000,1100000
2017-08-15 14:12:19.962000,1.10658,1.10655,1130000,2320000
2017-08-15 14:12:20.499000,1.10658,1.10656,1310000,1000000
2017-08-15 14:12:20.868000,1.1066,1.10657,2140000,1000000
2017-08-15 14:12:20.920000,1.1066,1.10658,2060000,1000000
2017-08-15 14:12:23.269000,1.10661,1.10658,2060000,1000000
2017-08-15 14:12:26.617000,1.10661,1.1066,1310000,1000000
2017-08-15 14:12:26.668000,1.10663,1.10661,2140000,1870000
2017-08-15 14:12:28.458000,1.10665,1.10663,1690000,1000000
2017-08-15 14:12:28.509000,1.10667,1.10664,1690000,1000000
2017-08-15 14:12:29.173000,1.10667,1.10665,1190000,1000000
2017-08-15 14:12:29.825000,1.10667,1.10666,1250000,1500000
2017-08-15 14:12:29.877000,1.1067,1.10668,1310000,1000000
2017-08-15 14:12:30.032000,1.10672,1.1067,1190000,1000000
2017-08-15 14:12:30.486000,1.10671,1.10668,2810000,1000000
2017-08-15 14:12:30.998000,1.1067,1.10667,2810000,1100000
2017-08-15 14:12:31.519000,1.10669,1.10666,1560000,1950000
2017-08-15 14:12:32.060000,1.10669,1.10667,1190000,1000000
2017-08-15 14:12:32.527000,1.10672,1.10669,4690000,1100000
2017-08-15 14:12:33.040000,1.1067,1.10668,2060000,1000000
2017-08-15 14:12:33.944000,1.10669,1.10666,1250000,3560000
2017-08-15 14:12:34.457000,1.10669,1.10667,1190000,1100000
2017-08-15 14:12:37.014000,1.10667,1.10666,1250000,1570000
2017-08-15 14:12:37.527000,1.10668,1.10667,1250000,1000000
2017-08-15 14:12:38.031000,1.10669,1.10666,4310000,1000000
2017-08-15 14:12:38.493000,1.10668,1.10665,3560000,1000000
2017-08-15 14:12:39.218000,1.10667,1.10666,2250000,2250000
2017-08-15 14:12:39.986000,1.1067,1.10666,5060000,21070000
2017-08-15 14:12:40.514000,1.1067,1.10667,5060000,1000000
2017-08-15 14:12:41.537000,1.10671,1.10669,4310000,1000000
2017-08-15 14:12:41.590000,1.10671,1.10667,5440000,3900000
2017-08-15 14:12:42.104000,1.10671,1.10668,5060000,1000000
2017-08-15 14:12:42.258000,1.10666,1.10665,1120000,1120000
2017-08-15 14:12:42.669000,1.10668,1.10667,30940001,1000000
2017-08-15 14:12:43.500000,1.10669,1.10667,1250000,1000000
2017-08-15 14:12:45.338000,1.1067,1.10668,4310000,1000000
2017-08-15 14:12:46.592000,1.1067,1.10667,3560000,1000000
2017-08-15 14:12:47.110000,1.10668,1.10666,2440000,1100000
2017-08-15 14:12:47.623000,1.10668,1.10667,2250000,1000000
2017-08-15 14:12:48.168000,1.10668,1.10666,2060000,1000000
2017-08-15 14:12:49.397000,1.10668,1.10665,2630000,1000000
2017-08-15 14:12:49.930000,1.10667,1.10665,1310000,1000000
2017-08-15 14:12:50.521000,1.10668,1.10665,4500000,1100000
2017-08-15 14:12:51.062000,1.10668,1.10666,2250000,1000000
2017-08-15 14:12:51.674000,1.10668,1.10666,1310000,1000000
2017-08-15 14:12:52.688000,1.10669,1.10667,1190000,1000000
2017-08-15 14:12:53.204000,1.1067,1.10667,3190000,1570000
2017-08-15 14:12:54.400000,1.1067,1.10668,2810000,1000000
2017-08-15 14:12:54.929000,1.1067,1.10668,1690000,1000000
2017-08-15 14:12:56.459000,1.10669,1.10667,3190000,1120000
2017-08-15 14:12:57.456000,1.10669,1.10666,5630000,2250000
2017-08-15 14:12:57.816000,1.10667,1.10664,3000000,1870000
2017-08-15 14:12:58.545000,1.10667,1.10665,6370000,1000000
2017-08-15 14:12:59.357000,1.10668,1.10665,5060000,1690000
2017-08-15 14:12:59.664000,1.10671,1.10668,3560000,1120000
2017-08-15 14:13:00.211000,1.10669,1.10666,5810000,2700000
2017-08-15 14:13:00.315000,1.10668,1.10665,2060000,1570000
2017-08-15 14:13:00.831000,1.10668,1.10666,1310000,1120000
2017-08-15 14:13:01.769000,1.10668,1.10666,1250000,1200000
2017-08-15 14:13:02.355000,1.10669,1.10667,1190000,1000000
2017-08-15 14:13:03.382000,1.10667,1.10665,5440000,1500000
2017-08-15 14:13:03.741000,1.10665,1.10662,27559999,1370000
2017-08-15 14:13:03.844000,1.10663,1.1066,26440001,3070000
2017-08-15 14:13:04.357000,1.10661,1.10658,27000000,1500000
2017-08-15 14:13:05.611000,1.10661,1.10658,9560000,1120000
2017-08-15 14:13:06.095000,1.10662,1.10659,1690000,1120000
2017-08-15 14:13:06.609000,1.10662,1.1066,1250000,1120000
2017-08-15 14:13:10.450000,1.10663,1.10662,1690000,1000000
2017-08-15 14:13:10.553000,1.10663,1.10661,1250000,1120000
2017-08-15 14:13:10.861000,1.10661,1.10659,11060000,1470000
2017-08-15 14:13:10.913000,1.10659,1.10657,1250000,1500000
2017-08-15 14:13:11.421000,1.10662,1.1066,1190000,1000000
2017-08-15 14:13:11.932000,1.10663,1.10661,1620000,1000000
2017-08-15 14:13:12.272000,1.10662,1.10659,2440000,1500000
2017-08-15 14:13:12.378000,1.10662,1.10658,5250000,1870000
2017-08-15 14:13:12.886000,1.10661,1.10658,2060000,1500000
2017-08-15 14:13:13.828000,1.10661,1.10658,2440000,1000000
2017-08-15 14:13:14.979000,1.10662,1.1066,1250000,3190000
2017-08-15 14:13:15.418000,1.10664,1.10662,1690000,1000000
2017-08-15 14:13:15.827000,1.10663,1.1066,1250000,2700000
2017-08-15 14:13:16.491000,1.10664,1.1066,4310000,1870000
2017-08-15 14:13:18.358000,1.10663,1.10661,1560000,1120000
2017-08-15 14:13:19.428000,1.10663,1.10661,1690000,3620000
2017-08-15 14:13:19.941000,1.10664,1.10662,2060000,1120000
2017-08-15 14:13:20.453000,1.10664,1.10661,1620000,1870000
2017-08-15 14:13:20.935000,1.10664,1.10661,1690000,1870000
2017-08-15 14:13:21.140000,1.10664,1.1066,3000000,1870000
2017-08-15 14:13:21.818000,1.10663,1.1066,1690000,1500000
2017-08-15 14:13:22.023000,1.10662,1.10658,2810000,1950000
2017-08-15 14:13:22.278000,1.1066,1.10656,1690000,3820000
2017-08-15 14:13:22.330000,1.1066,1.10656,2440000,3450000
2017-08-15 14:13:23.592000,1.10661,1.10657,2810000,1370000
2017-08-15 14:13:24.053000,1.10659,1.10656,1870000,1120000
