time,ask,bid,ask_volume,bid_volume
2018-07-11 14:25:00.072000,1.11243,1.1124,1760000,1500000
2018-07-11 14:25:01.177000,1.11243,1.1124,1390000,1870000
2018-07-11 14:25:02.267000,1.11243,1.1124,2510000,1120000
2018-07-11 14:25:09.026000,1.11243,1.11242,1000000,1500000
2018-07-11 14:25:09.565000,1.11244,1.11241,1760000,2620000
2018-07-11 14:25:10.529000,1.11243,1.1124,1760000,1120000
2018-07-11 14:25:11.173000,1.11243,1.11239,3260000,6260000
2018-07-11 14:25:12.027000,1.11243,1.11239,3070000,3940000
2018-07-11 14:25:13.303000,1.11241,1.11239,1190000,1120000
2018-07-11 14:25:13.526000,1.11241,1.11237,4760000,5510000
2018-07-11 14:25:13.629000,1.11241,1.11238,1120000,2620000
2018-07-11 14:25:13.837000,1.11243,1.11239,5510000,3750000
2018-07-11 14:25:14.364000,1.11243,1.11239,5140000,3000000
2018-07-11 14:25:16.075000,1.11243,1.11239,3640000,3750000
2018-07-11 14:25:16.961000,1.11243,1.1124,3640000,1000000
2018-07-11 14:25:17.477000,1.11243,1.11239,3640000,5250000
2018-07-11 14:25:18.913000,1.11243,1.1124,4390000,1000000
2018-07-11 14:25:19.476000,1.11243,1.11239,4010000,4570000
2018-07-11 14:25:20.123000,1.11243,1.1124,4760000,1000000
2018-07-11 14:25:20.663000,1.11243,1.11239,4390000,3750000
2018-07-11 14:25:21.239000,1.11243,1.1124,3640000,1000000
2018-07-11 14:25:22.250000,1.11243,1.11239,3640000,5440000
2018-07-11 14:25:24.605000,1.11243,1.11239,5320000,3940000
2018-07-11 14:25:25.528000,1.11244,1.1124,4760000,4120000
2018-07-11 14:25:25.580000,1.11245,1.11243,1100000,3750000
2018-07-11 14:25:25.891000,1.11244,1.11242,1620000,1000000
2018-07-11 14:25:25.994000,1.11245,1.11243,1760000,1000000
2018-07-11 14:25:26.385000,1.11245,1.11241,5140000,3750000
2018-07-11 14:25:27.146000,1.11245,1.11242,5890000,1120000
2018-07-11 14:25:27.202000,1.11247,1.11243,4010000,4570000
2018-07-11 14:25:28.964000,1.11247,1.11244,2890000,1120000
2018-07-11 14:25:29.481000,1.11247,1.11244,1760000,1870000
2018-07-11 14:25:30.135000,1.11248,1.11245,3070000,2140000
2018-07-11 14:25:32.629000,1.11246,1.11244,2810000,1500000
2018-07-11 14:25:32.733000,1.11246,1.11243,2810000,5250000
2018-07-11 14:25:33.022000,1.11247,1.11243,4390000,7200000
2018-07-11 14:25:36.175000,1.11247,1.11243,4010000,7200000
2018-07-11 14:25:38.716000,1.11247,1.11244,4390000,1120000
2018-07-11 14:25:41.342000,1.11246,1.11243,1250000,5250000
2018-07-11 14:25:41.985000,1.11245,1.11243,3940000,1500000
2018-07-11 14:25:42.089000,1.11244,1.11241,2060000,1120000
2018-07-11 14:25:42.914000,1.11244,1.11241,4390000,1000000
2018-07-11 14:25:43.425000,1.11243,1.1124,1870000,1310000
2018-07-11 14:25:45.354000,1.11243,1.1124,1120000,3190000
2018-07-11 14:25:45.672000,1.11245,1.11242,7760000,1000000
2018-07-11 14:25:46.222000,1.11245,1.11242,1620000,2620000
2018-07-11 14:25:47.075000,1.11244,1.11241,2440000,3000000
2018-07-11 14:25:47.749000,1.11244,1.1124,3190000,6000000
2018-07-11 14:25:48.477000,1.11244,1.11241,2510000,1000000
2018-07-11 14:25:49.443000,1.11245,1.11242,3820000,5060000
2018-07-11 14:25:49.762000,1.11247,1.11244,3940000,2620000
2018-07-11 14:25:50.278000,1.11247,1.11244,1310000,3370000
2018-07-11 14:25:54.407000,1.11247,1.11244,5060000,1870000
2018-07-11 14:25:54.996000,1.11247,1.11244,4310000,1870000
2018-07-11 14:25:55.559000,1.11247,1.11244,4690000,1870000
2018-07-11 14:25:56.150000,1.11245,1.11242,4310000,1000000
2018-07-11 14:25:58.848000,1.11244,1.11241,1310000,1870000
2018-07-11 14:26:00.296000,1.11244,1.1124,4690000,5700000
2018-07-11 14:26:01.372000,1.11243,1.1124,3560000,1500000
2018-07-11 14:26:03.106000,1.11243,1.1124,1690000,2620000
2018-07-11 14:26:04.982000,1.11242,1.1124,1000000,1870000
2018-07-11 14:26:06.576000,1.11242,1.11239,1120000,7010000
2018-07-11 14:26:07.317000,1.11243,1.11239,2810000,6940000
2018-07-11 14:26:09.098000,1.11244,1.11241,1760000,1870000
2018-07-11 14:26:09.623000,1.11243,1.1124,1120000,3940000
2018-07-11 14:26:18.955000,1.11243,1.1124,1000000,4390000
2018-07-11 14:26:19.923000,1.11243,1.1124,2060000,1500000
2018-07-11 14:26:22.996000,1.11242,1.11239,1690000,3370000
2018-07-11 14:26:23.099000,1.11243,1.1124,3560000,3370000
2018-07-11 14:26:23.210000,1.11244,1.11241,1310000,3750000
2018-07-11 14:26:23.544000,1.11246,1.11245,3750000,1000000
2018-07-11 14:26:24.094000,1.11246,1.11243,1690000,3450000
2018-07-11 14:26:24.654000,1.11247,1.11243,3190000,5770000
2018-07-11 14:26:26.688000,1.11246,1.11243,1250000,5400000
2018-07-11 14:26:27.203000,1.11245,1.11243,1120000,1870000
2018-07-11 14:26:27.941000,1.11246,1.11243,2060000,3070000
2018-07-11 14:26:37.433000,1.11247,1.11243,2060000,6900000
2018-07-11 14:26:37.935000,1.11247,1.11243,2060000,6900000
2018-07-11 14:26:40.627000,1.11247,1.11243,3410000,4120000
2018-07-11 14:26:40.729000,1.11247,1.11243,3560000,3820000
2018-07-11 14:26:44.872000,1.11247,1.11245,2060000,1120000
2018-07-11 14:26:45.546000,1.11248,1.11246,3450000,1000000
2018-07-11 14:26:46.431000,1.11247,1.11245,1000000,3000000
2018-07-11 14:26:47.021000,1.11247,1.11244,2250000,2620000
2018-07-11 14:26:49.200000,1.11247,1.11244,2810000,1870000
2018-07-11 14:26:50.651000,1.11246,1.11243,1560000,4870000
2018-07-11 14:26:51.217000,1.11247,1.11244,4310000,1120000
2018-07-11 14:26:53.883000,1.11247,1.11243,4160000,2620000
2018-07-11 14:26:54.395000,1.11249,1.11246,5320000,1120000
2018-07-11 14:26:56.819000,1.11249,1.11246,4760000,1120000
2018-07-11 14:26:58.171000,1.11249,1.11247,3260000,1000000
2018-07-11 14:27:00.288000,1.11249,1.11246,2440000,1500000
2018-07-11 14:27:00.824000,1.11249,1.11246,2060000,1870000
2018-07-11 14:27:01.350000,1.11249,1.11246,2440000,3640000
2018-07-11 14:27:01.875000,1.11249,1.11247,1250000,1120000
2018-07-11 14:27:03.261000,1.11251,1.11248,2060000,4330000
2018-07-11 14:27:03.323000,1.11251,1.11248,2060000,3580000
2018-07-11 14:27:03.584000,1.11252,1.11249,2620000,2620000
2018-07-11 14:27:03.636000,1.11252,1.11251,1500000,1000000
2018-07-11 14:27:04.137000,1.11253,1.1125,2440000,2620000
2018-07-11 14:27:04.561000,1.11254,1.11251,3560000,1870000
2018-07-11 14:27:05.849000,1.11254,1.11251,4760000,2250000
2018-07-11 14:27:06.367000,1.11254,1.11251,3940000,1870000
2018-07-11 14:27:12.104000,1.11254,1.11251,2060000,1870000
2018-07-11 14:27:12.608000,1.11254,1.11251,2440000,2810000
2018-07-11 14:27:14.975000,1.11254,1.11251,1500000,3000000
2018-07-11 14:27:15.720000,1.11255,1.11251,7390000,3000000
2018-07-11 14:27:16.223000,1.11255,1.11251,8140000,3190000
2018-07-11 14:27:17.157000,1.11255,1.11254,1870000,1500000
2018-07-11 14:27:17.211000,1.11258,1.11255,2060000,3750000
2018-07-11 14:27:17.719000,1.11259,1.11256,3190000,3370000
2018-07-11 14:27:18.049000,1.1126,1.11257,5060000,1870000
2018-07-11 14:27:18.568000,1.1126,1.11257,4690000,3820000
2018-07-11 14:27:25.801000,1.1126,1.11256,6190000,4570000
2018-07-11 14:27:26.346000,1.1126,1.11257,5440000,1870000
2018-07-11 14:27:26.855000,1.1126,1.11257,2440000,3450000
2018-07-11 14:27:27.369000,1.1126,1.11256,5440000,7270000
2018-07-11 14:27:27.701000,1.11261,1.11258,3940000,1760000
2018-07-11 14:27:27.759000,1.1126,1.11257,2060000,3070000
2018-07-11 14:27:28.525000,1.1126,1.11257,3190000,3750000
2018-07-11 14:27:30.768000,1.1126,1.11256,3940000,6070000
2018-07-11 14:27:31.614000,1.11259,1.11257,1310000,1000000
2018-07-11 14:27:32.701000,1.11259,1.11256,2060000,6070000
2018-07-11 14:27:33.347000,1.11259,1.11256,2060000,5400000
2018-07-11 14:27:33.881000,1.11259,1.11257,2060000,1000000
2018-07-11 14:27:34.401000,1.11259,1.11256,3190000,3000000
2018-07-11 14:27:34.921000,1.11259,1.11256,1690000,5620000
2018-07-11 14:27:35.440000,1.11259,1.11256,1310000,5620000
2018-07-11 14:27:35.978000,1.11259,1.11256,3940000,4120000
2018-07-11 14:27:36.482000,1.11259,1.11256,1690000,4950000
2018-07-11 14:27:38.890000,1.11258,1.11256,1250000,4950000
2018-07-11 14:27:39.046000,1.11254,1.11252,2060000,1100000
2018-07-11 14:27:39.626000,1.11255,1.11253,5810000,1000000
2018-07-11 14:27:40.147000,1.11255,1.11252,5810000,3820000
2018-07-11 14:27:40.676000,1.11255,1.11252,4690000,4570000
2018-07-11 14:27:41.217000,1.11256,1.11253,2810000,2620000
2018-07-11 14:27:41.755000,1.11257,1.11254,4690000,1000000
2018-07-11 14:27:42.318000,1.11257,1.11254,4310000,1040000
2018-07-11 14:27:44.824000,1.11256,1.11253,2060000,5250000
2018-07-11 14:27:46.340000,1.11255,1.11253,3190000,1870000
2018-07-11 14:27:46.937000,1.11255,1.11252,4690000,2620000
2018-07-11 14:27:50.157000,1.11253,1.11251,1000000,2250000
2018-07-11 14:27:50.568000,1.11252,1.1125,2060000,1000000
2018-07-11 14:27:51.095000,1.11253,1.1125,1310000,3750000
2018-07-11 14:27:52.523000,1.11253,1.1125,2060000,1870000
2018-07-11 14:27:53.042000,1.11253,1.1125,2060000,4500000
2018-07-11 14:27:53.565000,1.11253,1.1125,1690000,4500000
2018-07-11 14:27:54.502000,1.11253,1.1125,2060000,2620000
2018-07-11 14:27:55.031000,1.11253,1.1125,2060000,3750000
2018-07-11 14:27:55.534000,1.11253,1.11251,1310000,1000000
2018-07-11 14:27:56.072000,1.11253,1.1125,2060000,3750000
2018-07-11 14:27:56.930000,1.11253,1.1125,1620000,3450000
2018-07-11 14:27:57.454000,1.11253,1.1125,2060000,3000000
2018-07-11 14:27:58.053000,1.11253,1.11251,2060000,1000000
2018-07-11 14:27:58.686000,1.11254,1.11252,1620000,1000000
2018-07-11 14:27:59.194000,1.11254,1.11251,3560000,1870000
2018-07-11 14:28:00.223000,1.11253,1.1125,2810000,1120000
2018-07-11 14:28:00.832000,1.11253,1.11251,1390000,1000000
2018-07-11 14:28:01.147000,1.11251,1.11249,1200000,1120000
2018-07-11 14:28:01.633000,1.11253,1.1125,2510000,2620000
2018-07-11 14:28:02.149000,1.11254,1.11251,4390000,1120000
2018-07-11 14:28:03.691000,1.11254,1.11252,1000000,1000000
2018-07-11 14:28:04.204000,1.11254,1.11251,3190000,2620000
2018-07-11 14:28:04.449000,1.11255,1.11253,1120000,2250000
2018-07-11 14:28:04.975000,1.11255,1.11253,3940000,1000000
2018-07-11 14:28:05.494000,1.11254,1.11251,1690000,3750000
2018-07-11 14:28:06.338000,1.11253,1.1125,1000000,5890000
2018-07-11 14:28:06.887000,1.11254,1.11251,3190000,2250000
2018-07-11 14:28:08.318000,1.11253,1.11251,1500000,1370000
2018-07-11 14:28:09.875000,1.11252,1.1125,1000000,2060000
2018-07-11 14:28:09.978000,1.11254,1.1125,6190000,2810000
2018-07-11 14:28:10.572000,1.11253,1.1125,1000000,3560000
2018-07-11 14:28:10.938000,1.11258,1.11255,2810000,3370000
2018-07-11 14:28:11.044000,1.11259,1.11256,4390000,1120000
2018-07-11 14:28:11.148000,1.11259,1.11256,1690000,2250000
2018-07-11 14:28:11.690000,1.11261,1.11258,2060000,2890000
2018-07-11 14:28:12.415000,1.1126,1.11257,2620000,4200000
2018-07-11 14:28:12.729000,1.1126,1.11257,2060000,4390000
2018-07-11 14:28:13.567000,1.11261,1.11258,3000000,1200000
2018-07-11 14:28:14.111000,1.11262,1.11259,2060000,4950000
2018-07-11 14:28:18.410000,1.11261,1.11258,3940000,1000000
2018-07-11 14:28:19.083000,1.11259,1.11258,1000000,1120000
2018-07-11 14:28:19.233000,1.11259,1.11256,2060000,4200000
2018-07-11 14:28:19.598000,1.11256,1.11255,1000000,1120000
2018-07-11 14:28:19.859000,1.11254,1.11252,1120000,2250000
2018-07-11 14:28:20.226000,1.11253,1.1125,1120000,4120000
2018-07-11 14:28:20.787000,1.11251,1.11249,1000000,5770000
2018-07-11 14:28:20.944000,1.1125,1.11247,1120000,2440000
2018-07-11 14:28:21.132000,1.11251,1.11249,1120000,1500000
2018-07-11 14:28:21.494000,1.11251,1.11247,2440000,4760000
2018-07-11 14:28:22.008000,1.1125,1.11247,1690000,1500000
2018-07-11 14:28:22.428000,1.11247,1.11245,7690000,1570000
2018-07-11 14:28:22.973000,1.11248,1.11244,3940000,3820000
2018-07-11 14:28:23.486000,1.11246,1.11244,1000000,1370000
2018-07-11 14:28:24.107000,1.11247,1.11244,1250000,1870000
2018-07-11 14:28:25.348000,1.11249,1.11248,1000000,1000000
2018-07-11 14:28:25.549000,1.1125,1.11248,1000000,1950000
2018-07-11 14:28:26.077000,1.11251,1.11247,4310000,3450000
2018-07-11 14:28:26.657000,1.11249,1.11246,1310000,6450000
2018-07-11 14:28:28.068000,1.11248,1.11246,1310000,2250000
2018-07-11 14:28:28.581000,1.11248,1.11245,1310000,6070000
2018-07-11 14:28:29.146000,1.11247,1.11245,1000000,3000000
2018-07-11 14:28:29.817000,1.11248,1.11245,1690000,3370000
2018-07-11 14:28:33.693000,1.11248,1.11245,2060000,1120000
2018-07-11 14:28:33.849000,1.11247,1.11243,3190000,6940000
2018-07-11 14:28:34.380000,1.11245,1.11242,4310000,1000000
2018-07-11 14:28:34.892000,1.11244,1.11241,1310000,4120000
2018-07-11 14:28:35.432000,1.11245,1.11241,2890000,3190000
2018-07-11 14:28:35.750000,1.11242,1.1124,2060000,4200000
2018-07-11 14:28:36.070000,1.11241,1.11238,3560000,1500000
2018-07-11 14:28:37.898000,1.11241,1.11237,5510000,2620000
2018-07-11 14:28:38.162000,1.11235,1.11232,3560000,1120000
2018-07-11 14:28:38.678000,1.11235,1.11232,3560000,1370000
2018-07-11 14:28:40.135000,1.11235,1.11232,1310000,1370000
2018-07-11 14:28:41.796000,1.11234,1.11231,1000000,4120000
2018-07-11 14:28:46.210000,1.11233,1.11231,1000000,3000000
2018-07-11 14:28:46.749000,1.11234,1.11231,3190000,2620000
2018-07-11 14:28:49.156000,1.11234,1.11231,5660000,1870000
2018-07-11 14:28:51.403000,1.11234,1.11231,5290000,1870000
2018-07-11 14:28:52.672000,1.11234,1.11231,6790000,1000000
2018-07-11 14:28:53.337000,1.11234,1.1123,7540000,5250000
2018-07-11 14:28:55.033000,1.11234,1.1123,5510000,4760000
2018-07-11 14:28:55.535000,1.11234,1.11231,2060000,1870000
2018-07-11 14:28:58.500000,1.11233,1.11231,1000000,1370000
2018-07-11 14:28:59.017000,1.11233,1.11231,1000000,1120000
2018-07-11 14:28:59.617000,1.11234,1.11231,1690000,1120000
2018-07-11 14:28:59.669000,1.11234,1.11231,2060000,1120000
2018-07-11 14:29:00.133000,1.1123,1.11227,1690000,2020000
2018-07-11 14:29:00.186000,1.11229,1.11226,1120000,1950000
2018-07-11 14:29:00.675000,1.11233,1.1123,1000000,1500000
2018-07-11 14:29:01.009000,1.11239,1.11236,2060000,4950000
2018-07-11 14:29:01.269000,1.1124,1.11237,2440000,1870000
2018-07-11 14:29:01.321000,1.1124,1.11237,1870000,2620000
2018-07-11 14:29:02.123000,1.11241,1.11238,3450000,1370000
2018-07-11 14:29:03.857000,1.11242,1.11239,1200000,5810000
2018-07-11 14:29:04.134000,1.11247,1.11244,2510000,1000000
2018-07-11 14:29:06.169000,1.11246,1.11243,1000000,3750000
2018-07-11 14:29:06.845000,1.11247,1.11245,1000000,2620000
2018-07-11 14:29:06.949000,1.11248,1.11246,1870000,1370000
2018-07-11 14:29:07.405000,1.11247,1.11245,2440000,1100000
2018-07-11 14:29:07.508000,1.11246,1.11243,1120000,3820000
2018-07-11 14:29:08.291000,1.11246,1.11243,1000000,3000000
2018-07-11 14:29:08.839000,1.11247,1.11243,2890000,5320000
2018-07-11 14:29:09.726000,1.11248,1.11246,2620000,2850000
2018-07-11 14:29:09.779000,1.11253,1.1125,2620000,1690000
2018-07-11 14:29:09.832000,1.11255,1.11254,2140000,2250000
2018-07-11 14:29:10.038000,1.11261,1.11258,3640000,1120000
2018-07-11 14:29:11.107000,1.11259,1.11257,1250000,1000000
2018-07-11 14:29:11.730000,1.1126,1.11256,2890000,2250000
2018-07-11 14:29:12.091000,1.11256,1.11255,1500000,1000000
2018-07-11 14:29:12.256000,1.11255,1.11252,1310000,4950000
2018-07-11 14:29:15.175000,1.11257,1.11253,3640000,5620000
2018-07-11 14:29:15.284000,1.11258,1.11255,2890000,1120000
2018-07-11 14:29:15.493000,1.11257,1.11255,1560000,1000000
2018-07-11 14:29:15.774000,1.11255,1.11252,1310000,3450000
2018-07-11 14:29:16.642000,1.11255,1.11253,1310000,1000000
2018-07-11 14:29:17.156000,1.11255,1.11252,2510000,1500000
2018-07-11 14:29:17.746000,1.11255,1.11251,4390000,3000000
2018-07-11 14:29:20.810000,1.11255,1.11251,3640000,3000000
2018-07-11 14:29:21.555000,1.11256,1.11253,3190000,1870000
2018-07-11 14:29:22.073000,1.11257,1.11254,2060000,1500000
2018-07-11 14:29:22.583000,1.11258,1.11255,4760000,1000000
2018-07-11 14:29:23.102000,1.11259,1.11255,3190000,4760000
2018-07-11 14:29:23.454000,1.1126,1.11256,5140000,2440000
2018-07-11 14:29:24.165000,1.1126,1.11256,2810000,3190000
2018-07-11 14:29:24.712000,1.1126,1.11256,5510000,2250000
2018-07-11 14:29:25.217000,1.11259,1.11256,1620000,1870000
2018-07-11 14:29:25.738000,1.11258,1.11255,1690000,1870000
2018-07-11 14:29:26.380000,1.11259,1.11256,2620000,1310000
2018-07-11 14:29:26.908000,1.1126,1.11256,4310000,2060000
2018-07-11 14:29:27.423000,1.1126,1.11256,3560000,3260000
2018-07-11 14:29:28.027000,1.11262,1.11259,3070000,2250000
2018-07-11 14:29:28.292000,1.11263,1.1126,2060000,2250000
2018-07-11 14:29:28.833000,1.11262,1.11259,1120000,2060000
2018-07-11 14:29:28.938000,1.11261,1.11258,2440000,5020000
2018-07-11 14:29:29.255000,1.11258,1.11256,1250000,1500000
2018-07-11 14:29:29.508000,1.11256,1.11253,1500000,1120000
2018-07-11 14:29:30.300000,1.11257,1.11254,2890000,1870000
2018-07-11 14:29:31.053000,1.11257,1.11254,1500000,1000000
2018-07-11 14:29:31.612000,1.11256,1.11253,1120000,1120000
2018-07-11 14:29:32.130000,1.11255,1.11252,2810000,2320000
2018-07-11 14:29:32.657000,1.11255,1.11252,1250000,1370000
2018-07-11 14:29:33.205000,1.11256,1.11252,2440000,3450000
2018-07-11 14:29:33.804000,1.11256,1.11252,3190000,3370000
2018-07-11 14:29:34.370000,1.11256,1.11252,3190000,3370000
2018-07-11 14:29:36.256000,1.11256,1.11252,2440000,1500000
2018-07-11 14:29:38.953000,1.11255,1.11251,2060000,5700000
2018-07-11 14:29:40.101000,1.11255,1.11252,1500000,1500000
2018-07-11 14:29:42.694000,1.11256,1.11255,2250000,2440000
2018-07-11 14:29:43.002000,1.11259,1.11255,2440000,5140000
2018-07-11 14:29:43.172000,1.11258,1.11255,1000000,4390000
2018-07-11 14:29:43.690000,1.11257,1.11254,1310000,3000000
2018-07-11 14:29:44.212000,1.11257,1.11254,2060000,3000000
2018-07-11 14:29:48.161000,1.11257,1.11254,2250000,1120000
2018-07-11 14:29:48.694000,1.11258,1.11255,1690000,1870000
2018-07-11 14:29:49.445000,1.11257,1.11254,1620000,1200000
2018-07-11 14:29:49.963000,1.11256,1.11253,1120000,2250000
2018-07-11 14:29:52.643000,1.11256,1.11252,2440000,2250000
2018-07-11 14:29:53.280000,1.11256,1.11252,1690000,2320000
2018-07-11 14:29:53.943000,1.11256,1.11252,1690000,2320000
2018-07-11 14:29:54.258000,1.11254,1.11251,1690000,1000000
2018-07-11 14:29:54.769000,1.11253,1.1125,1120000,5210000
2018-07-11 14:29:55.309000,1.11252,1.11249,1120000,4870000
2018-07-11 14:29:55.992000,1.11252,1.1125,1000000,1120000
2018-07-11 14:29:56.504000,1.11254,1.1125,4760000,1370000
2018-07-11 14:29:57.059000,1.11252,1.11248,1310000,4650000
2018-07-11 14:29:57.599000,1.11252,1.11249,1250000,1200000
2018-07-11 14:29:58.048000,1.11251,1.11248,1620000,1950000
2018-07-11 14:29:58.372000,1.11246,1.11243,3000000,1000000
2018-07-11 14:29:58.424000,1.11246,1.11242,2810000,3000000
2018-07-11 14:29:58.735000,1.11246,1.11243,1690000,1120000
2018-07-11 14:29:58.841000,1.11249,1.11245,8890000,1000000
2018-07-11 14:29:59.350000,1.11249,1.11245,8140000,1000000
2018-07-11 14:29:59.887000,1.1125,1.11246,5320000,4310000
2018-07-11 14:30:00.218000,1.1125,1.11247,1310000,1120000
2018-07-11 14:30:00.340000,1.11249,1.11247,1370000,1500000
2018-07-11 14:30:00.735000,1.11247,1.11245,1000000,1500000
2018-07-11 14:30:00.971000,1.11249,1.11247,1010000,1120000
2018-07-11 14:30:01.320000,1.11252,1.11249,1470000,1120000
2018-07-11 14:30:01.529000,1.1125,1.11246,1870000,2890000
2018-07-11 14:30:01.634000,1.11246,1.11243,1120000,1870000
2018-07-11 14:30:02.481000,1.11247,1.11244,1000000,1310000
2018-07-11 14:30:02.944000,1.1125,1.11247,3640000,1000000
2018-07-11 14:30:03.464000,1.1125,1.11247,1370000,2060000
2018-07-11 14:30:04.227000,1.11251,1.11247,7390000,1500000
2018-07-11 14:30:04.812000,1.1125,1.11247,1870000,1500000
2018-07-11 14:30:05.825000,1.11249,1.11247,1000000,1000000
2018-07-11 14:30:05.878000,1.11247,1.11245,1000000,1010000
2018-07-11 14:30:06.200000,1.11245,1.11242,1000000,1760000
2018-07-11 14:30:06.252000,1.11249,1.11245,6560000,1620000
2018-07-11 14:30:06.609000,1.1125,1.11246,4310000,2250000
2018-07-11 14:30:07.544000,1.11249,1.11246,1000000,1200000
2018-07-11 14:30:07.657000,1.11248,1.11244,1620000,3070000
2018-07-11 14:30:07.761000,1.11246,1.11242,1500000,4840000
2018-07-11 14:30:07.867000,1.11244,1.11241,1000000,1390000
2018-07-11 14:30:08.022000,1.11247,1.11243,1310000,4010000
2018-07-11 14:30:08.637000,1.11249,1.11245,1690000,2060000
2018-07-11 14:30:08.756000,1.1125,1.11247,4310000,1570000
2018-07-11 14:30:09.280000,1.1125,1.11247,1690000,1200000
2018-07-11 14:30:09.829000,1.1125,1.11247,1250000,1570000
2018-07-11 14:30:10.288000,1.11248,1.11245,1690000,1450000
2018-07-11 14:30:10.633000,1.11247,1.11243,1690000,2400000
2018-07-11 14:30:11.046000,1.11245,1.11241,2810000,6900000
2018-07-11 14:30:11.442000,1.11246,1.11245,1000000,1000000
2018-07-11 14:30:11.494000,1.11248,1.11245,3190000,1000000
2018-07-11 14:30:11.876000,1.11249,1.11247,1690000,1870000
2018-07-11 14:30:12.425000,1.1125,1.11247,1500000,1500000
2018-07-11 14:30:14.262000,1.11251,1.11247,3640000,2320000
2018-07-11 14:30:14.887000,1.1125,1.11247,1000000,2250000
2018-07-11 14:30:15.266000,1.11252,1.11249,6070000,1250000
2018-07-11 14:30:15.581000,1.11253,1.11251,1000000,1120000
2018-07-11 14:30:16.100000,1.11254,1.1125,2440000,3560000
2018-07-11 14:30:16.681000,1.11254,1.11251,2440000,1000000
2018-07-11 14:30:17.672000,1.11253,1.1125,1120000,2890000
2018-07-11 14:30:18.073000,1.11254,1.11251,1310000,1370000
2018-07-11 14:30:18.229000,1.11256,1.11252,2440000,3450000
2018-07-11 14:30:18.932000,1.11257,1.11253,2890000,3370000
2018-07-11 14:30:19.462000,1.11258,1.11254,2250000,2510000
2018-07-11 14:30:20.594000,1.11259,1.11256,2700000,2060000
2018-07-11 14:30:20.649000,1.11259,1.11256,1000000,3260000
2018-07-11 14:30:21.350000,1.1126,1.11256,2440000,4010000
2018-07-11 14:30:21.902000,1.11258,1.11255,1370000,1310000
2018-07-11 14:30:24.436000,1.11259,1.11255,3000000,5060000
2018-07-11 14:30:25.130000,1.1126,1.11256,2250000,4760000
2018-07-11 14:30:25.635000,1.1126,1.11257,3190000,1120000
2018-07-11 14:30:26.372000,1.11259,1.11257,1250000,1370000
2018-07-11 14:30:26.583000,1.11259,1.11256,2060000,2700000
2018-07-11 14:30:26.979000,1.1126,1.11257,1570000,1570000
2018-07-11 14:30:27.519000,1.11261,1.11257,1870000,4010000
2018-07-11 14:30:28.881000,1.11262,1.11259,1760000,1370000
2018-07-11 14:30:28.986000,1.11263,1.1126,1120000,3710000
2018-07-11 14:30:29.528000,1.11263,1.1126,1120000,2440000
2018-07-11 14:30:29.581000,1.11265,1.11262,4950000,1000000
2018-07-11 14:30:30.176000,1.11264,1.1126,2440000,4390000
2018-07-11 14:30:30.428000,1.11265,1.11261,3260000,3750000
2018-07-11 14:30:31.032000,1.11265,1.11262,2440000,1500000
2018-07-11 14:30:31.137000,1.11266,1.11263,1760000,1120000
2018-07-11 14:30:31.940000,1.11267,1.11263,2510000,3370000
2018-07-11 14:30:32.191000,1.11268,1.11264,4390000,1870000
2018-07-11 14:30:32.773000,1.11268,1.11264,3260000,1950000
2018-07-11 14:30:33.313000,1.11268,1.11264,4010000,2700000
2018-07-11 14:30:33.832000,1.11268,1.11264,4010000,2700000
2018-07-11 14:30:34.426000,1.11268,1.11264,3260000,2700000
2018-07-11 14:30:34.941000,1.11269,1.11265,2890000,3260000
2018-07-11 14:30:37.959000,1.11268,1.11265,1000000,2440000
2018-07-11 14:30:38.492000,1.11269,1.11265,3190000,2440000
2018-07-11 14:30:39.675000,1.11268,1.11265,1000000,2440000
2018-07-11 14:30:40.181000,1.11268,1.11265,2620000,1690000
2018-07-11 14:30:40.727000,1.11268,1.11265,1870000,2060000
2018-07-11 14:30:41.244000,1.11267,1.11264,1000000,1690000
2018-07-11 14:30:41.917000,1.11268,1.11264,3640000,3190000
2018-07-11 14:30:42.432000,1.11267,1.11264,3560000,1120000
2018-07-11 14:30:42.610000,1.11263,1.1126,1000000,2810000
2018-07-11 14:30:43.071000,1.11264,1.1126,4010000,2060000
2018-07-11 14:30:43.233000,1.11265,1.11262,1570000,3000000
2018-07-11 14:30:43.748000,1.11267,1.11263,3450000,2440000
2018-07-11 14:30:44.394000,1.11265,1.11262,1120000,4120000
2018-07-11 14:30:44.924000,1.11266,1.11263,3190000,1120000
2018-07-11 14:30:45.456000,1.11264,1.11262,2810000,1000000
2018-07-11 14:30:45.560000,1.11263,1.1126,2810000,1500000
2018-07-11 14:30:46.078000,1.11263,1.11259,2810000,2810000
2018-07-11 14:30:46.489000,1.11265,1.11262,1950000,2250000
2018-07-11 14:30:46.790000,1.11265,1.11262,1000000,2250000
2018-07-11 14:30:47.153000,1.11265,1.11262,1310000,2250000
2018-07-11 14:30:47.697000,1.11265,1.11262,1500000,3070000
2018-07-11 14:30:48.187000,1.11264,1.11261,4310000,2700000
2018-07-11 14:30:48.447000,1.11262,1.1126,1870000,1870000
2018-07-11 14:30:49.460000,1.11262,1.1126,1120000,1620000
2018-07-11 14:30:49.616000,1.11265,1.11262,1690000,1870000
2018-07-11 14:30:50.156000,1.11264,1.11263,1000000,1120000
2018-07-11 14:30:50.416000,1.11267,1.11263,4010000,4690000
2018-07-11 14:30:50.523000,1.11268,1.11266,1120000,1000000
2018-07-11 14:30:51.052000,1.11267,1.11264,1870000,2810000
2018-07-11 14:30:51.588000,1.11267,1.11264,2250000,1310000
2018-07-11 14:30:52.502000,1.11266,1.11264,1000000,2810000
2018-07-11 14:30:52.680000,1.11272,1.11269,1570000,1250000
2018-07-11 14:30:52.784000,1.11269,1.11268,1690000,4500000
2018-07-11 14:30:52.887000,1.11269,1.11266,2250000,2060000
2018-07-11 14:30:53.442000,1.1127,1.11266,3370000,2440000
2018-07-11 14:30:53.651000,1.11271,1.11269,2250000,1000000
2018-07-11 14:30:53.703000,1.11272,1.11269,1760000,2620000
2018-07-11 14:30:54.402000,1.11272,1.11269,2060000,1500000
2018-07-11 14:30:54.951000,1.11272,1.11269,1870000,1500000
2018-07-11 14:30:55.506000,1.11273,1.1127,2440000,1120000
2018-07-11 14:30:56.084000,1.11272,1.1127,1000000,1000000
2018-07-11 14:30:57.202000,1.11271,1.11268,1310000,3000000
2018-07-11 14:30:57.726000,1.11271,1.11267,3940000,2320000
2018-07-11 14:30:57.886000,1.11272,1.11269,2890000,1000000
2018-07-11 14:30:58.427000,1.11272,1.11268,2060000,3000000
2018-07-11 14:30:58.771000,1.11272,1.11269,1500000,1620000
2018-07-11 14:31:00.881000,1.11273,1.11269,3940000,2060000
2018-07-11 14:31:01.749000,1.11274,1.1127,4310000,2810000
2018-07-11 14:31:02.860000,1.11273,1.11269,2440000,3370000
2018-07-11 14:31:04.232000,1.11271,1.11268,1310000,3000000
2018-07-11 14:31:04.772000,1.11272,1.11269,2810000,1120000
2018-07-11 14:31:09.347000,1.11272,1.11269,2440000,1370000
2018-07-11 14:31:14.344000,1.11271,1.11269,1000000,1500000
2018-07-11 14:31:14.895000,1.11271,1.11268,1000000,2620000
2018-07-11 14:31:15.206000,1.11271,1.11267,3190000,1870000
2018-07-11 14:31:16.329000,1.11271,1.11268,1310000,1870000
2018-07-11 14:31:16.590000,1.11269,1.11266,1500000,5700000
2018-07-11 14:31:16.695000,1.11269,1.11265,2440000,3190000
2018-07-11 14:31:21.052000,1.11269,1.11265,2810000,2060000
2018-07-11 14:31:21.648000,1.11269,1.11265,4310000,2440000
2018-07-11 14:31:25.106000,1.11268,1.11265,3190000,1000000
2018-07-11 14:31:25.940000,1.11268,1.11265,3190000,1120000
2018-07-11 14:31:26.719000,1.11267,1.11265,1250000,1120000
2018-07-11 14:31:26.926000,1.11264,1.11262,4040000,4120000
2018-07-11 14:31:26.980000,1.11262,1.11259,2620000,1000000
2018-07-11 14:31:27.508000,1.11263,1.1126,1500000,2060000
2018-07-11 14:31:27.614000,1.11264,1.11262,2060000,1000000
2018-07-11 14:31:28.044000,1.11266,1.11263,1310000,1370000
2018-07-11 14:31:28.202000,1.11266,1.11262,2440000,4950000
2018-07-11 14:31:28.715000,1.11266,1.11262,4310000,3370000
2018-07-11 14:31:30.077000,1.11266,1.11262,1870000,4570000
2018-07-11 14:31:30.628000,1.11266,1.11262,1870000,4390000
2018-07-11 14:31:33.982000,1.11266,1.11262,2810000,4120000
2018-07-11 14:31:34.799000,1.11265,1.11262,1250000,3750000
2018-07-11 14:31:35.577000,1.11266,1.11262,2060000,4120000
2018-07-11 14:31:36.122000,1.11265,1.11262,1690000,2250000
2018-07-11 14:31:38.513000,1.11265,1.11262,1250000,3750000
2018-07-11 14:31:43.821000,1.11266,1.11262,5440000,5850000
2018-07-11 14:31:45.434000,1.11267,1.11266,1120000,1000000
2018-07-11 14:31:45.984000,1.11269,1.11266,2810000,1870000
2018-07-11 14:31:46.312000,1.11266,1.11263,1250000,3070000
2018-07-11 14:31:46.447000,1.11267,1.11263,3940000,1870000
2018-07-11 14:31:46.961000,1.11265,1.11262,2810000,2620000
2018-07-11 14:31:52.940000,1.11263,1.11261,2440000,1100000
2018-07-11 14:31:52.993000,1.11261,1.11258,1000000,5890000
2018-07-11 14:31:53.048000,1.1126,1.11258,3040000,1120000
2018-07-11 14:31:53.101000,1.1126,1.11256,3940000,4390000
2018-07-11 14:31:53.256000,1.1126,1.11257,2620000,1620000
2018-07-11 14:31:53.759000,1.11259,1.11256,1000000,3520000
2018-07-11 14:31:56.433000,1.11259,1.11257,1000000,1370000
2018-07-11 14:31:57.325000,1.11261,1.11259,1000000,3370000
2018-07-11 14:31:57.378000,1.11264,1.11261,2250000,14060000
2018-07-11 14:31:57.430000,1.11265,1.11262,2440000,1100000
2018-07-11 14:31:57.533000,1.11265,1.11262,2060000,2020000
2018-07-11 14:31:58.095000,1.11264,1.11262,1000000,2060000
2018-07-11 14:32:00.827000,1.11264,1.11262,1000000,1950000
2018-07-11 14:32:01.334000,1.11264,1.11262,1120000,1690000
2018-07-11 14:32:06.714000,1.11266,1.11262,4310000,3820000
2018-07-11 14:32:07.414000,1.11266,1.11262,3190000,3150000
2018-07-11 14:32:09.633000,1.11266,1.11262,2810000,3520000
2018-07-11 14:32:17.595000,1.11266,1.11263,1370000,5140000
2018-07-11 14:32:18.078000,1.11265,1.11262,2060000,4200000
2018-07-11 14:32:18.626000,1.11263,1.11262,1000000,2250000
2018-07-11 14:32:18.730000,1.11265,1.11262,2810000,2250000
2018-07-11 14:32:20.869000,1.11264,1.11262,1000000,1500000
2018-07-11 14:32:21.405000,1.11265,1.11262,3070000,2250000
2018-07-11 14:32:21.993000,1.11265,1.11262,2250000,2250000
2018-07-11 14:32:22.576000,1.11264,1.11262,1000000,1500000
2018-07-11 14:32:25.133000,1.11265,1.11262,2140000,1500000
2018-07-11 14:32:25.525000,1.11262,1.11259,2060000,4200000
2018-07-11 14:32:26.097000,1.11263,1.1126,2510000,2250000
2018-07-11 14:32:26.433000,1.11261,1.1126,1000000,1000000
2018-07-11 14:32:27.336000,1.11263,1.11259,3940000,2810000
2018-07-11 14:32:27.442000,1.11262,1.11259,1500000,1950000
2018-07-11 14:32:27.546000,1.1126,1.11257,1500000,1570000
2018-07-11 14:32:28.049000,1.11261,1.11257,5510000,1500000
2018-07-11 14:32:28.578000,1.11261,1.11259,1870000,1120000
2018-07-11 14:32:28.734000,1.11263,1.1126,3820000,1310000
2018-07-11 14:32:29.465000,1.11264,1.11262,1200000,1000000
2018-07-11 14:32:29.867000,1.11267,1.11265,6820000,1000000
2018-07-11 14:32:30.393000,1.11266,1.11263,2810000,1570000
2018-07-11 14:32:32.933000,1.11265,1.11262,1120000,3070000
2018-07-11 14:32:33.667000,1.11266,1.11262,3560000,2500000
2018-07-11 14:32:34.033000,1.11266,1.11262,2440000,2440000
2018-07-11 14:32:34.550000,1.11265,1.11262,2060000,1120000
2018-07-11 14:32:35.907000,1.11265,1.11262,1310000,1500000
2018-07-11 14:32:40.338000,1.11264,1.11262,1000000,3070000
2018-07-11 14:32:40.890000,1.11265,1.11262,1120000,4760000
2018-07-11 14:32:44.478000,1.11264,1.11262,1000000,2250000
2018-07-11 14:32:45.080000,1.11265,1.11262,3560000,1570000
2018-07-11 14:32:46.512000,1.11265,1.11262,3190000,2250000
2018-07-11 14:32:46.567000,1.11267,1.11265,2620000,1000000
2018-07-11 14:32:46.725000,1.11265,1.11262,3560000,1500000
2018-07-11 14:32:47.252000,1.11265,1.11262,3940000,2250000
2018-07-11 14:32:47.757000,1.11265,1.11262,5060000,1870000
2018-07-11 14:32:49.846000,1.11265,1.11262,3190000,2250000
2018-07-11 14:32:50.577000,1.11263,1.11262,1000000,1120000
2018-07-11 14:32:51.122000,1.11265,1.11262,8510000,2320000
2018-07-11 14:32:51.528000,1.11265,1.11262,2440000,2320000
2018-07-11 14:32:52.047000,1.11266,1.11262,3940000,2320000
2018-07-11 14:32:52.586000,1.11266,1.11263,1690000,2320000
2018-07-11 14:32:58.797000,1.11267,1.11263,4310000,3000000
2018-07-11 14:33:00.291000,1.11267,1.11265,1000000,2060000
2018-07-11 14:33:00.829000,1.11268,1.11265,1000000,2810000
2018-07-11 14:33:01.652000,1.11269,1.11265,4120000,3190000
2018-07-11 14:33:01.759000,1.11271,1.11268,3190000,1950000
2018-07-11 14:33:01.918000,1.11271,1.11269,1250000,1370000
2018-07-11 14:33:02.453000,1.11272,1.11269,2440000,1120000
2018-07-11 14:33:03.397000,1.11272,1.1127,1000000,1250000
2018-07-11 14:33:03.922000,1.11272,1.11269,1120000,3260000
2018-07-11 14:33:10.140000,1.11272,1.11268,3190000,5400000
2018-07-11 14:33:10.457000,1.11268,1.11266,1310000,1200000
2018-07-11 14:33:10.773000,1.11266,1.11263,1310000,1470000
2018-07-11 14:33:13.137000,1.11266,1.11262,2440000,6450000
2018-07-11 14:33:13.967000,1.11266,1.11263,2440000,1000000
2018-07-11 14:33:14.469000,1.11266,1.11263,2060000,1370000
2018-07-11 14:33:14.975000,1.11266,1.11263,2440000,1120000
2018-07-11 14:33:15.540000,1.11266,1.11263,2060000,1370000
2018-07-11 14:33:16.065000,1.11266,1.11263,2060000,1370000
2018-07-11 14:33:16.606000,1.11266,1.11263,2440000,1120000
2018-07-11 14:33:17.117000,1.11264,1.11262,2440000,1000000
2018-07-11 14:33:17.223000,1.11264,1.1126,3190000,3190000
2018-07-11 14:33:17.679000,1.11262,1.11258,3940000,2250000
2018-07-11 14:33:19.257000,1.11261,1.11259,1250000,1120000
2018-07-11 14:33:20.955000,1.11261,1.11258,1870000,1690000
2018-07-11 14:33:21.808000,1.11262,1.11259,3070000,2810000
2018-07-11 14:33:22.349000,1.11262,1.11258,2810000,3370000
2018-07-11 14:33:22.880000,1.11261,1.11257,2060000,3260000
2018-07-11 14:33:23.867000,1.11261,1.11257,2060000,3070000
2018-07-11 14:33:24.687000,1.11261,1.11258,1310000,1120000
2018-07-11 14:33:25.209000,1.1126,1.11257,1000000,2140000
2018-07-11 14:33:25.740000,1.11261,1.11257,2060000,2510000
2018-07-11 14:33:26.280000,1.1126,1.11257,1000000,2440000
2018-07-11 14:33:26.490000,1.1126,1.11256,2440000,4950000
2018-07-11 14:33:28.013000,1.11259,1.11256,2060000,1950000
2018-07-11 14:33:30.124000,1.11259,1.11256,1250000,3000000
2018-07-11 14:33:31.923000,1.11259,1.11256,1310000,3000000
2018-07-11 14:33:35.938000,1.11259,1.11256,2250000,2510000
2018-07-11 14:33:37.452000,1.11259,1.11257,1000000,1370000
2018-07-11 14:33:37.972000,1.1126,1.11257,1310000,1370000
2018-07-11 14:33:38.621000,1.1126,1.11257,3560000,1370000
2018-07-11 14:33:40.664000,1.1126,1.11257,1310000,1370000
2018-07-11 14:33:41.030000,1.11262,1.11259,1000000,2140000
2018-07-11 14:33:44.103000,1.11262,1.1126,1000000,1000000
2018-07-11 14:33:45.506000,1.11264,1.11261,4690000,1870000
2018-07-11 14:33:46.018000,1.11265,1.11262,2440000,2700000
2018-07-11 14:33:46.544000,1.11266,1.11263,1190000,2700000
2018-07-11 14:33:47.110000,1.11264,1.11263,1310000,1000000
2018-07-11 14:33:47.628000,1.11262,1.11259,1690000,1500000
2018-07-11 14:33:48.131000,1.11262,1.11259,2060000,1000000
2018-07-11 14:33:49.235000,1.11262,1.11258,2440000,2320000
2018-07-11 14:33:49.934000,1.11261,1.11258,1310000,1500000
2018-07-11 14:33:52.195000,1.11261,1.11258,2060000,1500000
2018-07-11 14:33:57.581000,1.11261,1.11258,2060000,1120000
2018-07-11 14:33:59.622000,1.11261,1.11258,2060000,1000000
2018-07-11 14:34:03.209000,1.11261,1.11258,1000000,1570000
2018-07-11 14:34:03.746000,1.11262,1.11258,2250000,3260000
2018-07-11 14:34:04.072000,1.11263,1.11259,2440000,4010000
2018-07-11 14:34:04.616000,1.11264,1.11261,6190000,1120000
2018-07-11 14:34:05.672000,1.11263,1.1126,2440000,1120000
2018-07-11 14:34:06.215000,1.11263,1.11259,3190000,4010000
2018-07-11 14:34:07.386000,1.11262,1.11259,1620000,1950000
2018-07-11 14:34:08.375000,1.11263,1.11259,6640000,2440000
2018-07-11 14:34:08.906000,1.11263,1.11259,2440000,3260000
2018-07-11 14:34:10.553000,1.11262,1.11259,2060000,1570000
2018-07-11 14:34:11.090000,1.11262,1.11259,2060000,1500000
2018-07-11 14:34:14.002000,1.11262,1.11259,2060000,1500000
2018-07-11 14:34:14.547000,1.11263,1.11259,3190000,3340000
2018-07-11 14:34:18.261000,1.11263,1.11261,1000000,1120000
2018-07-11 14:34:18.681000,1.11263,1.11259,3190000,3070000
2018-07-11 14:34:19.224000,1.11262,1.11259,2060000,1500000
2018-07-11 14:34:20.711000,1.11261,1.11258,1620000,1120000
2018-07-11 14:34:21.224000,1.1126,1.11257,1310000,1500000
2018-07-11 14:34:22.084000,1.1126,1.11257,2810000,1500000
2018-07-11 14:34:22.749000,1.1126,1.11257,2440000,1500000
2018-07-11 14:34:24.103000,1.1126,1.11257,2810000,1570000
2018-07-11 14:34:24.609000,1.1126,1.11257,3560000,1000000
2018-07-11 14:34:25.374000,1.11258,1.11256,2810000,1950000
2018-07-11 14:34:25.427000,1.11257,1.11254,2060000,2320000
2018-07-11 14:34:25.479000,1.11256,1.11253,1620000,3150000
2018-07-11 14:34:25.638000,1.11258,1.11256,2320000,2250000
2018-07-11 14:34:25.745000,1.11259,1.11256,2440000,2620000
2018-07-11 14:34:26.497000,1.11259,1.11257,1000000,1370000
2018-07-11 14:34:27.017000,1.1126,1.11257,1690000,1370000
2018-07-11 14:34:28.791000,1.1126,1.11257,3560000,1870000
2018-07-11 14:34:29.315000,1.11259,1.11256,2060000,3370000
2018-07-11 14:34:32.922000,1.11257,1.11256,1250000,1000000
2018-07-11 14:34:33.027000,1.11257,1.11254,2810000,1000000
2018-07-11 14:34:33.561000,1.11256,1.11255,1500000,1000000
2018-07-11 14:34:34.508000,1.11259,1.11257,3260000,1000000
2018-07-11 14:34:35.044000,1.11259,1.11256,2060000,1870000
2018-07-11 14:34:35.407000,1.11258,1.11256,1250000,1870000
2018-07-11 14:34:35.748000,1.11256,1.11253,1560000,3450000
2018-07-11 14:34:36.443000,1.11256,1.11253,1250000,1500000
2018-07-11 14:34:36.960000,1.11256,1.11253,2060000,1500000
2018-07-11 14:34:38.144000,1.11255,1.11251,3560000,6370000
2018-07-11 14:34:41.515000,1.11252,1.1125,1000000,3820000
2018-07-11 14:34:42.031000,1.11254,1.1125,3940000,2320000
2018-07-11 14:34:42.565000,1.11255,1.11252,3560000,1120000
2018-07-11 14:34:48.144000,1.11255,1.11251,2890000,2250000
2018-07-11 14:34:49.909000,1.11254,1.1125,4690000,3070000
2018-07-11 14:34:50.436000,1.11254,1.11251,5510000,1000000
2018-07-11 14:34:52.926000,1.11254,1.1125,3260000,2890000
2018-07-11 14:34:53.779000,1.11254,1.11251,5140000,1000000
2018-07-11 14:34:54.138000,1.11254,1.11251,2890000,1370000
2018-07-11 14:34:59.545000,1.11253,1.1125,1690000,1870000
2018-07-11 14:34:59.633000,1.11253,1.11249,1690000,4200000
2018-07-11 14:34:59.685000,1.11251,1.11248,1690000,1500000
2018-07-11 14:35:00.223000,1.1125,1.11247,2510000,1120000
2018-07-11 14:35:01.350000,1.1125,1.11247,2440000,1120000
2018-07-11 14:35:03.545000,1.11251,1.11249,1390000,1500000
2018-07-11 14:35:03.904000,1.11251,1.11247,2810000,4030000
2018-07-11 14:35:04.654000,1.11251,1.11248,3560000,1000000
2018-07-11 14:35:05.351000,1.11251,1.11247,3560000,3000000
2018-07-11 14:35:05.897000,1.11251,1.11248,2810000,1000000
2018-07-11 14:35:07.138000,1.11251,1.11249,1000000,1870000
2018-07-11 14:35:07.242000,1.11253,1.1125,2250000,2320000
2018-07-11 14:35:07.814000,1.11254,1.1125,3370000,3070000
2018-07-11 14:35:09.461000,1.11254,1.1125,4010000,4120000
2018-07-11 14:35:10.005000,1.11254,1.11251,3190000,1870000
2018-07-11 14:35:10.541000,1.11255,1.11252,2440000,1000000
2018-07-11 14:35:14.237000,1.11252,1.1125,1500000,4570000
2018-07-11 14:35:14.778000,1.11253,1.11249,4390000,3820000
2018-07-11 14:35:15.904000,1.11253,1.11249,5060000,4760000
2018-07-11 14:35:16.446000,1.11253,1.1125,3190000,1870000
2018-07-11 14:35:18.019000,1.11252,1.11249,1870000,3190000
2018-07-11 14:35:18.574000,1.11253,1.11249,3260000,3450000
2018-07-11 14:35:19.910000,1.11253,1.1125,3190000,1370000
2018-07-11 14:35:20.439000,1.11253,1.1125,2060000,1870000
2018-07-11 14:35:21.170000,1.11253,1.11249,2440000,4950000
2018-07-11 14:35:21.513000,1.11251,1.11247,2440000,4950000
2018-07-11 14:35:21.872000,1.11249,1.11246,2810000,1120000
2018-07-11 14:35:23.589000,1.11249,1.11246,2060000,1370000
2018-07-11 14:35:24.476000,1.11249,1.11246,1690000,2700000
2018-07-11 14:35:25.231000,1.11249,1.11246,1310000,2700000
2018-07-11 14:35:25.550000,1.11252,1.1125,1910000,1000000
2018-07-11 14:35:27.288000,1.11253,1.11249,3190000,4570000
2018-07-11 14:35:27.965000,1.11253,1.1125,3940000,1120000
2018-07-11 14:35:28.618000,1.1125,1.11249,1250000,1000000
2018-07-11 14:35:28.934000,1.11249,1.11246,1120000,1870000
2018-07-11 14:35:29.198000,1.11249,1.11246,4310000,1000000
2018-07-11 14:35:29.739000,1.11248,1.11245,1660000,1120000
2018-07-11 14:35:31.165000,1.11248,1.11244,2510000,3000000
2018-07-11 14:35:31.714000,1.11248,1.11244,2510000,3000000
2018-07-11 14:35:32.232000,1.11248,1.11245,2060000,1870000
2018-07-11 14:35:32.735000,1.11248,1.11245,2140000,1000000
2018-07-11 14:35:33.231000,1.11249,1.11247,1390000,1000000
2018-07-11 14:35:34.828000,1.11247,1.11245,1190000,2320000
2018-07-11 14:35:35.256000,1.11248,1.11246,1000000,1870000
2018-07-11 14:35:35.920000,1.11249,1.11247,1250000,1000000
2018-07-11 14:35:36.471000,1.1125,1.11248,2510000,1000000
2018-07-11 14:35:36.980000,1.1125,1.11247,1690000,1000000
2018-07-11 14:35:38.034000,1.11249,1.11246,2060000,3000000
2018-07-11 14:35:38.560000,1.11248,1.11246,2810000,1000000
2018-07-11 14:35:39.086000,1.11249,1.11246,4390000,1000000
2018-07-11 14:35:44.731000,1.11248,1.11246,1120000,2250000
2018-07-11 14:35:45.305000,1.11249,1.11247,1120000,1120000
2018-07-11 14:35:46.072000,1.11249,1.11248,1000000,1000000
2018-07-11 14:35:46.613000,1.11249,1.11247,1620000,1000000
2018-07-11 14:35:49.990000,1.11249,1.11248,1120000,1000000
2018-07-11 14:35:50.547000,1.11249,1.11247,1120000,3000000
2018-07-11 14:35:51.145000,1.1125,1.11248,1870000,1000000
2018-07-11 14:35:51.691000,1.11249,1.11247,1120000,1870000
2018-07-11 14:35:52.765000,1.1125,1.11248,1620000,1000000
2018-07-11 14:35:53.385000,1.1125,1.11247,2060000,3450000
2018-07-11 14:35:53.489000,1.11251,1.1125,1100000,1000000
2018-07-11 14:35:53.915000,1.11251,1.11248,2250000,1500000
2018-07-11 14:35:54.074000,1.11251,1.1125,1200000,1000000
2018-07-11 14:35:54.395000,1.1125,1.11248,1120000,1500000
2018-07-11 14:35:54.790000,1.11248,1.11247,1120000,1000000
2018-07-11 14:35:54.893000,1.11248,1.11245,1120000,4310000
2018-07-11 14:35:55.431000,1.11249,1.11246,1950000,3000000
2018-07-11 14:35:55.986000,1.1125,1.11247,2060000,1500000
2018-07-11 14:35:59.066000,1.11249,1.11246,1000000,3000000
2018-07-11 14:36:00.136000,1.1125,1.11247,2060000,2250000
2018-07-11 14:36:01.944000,1.11253,1.1125,1370000,2620000
2018-07-11 14:36:02.098000,1.11254,1.11251,1690000,1120000
2018-07-11 14:36:03.033000,1.11254,1.11251,2440000,1100000
2018-07-11 14:36:03.579000,1.11254,1.1125,2440000,4570000
2018-07-11 14:36:04.132000,1.11254,1.11251,3190000,1100000
2018-07-11 14:36:04.722000,1.11253,1.1125,2810000,1950000
2018-07-11 14:36:05.270000,1.11251,1.11249,1000000,1000000
2018-07-11 14:36:06.105000,1.11253,1.11251,2620000,1000000
2018-07-11 14:36:06.264000,1.11254,1.11251,1500000,1120000
2018-07-11 14:36:06.785000,1.11254,1.11251,1500000,1000000
2018-07-11 14:36:07.295000,1.11254,1.1125,2250000,4310000
2018-07-11 14:36:07.883000,1.11254,1.11251,2250000,2060000
2018-07-11 14:36:09.374000,1.11253,1.11251,1370000,1000000
2018-07-11 14:36:09.922000,1.11253,1.11251,1120000,1000000
2018-07-11 14:36:10.443000,1.11251,1.1125,1000000,1000000
2018-07-11 14:36:10.497000,1.11251,1.11248,2440000,1870000
2018-07-11 14:36:11.381000,1.11251,1.11247,2440000,3370000
2018-07-11 14:36:15.136000,1.1125,1.11248,1120000,1500000
2018-07-11 14:36:15.677000,1.1125,1.11247,2440000,1120000
2018-07-11 14:36:18.763000,1.1125,1.11247,2440000,1370000
2018-07-11 14:36:19.320000,1.1125,1.11246,3190000,4870000
2018-07-11 14:36:19.582000,1.11249,1.11246,1120000,3370000
2018-07-11 14:36:20.386000,1.11248,1.11246,1500000,1120000
2018-07-11 14:36:21.100000,1.11248,1.11245,1690000,1870000
2018-07-11 14:36:21.612000,1.11247,1.11245,1310000,1000000
2018-07-11 14:36:22.156000,1.11246,1.11244,1120000,1500000
2018-07-11 14:36:22.514000,1.11249,1.11248,1000000,1250000
2018-07-11 14:36:22.731000,1.11253,1.1125,2250000,1690000
2018-07-11 14:36:23.167000,1.11251,1.11248,1500000,6150000
2018-07-11 14:36:23.687000,1.11252,1.11249,4870000,1250000
2018-07-11 14:36:25.760000,1.11252,1.11249,4870000,1250000
2018-07-11 14:36:26.311000,1.11252,1.11249,2620000,2810000
2018-07-11 14:36:26.820000,1.11253,1.11249,3750000,3640000
2018-07-11 14:36:29.995000,1.11252,1.11249,1500000,3940000
2018-07-11 14:36:30.513000,1.11252,1.11249,3190000,2250000
2018-07-11 14:36:31.190000,1.11252,1.11249,1870000,2440000
2018-07-11 14:36:31.694000,1.11253,1.1125,1500000,2810000
2018-07-11 14:36:32.230000,1.11253,1.1125,1500000,2060000
2018-07-11 14:36:33.357000,1.11252,1.1125,1000000,1310000
2018-07-11 14:36:35.142000,1.11253,1.1125,2250000,2060000
2018-07-11 14:36:36.022000,1.11253,1.1125,1870000,2060000
2018-07-11 14:36:37.135000,1.11254,1.11251,4690000,1370000
2018-07-11 14:36:37.639000,1.11254,1.11251,1250000,1870000
2018-07-11 14:36:38.942000,1.11255,1.11254,3940000,1120000
2018-07-11 14:36:39.046000,1.11257,1.11254,2770000,2250000
2018-07-11 14:36:39.151000,1.11259,1.11258,1100000,1000000
2018-07-11 14:36:39.484000,1.11259,1.11256,1150000,2250000
2018-07-11 14:36:39.695000,1.11256,1.11255,1000000,3450000
2018-07-11 14:36:39.802000,1.11254,1.11253,13310000,2250000
2018-07-11 14:36:40.823000,1.11254,1.11252,13310000,2250000
2018-07-11 14:36:42.028000,1.11254,1.11251,14440000,2290000
2018-07-11 14:36:46.687000,1.11254,1.11252,13310000,1870000
2018-07-11 14:36:49.122000,1.11254,1.11251,13690000,4120000
2018-07-11 14:36:49.612000,1.11254,1.11252,13310000,1870000
2018-07-11 14:36:55.334000,1.11257,1.11253,3970000,2620000
2018-07-11 14:36:55.482000,1.11262,1.11256,3000000,2250000
2018-07-11 14:36:56.166000,1.11262,1.1126,1000000,1370000
2018-07-11 14:36:56.687000,1.11263,1.1126,1870000,1870000
2018-07-11 14:37:02.424000,1.11265,1.11264,3370000,1000000
2018-07-11 14:37:02.536000,1.11269,1.11266,3000000,2250000
2018-07-11 14:37:03.579000,1.11269,1.11266,1870000,1500000
2018-07-11 14:37:04.093000,1.1127,1.11269,2620000,1120000
2018-07-11 14:37:04.208000,1.11273,1.1127,3750000,2620000
2018-07-11 14:37:05.137000,1.11273,1.1127,1000000,4200000
2018-07-11 14:37:11.476000,1.11274,1.1127,2250000,4570000
2018-07-11 14:37:11.715000,1.1127,1.11269,1000000,1570000
2018-07-11 14:37:11.818000,1.11268,1.11265,1120000,4120000
2018-07-11 14:37:15.264000,1.11268,1.11264,1870000,3820000
2018-07-11 14:37:16.425000,1.11267,1.11265,1000000,1000000
2018-07-11 14:37:17.279000,1.11268,1.11266,2250000,1120000
2018-07-11 14:37:20.615000,1.11268,1.11266,1120000,1120000
2018-07-11 14:37:21.303000,1.11269,1.11267,2620000,1000000
2018-07-11 14:37:28.613000,1.11271,1.11269,5320000,1000000
2018-07-11 14:37:28.874000,1.11273,1.11271,1500000,1000000
2018-07-11 14:37:29.528000,1.11274,1.11272,2620000,1000000
2018-07-11 14:37:31.662000,1.11274,1.11272,2620000,1000000
2018-07-11 14:37:38.682000,1.11274,1.11272,1870000,1000000
2018-07-11 14:37:38.949000,1.11279,1.11277,1000000,1000000
2018-07-11 14:37:39.471000,1.11279,1.11277,1500000,1000000
2018-07-11 14:37:39.990000,1.11279,1.11278,1500000,1000000
2018-07-11 14:37:43.209000,1.11276,1.11274,2250000,2250000
2018-07-11 14:37:43.315000,1.11275,1.11273,1500000,1000000
2018-07-11 14:37:45.928000,1.11272,1.11271,1000000,1500000
2018-07-11 14:37:46.457000,1.11272,1.11271,1000000,1000000
2018-07-11 14:37:46.970000,1.11273,1.11271,1870000,1000000
2018-07-11 14:37:48.022000,1.11273,1.11272,1000000,1000000
2018-07-11 14:37:48.332000,1.11275,1.11274,1120000,1000000
2018-07-11 14:37:48.960000,1.11276,1.11274,2250000,1000000
2018-07-11 14:37:49.737000,1.11275,1.11274,1000000,1000000
2018-07-11 14:37:51.065000,1.11275,1.11272,1870000,1000000
2018-07-11 14:37:51.579000,1.11275,1.11271,3750000,1500000
2018-07-11 14:37:54.443000,1.11273,1.11271,1370000,1000000
2018-07-11 14:37:54.945000,1.11272,1.1127,1000000,1500000
2018-07-11 14:37:55.720000,1.11273,1.1127,1000000,1870000
2018-07-11 14:37:57.413000,1.11273,1.11271,1000000,1500000
2018-07-11 14:38:00.644000,1.11273,1.1127,1000000,3150000
2018-07-11 14:38:02.548000,1.1127,1.11269,1120000,1950000
2018-07-11 14:38:02.602000,1.1127,1.11267,4500000,2320000
2018-07-11 14:38:03.127000,1.11268,1.11265,1870000,1870000
2018-07-11 14:38:04.013000,1.11268,1.11264,3000000,3450000
2018-07-11 14:38:13.491000,1.11266,1.11264,1000000,1120000
2018-07-11 14:38:13.597000,1.11264,1.11262,5470000,3520000
2018-07-11 14:38:13.703000,1.11262,1.1126,1000000,1500000
2018-07-11 14:38:14.239000,1.11263,1.11259,3750000,2320000
2018-07-11 14:38:14.677000,1.11261,1.11258,1500000,8020000
2018-07-11 14:38:15.319000,1.11262,1.11259,1500000,3070000
2018-07-11 14:38:15.620000,1.1126,1.11258,2250000,1120000
2018-07-11 14:38:17.112000,1.1126,1.11257,1500000,1950000
2018-07-11 14:38:17.652000,1.11261,1.11257,3370000,2620000
2018-07-11 14:38:19.502000,1.11261,1.11259,1500000,1120000
2018-07-11 14:38:20.012000,1.11261,1.11258,2620000,1120000
2018-07-11 14:38:20.530000,1.11261,1.11258,1500000,1870000
2018-07-11 14:38:22.875000,1.11262,1.11259,2620000,1120000
2018-07-11 14:38:22.927000,1.11263,1.1126,5250000,1120000
2018-07-11 14:38:23.482000,1.11263,1.1126,1870000,1870000
2018-07-11 14:38:24.711000,1.11265,1.11262,2440000,1370000
2018-07-11 14:38:25.261000,1.11264,1.11262,3000000,1000000
2018-07-11 14:38:26.907000,1.11264,1.11261,3000000,1120000
2018-07-11 14:38:27.219000,1.1126,1.11258,1500000,1370000
2018-07-11 14:38:27.734000,1.11261,1.11258,1120000,1370000
2018-07-11 14:38:28.911000,1.11261,1.11258,1500000,1120000
2018-07-11 14:38:29.415000,1.11261,1.11258,1120000,1370000
2018-07-11 14:38:29.959000,1.11261,1.11258,1500000,1120000
2018-07-11 14:38:30.523000,1.11261,1.11258,1120000,1370000
2018-07-11 14:38:32.390000,1.11261,1.11258,1870000,1370000
2018-07-11 14:38:32.895000,1.11263,1.11261,4120000,1120000
2018-07-11 14:38:32.948000,1.11264,1.11261,3640000,1120000
2018-07-11 14:38:33.459000,1.11264,1.1126,3190000,3070000
2018-07-11 14:38:35.856000,1.11262,1.1126,1000000,1120000
2018-07-11 14:38:35.963000,1.1126,1.11258,1000000,1950000
2018-07-11 14:38:36.495000,1.11261,1.11258,2620000,1370000
2018-07-11 14:38:37.093000,1.11261,1.11258,2250000,1870000
2018-07-11 14:38:41.659000,1.11262,1.11259,1870000,1870000
2018-07-11 14:38:41.765000,1.11263,1.1126,4690000,1120000
2018-07-11 14:38:42.674000,1.11263,1.1126,3370000,1500000
2018-07-11 14:38:46.131000,1.11263,1.1126,1500000,1500000
2018-07-11 14:38:46.659000,1.11263,1.1126,3000000,1120000
2018-07-11 14:38:47.193000,1.11262,1.11259,1870000,2620000
2018-07-11 14:38:48.535000,1.1126,1.11258,1000000,5770000
2018-07-11 14:38:49.071000,1.11261,1.11258,3750000,1120000
2018-07-11 14:38:50.118000,1.1126,1.11258,1500000,1120000
2018-07-11 14:38:55.348000,1.1126,1.11258,1000000,1500000
2018-07-11 14:38:55.508000,1.11263,1.1126,2060000,1870000
2018-07-11 14:38:56.017000,1.11264,1.11262,1000000,1000000
2018-07-11 14:38:56.401000,1.11265,1.11263,1000000,1870000
2018-07-11 14:38:56.454000,1.11266,1.11263,3940000,2700000
2018-07-11 14:38:59.118000,1.11262,1.1126,1500000,1100000
2018-07-11 14:38:59.376000,1.11263,1.1126,3000000,2620000
2018-07-11 14:38:59.480000,1.11262,1.11259,1870000,2770000
2018-07-11 14:38:59.836000,1.11263,1.11259,3750000,3370000
2018-07-11 14:39:00.315000,1.11264,1.11262,1370000,1500000
2018-07-11 14:39:00.845000,1.11262,1.1126,1120000,1200000
2018-07-11 14:39:01.383000,1.11262,1.11259,1870000,2620000
2018-07-11 14:39:01.922000,1.11261,1.11258,1500000,1870000
2018-07-11 14:39:02.428000,1.11261,1.11258,1870000,1870000
2018-07-11 14:39:03.213000,1.11261,1.11258,1500000,1370000
2018-07-11 14:39:03.869000,1.11262,1.11258,2250000,3520000
2018-07-11 14:39:05.301000,1.11261,1.11258,1870000,2770000
2018-07-11 14:39:05.819000,1.11261,1.11258,1370000,2250000
2018-07-11 14:39:06.335000,1.11261,1.11258,2620000,1120000
2018-07-11 14:39:06.941000,1.11261,1.11258,2250000,1370000
2018-07-11 14:39:07.454000,1.11262,1.11259,1120000,2700000
2018-07-11 14:39:07.775000,1.11263,1.11261,1120000,1120000
2018-07-11 14:39:08.122000,1.11265,1.11262,1870000,2620000
2018-07-11 14:39:08.341000,1.11263,1.1126,1870000,1120000
2018-07-11 14:39:08.889000,1.11262,1.11259,3000000,1120000
2018-07-11 14:39:09.616000,1.11261,1.11258,1000000,2320000
2018-07-11 14:39:10.237000,1.11261,1.11258,2620000,1120000
2018-07-11 14:39:10.776000,1.11261,1.11258,2250000,1500000
2018-07-11 14:39:11.307000,1.11261,1.11258,2620000,1500000
2018-07-11 14:39:11.410000,1.11258,1.11257,1000000,1100000
2018-07-11 14:39:11.778000,1.11261,1.11258,1000000,2320000
2018-07-11 14:39:12.138000,1.11261,1.11258,1120000,2320000
2018-07-11 14:39:12.656000,1.11261,1.11259,1120000,1120000
2018-07-11 14:39:12.913000,1.11263,1.1126,1870000,1870000
2018-07-11 14:39:13.246000,1.11262,1.11259,1870000,1000000
2018-07-11 14:39:13.758000,1.11261,1.11258,1870000,2250000
2018-07-11 14:39:14.304000,1.11261,1.11258,1870000,1000000
2018-07-11 14:39:16.738000,1.1126,1.11258,1000000,1370000
2018-07-11 14:39:20.256000,1.1126,1.11258,1500000,1000000
2018-07-11 14:39:21.402000,1.11261,1.11258,2250000,1870000
2018-07-11 14:39:21.945000,1.11261,1.11258,2250000,2700000
2018-07-11 14:39:23.303000,1.11261,1.11258,1500000,1870000
2018-07-11 14:39:24.460000,1.11261,1.11258,2620000,1950000
2018-07-11 14:39:25.295000,1.1126,1.11258,2250000,1000000
2018-07-11 14:39:25.837000,1.11259,1.11257,1120000,1000000
2018-07-11 14:39:27.105000,1.1126,1.11257,3000000,1000000
2018-07-11 14:39:28.241000,1.11259,1.11257,1120000,1000000
2018-07-11 14:39:28.766000,1.1126,1.11257,3750000,1120000
2018-07-11 14:39:33.037000,1.11259,1.11257,1000000,1120000
2018-07-11 14:39:36.135000,1.1126,1.11257,3000000,1500000
2018-07-11 14:39:36.998000,1.1126,1.11258,2620000,1120000
2018-07-11 14:39:38.171000,1.11259,1.11257,1000000,1470000
2018-07-11 14:39:38.687000,1.11259,1.11257,1370000,1000000
2018-07-11 14:39:41.203000,1.11259,1.11256,3750000,1570000
2018-07-11 14:39:41.307000,1.11256,1.11255,1000000,1000000
2018-07-11 14:39:41.514000,1.11256,1.11253,2620000,1500000
2018-07-11 14:39:41.975000,1.11254,1.11252,1000000,2620000
2018-07-11 14:39:42.293000,1.11258,1.11256,4010000,1120000
2018-07-11 14:39:42.797000,1.11259,1.11256,2060000,3370000
2018-07-11 14:39:43.311000,1.11257,1.11254,1500000,1950000
2018-07-11 14:39:43.930000,1.11257,1.11254,2250000,1120000
2018-07-11 14:39:44.464000,1.11256,1.11253,1000000,2620000
2018-07-11 14:39:44.795000,1.11257,1.11254,1120000,1470000
2018-07-11 14:39:45.182000,1.11256,1.11253,3000000,1870000
2018-07-11 14:39:45.286000,1.11255,1.11252,3370000,1000000
2018-07-11 14:39:47.169000,1.11254,1.11251,1500000,1870000
2018-07-11 14:39:47.514000,1.11253,1.11249,3000000,3000000
2018-07-11 14:39:48.027000,1.11251,1.11249,1500000,1000000
2018-07-11 14:39:48.135000,1.11253,1.1125,3000000,1870000
2018-07-11 14:39:49.046000,1.11253,1.1125,1000000,2620000
2018-07-11 14:39:51.025000,1.11254,1.11251,3750000,1370000
2018-07-11 14:39:51.541000,1.11254,1.11251,2620000,1870000
2018-07-11 14:39:53.136000,1.11255,1.11252,1500000,2320000
2018-07-11 14:39:53.644000,1.11255,1.11252,2620000,2250000
2018-07-11 14:39:57.232000,1.11256,1.11254,1500000,1500000
2018-07-11 14:39:57.752000,1.11255,1.11253,1370000,1000000
2018-07-11 14:39:58.778000,1.11254,1.11252,1000000,1120000
2018-07-11 14:39:59.285000,1.11254,1.11251,2620000,1370000
2018-07-11 14:39:59.881000,1.11254,1.11251,2620000,1120000
2018-07-11 14:40:00.416000,1.11253,1.1125,1500000,2620000
2018-07-11 14:40:00.725000,1.11254,1.11252,3000000,1000000
2018-07-11 14:40:01.264000,1.11253,1.1125,2250000,2700000
2018-07-11 14:40:01.978000,1.11253,1.11251,1870000,1500000
2018-07-11 14:40:02.186000,1.1126,1.11257,7120000,2620000
2018-07-11 14:40:02.420000,1.11259,1.11257,2620000,2250000
2018-07-11 14:40:02.788000,1.11258,1.11255,1120000,2620000
2018-07-11 14:40:03.315000,1.11257,1.11254,1000000,3520000
2018-07-11 14:40:03.697000,1.11256,1.11253,2250000,1570000
2018-07-11 14:40:04.260000,1.11255,1.11253,1000000,2320000
2018-07-11 14:40:06.670000,1.11257,1.11254,2620000,1870000
2018-07-11 14:40:06.980000,1.11259,1.11256,4870000,1000000
2018-07-11 14:40:07.528000,1.11258,1.11255,2250000,1500000
2018-07-11 14:40:08.033000,1.11258,1.11255,1000000,3000000
2018-07-11 14:40:08.926000,1.11258,1.11255,1000000,3000000
2018-07-11 14:40:09.644000,1.11259,1.11256,1500000,2620000
2018-07-11 14:40:09.998000,1.11256,1.11254,1120000,2250000
2018-07-11 14:40:10.466000,1.11255,1.11252,2250000,3450000
2018-07-11 14:40:10.974000,1.11256,1.11253,3000000,1870000
2018-07-11 14:40:11.501000,1.11254,1.11252,1000000,1120000
2018-07-11 14:40:12.725000,1.11255,1.11253,1870000,1000000
2018-07-11 14:40:13.796000,1.11254,1.11251,1120000,4570000
2018-07-11 14:40:14.924000,1.11254,1.11251,1870000,3000000
2018-07-11 14:40:15.301000,1.11256,1.11253,3370000,1120000
2018-07-11 14:40:16.979000,1.11255,1.11252,1500000,1500000
2018-07-11 14:40:17.495000,1.11254,1.11252,1870000,1000000
2018-07-11 14:40:17.998000,1.11254,1.11252,1120000,1000000
2018-07-11 14:40:18.548000,1.11255,1.11251,3750000,3370000
2018-07-11 14:40:18.872000,1.11256,1.11253,3000000,1370000
2018-07-11 14:40:19.394000,1.11255,1.11253,1500000,1000000
2018-07-11 14:40:19.611000,1.11256,1.11253,3000000,1120000
2018-07-11 14:40:23.587000,1.11257,1.11254,5620000,1870000
2018-07-11 14:40:23.641000,1.11257,1.11256,1870000,1000000
2018-07-11 14:40:23.853000,1.1126,1.11256,4500000,3370000
2018-07-11 14:40:24.860000,1.1126,1.11257,2250000,2620000
2018-07-11 14:40:28.750000,1.11258,1.11256,1000000,4650000
2018-07-11 14:40:29.088000,1.11256,1.11253,2250000,2250000
2018-07-11 14:40:30.763000,1.11255,1.11251,3000000,4950000
2018-07-11 14:40:31.284000,1.11255,1.11252,3820000,1000000
2018-07-11 14:40:32.138000,1.11254,1.11252,1000000,1120000
2018-07-11 14:40:34.779000,1.11253,1.1125,1500000,3000000
2018-07-11 14:40:35.799000,1.11253,1.1125,2250000,3000000
2018-07-11 14:40:36.559000,1.11254,1.1125,5320000,2620000
2018-07-11 14:40:41.962000,1.11254,1.11251,3000000,1950000
2018-07-11 14:40:43.817000,1.11253,1.1125,2250000,1950000
2018-07-11 14:40:44.126000,1.11254,1.11253,1120000,1000000
2018-07-11 14:40:44.178000,1.11256,1.11253,3000000,1870000
2018-07-11 14:40:44.690000,1.11256,1.11253,3750000,1000000
2018-07-11 14:40:45.197000,1.11256,1.11253,3750000,1870000
2018-07-11 14:40:45.949000,1.11256,1.11254,2250000,1000000
2018-07-11 14:40:46.473000,1.11256,1.11252,5250000,3000000
2018-07-11 14:40:47.242000,1.11255,1.11252,3000000,1500000
2018-07-11 14:40:47.756000,1.11255,1.11252,5250000,1000000
2018-07-11 14:40:48.646000,1.11255,1.11252,4120000,1870000
2018-07-11 14:40:49.790000,1.11256,1.11252,4120000,3520000
2018-07-11 14:40:50.154000,1.11257,1.11255,1000000,1500000
2018-07-11 14:40:50.661000,1.11258,1.11255,2620000,1870000
2018-07-11 14:40:52.174000,1.11258,1.11255,3370000,1120000
2018-07-11 14:40:53.770000,1.11258,1.11255,2250000,1120000
2018-07-11 14:40:55.891000,1.11258,1.11255,1500000,1870000
2018-07-11 14:40:56.957000,1.11258,1.11256,1000000,1500000
2018-07-11 14:40:57.516000,1.11259,1.11257,1120000,1000000
2018-07-11 14:41:01.810000,1.11259,1.11256,3190000,1120000
2018-07-11 14:41:02.792000,1.11257,1.11255,1120000,1000000
2018-07-11 14:41:03.337000,1.11257,1.11254,1120000,3000000
2018-07-11 14:41:04.545000,1.11258,1.11255,3370000,1620000
2018-07-11 14:41:05.061000,1.11258,1.11255,3000000,2810000
2018-07-11 14:41:06.714000,1.11258,1.11255,3000000,2810000
2018-07-11 14:41:07.773000,1.11258,1.11255,2250000,2810000
2018-07-11 14:41:08.323000,1.11259,1.11256,3790000,1870000
2018-07-11 14:41:08.919000,1.11259,1.11256,2290000,4200000
2018-07-11 14:41:09.452000,1.1126,1.11257,3560000,1120000
2018-07-11 14:41:11.057000,1.1126,1.11257,2620000,2890000
2018-07-11 14:41:11.322000,1.11261,1.11259,1500000,1120000
2018-07-11 14:41:11.455000,1.11266,1.11263,1950000,2810000
2018-07-11 14:41:11.991000,1.11264,1.11262,1310000,2700000
2018-07-11 14:41:12.046000,1.11264,1.11261,1690000,1500000
2018-07-11 14:41:12.455000,1.11263,1.11259,2810000,3560000
2018-07-11 14:41:12.603000,1.11263,1.11261,1870000,1000000
2018-07-11 14:41:13.118000,1.11264,1.11261,3000000,2060000
2018-07-11 14:41:14.259000,1.11264,1.11261,3070000,2060000
2018-07-11 14:41:14.885000,1.11264,1.11262,1000000,2440000
2018-07-11 14:41:15.393000,1.11265,1.11263,1120000,1120000
2018-07-11 14:41:16.178000,1.11264,1.11262,1000000,2140000
2018-07-11 14:41:16.487000,1.11261,1.11259,2310000,1500000
2018-07-11 14:41:16.543000,1.11261,1.11258,4310000,1120000
2018-07-11 14:41:16.817000,1.11263,1.11262,1950000,1250000
2018-07-11 14:41:16.920000,1.11265,1.11262,3000000,2060000
2018-07-11 14:41:18.315000,1.11265,1.11262,2250000,2810000
2018-07-11 14:41:18.950000,1.11265,1.11262,1870000,2440000
2018-07-11 14:41:19.005000,1.11264,1.11261,2620000,1310000
2018-07-11 14:41:19.321000,1.11261,1.11258,1120000,2810000
2018-07-11 14:41:19.922000,1.11262,1.11259,1870000,2810000
2018-07-11 14:41:20.161000,1.11261,1.11258,1000000,3190000
2018-07-11 14:41:20.958000,1.11261,1.11258,2440000,1500000
2018-07-11 14:41:21.537000,1.11261,1.11258,2060000,1370000
2018-07-11 14:41:22.050000,1.11261,1.11258,3190000,1000000
2018-07-11 14:41:23.276000,1.11259,1.11257,1000000,2060000
2018-07-11 14:41:23.806000,1.1126,1.11257,2250000,2060000
2018-07-11 14:41:25.237000,1.1126,1.11257,1870000,2060000
2018-07-11 14:41:25.751000,1.1126,1.11258,1870000,1120000
2018-07-11 14:41:27.149000,1.1126,1.11257,3260000,1000000
2018-07-11 14:41:27.654000,1.1126,1.11257,3000000,1370000
2018-07-11 14:41:27.965000,1.11257,1.11255,3940000,1950000
2018-07-11 14:41:28.160000,1.11256,1.11254,2620000,1000000
2018-07-11 14:41:29.576000,1.11256,1.11253,3000000,1120000
2018-07-11 14:41:29.925000,1.11258,1.11255,3070000,2060000
2018-07-11 14:41:30.408000,1.11256,1.11253,1120000,4120000
2018-07-11 14:41:31.341000,1.11256,1.11253,2060000,2620000
2018-07-11 14:41:31.889000,1.11255,1.11252,3190000,1120000
2018-07-11 14:41:33.164000,1.11254,1.1125,3940000,3750000
2018-07-11 14:41:33.882000,1.11254,1.11251,3190000,1000000
2018-07-11 14:41:34.143000,1.11252,1.1125,1370000,1000000
2018-07-11 14:41:34.372000,1.11251,1.11248,1000000,2620000
2018-07-11 14:41:34.887000,1.11252,1.11248,3370000,3190000
2018-07-11 14:41:35.778000,1.11252,1.1125,1000000,1120000
2018-07-11 14:41:37.045000,1.11251,1.11248,1870000,3000000
2018-07-11 14:41:37.547000,1.11252,1.11249,2250000,1500000
2018-07-11 14:41:44.618000,1.11251,1.11248,1370000,2060000
2018-07-11 14:41:44.828000,1.11249,1.11247,2060000,1100000
2018-07-11 14:41:45.612000,1.11249,1.11246,1870000,2440000
2018-07-11 14:41:46.123000,1.11248,1.11246,1870000,1250000
2018-07-11 14:41:46.993000,1.11248,1.11245,1000000,1500000
2018-07-11 14:41:48.870000,1.11248,1.11244,4310000,2620000
2018-07-11 14:41:50.693000,1.11246,1.11243,1000000,4090000
2018-07-11 14:41:52.506000,1.11246,1.11243,3000000,2810000
2018-07-11 14:41:52.611000,1.11244,1.11242,2250000,1000000
2018-07-11 14:41:52.726000,1.11243,1.1124,1000000,5140000
2018-07-11 14:41:53.036000,1.11241,1.11239,1000000,1690000
2018-07-11 14:41:53.636000,1.11242,1.11239,3000000,2810000
2018-07-11 14:41:53.793000,1.11245,1.11242,2250000,2060000
2018-07-11 14:41:53.846000,1.11243,1.11241,1000000,3150000
2018-07-11 14:41:53.950000,1.11244,1.11241,2250000,1310000
2018-07-11 14:41:54.478000,1.11244,1.11241,3750000,1310000
2018-07-11 14:41:55.150000,1.11245,1.11242,3560000,1000000
2018-07-11 14:41:55.644000,1.11244,1.1124,3370000,3560000
2018-07-11 14:41:56.652000,1.11243,1.1124,3370000,1250000
2018-07-11 14:41:57.169000,1.11242,1.11239,1870000,1690000
2018-07-11 14:41:57.485000,1.11241,1.11238,3560000,1250000
2018-07-11 14:41:58.031000,1.11241,1.11238,1500000,1500000
2018-07-11 14:41:58.571000,1.11241,1.11238,4310000,1000000
2018-07-11 14:41:59.117000,1.1124,1.11237,2810000,3560000
2018-07-11 14:41:59.482000,1.11237,1.11234,1120000,3190000
2018-07-11 14:42:00.023000,1.11237,1.11234,2250000,1500000
2018-07-11 14:42:00.543000,1.11236,1.11234,1120000,1690000
2018-07-11 14:42:00.646000,1.11238,1.11235,1120000,2810000
2018-07-11 14:42:00.801000,1.11236,1.11233,1000000,5210000
2018-07-11 14:42:01.335000,1.11237,1.11234,1500000,1310000
2018-07-11 14:42:02.227000,1.11237,1.11233,3190000,4010000
2018-07-11 14:42:02.971000,1.11236,1.11233,1870000,1390000
2018-07-11 14:42:03.582000,1.11235,1.11233,2250000,1250000
2018-07-11 14:42:04.108000,1.11235,1.11232,1000000,3260000
2018-07-11 14:42:04.653000,1.11235,1.11233,1000000,2510000
2018-07-11 14:42:05.185000,1.11236,1.11233,1120000,2510000
2018-07-11 14:42:05.820000,1.11235,1.11233,1000000,2510000
2018-07-11 14:42:06.348000,1.11239,1.11235,3450000,2060000
2018-07-11 14:42:06.620000,1.1124,1.11237,1120000,3340000
2018-07-11 14:42:07.462000,1.11239,1.11237,1000000,3190000
2018-07-11 14:42:07.965000,1.11239,1.11237,1000000,2440000
2018-07-11 14:42:08.274000,1.11238,1.11236,1000000,1200000
2018-07-11 14:42:08.325000,1.11239,1.11236,3000000,2140000
2018-07-11 14:42:08.835000,1.11239,1.11237,1870000,1250000
2018-07-11 14:42:08.888000,1.1124,1.11237,3370000,1620000
2018-07-11 14:42:09.148000,1.11239,1.11237,1120000,1250000
2018-07-11 14:42:09.666000,1.1124,1.11237,4120000,2060000
2018-07-11 14:42:11.154000,1.1124,1.11236,4690000,3410000
2018-07-11 14:42:11.415000,1.1124,1.11237,4120000,1690000
2018-07-11 14:42:11.929000,1.1124,1.11237,1500000,2510000
2018-07-11 14:42:13.138000,1.1124,1.11237,2620000,2440000
2018-07-11 14:42:14.253000,1.1124,1.11237,3000000,3190000
2018-07-11 14:42:15.377000,1.11241,1.11238,5250000,3410000
2018-07-11 14:42:15.576000,1.11244,1.11241,3000000,1160000
2018-07-11 14:42:15.680000,1.11246,1.11244,1500000,2060000
2018-07-11 14:42:16.048000,1.11248,1.11244,4310000,2510000
2018-07-11 14:42:18.315000,1.11248,1.11244,4310000,2510000
2018-07-11 14:42:19.309000,1.11248,1.11244,3370000,2590000
2018-07-11 14:42:19.436000,1.11249,1.11245,3000000,2510000
2018-07-11 14:42:19.956000,1.11249,1.11246,1000000,2810000
2018-07-11 14:42:22.621000,1.1125,1.11246,1870000,4090000
2018-07-11 14:42:23.423000,1.11251,1.11249,1120000,1690000
2018-07-11 14:42:23.476000,1.1125,1.11247,1870000,2440000
2018-07-11 14:42:23.994000,1.1125,1.11247,1120000,2440000
2018-07-11 14:42:24.810000,1.1125,1.11247,1120000,1690000
2018-07-11 14:42:25.091000,1.11252,1.11249,2250000,2510000
2018-07-11 14:42:25.638000,1.11253,1.1125,1870000,2060000
2018-07-11 14:42:29.928000,1.11254,1.11251,1500000,1310000
2018-07-11 14:42:32.780000,1.11254,1.11251,1690000,1370000
2018-07-11 14:42:34.856000,1.11254,1.11251,1310000,1120000
2018-07-11 14:42:35.720000,1.11254,1.11252,2060000,1000000
2018-07-11 14:42:40.311000,1.11254,1.11252,1690000,1000000
2018-07-11 14:42:40.831000,1.11255,1.11253,1870000,1250000
2018-07-11 14:42:41.428000,1.11255,1.11252,3190000,1120000
2018-07-11 14:42:42.886000,1.11254,1.11253,1000000,1000000
2018-07-11 14:42:43.388000,1.11255,1.11252,1120000,2810000
2018-07-11 14:42:44.751000,1.11255,1.11252,1500000,1310000
2018-07-11 14:42:47.678000,1.11254,1.11252,1310000,1120000
2018-07-11 14:42:48.138000,1.11256,1.11253,3560000,1720000
2018-07-11 14:42:48.189000,1.11257,1.11256,1870000,1000000
2018-07-11 14:42:48.311000,1.1126,1.11257,5210000,1120000
2018-07-11 14:42:52.201000,1.1126,1.11257,3000000,2810000
2018-07-11 14:42:52.565000,1.1126,1.11257,1690000,3820000
2018-07-11 14:42:53.128000,1.1126,1.11258,1690000,1000000
2018-07-11 14:42:53.819000,1.11259,1.11257,1870000,1500000
2018-07-11 14:42:53.946000,1.11258,1.11256,1120000,1200000
2018-07-11 14:42:54,1.11256,1.11254,1000000,2440000
2018-07-11 14:42:54.106000,1.11258,1.11255,3190000,1310000
2018-07-11 14:42:54.645000,1.11258,1.11254,3940000,4570000
2018-07-11 14:42:55.333000,1.11258,1.11255,3750000,1000000
2018-07-11 14:42:55.837000,1.11259,1.11256,2810000,3450000
2018-07-11 14:42:56.416000,1.11258,1.11255,3190000,1570000
2018-07-11 14:42:57.406000,1.11258,1.11255,3190000,1870000
2018-07-11 14:42:57.927000,1.11259,1.11256,1620000,4120000
2018-07-11 14:42:58.377000,1.1126,1.11258,2810000,1000000
2018-07-11 14:42:58.896000,1.11263,1.1126,2060000,1870000
2018-07-11 14:42:59.489000,1.11262,1.11259,4690000,1500000
2018-07-11 14:42:59.992000,1.1126,1.11258,2440000,1000000
2018-07-11 14:43:00.229000,1.11259,1.11255,2440000,3820000
2018-07-11 14:43:01.105000,1.11258,1.11255,1190000,3000000
2018-07-11 14:43:01.363000,1.11256,1.11254,1000000,4200000
2018-07-11 14:43:03.254000,1.11256,1.11253,1870000,1000000
2018-07-11 14:43:03.396000,1.11254,1.11251,3190000,1870000
2018-07-11 14:43:03.967000,1.11253,1.1125,1120000,3370000
2018-07-11 14:43:04.450000,1.11253,1.1125,4310000,1500000
2018-07-11 14:43:07.500000,1.11253,1.1125,1690000,1870000
2018-07-11 14:43:07.769000,1.11254,1.11252,1250000,1000000
2018-07-11 14:43:08.382000,1.11255,1.11252,1310000,2250000
2018-07-11 14:43:08.565000,1.11261,1.11257,1760000,1000000
2018-07-11 14:43:08.669000,1.11259,1.11256,1000000,3450000
2018-07-11 14:43:09.177000,1.1126,1.11257,2250000,2320000
2018-07-11 14:43:09.732000,1.1126,1.11257,2620000,1000000
2018-07-11 14:43:12.009000,1.1126,1.11258,1000000,1870000
2018-07-11 14:43:12.541000,1.11262,1.11259,1870000,1120000
2018-07-11 14:43:13.061000,1.11263,1.1126,3000000,1000000
2018-07-11 14:43:13.746000,1.11262,1.1126,1000000,1000000
2018-07-11 14:43:14.252000,1.11263,1.1126,2810000,1000000
2018-07-11 14:43:16.163000,1.11262,1.1126,1000000,1000000
2018-07-11 14:43:17.727000,1.11263,1.11262,1120000,1870000
2018-07-11 14:43:17.831000,1.11266,1.11263,4310000,1000000
2018-07-11 14:43:18.350000,1.11265,1.11262,1620000,1870000
2018-07-11 14:43:18.708000,1.11266,1.11263,1120000,1120000
2018-07-11 14:43:18.761000,1.11265,1.11262,1370000,4270000
2018-07-11 14:43:19.275000,1.11265,1.11262,1000000,2440000
2018-07-11 14:43:19.806000,1.11265,1.11262,2060000,1120000
2018-07-11 14:43:22.117000,1.11265,1.11261,3940000,2510000
2018-07-11 14:43:24.457000,1.11265,1.11261,3750000,2510000
2018-07-11 14:43:24.992000,1.11265,1.11262,1000000,2440000
2018-07-11 14:43:25.519000,1.11266,1.11262,3940000,3260000
2018-07-11 14:43:26.065000,1.11265,1.11261,5440000,2510000
2018-07-11 14:43:26.732000,1.11263,1.1126,2060000,3070000
2018-07-11 14:43:27.040000,1.11262,1.11258,2060000,4950000
2018-07-11 14:43:27.358000,1.11263,1.1126,2250000,1870000
2018-07-11 14:43:27.474000,1.11264,1.11261,1870000,1370000
2018-07-11 14:43:28.154000,1.11264,1.1126,3000000,4010000
2018-07-11 14:43:34.144000,1.11264,1.11261,4500000,1310000
2018-07-11 14:43:34.651000,1.11264,1.11262,2620000,1120000
2018-07-11 14:43:35.443000,1.11264,1.11261,3750000,1310000
2018-07-11 14:43:35.763000,1.11263,1.11261,1870000,1000000
2018-07-11 14:43:36.223000,1.11264,1.11261,3370000,1310000
2018-07-11 14:43:38.173000,1.11264,1.1126,4120000,4090000
2018-07-11 14:43:38.694000,1.11265,1.11261,5620000,2890000
2018-07-11 14:43:39.470000,1.11265,1.11262,2060000,3370000
2018-07-11 14:43:40.013000,1.11265,1.11262,4120000,1500000
2018-07-11 14:43:40.541000,1.11264,1.11261,1120000,3190000
2018-07-11 14:43:40.645000,1.11263,1.11261,1500000,1000000
2018-07-11 14:43:41.185000,1.11263,1.11261,1120000,2060000
2018-07-11 14:43:41.551000,1.11265,1.11263,2620000,1000000
2018-07-11 14:43:41.717000,1.11266,1.11263,1120000,1870000
2018-07-11 14:43:42.231000,1.11266,1.11263,1690000,1870000
2018-07-11 14:43:42.782000,1.11267,1.11264,2440000,1120000
2018-07-11 14:43:43.589000,1.11267,1.11265,1690000,1000000
2018-07-11 14:43:44.139000,1.11267,1.11264,2440000,1870000
2018-07-11 14:43:44.816000,1.11267,1.11264,2620000,2700000
2018-07-11 14:43:45.413000,1.11267,1.11264,2250000,1870000
2018-07-11 14:43:47.022000,1.11267,1.11264,3370000,1870000
2018-07-11 14:43:47.534000,1.11267,1.11264,3940000,1500000
2018-07-11 14:43:48.062000,1.11267,1.11264,2620000,1870000
2018-07-11 14:43:49.118000,1.11267,1.11264,3000000,1120000
2018-07-11 14:43:54.741000,1.11267,1.11264,3940000,1000000
2018-07-11 14:43:55.369000,1.11267,1.11263,3940000,3070000
2018-07-11 14:43:55.943000,1.11267,1.11264,4690000,1000000
2018-07-11 14:43:56.748000,1.11267,1.11264,3940000,1120000
2018-07-11 14:43:58.170000,1.11267,1.11264,3940000,1000000
2018-07-11 14:43:59.088000,1.11267,1.11263,3940000,3000000
2018-07-11 14:43:59.597000,1.11267,1.11264,3940000,1120000
2018-07-11 14:44:00.620000,1.11267,1.11264,3000000,1000000
2018-07-11 14:44:01.400000,1.11267,1.11263,4010000,3070000
2018-07-11 14:44:01.922000,1.11267,1.11264,3260000,1120000
2018-07-11 14:44:05.509000,1.11266,1.11263,1120000,2440000
2018-07-11 14:44:06.018000,1.11267,1.11264,3820000,1000000
2018-07-11 14:44:06.388000,1.11268,1.11264,4570000,3190000
2018-07-11 14:44:06.440000,1.11267,1.11264,1620000,1120000
2018-07-11 14:44:07.058000,1.11267,1.11264,1870000,1500000
2018-07-11 14:44:08.176000,1.11267,1.11264,2060000,1120000
2018-07-11 14:44:08.724000,1.11267,1.11264,1870000,1500000
2018-07-11 14:44:09.226000,1.11267,1.11264,3190000,1000000
2018-07-11 14:44:11.053000,1.11268,1.11265,5700000,1250000
2018-07-11 14:44:11.594000,1.11267,1.11264,2440000,2320000
2018-07-11 14:44:12.525000,1.11267,1.11264,2250000,2060000
2018-07-11 14:44:14.463000,1.11267,1.11264,2440000,1000000
2018-07-11 14:44:15.046000,1.11267,1.11264,3190000,1120000
2018-07-11 14:44:15.585000,1.11267,1.11264,2250000,2140000
2018-07-11 14:44:17.222000,1.11267,1.11264,1000000,4200000
2018-07-11 14:44:17.723000,1.11267,1.11265,1000000,1000000
2018-07-11 14:44:17.979000,1.11269,1.11265,7570000,2620000
2018-07-11 14:44:18.083000,1.11268,1.11265,2620000,1120000
2018-07-11 14:44:18.407000,1.11271,1.11268,2770000,2060000
2018-07-11 14:44:18.928000,1.11271,1.11268,3080000,2060000
2018-07-11 14:44:22.575000,1.11271,1.11268,2710000,2060000
2018-07-11 14:44:24.331000,1.1127,1.11267,3270000,3450000
2018-07-11 14:44:24.870000,1.1127,1.11266,4400000,4390000
2018-07-11 14:44:25.350000,1.11268,1.11265,3190000,1120000
2018-07-11 14:44:25.896000,1.11268,1.11264,3940000,4200000
2018-07-11 14:44:26.446000,1.11267,1.11264,1120000,3940000
2018-07-11 14:44:30.246000,1.11267,1.11263,4020000,4500000
2018-07-11 14:44:30.557000,1.11264,1.11262,1120000,1000000
2018-07-11 14:44:31.109000,1.11265,1.11262,1120000,2890000
2018-07-11 14:44:31.657000,1.11266,1.11263,1500000,2440000
2018-07-11 14:44:32.384000,1.11266,1.11263,1870000,3260000
2018-07-11 14:44:32.979000,1.11266,1.11263,1000000,3260000
2018-07-11 14:44:33.584000,1.11266,1.11263,1870000,3190000
2018-07-11 14:44:34.149000,1.11266,1.11263,1000000,1690000
2018-07-11 14:44:34.655000,1.11267,1.11263,6190000,3260000
2018-07-11 14:44:35.169000,1.11266,1.11264,1000000,1120000
2018-07-11 14:44:35.672000,1.11266,1.11263,1870000,2440000
2018-07-11 14:44:36.225000,1.11266,1.11263,1000000,3190000
2018-07-11 14:44:36.820000,1.11266,1.11263,1120000,2510000
2018-07-11 14:44:38.381000,1.11266,1.11263,1000000,3260000
2018-07-11 14:44:38.960000,1.11266,1.11263,1120000,5020000
2018-07-11 14:44:39.512000,1.11266,1.11264,1120000,1000000
2018-07-11 14:44:40.052000,1.11266,1.11263,1310000,3070000
2018-07-11 14:44:41.945000,1.11266,1.11263,1500000,1690000
2018-07-11 14:44:42.470000,1.11266,1.11263,1120000,2510000
2018-07-11 14:44:43.900000,1.11265,1.11263,1000000,1250000
2018-07-11 14:44:44.444000,1.11266,1.11264,1500000,1120000
2018-07-11 14:44:44.981000,1.11266,1.11263,2620000,3190000
2018-07-11 14:44:46.656000,1.11265,1.11263,1000000,1690000
2018-07-11 14:44:47.229000,1.11266,1.11263,3370000,2440000
2018-07-11 14:44:47.792000,1.11265,1.11263,1000000,1000000
2018-07-11 14:44:48.322000,1.11264,1.11262,1000000,4310000
2018-07-11 14:44:48.828000,1.11264,1.11262,1500000,3560000
2018-07-11 14:44:49.925000,1.11264,1.11262,3370000,1500000
2018-07-11 14:44:49.979000,1.11263,1.1126,1870000,4460000
2018-07-11 14:44:50.032000,1.11264,1.11261,3000000,1690000
2018-07-11 14:44:50.581000,1.11265,1.11262,3370000,1310000
2018-07-11 14:44:51.194000,1.11265,1.11262,2620000,1690000
2018-07-11 14:44:51.818000,1.11265,1.11262,3370000,2810000
2018-07-11 14:44:54.096000,1.11264,1.11262,1870000,1310000
2018-07-11 14:44:54.405000,1.11262,1.1126,1000000,1690000
2018-07-11 14:44:55.653000,1.11263,1.1126,2250000,2060000
2018-07-11 14:44:56.164000,1.11264,1.11261,3190000,1120000
2018-07-11 14:44:56.423000,1.11263,1.1126,1370000,2440000
2018-07-11 14:44:56.963000,1.11262,1.11259,1250000,3370000
2018-07-11 14:44:57.481000,1.11263,1.1126,3370000,1310000
2018-07-11 14:44:58.913000,1.11263,1.1126,1000000,2810000
2018-07-11 14:44:59.239000,1.11264,1.11261,1000000,3190000
2018-07-11 14:44:59.615000,1.11262,1.1126,2440000,2020000
2018-07-11 14:44:59.780000,1.11262,1.11259,3560000,1570000
2018-07-11 14:45:00.302000,1.11262,1.11258,3190000,4200000
