time,ask,bid,ask_volume,bid_volume
2018-01-09 14:55:00.016000,1.12735,1.12732,1120000,2440000
2018-01-09 14:55:00.462000,1.12732,1.1273,1000000,2960000
2018-01-09 14:55:01.037000,1.12733,1.1273,4160000,2440000
2018-01-09 14:55:01.895000,1.12732,1.1273,1870000,1690000
2018-01-09 14:55:02.444000,1.12731,1.12729,1000000,2440000
2018-01-09 14:55:04.067000,1.12733,1.1273,3070000,1310000
2018-01-09 14:55:04.958000,1.12733,1.1273,2320000,1310000
2018-01-09 14:55:05.671000,1.12734,1.12732,2700000,1250000
2018-01-09 14:55:05.776000,1.12735,1.12733,1870000,1190000
2018-01-09 14:55:06.322000,1.12736,1.12733,3000000,2440000
2018-01-09 14:55:09.614000,1.12731,1.1273,1000000,3190000
2018-01-09 14:55:09.724000,1.12731,1.12728,1500000,2140000
2018-01-09 14:55:10.258000,1.12731,1.12729,5440000,1310000
2018-01-09 14:55:10.570000,1.12728,1.12725,1870000,2440000
2018-01-09 14:55:10.674000,1.1273,1.12727,3370000,1250000
2018-01-09 14:55:12.101000,1.1273,1.12727,1500000,1690000
2018-01-09 14:55:13.413000,1.1273,1.12728,1000000,1000000
2018-01-09 14:55:13.781000,1.12731,1.12728,3190000,3190000
2018-01-09 14:55:14.321000,1.12731,1.12729,1250000,1690000
2018-01-09 14:55:14.849000,1.12731,1.12729,1250000,1690000
2018-01-09 14:55:17.774000,1.1273,1.12728,1000000,2440000
2018-01-09 14:55:18.320000,1.12731,1.12728,6260000,2440000
2018-01-09 14:55:19.614000,1.12731,1.12728,3070000,2440000
2018-01-09 14:55:21.075000,1.12731,1.12728,3750000,2060000
2018-01-09 14:55:25.079000,1.12732,1.12729,5250000,1310000
2018-01-09 14:55:26.097000,1.12732,1.1273,2250000,1000000
2018-01-09 14:55:26.411000,1.12732,1.12729,4120000,2510000
2018-01-09 14:55:26.992000,1.12731,1.12729,2060000,1690000
2018-01-09 14:55:28.777000,1.1273,1.12728,1000000,2060000
2018-01-09 14:55:29.294000,1.1273,1.12728,1500000,1250000
2018-01-09 14:55:31.340000,1.12731,1.12728,1500000,2060000
2018-01-09 14:55:31.862000,1.12731,1.12729,2810000,1120000
2018-01-09 14:55:31.969000,1.12733,1.12731,3450000,1310000
2018-01-09 14:55:32.296000,1.12731,1.12728,1000000,3190000
2018-01-09 14:55:37.848000,1.12732,1.12731,1100000,1000000
2018-01-09 14:55:37.900000,1.12735,1.12732,5320000,1000000
2018-01-09 14:55:38.144000,1.12736,1.12733,1500000,1120000
2018-01-09 14:55:39.842000,1.12735,1.12734,1120000,1690000
2018-01-09 14:55:40.349000,1.12736,1.12734,1120000,3560000
2018-01-09 14:55:41.541000,1.12736,1.12734,1070000,3560000
2018-01-09 14:55:42.058000,1.12736,1.12734,1120000,4310000
2018-01-09 14:55:42.545000,1.12738,1.12737,1310000,1120000
2018-01-09 14:55:42.649000,1.1274,1.12737,2510000,1500000
2018-01-09 14:55:43.239000,1.1274,1.12738,1870000,3560000
2018-01-09 14:55:49.467000,1.12739,1.12737,3370000,3750000
2018-01-09 14:55:49.580000,1.12736,1.12734,1500000,1310000
2018-01-09 14:55:50.097000,1.12735,1.12733,1120000,3560000
2018-01-09 14:55:50.650000,1.12734,1.12732,1120000,1870000
2018-01-09 14:55:51.155000,1.12733,1.12732,1120000,2810000
2018-01-09 14:55:51.415000,1.12735,1.12732,1870000,4690000
2018-01-09 14:55:51.960000,1.12735,1.12733,1200000,1000000
2018-01-09 14:55:54.422000,1.12734,1.12733,1120000,1120000
2018-01-09 14:55:54.972000,1.12735,1.12733,1120000,1120000
2018-01-09 14:55:57.343000,1.12734,1.12732,1120000,3940000
2018-01-09 14:55:58.134000,1.12734,1.12732,1120000,3190000
2018-01-09 14:55:58.245000,1.12732,1.12731,1000000,3190000
2018-01-09 14:55:58.519000,1.12732,1.1273,3750000,1000000
2018-01-09 14:55:58.574000,1.1273,1.12729,1120000,1000000
2018-01-09 14:56:00.196000,1.1273,1.12728,1120000,2060000
2018-01-09 14:56:01.932000,1.1273,1.12728,1070000,1310000
2018-01-09 14:56:05.071000,1.12729,1.12727,1070000,1310000
2018-01-09 14:56:05.674000,1.12729,1.12727,1120000,3560000
2018-01-09 14:56:06.193000,1.1273,1.12728,1120000,1120000
2018-01-09 14:56:06.852000,1.12729,1.12728,1120000,1120000
2018-01-09 14:56:08.367000,1.1273,1.12728,1120000,5250000
2018-01-09 14:56:08.436000,1.12732,1.12729,1010000,3370000
2018-01-09 14:56:08.488000,1.12731,1.1273,1120000,1500000
2018-01-09 14:56:08.696000,1.12732,1.1273,1120000,2810000
2018-01-09 14:56:08.994000,1.1273,1.12729,1120000,2060000
2018-01-09 14:56:09.550000,1.12731,1.1273,1120000,1000000
2018-01-09 14:56:09.772000,1.12735,1.12733,1120000,1870000
2018-01-09 14:56:10.298000,1.12735,1.12734,1120000,1870000
2018-01-09 14:56:10.816000,1.12736,1.12734,1120000,1870000
2018-01-09 14:56:11.361000,1.12736,1.12735,1120000,1000000
2018-01-09 14:56:12.230000,1.12737,1.12735,1870000,1500000
2018-01-09 14:56:13.103000,1.12737,1.12735,1870000,1500000
2018-01-09 14:56:14.281000,1.12737,1.12735,2250000,1690000
2018-01-09 14:56:14.677000,1.12736,1.12734,1120000,2810000
2018-01-09 14:56:15.194000,1.12736,1.12734,1120000,2810000
2018-01-09 14:56:17.832000,1.12735,1.12734,1120000,2440000
2018-01-09 14:56:18.577000,1.12735,1.12734,1120000,1310000
2018-01-09 14:56:18.940000,1.12737,1.12735,1000000,4160000
2018-01-09 14:56:19.463000,1.12737,1.12735,1870000,1310000
2018-01-09 14:56:20.032000,1.12736,1.12735,1120000,1310000
2018-01-09 14:56:20.575000,1.12737,1.12735,1870000,1310000
2018-01-09 14:56:20.876000,1.12738,1.12736,1120000,4310000
2018-01-09 14:56:21.191000,1.12742,1.12739,7570000,1310000
2018-01-09 14:56:21.921000,1.1274,1.12739,1120000,1310000
2018-01-09 14:56:22.130000,1.12742,1.1274,3000000,1000000
2018-01-09 14:56:22.431000,1.1274,1.12739,1120000,1690000
2018-01-09 14:56:22.641000,1.12738,1.12737,1120000,1000000
2018-01-09 14:56:23.144000,1.12739,1.12737,2250000,2060000
2018-01-09 14:56:23.351000,1.1274,1.12738,2250000,2060000
2018-01-09 14:56:23.891000,1.12741,1.12739,2250000,1250000
2018-01-09 14:56:24.438000,1.12741,1.12739,1120000,1690000
2018-01-09 14:56:24.959000,1.12742,1.12739,3000000,2060000
2018-01-09 14:56:25.064000,1.12743,1.12741,2320000,1690000
2018-01-09 14:56:25.271000,1.12744,1.12741,2620000,3560000
2018-01-09 14:56:25.686000,1.12742,1.12741,1120000,2060000
2018-01-09 14:56:25.845000,1.12742,1.12739,6190000,1120000
2018-01-09 14:56:26.545000,1.1274,1.12739,1120000,1120000
2018-01-09 14:56:29.075000,1.12743,1.1274,1390000,2620000
2018-01-09 14:56:29.291000,1.12741,1.1274,1120000,1120000
2018-01-09 14:56:29.397000,1.12743,1.1274,3370000,1310000
2018-01-09 14:56:29.660000,1.12741,1.1274,1120000,1120000
2018-01-09 14:56:30.203000,1.12742,1.1274,1120000,1120000
2018-01-09 14:56:31.715000,1.12742,1.12739,2250000,2440000
2018-01-09 14:56:32.346000,1.12742,1.1274,2250000,1000000
2018-01-09 14:56:32.863000,1.12742,1.12739,2440000,2250000
2018-01-09 14:56:34.309000,1.12742,1.1274,2060000,2250000
2018-01-09 14:56:34.686000,1.12743,1.12742,1120000,1870000
2018-01-09 14:56:34.862000,1.12745,1.12743,1310000,1000000
2018-01-09 14:56:35.399000,1.12745,1.12742,2060000,4870000
2018-01-09 14:56:36.371000,1.12745,1.12743,1690000,1000000
2018-01-09 14:56:36.899000,1.12743,1.12742,2250000,1000000
2018-01-09 14:56:37.217000,1.12741,1.1274,1120000,1120000
2018-01-09 14:56:38.972000,1.1274,1.12739,1690000,1000000
2018-01-09 14:56:39.076000,1.1274,1.12738,2810000,1120000
2018-01-09 14:56:39.584000,1.12739,1.12738,2060000,1120000
2018-01-09 14:56:42.669000,1.12737,1.12736,1500000,1000000
2018-01-09 14:56:42.773000,1.12737,1.12734,2060000,4500000
2018-01-09 14:56:43.291000,1.12737,1.12735,1310000,1000000
2018-01-09 14:56:43.815000,1.12738,1.12737,1310000,1000000
2018-01-09 14:56:44.332000,1.12737,1.12736,1120000,1500000
2018-01-09 14:56:45.803000,1.12738,1.12737,1310000,1120000
2018-01-09 14:56:46.351000,1.12738,1.12736,3560000,3000000
2018-01-09 14:56:47.215000,1.12738,1.12736,3560000,2250000
2018-01-09 14:56:47.850000,1.12738,1.12737,1310000,1000000
2018-01-09 14:56:48.588000,1.12739,1.12736,3190000,2250000
2018-01-09 14:56:50.759000,1.12739,1.12736,2620000,3000000
2018-01-09 14:56:51.287000,1.12739,1.12737,1870000,1000000
2018-01-09 14:56:53.010000,1.12738,1.12737,1120000,1000000
2018-01-09 14:56:53.536000,1.12738,1.12735,11620000,2440000
2018-01-09 14:56:54.067000,1.12737,1.12736,1120000,1500000
2018-01-09 14:56:54.592000,1.12738,1.12736,1120000,4870000
2018-01-09 14:56:55.111000,1.12739,1.12737,1870000,4120000
2018-01-09 14:56:57.130000,1.12738,1.12737,1120000,3370000
2018-01-09 14:56:57.603000,1.12741,1.1274,7010000,1000000
2018-01-09 14:56:57.656000,1.12748,1.12746,2250000,2060000
2018-01-09 14:56:57.989000,1.12746,1.12744,3370000,1000000
2018-01-09 14:56:58.041000,1.12744,1.12742,4500000,1250000
2018-01-09 14:56:58.542000,1.12745,1.12743,1690000,1250000
2018-01-09 14:56:58.646000,1.12744,1.12741,3560000,1120000
2018-01-09 14:56:59.194000,1.12743,1.1274,1120000,2060000
2018-01-09 14:56:59.846000,1.12743,1.12741,1000000,1250000
2018-01-09 14:57:00.362000,1.12743,1.1274,1000000,2060000
2018-01-09 14:57:00.742000,1.12741,1.1274,1120000,1120000
2018-01-09 14:57:01.263000,1.12742,1.12741,1120000,1000000
2018-01-09 14:57:02.129000,1.12744,1.12743,1310000,1000000
2018-01-09 14:57:02.657000,1.12745,1.12744,1120000,1000000
2018-01-09 14:57:03.207000,1.12746,1.12744,1120000,1120000
2018-01-09 14:57:03.738000,1.12747,1.12744,1310000,1120000
2018-01-09 14:57:09.668000,1.12747,1.12745,1250000,1500000
2018-01-09 14:57:09.780000,1.12749,1.12746,2440000,1000000
2018-01-09 14:57:11.204000,1.12749,1.12746,1390000,1870000
2018-01-09 14:57:11.459000,1.12749,1.12747,1100000,2250000
2018-01-09 14:57:11.514000,1.1275,1.12748,1250000,1870000
2018-01-09 14:57:11.567000,1.12752,1.12749,2440000,1500000
2018-01-09 14:57:12.612000,1.12753,1.1275,3560000,1000000
2018-01-09 14:57:13.517000,1.12753,1.1275,2810000,1000000
2018-01-09 14:57:14.376000,1.12754,1.12752,4760000,1000000
2018-01-09 14:57:14.433000,1.12764,1.1276,12260000,5470000
2018-01-09 14:57:14.648000,1.12765,1.12763,1500000,1870000
2018-01-09 14:57:14.994000,1.12769,1.12767,2510000,1000000
2018-01-09 14:57:15.153000,1.12771,1.12768,1000000,3940000
2018-01-09 14:57:15.257000,1.12772,1.12769,2440000,1870000
2018-01-09 14:57:16.254000,1.12772,1.1277,1000000,1870000
2018-01-09 14:57:16.877000,1.12773,1.12771,1250000,1000000
2018-01-09 14:57:18.446000,1.12774,1.12772,2440000,1000000
2018-01-09 14:57:18.551000,1.12775,1.12773,1690000,3000000
2018-01-09 14:57:18.787000,1.12778,1.12775,2890000,1000000
2018-01-09 14:57:19.651000,1.12775,1.12773,1500000,2250000
2018-01-09 14:57:21.578000,1.12775,1.12774,1120000,1000000
2018-01-09 14:57:22.067000,1.12774,1.12771,3560000,1200000
2018-01-09 14:57:22.185000,1.1277,1.12769,1500000,1000000
2018-01-09 14:57:22.352000,1.12768,1.12765,1000000,4760000
2018-01-09 14:57:23.460000,1.12768,1.12766,1120000,1870000
2018-01-09 14:57:24.263000,1.12768,1.12766,1500000,1000000
2018-01-09 14:57:24.367000,1.12768,1.12765,3560000,1000000
2018-01-09 14:57:24.608000,1.12766,1.12763,5440000,1000000
2018-01-09 14:57:25.033000,1.12766,1.12764,1500000,2620000
2018-01-09 14:57:25.214000,1.12768,1.12765,1000000,2060000
2018-01-09 14:57:25.576000,1.1277,1.12768,2510000,1000000
2018-01-09 14:57:26.086000,1.12769,1.12766,1250000,1870000
2018-01-09 14:57:26.953000,1.1277,1.12767,1310000,1120000
2018-01-09 14:57:27.279000,1.12771,1.12768,1390000,1500000
2018-01-09 14:57:28.067000,1.12773,1.1277,4010000,1120000
2018-01-09 14:57:28.584000,1.12773,1.1277,1310000,1870000
2018-01-09 14:57:30.831000,1.12767,1.12765,1500000,1000000
2018-01-09 14:57:31.352000,1.12767,1.12764,2510000,1120000
2018-01-09 14:57:33.809000,1.12765,1.12762,1310000,3370000
2018-01-09 14:57:34.342000,1.12765,1.12762,1310000,1120000
2018-01-09 14:57:35.036000,1.12766,1.12763,3260000,1000000
2018-01-09 14:57:37.412000,1.12766,1.12763,1690000,1000000
2018-01-09 14:57:37.914000,1.12766,1.12763,2810000,1000000
2018-01-09 14:57:40.617000,1.12766,1.12763,2060000,1120000
2018-01-09 14:57:41.214000,1.12766,1.12763,4010000,1120000
2018-01-09 14:57:41.743000,1.12766,1.12764,2060000,1000000
2018-01-09 14:57:42.616000,1.12766,1.12763,2810000,1120000
2018-01-09 14:57:43.147000,1.12766,1.12763,2810000,1500000
2018-01-09 14:57:44.098000,1.12765,1.12762,1690000,4870000
2018-01-09 14:57:44.258000,1.12764,1.12761,1120000,1500000
2018-01-09 14:57:44.793000,1.12765,1.12762,4760000,1000000
2018-01-09 14:57:45.304000,1.12765,1.12762,1690000,3370000
2018-01-09 14:57:45.841000,1.12765,1.12763,1250000,1000000
2018-01-09 14:57:46.433000,1.12766,1.12763,2810000,2250000
2018-01-09 14:57:52.300000,1.12766,1.12763,6640000,2250000
2018-01-09 14:57:52.816000,1.12765,1.12763,1390000,1120000
2018-01-09 14:57:54.818000,1.12764,1.12761,2890000,2250000
2018-01-09 14:57:55.336000,1.12763,1.12761,1000000,1870000
2018-01-09 14:57:56.315000,1.12762,1.1276,1250000,1500000
2018-01-09 14:57:56.487000,1.12759,1.12758,1500000,2440000
2018-01-09 14:57:56.540000,1.12759,1.12756,1950000,1500000
2018-01-09 14:57:57.061000,1.12759,1.12756,1200000,1500000
2018-01-09 14:57:59.140000,1.12759,1.12756,2060000,1500000
2018-01-09 14:58:00.907000,1.12758,1.12756,1000000,1500000
2018-01-09 14:58:01.816000,1.12758,1.12757,1000000,1500000
2018-01-09 14:58:05.739000,1.1276,1.12758,1250000,4500000
2018-01-09 14:58:05.794000,1.12762,1.12759,4010000,4120000
2018-01-09 14:58:06.402000,1.12761,1.12759,1010000,4120000
2018-01-09 14:58:07.808000,1.12762,1.1276,1100000,4720000
2018-01-09 14:58:07.861000,1.12764,1.12762,2440000,1000000
2018-01-09 14:58:10.294000,1.12764,1.12761,2320000,2250000
2018-01-09 14:58:10.810000,1.12763,1.12761,1000000,2250000
2018-01-09 14:58:11.313000,1.12763,1.1276,1570000,1870000
2018-01-09 14:58:11.830000,1.12763,1.12761,1000000,1500000
2018-01-09 14:58:12.603000,1.12763,1.1276,1500000,1870000
2018-01-09 14:58:13.144000,1.12763,1.12761,1000000,1120000
2018-01-09 14:58:13.251000,1.12765,1.12762,2060000,1000000
2018-01-09 14:58:13.795000,1.12766,1.12763,2810000,1120000
2018-01-09 14:58:14.297000,1.12766,1.12764,1010000,1120000
2018-01-09 14:58:17.833000,1.12766,1.12763,4460000,1120000
2018-01-09 14:58:17.991000,1.12763,1.12762,1250000,2250000
2018-01-09 14:58:18.043000,1.12763,1.1276,1250000,1120000
2018-01-09 14:58:18.569000,1.12764,1.12761,2400000,1000000
2018-01-09 14:58:19.094000,1.12765,1.12762,2210000,1000000
2018-01-09 14:58:20.270000,1.12762,1.12761,1120000,1000000
2018-01-09 14:58:20.323000,1.12762,1.12759,2510000,1100000
2018-01-09 14:58:22.048000,1.12762,1.1276,2060000,1000000
2018-01-09 14:58:22.102000,1.12763,1.12761,1310000,2120000
2018-01-09 14:58:22.155000,1.12764,1.12762,1120000,1000000
2018-01-09 14:58:22.859000,1.12764,1.12761,5810000,1500000
2018-01-09 14:58:23.429000,1.12764,1.12761,5140000,1120000
2018-01-09 14:58:23.640000,1.12764,1.12763,1120000,1000000
2018-01-09 14:58:24.152000,1.12765,1.12763,3190000,1000000
2018-01-09 14:58:25.433000,1.12765,1.12762,4310000,1870000
2018-01-09 14:58:25.759000,1.12763,1.1276,2440000,1000000
2018-01-09 14:58:26.073000,1.1276,1.12758,1250000,1120000
2018-01-09 14:58:26.777000,1.12761,1.12758,3190000,1500000
2018-01-09 14:58:27.090000,1.12763,1.12761,2620000,1120000
2018-01-09 14:58:27.607000,1.12764,1.12762,1250000,1000000
2018-01-09 14:58:28.182000,1.12763,1.1276,3190000,2620000
2018-01-09 14:58:28.647000,1.12761,1.12758,1000000,4120000
2018-01-09 14:58:29.322000,1.1276,1.12758,1250000,2620000
2018-01-09 14:58:32.383000,1.1276,1.12757,1760000,4500000
2018-01-09 14:58:33.106000,1.1276,1.12757,5140000,1000000
2018-01-09 14:58:33.444000,1.12757,1.12754,1690000,1500000
2018-01-09 14:58:34.273000,1.12757,1.12754,3710000,1000000
2018-01-09 14:58:35.827000,1.12757,1.12754,3340000,1000000
2018-01-09 14:58:36.786000,1.12756,1.12753,1000000,1870000
2018-01-09 14:58:37.335000,1.12757,1.12754,1120000,1120000
2018-01-09 14:58:37.855000,1.12755,1.12752,1120000,2440000
2018-01-09 14:58:38.401000,1.12755,1.12752,1390000,1000000
2018-01-09 14:58:39.200000,1.12755,1.12752,2320000,1000000
2018-01-09 14:58:40.453000,1.12754,1.12751,1250000,2250000
2018-01-09 14:58:42.578000,1.12755,1.12752,4760000,1000000
2018-01-09 14:58:43.117000,1.12755,1.12753,1870000,1000000
2018-01-09 14:58:43.443000,1.12757,1.12755,1000000,1120000
2018-01-09 14:58:43.965000,1.12756,1.12753,1000000,4310000
2018-01-09 14:58:44.467000,1.12757,1.12755,1000000,1500000
2018-01-09 14:58:45.111000,1.12758,1.12755,3190000,1500000
2018-01-09 14:58:45.628000,1.12758,1.12756,1000000,1000000
2018-01-09 14:58:46.137000,1.12759,1.12756,2440000,1500000
2018-01-09 14:58:46.664000,1.12758,1.12756,1120000,1000000
2018-01-09 14:58:47.179000,1.12759,1.12756,3640000,1000000
2018-01-09 14:58:47.713000,1.12759,1.12757,1000000,1120000
2018-01-09 14:58:48.494000,1.12759,1.12756,1570000,4870000
2018-01-09 14:58:53.573000,1.12759,1.12756,2700000,1500000
2018-01-09 14:58:54.089000,1.12758,1.12756,2700000,1450000
2018-01-09 14:58:55.579000,1.12758,1.12756,1950000,1000000
2018-01-09 14:58:58.933000,1.12759,1.12757,1000000,4310000
2018-01-09 14:58:59.482000,1.1276,1.12757,1870000,3940000
2018-01-09 14:59:00.238000,1.12759,1.12757,1000000,2060000
2018-01-09 14:59:00.750000,1.12758,1.12756,1000000,2060000
2018-01-09 14:59:02.700000,1.12757,1.12756,1000000,1120000
2018-01-09 14:59:03.211000,1.12757,1.12755,1000000,2060000
2018-01-09 14:59:03.997000,1.12757,1.12755,1000000,2060000
2018-01-09 14:59:04.839000,1.12757,1.12755,1870000,1310000
2018-01-09 14:59:05.306000,1.12756,1.12754,1000000,3560000
2018-01-09 14:59:05.410000,1.12753,1.12752,1000000,1250000
2018-01-09 14:59:06.464000,1.12752,1.1275,1000000,1190000
2018-01-09 14:59:06.861000,1.12753,1.1275,1950000,1310000
2018-01-09 14:59:06.915000,1.12751,1.12749,3750000,2250000
2018-01-09 14:59:07.383000,1.12747,1.12745,1000000,3190000
2018-01-09 14:59:07.700000,1.12744,1.12743,1000000,1000000
2018-01-09 14:59:07.752000,1.12744,1.12742,1000000,4690000
2018-01-09 14:59:08.308000,1.12744,1.12743,1000000,1250000
2018-01-09 14:59:10.096000,1.12744,1.12742,1000000,1500000
2018-01-09 14:59:10.632000,1.12744,1.12742,1000000,1000000
2018-01-09 14:59:10.849000,1.12745,1.12741,5100000,7690000
2018-01-09 14:59:10.905000,1.12743,1.12741,1000000,3560000
2018-01-09 14:59:11.424000,1.12744,1.12741,1870000,6750000
2018-01-09 14:59:11.953000,1.12744,1.12742,1500000,1250000
2018-01-09 14:59:12.797000,1.12746,1.12744,1950000,1500000
2018-01-09 14:59:13.950000,1.12746,1.12744,1000000,5060000
2018-01-09 14:59:15.146000,1.12746,1.12744,1120000,1500000
2018-01-09 14:59:15.420000,1.12742,1.12739,1500000,2250000
2018-01-09 14:59:15.749000,1.1274,1.12739,1120000,1000000
2018-01-09 14:59:15.804000,1.1274,1.12737,1120000,1500000
2018-01-09 14:59:16.322000,1.1274,1.12737,2620000,1000000
2018-01-09 14:59:21.288000,1.1274,1.12737,1120000,2250000
2018-01-09 14:59:21.804000,1.1274,1.12737,2140000,1120000
2018-01-09 14:59:23.638000,1.12739,1.12736,1120000,3370000
2018-01-09 14:59:24.899000,1.12741,1.1274,1120000,3040000
2018-01-09 14:59:25.005000,1.12744,1.12742,1120000,1120000
2018-01-09 14:59:25.958000,1.12745,1.12743,1370000,1000000
2018-01-09 14:59:26.462000,1.12745,1.12742,1870000,1500000
2018-01-09 14:59:28.628000,1.12745,1.12742,1500000,1500000
2018-01-09 14:59:29.158000,1.12745,1.12742,1690000,3000000
2018-01-09 14:59:31.733000,1.12746,1.12745,1200000,1000000
2018-01-09 14:59:32.047000,1.12749,1.12747,1690000,1000000
2018-01-09 14:59:32.370000,1.12756,1.12753,1390000,7350000
2018-01-09 14:59:32.631000,1.12759,1.12756,2700000,1000000
2018-01-09 14:59:33.181000,1.12758,1.12755,1120000,2440000
2018-01-09 14:59:33.699000,1.12758,1.12755,1950000,2060000
2018-01-09 14:59:34.219000,1.12757,1.12754,2700000,1120000
2018-01-09 14:59:34.734000,1.12757,1.12754,1870000,2250000
2018-01-09 14:59:37.147000,1.12756,1.12754,1120000,1000000
2018-01-09 14:59:37.200000,1.12754,1.12751,2250000,1570000
2018-01-09 14:59:37.760000,1.12753,1.12751,1500000,1000000
2018-01-09 14:59:38.114000,1.1275,1.12749,1120000,1000000
2018-01-09 14:59:38.221000,1.12751,1.12749,1500000,1000000
2018-01-09 14:59:38.745000,1.1275,1.12749,1120000,1000000
2018-01-09 14:59:39.038000,1.12747,1.12745,1500000,1000000
2018-01-09 14:59:39.628000,1.1275,1.12748,1320000,1000000
2018-01-09 14:59:40.104000,1.12751,1.12749,1500000,1000000
2018-01-09 14:59:41.795000,1.12752,1.12749,2250000,1120000
2018-01-09 14:59:42.395000,1.12751,1.12749,1120000,1000000
2018-01-09 14:59:43.793000,1.12751,1.1275,1120000,1000000
2018-01-09 14:59:44.309000,1.12752,1.1275,1500000,1500000
2018-01-09 14:59:56.276000,1.12752,1.12749,1500000,1870000
2018-01-09 14:59:56.838000,1.12752,1.12751,1690000,1000000
2018-01-09 14:59:56.997000,1.1276,1.12757,2510000,1120000
2018-01-09 14:59:57.050000,1.1276,1.12758,1870000,5060000
2018-01-09 14:59:57.590000,1.12761,1.12759,1000000,5060000
2018-01-09 14:59:58.006000,1.1276,1.12756,6640000,1120000
2018-01-09 14:59:58.548000,1.12759,1.12755,2700000,1840000
2018-01-09 14:59:59.066000,1.12759,1.12755,4570000,1690000
2018-01-09 15:00:00.923000,1.12757,1.12753,1500000,3940000
2018-01-09 15:00:01.945000,1.12756,1.12753,1500000,1500000
2018-01-09 15:00:02.633000,1.12756,1.12752,1500000,1690000
2018-01-09 15:00:02.686000,1.12754,1.12752,1000000,1000000
2018-01-09 15:00:03.316000,1.12753,1.12751,1500000,1000000
2018-01-09 15:00:05.144000,1.12753,1.12752,1120000,1500000
2018-01-09 15:00:05.198000,1.12755,1.12752,1120000,3600000
2018-01-09 15:00:05.720000,1.12755,1.12753,1120000,1000000
2018-01-09 15:00:05.942000,1.12753,1.12751,1120000,1500000
2018-01-09 15:00:09.123000,1.12753,1.1275,1500000,3190000
2018-01-09 15:00:10.092000,1.12753,1.12749,2440000,3750000
2018-01-09 15:00:13.210000,1.12752,1.12749,1310000,1960000
2018-01-09 15:00:14.200000,1.12753,1.12749,10010000,1870000
2018-01-09 15:00:14.551000,1.12749,1.12748,1000000,1050000
2018-01-09 15:00:14.655000,1.12748,1.12745,1870000,1100000
2018-01-09 15:00:15.672000,1.12748,1.12744,3450000,6000000
2018-01-09 15:00:15.887000,1.12748,1.12744,8590000,2250000
2018-01-09 15:00:16.430000,1.12746,1.12743,2440000,2250000
2018-01-09 15:00:17.179000,1.12745,1.12742,1500000,3410000
2018-01-09 15:00:17.789000,1.12744,1.12742,1870000,1540000
2018-01-09 15:00:18.804000,1.12743,1.12741,1370000,2290000
2018-01-09 15:00:18.857000,1.12741,1.12739,1500000,1200000
2018-01-09 15:00:18.964000,1.1274,1.12737,3190000,1870000
2018-01-09 15:00:19.716000,1.12738,1.12736,1120000,2250000
2018-01-09 15:00:20.235000,1.12738,1.12736,1870000,1500000
2018-01-09 15:00:21.245000,1.12738,1.12737,1870000,1000000
2018-01-09 15:00:24.101000,1.12739,1.12736,3710000,2250000
2018-01-09 15:00:25.031000,1.12738,1.12737,1000000,1500000
2018-01-09 15:00:25.357000,1.12739,1.12738,1690000,1000000
2018-01-09 15:00:25.875000,1.1274,1.12737,5890000,2620000
2018-01-09 15:00:25.987000,1.12737,1.12734,1870000,2620000
2018-01-09 15:00:26.440000,1.12736,1.12733,2140000,3370000
2018-01-09 15:00:27.562000,1.12735,1.12732,1120000,4500000
2018-01-09 15:00:28.083000,1.12734,1.12732,3370000,1000000
2018-01-09 15:00:28.595000,1.12734,1.12731,3450000,2620000
2018-01-09 15:00:29.372000,1.12733,1.1273,2440000,6000000
2018-01-09 15:00:30.241000,1.12733,1.1273,2810000,2250000
2018-01-09 15:00:30.807000,1.12732,1.12729,1870000,4910000
2018-01-09 15:00:31.176000,1.12731,1.1273,1000000,1000000
2018-01-09 15:00:31.229000,1.12728,1.12725,2810000,1870000
2018-01-09 15:00:31.748000,1.12728,1.12726,1500000,4500000
2018-01-09 15:00:32.031000,1.12731,1.12729,1760000,1500000
2018-01-09 15:00:32.548000,1.12731,1.1273,1500000,1000000
2018-01-09 15:00:32.937000,1.12728,1.12725,1500000,3820000
2018-01-09 15:00:33.467000,1.12728,1.12725,3190000,1870000
2018-01-09 15:00:34.171000,1.12728,1.12725,3260000,1000000
2018-01-09 15:00:34.512000,1.12722,1.1272,2060000,1050000
2018-01-09 15:00:35.289000,1.12721,1.12719,1620000,1350000
2018-01-09 15:00:35.500000,1.1272,1.12718,2060000,1000000
2018-01-09 15:00:35.605000,1.12718,1.12717,1000000,2660000
2018-01-09 15:00:35.658000,1.12717,1.12714,1500000,2890000
2018-01-09 15:00:35.711000,1.12716,1.12713,2250000,7010000
2018-01-09 15:00:36.223000,1.12715,1.12713,2060000,1000000
2018-01-09 15:00:36.871000,1.12714,1.12712,1500000,1000000
2018-01-09 15:00:37.392000,1.12714,1.12711,3750000,1120000
2018-01-09 15:00:38.065000,1.12713,1.1271,2620000,3370000
2018-01-09 15:00:39.652000,1.1271,1.12709,1000000,3190000
2018-01-09 15:00:39.965000,1.12708,1.12705,2320000,2620000
2018-01-09 15:00:41.424000,1.12709,1.12706,1650000,2620000
2018-01-09 15:00:41.479000,1.12712,1.12709,1120000,1120000
2018-01-09 15:00:41.535000,1.1271,1.12707,1870000,2100000
2018-01-09 15:00:41.590000,1.12708,1.12706,1870000,1200000
2018-01-09 15:00:41.643000,1.12707,1.12704,1690000,1120000
2018-01-09 15:00:42.153000,1.12706,1.12704,1000000,1120000
2018-01-09 15:00:42.728000,1.12706,1.12703,1500000,3370000
2018-01-09 15:00:43.233000,1.12706,1.12703,1870000,2620000
2018-01-09 15:00:43.753000,1.12705,1.12703,1060000,1160000
2018-01-09 15:00:44.401000,1.12705,1.12703,2850000,1040000
2018-01-09 15:00:44.659000,1.12703,1.12702,1120000,3000000
2018-01-09 15:00:44.712000,1.12703,1.127,1120000,1500000
2018-01-09 15:00:45.236000,1.12702,1.12699,1000000,4690000
2018-01-09 15:00:45.564000,1.12704,1.12703,1120000,1000000
2018-01-09 15:00:45.619000,1.12706,1.12703,1950000,1500000
2018-01-09 15:00:45.672000,1.12704,1.12701,1500000,1120000
2018-01-09 15:00:45.725000,1.12705,1.12703,1000000,1910000
2018-01-09 15:00:46.347000,1.12706,1.12704,1500000,1540000
2018-01-09 15:00:46.858000,1.12708,1.12705,2810000,1120000
2018-01-09 15:00:47.379000,1.12708,1.12706,1370000,1000000
2018-01-09 15:00:47.871000,1.12709,1.12707,1000000,3000000
2018-01-09 15:00:48.407000,1.12712,1.1271,1570000,1000000
2018-01-09 15:00:48.925000,1.12713,1.12711,1000000,1870000
2018-01-09 15:00:49.459000,1.12714,1.12711,1500000,2810000
2018-01-09 15:00:50.039000,1.12714,1.12712,1000000,1000000
2018-01-09 15:00:50.554000,1.12714,1.12711,1500000,1310000
2018-01-09 15:00:51.036000,1.12712,1.1271,2890000,1000000
2018-01-09 15:00:51.140000,1.1271,1.12707,2440000,1000000
2018-01-09 15:00:53.698000,1.12709,1.12707,1120000,5470000
2018-01-09 15:00:53.753000,1.12712,1.1271,1000000,1870000
2018-01-09 15:00:53.959000,1.12714,1.12711,1310000,3000000
2018-01-09 15:00:57.444000,1.12714,1.12711,1690000,2250000
2018-01-09 15:00:59.061000,1.12714,1.12711,1310000,2250000
2018-01-09 15:01:04.850000,1.12715,1.12712,1570000,1500000
2018-01-09 15:01:05.164000,1.1272,1.12717,1870000,1870000
2018-01-09 15:01:06.836000,1.12724,1.12721,1870000,1310000
2018-01-09 15:01:06.911000,1.12723,1.12722,1500000,1120000
2018-01-09 15:01:07.025000,1.12722,1.1272,1120000,1120000
2018-01-09 15:01:07.508000,1.12723,1.12722,1500000,1870000
2018-01-09 15:01:07.719000,1.12725,1.12723,3190000,1000000
2018-01-09 15:01:07.823000,1.12726,1.12724,1000000,1000000
2018-01-09 15:01:08.025000,1.12723,1.12722,1000000,1000000
2018-01-09 15:01:08.084000,1.12722,1.1272,1000000,3750000
2018-01-09 15:01:09.047000,1.12722,1.1272,1000000,3370000
2018-01-09 15:01:09.639000,1.12724,1.12721,3190000,1500000
2018-01-09 15:01:10.169000,1.12725,1.12724,4310000,1000000
2018-01-09 15:01:10.224000,1.12726,1.12724,1100000,1500000
2018-01-09 15:01:10.593000,1.12728,1.12726,1620000,1000000
2018-01-09 15:01:10.997000,1.12729,1.12727,2620000,1000000
2018-01-09 15:01:11.714000,1.12728,1.12726,1000000,2250000
2018-01-09 15:01:12.408000,1.12727,1.12726,1000000,1000000
2018-01-09 15:01:12.927000,1.12728,1.12725,4310000,1000000
2018-01-09 15:01:13.450000,1.12728,1.12726,1310000,1000000
2018-01-09 15:01:13.985000,1.12729,1.12726,1500000,2440000
2018-01-09 15:01:14.528000,1.12729,1.12727,1000000,1000000
2018-01-09 15:01:14.690000,1.12731,1.1273,4540000,1120000
2018-01-09 15:01:14.743000,1.12733,1.12731,1370000,1000000
2018-01-09 15:01:14.797000,1.12735,1.12732,2250000,1120000
2018-01-09 15:01:15.013000,1.12734,1.12731,1870000,1690000
2018-01-09 15:01:15.534000,1.12734,1.12731,1500000,1500000
2018-01-09 15:01:15.889000,1.12732,1.1273,1200000,1500000
2018-01-09 15:01:16.405000,1.12733,1.12731,1000000,1000000
2018-01-09 15:01:17.376000,1.12735,1.12732,2890000,1120000
2018-01-09 15:01:17.691000,1.12736,1.12733,1500000,4500000
2018-01-09 15:01:18.479000,1.12736,1.12733,2250000,3000000
2018-01-09 15:01:19.013000,1.12731,1.12729,2250000,3370000
2018-01-09 15:01:19.645000,1.12731,1.12728,4310000,1000000
2018-01-09 15:01:20.162000,1.1273,1.12727,2210000,1500000
2018-01-09 15:01:20.500000,1.1273,1.12728,2440000,1000000
2018-01-09 15:01:20.553000,1.12732,1.1273,1010000,1000000
2018-01-09 15:01:20.714000,1.12731,1.12728,2250000,1120000
2018-01-09 15:01:21.453000,1.12731,1.12729,1500000,1500000
2018-01-09 15:01:21.972000,1.12732,1.1273,1120000,1000000
2018-01-09 15:01:23.428000,1.12732,1.1273,3190000,1000000
2018-01-09 15:01:23.585000,1.1273,1.12728,1000000,1000000
2018-01-09 15:01:24.098000,1.1273,1.12727,3150000,1870000
2018-01-09 15:01:24.618000,1.12729,1.12727,1250000,1120000
2018-01-09 15:01:25.978000,1.12729,1.12726,4310000,1500000
2018-01-09 15:01:26.303000,1.12727,1.12724,5060000,1120000
2018-01-09 15:01:26.422000,1.12725,1.12722,3560000,1870000
2018-01-09 15:01:26.985000,1.12725,1.12723,2060000,1000000
2018-01-09 15:01:27.098000,1.12724,1.12722,1500000,1120000
2018-01-09 15:01:27.411000,1.12723,1.1272,1500000,1870000
2018-01-09 15:01:27.942000,1.12724,1.12721,5890000,1000000
2018-01-09 15:01:28.465000,1.12723,1.1272,1500000,2620000
2018-01-09 15:01:28.990000,1.12724,1.12721,3190000,1120000
2018-01-09 15:01:29.513000,1.12724,1.12721,2060000,3000000
2018-01-09 15:01:30.262000,1.12723,1.1272,3000000,1870000
2018-01-09 15:01:30.791000,1.12723,1.12722,1120000,1000000
2018-01-09 15:01:31.548000,1.12725,1.12723,1250000,1500000
2018-01-09 15:01:31.606000,1.12726,1.12725,6000000,1500000
2018-01-09 15:01:32.144000,1.12728,1.12725,2440000,1870000
2018-01-09 15:01:32.458000,1.12725,1.12722,2620000,3450000
2018-01-09 15:01:32.993000,1.12726,1.12723,2810000,1120000
2018-01-09 15:01:33.854000,1.12724,1.12722,1500000,1120000
2018-01-09 15:01:34.380000,1.12723,1.12721,1120000,3000000
2018-01-09 15:01:35.147000,1.12723,1.12721,1500000,1870000
2018-01-09 15:01:36.147000,1.12722,1.1272,1120000,1000000
2018-01-09 15:01:36.949000,1.12719,1.12718,1500000,1100000
2018-01-09 15:01:37.004000,1.12719,1.12716,3750000,2620000
2018-01-09 15:01:38.140000,1.12718,1.12715,1870000,8810000
2018-01-09 15:01:38.680000,1.12718,1.12715,1870000,4310000
2018-01-09 15:01:39.329000,1.12718,1.12715,1870000,3560000
2018-01-09 15:01:39.850000,1.12718,1.12715,3000000,1870000
2018-01-09 15:01:41.652000,1.12717,1.12714,1500000,3190000
2018-01-09 15:01:41.873000,1.12713,1.12712,1120000,5620000
2018-01-09 15:01:42.189000,1.12711,1.12709,1690000,1120000
2018-01-09 15:01:42.586000,1.1271,1.12707,4690000,1000000
2018-01-09 15:01:42.691000,1.12709,1.12706,2440000,1120000
2018-01-09 15:01:43.656000,1.12708,1.12705,1500000,1870000
2018-01-09 15:01:44.380000,1.12709,1.12706,4390000,1000000
2018-01-09 15:01:45.238000,1.1271,1.12707,3190000,1000000
2018-01-09 15:01:47.461000,1.12711,1.12708,3260000,1000000
2018-01-09 15:01:49.420000,1.1271,1.12707,1690000,2620000
2018-01-09 15:01:49.930000,1.1271,1.12707,2890000,1870000
2018-01-09 15:01:50.568000,1.12708,1.12706,1000000,1500000
2018-01-09 15:01:51.221000,1.12709,1.12706,1570000,1870000
2018-01-09 15:01:51.799000,1.12708,1.12706,1000000,1120000
2018-01-09 15:01:52.340000,1.12709,1.12706,1570000,1870000
2018-01-09 15:01:53.016000,1.12708,1.12706,1500000,1120000
2018-01-09 15:01:53.553000,1.12707,1.12706,1000000,1000000
2018-01-09 15:01:53.717000,1.12705,1.12703,1870000,1100000
2018-01-09 15:01:54.236000,1.12705,1.12702,2890000,1000000
2018-01-09 15:01:56.100000,1.12707,1.12704,4760000,4120000
2018-01-09 15:01:56.289000,1.12709,1.12706,2440000,1120000
2018-01-09 15:01:56.806000,1.12711,1.12708,2440000,1000000
2018-01-09 15:01:57.389000,1.1271,1.12707,2060000,1000000
2018-01-09 15:01:58.449000,1.12711,1.12708,1870000,1120000
2018-01-09 15:01:58.955000,1.12712,1.12709,5440000,1000000
2018-01-09 15:01:59.210000,1.12713,1.12711,2250000,1500000
2018-01-09 15:01:59.315000,1.12715,1.12712,2060000,1500000
2018-01-09 15:02:00.761000,1.12716,1.12713,4310000,1120000
2018-01-09 15:02:01.973000,1.12717,1.12714,4310000,1000000
2018-01-09 15:02:03.479000,1.12717,1.12714,2810000,1000000
2018-01-09 15:02:04.001000,1.12717,1.12714,2400000,1000000
2018-01-09 15:02:04.960000,1.12719,1.12716,7010000,1500000
2018-01-09 15:02:05.890000,1.1272,1.12718,2810000,1000000
2018-01-09 15:02:06.082000,1.12723,1.1272,5440000,1000000
2018-01-09 15:02:06.599000,1.12723,1.1272,3190000,1000000
2018-01-09 15:02:07.253000,1.12724,1.12722,2620000,1000000
2018-01-09 15:02:07.358000,1.12725,1.12722,2320000,2260000
2018-01-09 15:02:07.851000,1.12725,1.12722,4500000,1130000
2018-01-09 15:02:08.371000,1.12723,1.12721,1500000,1000000
2018-01-09 15:02:08.531000,1.12718,1.12716,2250000,1000000
2018-01-09 15:02:08.748000,1.12718,1.12715,2700000,1000000
2018-01-09 15:02:09.600000,1.12718,1.12716,1470000,1000000
2018-01-09 15:02:12.606000,1.12718,1.12715,1870000,1120000
2018-01-09 15:02:13.217000,1.12718,1.12716,1370000,1000000
2018-01-09 15:02:14.199000,1.1272,1.12717,5440000,1500000
2018-01-09 15:02:15.011000,1.12718,1.12716,1120000,1870000
2018-01-09 15:02:17.128000,1.12719,1.12718,1570000,1870000
2018-01-09 15:02:17.182000,1.12722,1.12719,3900000,1000000
2018-01-09 15:02:17.493000,1.1272,1.12718,1120000,2250000
2018-01-09 15:02:17.788000,1.12722,1.12719,1120000,1500000
2018-01-09 15:02:18.310000,1.12723,1.1272,3640000,1500000
2018-01-09 15:02:19.848000,1.12723,1.1272,1570000,4500000
2018-01-09 15:02:19.905000,1.12726,1.12725,1120000,1120000
2018-01-09 15:02:19.972000,1.12728,1.12726,1100000,1000000
2018-01-09 15:02:20.957000,1.12725,1.12722,1870000,1500000
2018-01-09 15:02:24.805000,1.12725,1.12723,1660000,1120000
2018-01-09 15:02:24.858000,1.12728,1.12726,1310000,1500000
2018-01-09 15:02:25.021000,1.1273,1.12728,2510000,1000000
2018-01-09 15:02:25.536000,1.1273,1.12728,1310000,1000000
2018-01-09 15:02:26.058000,1.1273,1.12728,1120000,1450000
2018-01-09 15:02:26.334000,1.1273,1.12727,2060000,1500000
2018-01-09 15:02:27.358000,1.1273,1.12727,2890000,1120000
2018-01-09 15:02:28.455000,1.1273,1.12727,3640000,1000000
2018-01-09 15:02:29.400000,1.12728,1.12726,3600000,1500000
2018-01-09 15:02:29.560000,1.12725,1.12722,9790000,1000000
2018-01-09 15:02:30.062000,1.12724,1.12722,2620000,1000000
2018-01-09 15:02:30.604000,1.12723,1.12721,1000000,2250000
2018-01-09 15:02:34.690000,1.12723,1.1272,2890000,1870000
2018-01-09 15:02:34.900000,1.12723,1.12722,1100000,1500000
2018-01-09 15:02:35.478000,1.12724,1.12722,1120000,1500000
2018-01-09 15:02:36.817000,1.12725,1.12724,1120000,1000000
2018-01-09 15:02:36.870000,1.12727,1.12724,3070000,1500000
2018-01-09 15:02:36.922000,1.12727,1.12725,1500000,1000000
2018-01-09 15:02:37.132000,1.12727,1.12724,3000000,1870000
2018-01-09 15:02:37.634000,1.12725,1.12723,1500000,1870000
2018-01-09 15:02:38.272000,1.12725,1.12723,3560000,1000000
2018-01-09 15:02:38.803000,1.12725,1.12722,6940000,1000000
2018-01-09 15:02:43.676000,1.12725,1.12723,1000000,1870000
2018-01-09 15:02:43.729000,1.12726,1.12725,1270000,1000000
2018-01-09 15:02:44.148000,1.12728,1.12727,1000000,1000000
2018-01-09 15:02:44.201000,1.12729,1.12727,1390000,1000000
2018-01-09 15:02:45.729000,1.1273,1.12727,4570000,1000000
2018-01-09 15:02:46.269000,1.12729,1.12726,1120000,2440000
2018-01-09 15:02:46.635000,1.1273,1.12728,2700000,1000000
2018-01-09 15:02:47.170000,1.1273,1.12727,4010000,1500000
2018-01-09 15:02:47.485000,1.12727,1.12726,1000000,1120000
2018-01-09 15:02:48.281000,1.12727,1.12725,1000000,3560000
2018-01-09 15:02:48.969000,1.12726,1.12724,2620000,1500000
2018-01-09 15:02:49.022000,1.12725,1.12722,2810000,6000000
2018-01-09 15:02:49.335000,1.12723,1.12721,1000000,1120000
2018-01-09 15:02:49.440000,1.12724,1.1272,4690000,3000000
2018-01-09 15:02:49.545000,1.12722,1.1272,1000000,3000000
2018-01-09 15:02:49.800000,1.12714,1.12712,1120000,1200000
2018-01-09 15:02:50.333000,1.12715,1.12713,1500000,1120000
2018-01-09 15:02:51.132000,1.12715,1.12712,1000000,4690000
2018-01-09 15:02:52.720000,1.12715,1.12713,1000000,1000000
2018-01-09 15:02:52.932000,1.12713,1.12711,1000000,3370000
2018-01-09 15:02:53.174000,1.12711,1.12708,1500000,3560000
2018-01-09 15:02:53.278000,1.12712,1.1271,2620000,1000000
2018-01-09 15:02:53.883000,1.12713,1.12711,1120000,1120000
2018-01-09 15:02:55.328000,1.12712,1.1271,1000000,1650000
2018-01-09 15:02:56.246000,1.12714,1.12711,1690000,1120000
2018-01-09 15:02:56.998000,1.12712,1.1271,1000000,5770000
2018-01-09 15:02:57.318000,1.1271,1.12707,1000000,8140000
2018-01-09 15:02:57.954000,1.12709,1.12706,1000000,6640000
2018-01-09 15:03:00.123000,1.12711,1.12709,1500000,1500000
2018-01-09 15:03:00.427000,1.12713,1.12711,1000000,1120000
2018-01-09 15:03:00.951000,1.12714,1.12711,1120000,4500000
2018-01-09 15:03:03.281000,1.12714,1.12711,1000000,4200000
2018-01-09 15:03:03.792000,1.12714,1.12711,1120000,4950000
2018-01-09 15:03:04.322000,1.12714,1.12711,1120000,3370000
2018-01-09 15:03:04.643000,1.12709,1.12708,1000000,1000000
2018-01-09 15:03:06.378000,1.12711,1.1271,1310000,1000000
2018-01-09 15:03:06.486000,1.12714,1.12711,2250000,1000000
2018-01-09 15:03:06.976000,1.12712,1.1271,4120000,1570000
2018-01-09 15:03:07.029000,1.1271,1.12708,1000000,1690000
2018-01-09 15:03:07.648000,1.1271,1.12708,1000000,1310000
2018-01-09 15:03:09.385000,1.1271,1.12708,1000000,1000000
2018-01-09 15:03:10.890000,1.12709,1.12707,1000000,2250000
2018-01-09 15:03:10.943000,1.12714,1.12711,1000000,5470000
2018-01-09 15:03:11.359000,1.12714,1.12713,1000000,1000000
2018-01-09 15:03:11.545000,1.12719,1.12716,2440000,1000000
2018-01-09 15:03:11.603000,1.1272,1.12717,1310000,1120000
2018-01-09 15:03:12.414000,1.12719,1.12717,1000000,2320000
2018-01-09 15:03:12.726000,1.12716,1.12715,1000000,1120000
2018-01-09 15:03:12.988000,1.12715,1.12712,1000000,5810000
2018-01-09 15:03:14.065000,1.12715,1.12713,1000000,1000000
2018-01-09 15:03:16.936000,1.12719,1.12718,1250000,1870000
2018-01-09 15:03:17.041000,1.12725,1.12722,2140000,1870000
2018-01-09 15:03:17.249000,1.12726,1.12723,1000000,4010000
2018-01-09 15:03:17.805000,1.12726,1.12723,1000000,4390000
2018-01-09 15:03:18.580000,1.12724,1.12722,1120000,1100000
2018-01-09 15:03:18.890000,1.12721,1.12719,1000000,3560000
2018-01-09 15:03:19.430000,1.12724,1.12722,1390000,5620000
2018-01-09 15:03:19.706000,1.12723,1.12721,1000000,1120000
2018-01-09 15:03:20.224000,1.12723,1.12721,1000000,1870000
2018-01-09 15:03:20.330000,1.12725,1.12722,1120000,1870000
2018-01-09 15:03:20.859000,1.12724,1.12722,1000000,1500000
2018-01-09 15:03:21.496000,1.12724,1.12722,1000000,1120000
2018-01-09 15:03:21.728000,1.12722,1.1272,1000000,2810000
2018-01-09 15:03:22.807000,1.12723,1.12721,1000000,1000000
2018-01-09 15:03:23.328000,1.12723,1.12721,1000000,2620000
2018-01-09 15:03:23.862000,1.12721,1.12719,1000000,1500000
2018-01-09 15:03:24.573000,1.12721,1.12719,1000000,1000000
2018-01-09 15:03:25.125000,1.12722,1.1272,1000000,3370000
2018-01-09 15:03:25.911000,1.12721,1.12719,1000000,2250000
2018-01-09 15:03:26.525000,1.12718,1.12717,1000000,1000000
2018-01-09 15:03:26.783000,1.1272,1.12717,2140000,1120000
2018-01-09 15:03:27.043000,1.12719,1.12717,1000000,1500000
2018-01-09 15:03:27.202000,1.12717,1.12714,1000000,4010000
2018-01-09 15:03:27.718000,1.12716,1.12714,1000000,2060000
2018-01-09 15:03:27.770000,1.12718,1.12716,1570000,1000000
2018-01-09 15:03:28.297000,1.12717,1.12716,1000000,1000000
2018-01-09 15:03:28.893000,1.12718,1.12716,1120000,1000000
2018-01-09 15:03:29.231000,1.12716,1.12714,2620000,1000000
2018-01-09 15:03:29.395000,1.12713,1.12711,1000000,3940000
2018-01-09 15:03:29.448000,1.12711,1.1271,1250000,3750000
2018-01-09 15:03:29.720000,1.12709,1.12707,1500000,1120000
2018-01-09 15:03:29.774000,1.12705,1.12704,1000000,6750000
2018-01-09 15:03:29.828000,1.12705,1.12703,1000000,2320000
2018-01-09 15:03:31.105000,1.12706,1.12705,1000000,1000000
2018-01-09 15:03:31.159000,1.12708,1.12706,3260000,1000000
2018-01-09 15:03:31.477000,1.12706,1.12704,3370000,1000000
2018-01-09 15:03:31.530000,1.12705,1.12703,2060000,1000000
2018-01-09 15:03:32.417000,1.12705,1.12702,3940000,1000000
2018-01-09 15:03:32.938000,1.12704,1.12702,1000000,1000000
2018-01-09 15:03:33.489000,1.12704,1.12702,1000000,1000000
2018-01-09 15:03:33.754000,1.12707,1.12705,2140000,1000000
2018-01-09 15:03:34.731000,1.12707,1.12705,1120000,1000000
2018-01-09 15:03:35.247000,1.12708,1.12706,2250000,1000000
2018-01-09 15:03:36.756000,1.12708,1.12705,2060000,1000000
2018-01-09 15:03:37.268000,1.12709,1.12706,4760000,1000000
2018-01-09 15:03:39.477000,1.12705,1.12702,2810000,1000000
2018-01-09 15:03:39.790000,1.12707,1.12705,1310000,1000000
2018-01-09 15:03:40.266000,1.12707,1.12704,2000000,1000000
2018-01-09 15:03:40.796000,1.12706,1.12703,7870000,2120000
2018-01-09 15:03:41.314000,1.12707,1.12704,2000000,1000000
2018-01-09 15:03:41.858000,1.12705,1.12703,1620000,1000000
2018-01-09 15:03:41.915000,1.12702,1.12699,3190000,2620000
2018-01-09 15:03:42.434000,1.12701,1.12699,1690000,3250000
2018-01-09 15:03:42.940000,1.12701,1.12699,1690000,1500000
2018-01-09 15:03:45.288000,1.12702,1.127,1000000,8250000
2018-01-09 15:03:45.522000,1.12705,1.12703,1660000,1120000
2018-01-09 15:03:45.576000,1.12709,1.12705,3420000,2440000
2018-01-09 15:03:46.098000,1.12707,1.12705,1500000,1250000
2018-01-09 15:03:46.599000,1.12707,1.12704,2060000,1870000
2018-01-09 15:03:47.073000,1.12707,1.12705,1310000,1000000
2018-01-09 15:03:47.595000,1.12708,1.12705,2060000,2620000
2018-01-09 15:03:49.385000,1.12708,1.12706,1370000,1000000
2018-01-09 15:03:52.030000,1.12712,1.12709,2320000,2810000
2018-01-09 15:03:52.567000,1.12713,1.1271,2320000,2320000
2018-01-09 15:03:53.077000,1.12715,1.12712,2320000,1200000
2018-01-09 15:03:53.185000,1.12707,1.12704,2250000,2250000
2018-01-09 15:03:53.240000,1.12705,1.12701,5550000,1250000
2018-01-09 15:03:53.461000,1.127,1.12698,1000000,1870000
2018-01-09 15:03:53.840000,1.12703,1.12702,3070000,2620000
2018-01-09 15:03:54.046000,1.12706,1.12703,2620000,3370000
2018-01-09 15:03:54.564000,1.12707,1.12704,2250000,1500000
2018-01-09 15:03:55.074000,1.12706,1.12705,1000000,1000000
2018-01-09 15:03:56.109000,1.12706,1.12704,1500000,1500000
2018-01-09 15:03:57.398000,1.12704,1.12702,1500000,2440000
2018-01-09 15:03:57.452000,1.12704,1.12701,2620000,1120000
2018-01-09 15:03:57.676000,1.12705,1.12703,3070000,1000000
2018-01-09 15:03:58.035000,1.12703,1.127,1500000,4010000
2018-01-09 15:03:58.445000,1.12705,1.12702,2510000,3750000
2018-01-09 15:03:58.762000,1.12702,1.127,1120000,4570000
2018-01-09 15:03:59.073000,1.12702,1.12699,2000000,1000000
2018-01-09 15:04:00.149000,1.12699,1.12697,1870000,1000000
2018-01-09 15:04:00.471000,1.12693,1.12691,1500000,2320000
2018-01-09 15:04:00.988000,1.12695,1.12692,2060000,1120000
2018-01-09 15:04:01.510000,1.12695,1.12692,1310000,1870000
2018-01-09 15:04:02.028000,1.12696,1.12693,1870000,1000000
2018-01-09 15:04:02.907000,1.12698,1.12696,1950000,1120000
2018-01-09 15:04:03.226000,1.12699,1.12698,1000000,1000000
2018-01-09 15:04:03.728000,1.12702,1.12699,6190000,1000000
2018-01-09 15:04:04.282000,1.12702,1.127,1870000,1000000
2018-01-09 15:04:05.686000,1.12701,1.127,1000000,1690000
2018-01-09 15:04:05.792000,1.12701,1.12698,1870000,1870000
2018-01-09 15:04:06.104000,1.12702,1.127,1500000,1500000
2018-01-09 15:04:06.904000,1.127,1.12698,1370000,1500000
2018-01-09 15:04:07.167000,1.12698,1.12695,1120000,2320000
2018-01-09 15:04:07.428000,1.12697,1.12694,2620000,1000000
2018-01-09 15:04:07.947000,1.12695,1.12693,2440000,1000000
2018-01-09 15:04:09.033000,1.12697,1.12695,2810000,3000000
2018-01-09 15:04:09.348000,1.12696,1.12693,2440000,1100000
2018-01-09 15:04:09.959000,1.12696,1.12693,2000000,1870000
2018-01-09 15:04:10.475000,1.12695,1.12694,1000000,1000000
2018-01-09 15:04:11.806000,1.12697,1.12695,1950000,1000000
2018-01-09 15:04:11.859000,1.12692,1.12689,1500000,7310000
2018-01-09 15:04:12.439000,1.12691,1.1269,1000000,1000000
2018-01-09 15:04:12.977000,1.12693,1.12691,5320000,2100000
2018-01-09 15:04:13.296000,1.12697,1.12695,1950000,1000000
2018-01-09 15:04:13.454000,1.12698,1.12696,4390000,1120000
2018-01-09 15:04:13.559000,1.12701,1.12698,3070000,1000000
2018-01-09 15:04:13.888000,1.12698,1.12697,1120000,1120000
2018-01-09 15:04:14.440000,1.127,1.12699,1000000,1000000
2018-01-09 15:04:14.957000,1.12702,1.12699,5140000,1000000
2018-01-09 15:04:16.913000,1.12702,1.127,1690000,1000000
2018-01-09 15:04:17.835000,1.12702,1.12699,2810000,1500000
2018-01-09 15:04:18.424000,1.12702,1.127,2060000,1000000
2018-01-09 15:04:19.159000,1.12702,1.12699,1690000,2320000
2018-01-09 15:04:19.584000,1.127,1.12698,1720000,1000000
2018-01-09 15:04:19.688000,1.12698,1.12695,1870000,3940000
2018-01-09 15:04:20.207000,1.12698,1.12695,1870000,1250000
2018-01-09 15:04:24.768000,1.12697,1.12696,1000000,1000000
2018-01-09 15:04:25.197000,1.12695,1.12694,1500000,1500000
2018-01-09 15:04:25.736000,1.12695,1.12693,1310000,1000000
2018-01-09 15:04:26.601000,1.12696,1.12693,2510000,2620000
2018-01-09 15:04:27.812000,1.12696,1.12693,1690000,1870000
2018-01-09 15:04:28.858000,1.12693,1.12691,1000000,6940000
2018-01-09 15:04:29.447000,1.12692,1.1269,2440000,1000000
2018-01-09 15:04:29.972000,1.12691,1.1269,1000000,1000000
2018-01-09 15:04:30.488000,1.12694,1.12692,2140000,1000000
2018-01-09 15:04:31.070000,1.12694,1.12693,1250000,1500000
2018-01-09 15:04:31.809000,1.12691,1.1269,1120000,1250000
2018-01-09 15:04:31.913000,1.12691,1.12688,1500000,1500000
2018-01-09 15:04:34.100000,1.12693,1.12691,1390000,3220000
2018-01-09 15:04:34.204000,1.12695,1.12692,3640000,1000000
2018-01-09 15:04:34.857000,1.12693,1.12691,1000000,3000000
2018-01-09 15:04:35.012000,1.12691,1.1269,1000000,1000000
2018-01-09 15:04:35.118000,1.1269,1.12688,1000000,3000000
2018-01-09 15:04:35.740000,1.12691,1.12688,2890000,2620000
2018-01-09 15:04:36.521000,1.12693,1.12691,1870000,3370000
2018-01-09 15:04:36.925000,1.12694,1.12693,1000000,1000000
2018-01-09 15:04:37.459000,1.12695,1.12693,2250000,1000000
2018-01-09 15:04:37.780000,1.12693,1.12692,2250000,1000000
2018-01-09 15:04:37.834000,1.12691,1.12689,1500000,2250000
2018-01-09 15:04:38.343000,1.12691,1.12688,1120000,2250000
2018-01-09 15:04:38.971000,1.12692,1.1269,1690000,1000000
2018-01-09 15:04:39.159000,1.12694,1.12691,2700000,1870000
2018-01-09 15:04:39.264000,1.12694,1.12693,1000000,1000000
2018-01-09 15:04:39.925000,1.12694,1.12691,1500000,2620000
2018-01-09 15:04:40.501000,1.12694,1.12691,1570000,2250000
2018-01-09 15:04:40.825000,1.1269,1.12689,1120000,1250000
2018-01-09 15:04:40.935000,1.1269,1.12688,2620000,1000000
2018-01-09 15:04:44.610000,1.1269,1.12688,1120000,6750000
2018-01-09 15:04:45.123000,1.12691,1.12688,3820000,1270000
2018-01-09 15:04:45.636000,1.1269,1.12687,1500000,1000000
2018-01-09 15:04:45.689000,1.1269,1.12687,1950000,1000000
2018-01-09 15:04:46.141000,1.12686,1.12684,1000000,3560000
2018-01-09 15:04:46.668000,1.12688,1.12685,1850000,1650000
2018-01-09 15:04:47.171000,1.12687,1.12686,1000000,1250000
2018-01-09 15:04:47.959000,1.12688,1.12685,1950000,1840000
2018-01-09 15:04:49.341000,1.12686,1.12684,2120000,3190000
2018-01-09 15:04:49.394000,1.12685,1.12682,3370000,1840000
2018-01-09 15:04:49.550000,1.12683,1.12681,1120000,1710000
2018-01-09 15:04:49.884000,1.12683,1.12681,1500000,1000000
2018-01-09 15:04:49.937000,1.12681,1.1268,1500000,2440000
2018-01-09 15:04:50.770000,1.12681,1.12679,1000000,2810000
2018-01-09 15:04:55.157000,1.12681,1.12678,1120000,3640000
2018-01-09 15:04:55.658000,1.12682,1.12679,2320000,1120000
2018-01-09 15:05:00.145000,1.12682,1.12679,2320000,2140000
2018-01-09 15:05:00.771000,1.12682,1.1268,1120000,1010000
2018-01-09 15:05:01.398000,1.12683,1.12682,1100000,1120000
2018-01-09 15:05:01.597000,1.12684,1.12681,2250000,2140000
2018-01-09 15:05:01.648000,1.12683,1.1268,1500000,1070000
2018-01-09 15:05:02.519000,1.12683,1.1268,1200000,4010000
2018-01-09 15:05:03.445000,1.12685,1.12682,3820000,2060000
2018-01-09 15:05:03.762000,1.12681,1.12678,1000000,2440000
2018-01-09 15:05:03.815000,1.12679,1.12678,1000000,1120000
2018-01-09 15:05:03.918000,1.12681,1.12678,1500000,1120000
2018-01-09 15:05:04.606000,1.12679,1.12677,1500000,1000000
2018-01-09 15:05:05.093000,1.12677,1.12674,1750000,7310000
2018-01-09 15:05:05.368000,1.12676,1.12673,2320000,1250000
2018-01-09 15:05:05.939000,1.12674,1.12672,1870000,3560000
2018-01-09 15:05:06.097000,1.12673,1.12671,1370000,2620000
2018-01-09 15:05:06.153000,1.12671,1.12669,1120000,1000000
2018-01-09 15:05:06.261000,1.12671,1.12668,2320000,1250000
2018-01-09 15:05:06.776000,1.1267,1.12667,1870000,1250000
2018-01-09 15:05:07.379000,1.1267,1.12668,5320000,1000000
2018-01-09 15:05:07.900000,1.1267,1.12669,1000000,1000000
2018-01-09 15:05:08.330000,1.12671,1.12669,1000000,1000000
2018-01-09 15:05:09.683000,1.12672,1.12671,1500000,1000000
2018-01-09 15:05:10.227000,1.12672,1.1267,1570000,1000000
2018-01-09 15:05:11.125000,1.12672,1.1267,1500000,1000000
2018-01-09 15:05:11.813000,1.12673,1.1267,3190000,1500000
2018-01-09 15:05:12.125000,1.12677,1.12675,1690000,1120000
2018-01-09 15:05:12.942000,1.12677,1.12676,1250000,1000000
2018-01-09 15:05:13.782000,1.12677,1.12675,3750000,1000000
2018-01-09 15:05:14.168000,1.12673,1.12672,2250000,1000000
2018-01-09 15:05:14.272000,1.12673,1.1267,3000000,1500000
2018-01-09 15:05:15.460000,1.12673,1.1267,6560000,1000000
2018-01-09 15:05:15.669000,1.12671,1.12668,1690000,3150000
2018-01-09 15:05:18.731000,1.1267,1.12667,5660000,1000000
2018-01-09 15:05:18.907000,1.12661,1.1266,1500000,1250000
2018-01-09 15:05:19.222000,1.12659,1.12656,2810000,1000000
2018-01-09 15:05:20.391000,1.12659,1.12657,1250000,1000000
2018-01-09 15:05:20.444000,1.1266,1.12657,1120000,1000000
2018-01-09 15:05:20.550000,1.12661,1.12658,4690000,1000000
2018-01-09 15:05:21.998000,1.12662,1.12661,1500000,1000000
2018-01-09 15:05:22.601000,1.12663,1.12661,1370000,1000000
2018-01-09 15:05:22.913000,1.12661,1.12659,1690000,3000000
2018-01-09 15:05:23.425000,1.12661,1.12658,3560000,1000000
2018-01-09 15:05:23.765000,1.12662,1.12661,1000000,1000000
2018-01-09 15:05:24.732000,1.12662,1.12659,1870000,1010000
2018-01-09 15:05:25.328000,1.1266,1.12658,2060000,1100000
2018-01-09 15:05:25.839000,1.12661,1.12658,1500000,1120000
2018-01-09 15:05:26.360000,1.1266,1.12657,1690000,1870000
2018-01-09 15:05:26.905000,1.12661,1.12658,1620000,1870000
2018-01-09 15:05:27.284000,1.12661,1.12658,2550000,1000000
2018-01-09 15:05:27.488000,1.12661,1.12659,1000000,1000000
2018-01-09 15:05:28.004000,1.12662,1.1266,3070000,1000000
2018-01-09 15:05:28.694000,1.12662,1.12659,3450000,1120000
2018-01-09 15:05:29.174000,1.12663,1.1266,1690000,1120000
2018-01-09 15:05:29.732000,1.12664,1.12661,3710000,1000000
2018-01-09 15:05:31.190000,1.12663,1.1266,2250000,5210000
2018-01-09 15:05:31.433000,1.12659,1.12656,2250000,4870000
2018-01-09 15:05:31.590000,1.1266,1.12658,1870000,1500000
2018-01-09 15:05:31.694000,1.1266,1.12657,2060000,1000000
2018-01-09 15:05:32.949000,1.12659,1.12656,1000000,2620000
2018-01-09 15:05:33.493000,1.12658,1.12655,1120000,2590000
2018-01-09 15:05:34.106000,1.12657,1.12654,1500000,2060000
2018-01-09 15:05:34.374000,1.12653,1.12652,1120000,3370000
2018-01-09 15:05:34.534000,1.12653,1.1265,1500000,2100000
2018-01-09 15:05:35.007000,1.12651,1.12648,1120000,3000000
2018-01-09 15:05:35.426000,1.12652,1.12649,1500000,1430000
2018-01-09 15:05:35.742000,1.12655,1.12653,1000000,1870000
2018-01-09 15:05:35.949000,1.12657,1.12654,1690000,1000000
2018-01-09 15:05:36.464000,1.12656,1.12653,1690000,1000000
2018-01-09 15:05:36.985000,1.12655,1.12652,1120000,2700000
2018-01-09 15:05:37.529000,1.12654,1.12652,1000000,1100000
2018-01-09 15:05:38.290000,1.12653,1.12651,1690000,1200000
2018-01-09 15:05:38.395000,1.12652,1.1265,1000000,1000000
2018-01-09 15:05:38.862000,1.12654,1.12651,4090000,1000000
2018-01-09 15:05:41.218000,1.12653,1.1265,1000000,4310000
2018-01-09 15:05:41.738000,1.12654,1.12651,2250000,1000000
2018-01-09 15:05:42.263000,1.12653,1.1265,1000000,3940000
2018-01-09 15:05:42.962000,1.12653,1.1265,4120000,4500000
2018-01-09 15:05:43.574000,1.12653,1.1265,4120000,1500000
2018-01-09 15:05:44.639000,1.12652,1.12649,1120000,1000000
2018-01-09 15:05:49.494000,1.12648,1.12647,1350000,1120000
2018-01-09 15:05:49.704000,1.12646,1.12643,1500000,1120000
2018-01-09 15:05:50.296000,1.12646,1.12643,1000000,1500000
2018-01-09 15:05:51.035000,1.12647,1.12644,1120000,1120000
2018-01-09 15:05:52.427000,1.12647,1.12644,1000000,3370000
2018-01-09 15:05:52.481000,1.1265,1.12647,8510000,1000000
2018-01-09 15:05:52.795000,1.12651,1.12648,2810000,1000000
2018-01-09 15:05:53.331000,1.12652,1.12649,5590000,1000000
2018-01-09 15:05:53.996000,1.12652,1.12649,3560000,1000000
2018-01-09 15:05:55.718000,1.12652,1.12649,1000000,1870000
2018-01-09 15:05:56.220000,1.12653,1.12651,1000000,1000000
2018-01-09 15:05:56.272000,1.12655,1.12653,2810000,1000000
2018-01-09 15:05:56.323000,1.12654,1.12651,1000000,3000000
2018-01-09 15:05:57.046000,1.12653,1.1265,3560000,2250000
2018-01-09 15:05:57.152000,1.12654,1.12651,3560000,2620000
2018-01-09 15:05:57.358000,1.12653,1.12651,3000000,2250000
2018-01-09 15:05:57.902000,1.12653,1.1265,3190000,1870000
2018-01-09 15:05:59.805000,1.12652,1.12649,1120000,1570000
2018-01-09 15:06:00.328000,1.12652,1.1265,1120000,1000000
2018-01-09 15:06:01.688000,1.12653,1.1265,2620000,1000000
2018-01-09 15:06:02.235000,1.12653,1.1265,3190000,1000000
2018-01-09 15:06:02.780000,1.12652,1.12649,2620000,1000000
2018-01-09 15:06:03.091000,1.12649,1.12648,2620000,3000000
2018-01-09 15:06:03.635000,1.1265,1.12647,3560000,2250000
2018-01-09 15:06:03.950000,1.12647,1.12644,4310000,1000000
2018-01-09 15:06:04.464000,1.12646,1.12643,1690000,1120000
2018-01-09 15:06:04.991000,1.12646,1.12644,1690000,1000000
2018-01-09 15:06:05.571000,1.12646,1.12643,2440000,1120000
2018-01-09 15:06:07.156000,1.12646,1.12643,2060000,1870000
2018-01-09 15:06:07.597000,1.12646,1.12643,1690000,1500000
2018-01-09 15:06:11.034000,1.12647,1.12644,3000000,1500000
2018-01-09 15:06:11.542000,1.12646,1.12643,1000000,4120000
2018-01-09 15:06:14.018000,1.12647,1.12644,1000000,1870000
2018-01-09 15:06:14.505000,1.12649,1.12646,4050000,2620000
2018-01-09 15:06:14.611000,1.12647,1.12644,1120000,3940000
2018-01-09 15:06:15.130000,1.12648,1.12645,1870000,2620000
2018-01-09 15:06:15.653000,1.12648,1.12645,2250000,1870000
2018-01-09 15:06:16.168000,1.12648,1.12646,1000000,1500000
2018-01-09 15:06:16.682000,1.12648,1.12646,1000000,2250000
2018-01-09 15:06:17.125000,1.12649,1.12647,1310000,1370000
2018-01-09 15:06:17.650000,1.12649,1.12647,4420000,1120000
2018-01-09 15:06:18.169000,1.12649,1.12646,4870000,3000000
2018-01-09 15:06:18.770000,1.12648,1.12646,2620000,1120000
2018-01-09 15:06:19.291000,1.12648,1.12645,3000000,2250000
2018-01-09 15:06:19.814000,1.12648,1.12645,2620000,1370000
2018-01-09 15:06:20.347000,1.12647,1.12644,1000000,2250000
2018-01-09 15:06:20.652000,1.12646,1.12644,1000000,1500000
2018-01-09 15:06:21.170000,1.12647,1.12644,1000000,3940000
2018-01-09 15:06:21.700000,1.12646,1.12645,1000000,1310000
2018-01-09 15:06:22.223000,1.12646,1.12643,1500000,4310000
2018-01-09 15:06:22.743000,1.12646,1.12643,1000000,3190000
2018-01-09 15:06:23.059000,1.12648,1.12646,1000000,1370000
2018-01-09 15:06:23.322000,1.12647,1.12645,1000000,1000000
2018-01-09 15:06:23.846000,1.12646,1.12645,1000000,1500000
2018-01-09 15:06:24.383000,1.12647,1.12644,1000000,1870000
2018-01-09 15:06:25.231000,1.12646,1.12644,1000000,2440000
2018-01-09 15:06:25.750000,1.12647,1.12644,1000000,3370000
2018-01-09 15:06:26.350000,1.12647,1.12645,1000000,1310000
2018-01-09 15:06:26.879000,1.12647,1.12644,1120000,3560000
2018-01-09 15:06:27.468000,1.12646,1.12645,1000000,1570000
2018-01-09 15:06:28.088000,1.12647,1.12644,1870000,2810000
2018-01-09 15:06:28.889000,1.12646,1.12645,1000000,1000000
2018-01-09 15:06:29.406000,1.12648,1.12645,4500000,1310000
2018-01-09 15:06:30.085000,1.12647,1.12645,1000000,2060000
2018-01-09 15:06:30.603000,1.12647,1.12646,1000000,2060000
2018-01-09 15:06:31.690000,1.12647,1.12645,1000000,3190000
2018-01-09 15:06:31.795000,1.12646,1.12644,1000000,2810000
2018-01-09 15:06:32.005000,1.12647,1.12646,1000000,1500000
2018-01-09 15:06:32.165000,1.12646,1.12643,1000000,3940000
2018-01-09 15:06:32.697000,1.12646,1.12645,1000000,1500000
2018-01-09 15:06:33.236000,1.12645,1.12643,1000000,2810000
2018-01-09 15:06:38.322000,1.12648,1.12645,3070000,1250000
2018-01-09 15:06:38.898000,1.12647,1.12644,1000000,2890000
2018-01-09 15:06:39.405000,1.12648,1.12645,3450000,1100000
2018-01-09 15:06:39.928000,1.12648,1.12645,3820000,1100000
2018-01-09 15:06:40.926000,1.12648,1.12645,2320000,3450000
2018-01-09 15:06:42.572000,1.12648,1.12645,2700000,1570000
2018-01-09 15:06:43.431000,1.12647,1.12645,2700000,1500000
2018-01-09 15:06:44.074000,1.12646,1.12643,1200000,1320000
2018-01-09 15:06:44.547000,1.12645,1.12642,1120000,2810000
2018-01-09 15:06:44.754000,1.12641,1.1264,1120000,2810000
2018-01-09 15:06:44.859000,1.1264,1.12637,2620000,3940000
2018-01-09 15:06:45.219000,1.12641,1.12639,4870000,1000000
2018-01-09 15:06:45.272000,1.1264,1.12637,1120000,4690000
2018-01-09 15:06:45.793000,1.12641,1.12638,1500000,3000000
2018-01-09 15:06:45.978000,1.12642,1.12639,6110000,1120000
2018-01-09 15:06:46.049000,1.12645,1.12642,4500000,1120000
2018-01-09 15:06:46.364000,1.12644,1.12641,2620000,3940000
2018-01-09 15:06:46.891000,1.12644,1.12641,2250000,2440000
2018-01-09 15:06:47.206000,1.12639,1.12636,3000000,1000000
2018-01-09 15:06:47.789000,1.12639,1.12636,1120000,2440000
2018-01-09 15:06:49.848000,1.1264,1.12639,1950000,1000000
2018-01-09 15:06:49.954000,1.12642,1.12639,1570000,1120000
2018-01-09 15:06:50.061000,1.12644,1.12641,3600000,1250000
2018-01-09 15:06:50.573000,1.12641,1.1264,1100000,2250000
2018-01-09 15:06:50.678000,1.12641,1.12638,3450000,1000000
2018-01-09 15:06:51.936000,1.12641,1.12638,2700000,2250000
2018-01-09 15:06:52.173000,1.12642,1.12639,3070000,2060000
2018-01-09 15:06:52.694000,1.12641,1.12639,1000000,3190000
2018-01-09 15:06:53.075000,1.12643,1.1264,1570000,2060000
2018-01-09 15:06:53.440000,1.12643,1.12641,1200000,1000000
2018-01-09 15:06:53.494000,1.12642,1.1264,1500000,2250000
2018-01-09 15:06:53.600000,1.12641,1.12638,2440000,1000000
2018-01-09 15:06:56.086000,1.12641,1.12639,2140000,1000000
2018-01-09 15:06:58.782000,1.12639,1.12638,1120000,1000000
2018-01-09 15:06:58.990000,1.12637,1.12635,1000000,1250000
2018-01-09 15:06:59.051000,1.12638,1.12635,1120000,1190000
2018-01-09 15:06:59.104000,1.12638,1.12635,1120000,1120000
2018-01-09 15:07:00.050000,1.12636,1.12634,1000000,2620000
2018-01-09 15:07:00.278000,1.12632,1.1263,1000000,1310000
2018-01-09 15:07:00.786000,1.12631,1.12629,1000000,1370000
2018-01-09 15:07:05.438000,1.12631,1.12629,1000000,1000000
2018-01-09 15:07:06.264000,1.1263,1.12628,1000000,1950000
2018-01-09 15:07:06.782000,1.1263,1.12628,1000000,2060000
2018-01-09 15:07:07.275000,1.12631,1.12628,1000000,2440000
2018-01-09 15:07:08.102000,1.12631,1.1263,1000000,1000000
2018-01-09 15:07:11.353000,1.1263,1.12629,1000000,1570000
2018-01-09 15:07:11.860000,1.12631,1.1263,1000000,1100000
2018-01-09 15:07:16.383000,1.12632,1.1263,1000000,1200000
2018-01-09 15:07:16.899000,1.12632,1.1263,1000000,3150000
2018-01-09 15:07:17.551000,1.12632,1.1263,1000000,3750000
2018-01-09 15:07:20.298000,1.12632,1.1263,1000000,3070000
2018-01-09 15:07:21.531000,1.12632,1.12631,1000000,1000000
2018-01-09 15:07:22.048000,1.12632,1.1263,1000000,2700000
2018-01-09 15:07:25.105000,1.12634,1.12633,1500000,1500000
2018-01-09 15:07:25.158000,1.12637,1.12634,2810000,1000000
2018-01-09 15:07:25.264000,1.12635,1.12634,1000000,1000000
2018-01-09 15:07:25.368000,1.12637,1.12634,2440000,1000000
2018-01-09 15:07:25.895000,1.12637,1.12633,1690000,3560000
2018-01-09 15:07:26.731000,1.12633,1.12632,1000000,1500000
2018-01-09 15:07:27.039000,1.12631,1.12629,1000000,1500000
2018-01-09 15:07:27.605000,1.1263,1.12628,1000000,3000000
2018-01-09 15:07:29.272000,1.12632,1.12631,2810000,1000000
2018-01-09 15:07:29.615000,1.12635,1.12633,3000000,2620000
2018-01-09 15:07:29.668000,1.12636,1.12634,1000000,1000000
2018-01-09 15:07:30.173000,1.12636,1.12634,2890000,1000000
2018-01-09 15:07:30.541000,1.12638,1.12636,4010000,1000000
2018-01-09 15:07:31.506000,1.12639,1.12636,6260000,1000000
2018-01-09 15:07:32.273000,1.12639,1.12638,1570000,1000000
2018-01-09 15:07:32.834000,1.12641,1.12639,4010000,1000000
2018-01-09 15:07:33.626000,1.1264,1.12638,4010000,1000000
2018-01-09 15:07:34.145000,1.12639,1.12638,1000000,1000000
2018-01-09 15:07:34.666000,1.1264,1.12638,1250000,1000000
2018-01-09 15:07:35.396000,1.12642,1.12639,4570000,1720000
2018-01-09 15:07:35.714000,1.12642,1.1264,3260000,1000000
2018-01-09 15:07:36.361000,1.12641,1.1264,1500000,1000000
2018-01-09 15:07:36.934000,1.12644,1.12642,3640000,1000000
2018-01-09 15:07:37.094000,1.12643,1.1264,4570000,1120000
2018-01-09 15:07:37.273000,1.12643,1.12641,3190000,1000000
2018-01-09 15:07:37.792000,1.12642,1.1264,1120000,2850000
2018-01-09 15:07:37.844000,1.12645,1.12642,5140000,1000000
2018-01-09 15:07:37.897000,1.12646,1.12643,7760000,1000000
2018-01-09 15:07:38.504000,1.12647,1.12643,3450000,3560000
2018-01-09 15:07:38.663000,1.12647,1.12645,1200000,1000000
2018-01-09 15:07:39.170000,1.12648,1.12646,4200000,1000000
2018-01-09 15:07:41.887000,1.12649,1.12647,4390000,1000000
2018-01-09 15:07:42.451000,1.12649,1.12648,2810000,1000000
2018-01-09 15:07:42.556000,1.12649,1.12646,3640000,1000000
2018-01-09 15:07:43.589000,1.12648,1.12645,1950000,1500000
2018-01-09 15:07:43.642000,1.12646,1.12643,1000000,2250000
2018-01-09 15:07:51.758000,1.12646,1.12643,1100000,2620000
2018-01-09 15:07:52.296000,1.12646,1.12643,3560000,1120000
2018-01-09 15:07:52.820000,1.12645,1.12643,1310000,1000000
2018-01-09 15:07:53.436000,1.12645,1.12642,7760000,1000000
2018-01-09 15:07:54.043000,1.12645,1.12642,7010000,1000000
2018-01-09 15:07:55.457000,1.12644,1.12641,1120000,1500000
2018-01-09 15:07:55.996000,1.12645,1.12642,5510000,1000000
2018-01-09 15:07:57.311000,1.12645,1.12643,6190000,1000000
2018-01-09 15:07:57.778000,1.12645,1.12642,5890000,1120000
2018-01-09 15:07:57.933000,1.12642,1.12639,4870000,2060000
2018-01-09 15:07:58.036000,1.1264,1.12637,1870000,1000000
2018-01-09 15:07:58.581000,1.1264,1.12637,1570000,1000000
2018-01-09 15:07:59.217000,1.12639,1.12636,1120000,3190000
2018-01-09 15:07:59.646000,1.12637,1.12636,1000000,1000000
2018-01-09 15:08:00.163000,1.12638,1.12635,1760000,1120000
2018-01-09 15:08:01.635000,1.12637,1.12635,1000000,1000000
2018-01-09 15:08:02.150000,1.12638,1.12635,1760000,1870000
2018-01-09 15:08:05.553000,1.12637,1.12635,2250000,1000000
2018-01-09 15:08:05.883000,1.12634,1.12632,2060000,1000000
2018-01-09 15:08:06.419000,1.12634,1.12631,1390000,1870000
2018-01-09 15:08:07.695000,1.12629,1.12627,3600000,1250000
2018-01-09 15:08:07.851000,1.12626,1.12623,1870000,1870000
2018-01-09 15:08:08.245000,1.12627,1.12625,1760000,1000000
2018-01-09 15:08:08.765000,1.12627,1.12624,2510000,1500000
2018-01-09 15:08:09.308000,1.12626,1.12623,1000000,2620000
2018-01-09 15:08:09.620000,1.12624,1.12621,1000000,4500000
2018-01-09 15:08:11.273000,1.12624,1.12621,1120000,4120000
2018-01-09 15:08:11.587000,1.12622,1.1262,1000000,1910000
2018-01-09 15:08:12.099000,1.12622,1.1262,1500000,1050000
2018-01-09 15:08:12.789000,1.12623,1.12621,1100000,1120000
2018-01-09 15:08:13.127000,1.12621,1.1262,3370000,1910000
2018-01-09 15:08:13.188000,1.12621,1.12617,7690000,1500000
2018-01-09 15:08:13.585000,1.12621,1.12619,4390000,2250000
2018-01-09 15:08:13.638000,1.12624,1.12621,1310000,2850000
2018-01-09 15:08:14.234000,1.12625,1.12622,1760000,1120000
2018-01-09 15:08:17.174000,1.12626,1.12623,2320000,1120000
2018-01-09 15:08:18.173000,1.12627,1.12624,2320000,1000000
2018-01-09 15:08:22.850000,1.12626,1.12623,1000000,2620000
2018-01-09 15:08:29.230000,1.12626,1.12623,1000000,3000000
2018-01-09 15:08:33.522000,1.12625,1.12623,1000000,1870000
2018-01-09 15:08:41.720000,1.12626,1.12623,1000000,3370000
2018-01-09 15:08:42.081000,1.12627,1.12626,1000000,3750000
2018-01-09 15:08:42.265000,1.12631,1.12628,1250000,5060000
2018-01-09 15:08:42.583000,1.12632,1.12629,3000000,3000000
2018-01-09 15:08:43.803000,1.12632,1.12629,1870000,1870000
2018-01-09 15:08:47.771000,1.12631,1.12629,1000000,1120000
2018-01-09 15:08:48.366000,1.1263,1.12628,1870000,3940000
2018-01-09 15:08:48.479000,1.12628,1.12626,1120000,1120000
2018-01-09 15:08:50.198000,1.1263,1.12628,1570000,1000000
2018-01-09 15:08:50.304000,1.12632,1.12629,1500000,2620000
2018-01-09 15:08:50.822000,1.12632,1.1263,1000000,1000000
2018-01-09 15:08:51.436000,1.12632,1.12629,5890000,1500000
2018-01-09 15:08:52.517000,1.12633,1.1263,5510000,1000000
2018-01-09 15:08:54.300000,1.12633,1.12631,1250000,1120000
2018-01-09 15:08:54.813000,1.12634,1.12631,1000000,1310000
2018-01-09 15:08:55.864000,1.12634,1.12631,1310000,1120000
2018-01-09 15:08:56.704000,1.12634,1.12631,1500000,2060000
2018-01-09 15:08:59.078000,1.12633,1.12631,1000000,1120000
2018-01-09 15:08:59.337000,1.12631,1.12629,1000000,1500000
2018-01-09 15:08:59.444000,1.1263,1.12628,1690000,3000000
2018-01-09 15:08:59.985000,1.12629,1.12627,1000000,2250000
2018-01-09 15:09:00.506000,1.12629,1.12626,1690000,1870000
2018-01-09 15:09:01.185000,1.1263,1.12628,3260000,1000000
2018-01-09 15:09:01.602000,1.12628,1.12626,1000000,1500000
2018-01-09 15:09:02.164000,1.12629,1.12626,1310000,2250000
2018-01-09 15:09:04.314000,1.12629,1.12626,6190000,1870000
2018-01-09 15:09:04.907000,1.12628,1.12625,2440000,1870000
2018-01-09 15:09:07.509000,1.12629,1.12627,1010000,1000000
2018-01-09 15:09:10.684000,1.12631,1.12629,3600000,1120000
2018-01-09 15:09:10.737000,1.12632,1.1263,4310000,1500000
2018-01-09 15:09:12.135000,1.12632,1.1263,3710000,1500000
2018-01-09 15:09:15,1.12629,1.12627,1120000,1000000
2018-01-09 15:09:15.854000,1.12628,1.12626,1000000,2250000
2018-01-09 15:09:17.710000,1.12628,1.12626,1120000,3370000
2018-01-09 15:09:17.770000,1.12631,1.12628,1120000,3750000
2018-01-09 15:09:18.218000,1.12629,1.12628,1000000,1000000
2018-01-09 15:09:18.758000,1.12632,1.12629,1870000,3370000
2018-01-09 15:09:18.826000,1.12629,1.12628,1500000,1500000
2018-01-09 15:09:18.941000,1.12628,1.12625,2250000,3000000
2018-01-09 15:09:19.469000,1.12627,1.12625,1000000,1120000
2018-01-09 15:09:19.992000,1.12628,1.12625,1500000,1870000
2018-01-09 15:09:20.387000,1.12629,1.12627,3370000,1000000
2018-01-09 15:09:20.700000,1.12632,1.12629,2320000,2620000
2018-01-09 15:09:21.012000,1.12633,1.12631,1500000,1500000
2018-01-09 15:09:21.548000,1.12635,1.12632,3900000,3190000
2018-01-09 15:09:22.305000,1.12636,1.12633,3370000,3370000
2018-01-09 15:09:22.827000,1.12636,1.12633,2210000,3370000
2018-01-09 15:09:23.188000,1.12634,1.12633,1120000,1000000
2018-01-09 15:09:23.256000,1.12629,1.12626,1120000,3750000
2018-01-09 15:09:23.930000,1.12629,1.12626,1870000,1870000
2018-01-09 15:09:24.813000,1.12629,1.12626,1500000,1120000
2018-01-09 15:09:24.867000,1.1263,1.12627,4160000,3370000
2018-01-09 15:09:25.061000,1.12633,1.1263,3940000,1120000
2018-01-09 15:09:25.676000,1.12633,1.1263,3190000,1500000
2018-01-09 15:09:26.210000,1.12633,1.1263,1310000,1870000
2018-01-09 15:09:26.727000,1.12633,1.1263,1120000,2250000
2018-01-09 15:09:27.837000,1.1263,1.12628,2620000,1000000
2018-01-09 15:09:28.135000,1.12633,1.1263,3640000,1000000
2018-01-09 15:09:28.652000,1.12633,1.1263,1250000,1870000
2018-01-09 15:09:29.570000,1.12634,1.12631,2440000,2250000
2018-01-09 15:09:30.216000,1.12634,1.12632,1000000,1120000
2018-01-09 15:09:30.744000,1.12635,1.12632,2660000,1120000
2018-01-09 15:09:38.534000,1.12634,1.12631,1870000,1870000
2018-01-09 15:09:40.782000,1.12634,1.12631,1870000,1500000
2018-01-09 15:09:41.889000,1.12634,1.12631,1000000,2620000
2018-01-09 15:09:42.746000,1.12635,1.12632,1000000,1120000
2018-01-09 15:09:44.600000,1.12633,1.12631,1000000,1870000
2018-01-09 15:09:44.848000,1.12628,1.12625,1000000,3000000
2018-01-09 15:09:47.409000,1.12628,1.12625,1000000,2810000
2018-01-09 15:09:48.084000,1.12627,1.12625,1000000,1500000
2018-01-09 15:09:49.128000,1.12627,1.12625,1000000,1120000
2018-01-09 15:09:49.680000,1.12628,1.12625,1500000,1870000
2018-01-09 15:09:50.246000,1.12629,1.12626,2440000,1500000
2018-01-09 15:09:50.353000,1.12627,1.12625,1000000,1250000
2018-01-09 15:09:52.208000,1.12627,1.12624,1000000,2810000
2018-01-09 15:09:52.752000,1.12626,1.12624,1000000,2060000
2018-01-09 15:09:53.430000,1.12626,1.12623,1120000,1690000
2018-01-09 15:09:56.448000,1.12626,1.12623,1120000,3750000
2018-01-09 15:09:59.070000,1.12628,1.12627,1870000,1000000
2018-01-09 15:09:59.313000,1.12631,1.12628,1120000,3750000
2018-01-09 15:09:59.629000,1.12629,1.12627,2250000,1000000
2018-01-09 15:09:59.734000,1.12627,1.12625,1000000,1870000
2018-01-09 15:10:00.258000,1.12627,1.12624,1000000,3560000
2018-01-09 15:10:02.926000,1.12629,1.12627,6940000,1000000
2018-01-09 15:10:02.980000,1.12636,1.12632,2700000,3940000
2018-01-09 15:10:03.085000,1.12636,1.12635,1000000,1000000
2018-01-09 15:10:03.350000,1.12633,1.12631,1000000,1500000
2018-01-09 15:10:03.937000,1.12633,1.1263,1000000,3190000
2018-01-09 15:10:05.554000,1.12633,1.1263,1000000,2250000
2018-01-09 15:10:09.458000,1.12631,1.12629,2470000,1500000
2018-01-09 15:10:09.511000,1.12629,1.12626,3750000,2060000
2018-01-09 15:10:10.044000,1.12629,1.12626,1000000,3000000
2018-01-09 15:10:10.698000,1.1263,1.12627,1690000,1500000
2018-01-09 15:10:11.216000,1.1263,1.12627,1500000,1500000
2018-01-09 15:10:11.766000,1.1263,1.12627,1500000,1500000
2018-01-09 15:10:12.437000,1.12631,1.12629,3560000,1120000
2018-01-09 15:10:12.801000,1.12633,1.1263,1690000,1120000
2018-01-09 15:10:13.252000,1.12634,1.12632,3940000,1000000
2018-01-09 15:10:13.762000,1.12635,1.12633,1120000,1120000
2018-01-09 15:10:14.285000,1.12636,1.12633,6560000,1120000
2018-01-09 15:10:14.835000,1.12636,1.12633,6190000,1370000
2018-01-09 15:10:15.365000,1.12636,1.12633,6190000,1120000
2018-01-09 15:10:15.676000,1.12635,1.12632,5060000,1870000
2018-01-09 15:10:19.120000,1.12634,1.12631,3560000,1500000
2018-01-09 15:10:19.672000,1.12634,1.12631,5440000,1120000
2018-01-09 15:10:20.209000,1.12634,1.12632,1250000,1000000
2018-01-09 15:10:20.638000,1.12635,1.12632,3000000,1370000
2018-01-09 15:10:21.320000,1.12634,1.12632,1120000,1370000
2018-01-09 15:10:21.373000,1.12633,1.1263,2810000,1000000
2018-01-09 15:10:21.877000,1.12632,1.12629,2250000,1120000
2018-01-09 15:10:21.991000,1.1263,1.12628,2060000,2500000
2018-01-09 15:10:22.045000,1.1263,1.12627,2810000,1120000
2018-01-09 15:10:22.421000,1.12632,1.1263,1500000,1000000
2018-01-09 15:10:25.144000,1.12632,1.12629,1500000,2250000
2018-01-09 15:10:25.885000,1.12629,1.12628,1500000,1000000
2018-01-09 15:10:25.944000,1.12629,1.12626,5250000,1500000
2018-01-09 15:10:29.873000,1.12629,1.12626,6000000,1120000
2018-01-09 15:10:30.376000,1.12627,1.12626,1000000,1000000
2018-01-09 15:10:30.914000,1.12628,1.12626,1120000,1000000
2018-01-09 15:10:33.367000,1.12629,1.12626,4500000,1000000
2018-01-09 15:10:35.487000,1.12628,1.12626,1000000,1000000
2018-01-09 15:10:37.397000,1.12627,1.12624,2620000,1690000
2018-01-09 15:10:37.945000,1.12627,1.12624,4310000,1120000
2018-01-09 15:10:39.759000,1.12626,1.12625,1000000,1000000
2018-01-09 15:10:40.274000,1.12626,1.12624,1000000,1500000
2018-01-09 15:10:40.818000,1.12626,1.12625,1000000,1000000
2018-01-09 15:10:43.916000,1.12626,1.12624,1000000,1120000
2018-01-09 15:10:44.459000,1.12627,1.12624,2510000,1500000
2018-01-09 15:10:44.770000,1.12627,1.12626,1000000,1000000
2018-01-09 15:10:45.223000,1.12629,1.12627,4570000,3370000
2018-01-09 15:10:45.277000,1.12631,1.12629,3940000,1120000
2018-01-09 15:10:46.741000,1.1263,1.12629,1500000,1000000
2018-01-09 15:10:46.795000,1.12628,1.12627,1000000,1000000
2018-01-09 15:10:47.883000,1.12628,1.12626,1000000,2250000
2018-01-09 15:10:49.701000,1.12628,1.12625,1570000,2060000
2018-01-09 15:10:50.231000,1.12627,1.12625,1500000,1120000
2018-01-09 15:10:50.772000,1.12627,1.12626,1000000,1000000
2018-01-09 15:10:51.388000,1.12628,1.12626,1500000,1000000
2018-01-09 15:10:51.939000,1.12628,1.12625,3750000,1870000
2018-01-09 15:10:53.686000,1.12627,1.12625,1000000,1120000
2018-01-09 15:10:57.335000,1.12627,1.12624,4310000,1500000
2018-01-09 15:10:59.077000,1.12622,1.12621,1000000,6000000
2018-01-09 15:10:59.129000,1.12622,1.12619,2890000,1500000
2018-01-09 15:11:01.380000,1.12621,1.12619,1000000,1000000
2018-01-09 15:11:01.961000,1.12621,1.12618,1870000,1000000
2018-01-09 15:11:03.472000,1.12621,1.12617,1500000,2810000
2018-01-09 15:11:07.126000,1.12621,1.12618,2810000,1000000
2018-01-09 15:11:08.242000,1.12619,1.12616,4720000,3560000
2018-01-09 15:11:08.770000,1.12619,1.12616,3060000,1910000
2018-01-09 15:11:09.084000,1.1262,1.12617,2320000,1120000
2018-01-09 15:11:09.813000,1.1262,1.12617,1000000,2810000
2018-01-09 15:11:10.353000,1.12621,1.12618,1570000,1120000
2018-01-09 15:11:10.995000,1.12622,1.12621,1760000,1000000
2018-01-09 15:11:11.515000,1.12623,1.1262,1120000,1870000
2018-01-09 15:11:12.133000,1.12624,1.12622,5810000,1000000
2018-01-09 15:11:12.655000,1.12624,1.12621,7690000,1500000
2018-01-09 15:11:12.814000,1.12625,1.12622,2140000,1500000
2018-01-09 15:11:12.867000,1.12622,1.1262,2250000,5850000
2018-01-09 15:11:12.972000,1.12624,1.12621,1500000,2250000
2018-01-09 15:11:13.171000,1.12623,1.1262,6820000,1120000
2018-01-09 15:11:13.706000,1.12622,1.12619,5440000,1120000
2018-01-09 15:11:15.108000,1.12619,1.12618,2250000,1000000
2018-01-09 15:11:15.162000,1.12616,1.12613,5100000,1500000
2018-01-09 15:11:15.370000,1.12615,1.12612,1120000,2060000
2018-01-09 15:11:16.666000,1.12616,1.12613,2890000,6970000
2018-01-09 15:11:16.875000,1.12618,1.12616,1000000,1050000
2018-01-09 15:11:17.187000,1.12617,1.12614,1120000,1870000
2018-01-09 15:11:17.772000,1.12617,1.12614,5320000,1000000
2018-01-09 15:11:18.287000,1.12616,1.12613,2060000,1200000
2018-01-09 15:11:21.234000,1.12616,1.12613,1000000,1950000
2018-01-09 15:11:22.675000,1.12615,1.12612,1000000,3260000
2018-01-09 15:11:22.883000,1.12614,1.12611,4310000,1500000
2018-01-09 15:11:23.458000,1.12614,1.12611,1500000,1500000
2018-01-09 15:11:23.978000,1.12614,1.12611,1000000,1870000
2018-01-09 15:11:24.510000,1.12615,1.12612,1250000,2250000
2018-01-09 15:11:25.066000,1.12616,1.12613,1310000,1500000
2018-01-09 15:11:25.441000,1.12617,1.12614,1120000,2250000
2018-01-09 15:11:26.116000,1.12616,1.12614,1000000,1370000
2018-01-09 15:11:26.169000,1.12615,1.12613,2440000,1500000
2018-01-09 15:11:26.696000,1.12615,1.12612,2810000,1000000
2018-01-09 15:11:27.450000,1.12616,1.12613,6260000,1500000
2018-01-09 15:11:27.503000,1.12619,1.12617,4010000,1000000
2018-01-09 15:11:27.712000,1.12618,1.12615,2320000,3000000
2018-01-09 15:11:27.765000,1.12616,1.12614,1000000,1870000
2018-01-09 15:11:28.371000,1.12616,1.12613,1690000,1120000
2018-01-09 15:11:29.687000,1.12616,1.12615,1250000,1120000
2018-01-09 15:11:29.802000,1.12619,1.12617,1250000,1120000
2018-01-09 15:11:30.811000,1.12617,1.12616,1000000,1050000
2018-01-09 15:11:30.863000,1.12617,1.12614,1000000,1500000
2018-01-09 15:11:32.352000,1.12616,1.12613,1690000,1500000
2018-01-09 15:11:34.686000,1.12615,1.12612,3190000,1950000
2018-01-09 15:11:35.377000,1.12614,1.12611,1570000,1120000
2018-01-09 15:11:36.731000,1.12614,1.12611,1120000,1500000
2018-01-09 15:11:37.053000,1.12616,1.12613,2890000,1500000
2018-01-09 15:11:39.257000,1.12615,1.12612,1000000,2620000
2018-01-09 15:11:39.309000,1.12612,1.1261,1000000,4310000
2018-01-09 15:11:39.700000,1.12613,1.12611,1310000,1120000
2018-01-09 15:11:43.797000,1.12612,1.1261,4310000,1120000
2018-01-09 15:11:43.851000,1.1261,1.12607,1870000,2250000
2018-01-09 15:11:46.987000,1.12611,1.12609,6070000,2120000
2018-01-09 15:11:47.093000,1.12613,1.1261,7010000,1870000
2018-01-09 15:11:48.298000,1.12614,1.12611,2060000,1500000
2018-01-09 15:11:49.232000,1.12616,1.12613,3190000,1000000
2018-01-09 15:11:49.558000,1.12612,1.1261,1120000,1120000
2018-01-09 15:11:49.918000,1.12613,1.12612,1120000,1000000
2018-01-09 15:11:50.437000,1.12615,1.12612,10090000,1000000
2018-01-09 15:11:50.740000,1.12614,1.12611,2810000,1570000
2018-01-09 15:11:50.844000,1.12614,1.12611,2440000,1570000
2018-01-09 15:11:51.364000,1.12615,1.12612,7610000,1000000
2018-01-09 15:11:51.908000,1.12615,1.12613,1000000,1500000
2018-01-09 15:11:52.480000,1.12614,1.12613,1000000,2250000
2018-01-09 15:11:53.856000,1.12615,1.12613,1000000,2250000
2018-01-09 15:11:54.593000,1.12616,1.12613,5250000,1870000
2018-01-09 15:11:55.014000,1.12617,1.12615,5250000,1870000
2018-01-09 15:11:55.068000,1.12619,1.12616,2700000,1120000
2018-01-09 15:11:55.304000,1.12617,1.12615,1000000,6750000
2018-01-09 15:11:55.410000,1.12616,1.12614,1000000,1120000
2018-01-09 15:11:56.313000,1.12617,1.12614,5060000,1120000
2018-01-09 15:11:56.854000,1.12616,1.12614,1000000,1120000
2018-01-09 15:11:57.395000,1.12615,1.12613,1000000,1870000
2018-01-09 15:11:57.942000,1.12616,1.12614,3260000,1500000
2018-01-09 15:11:57.995000,1.12617,1.12614,1250000,2620000
2018-01-09 15:11:58.462000,1.12618,1.12617,1500000,1500000
2018-01-09 15:11:58.568000,1.12619,1.12617,1000000,1870000
2018-01-09 15:11:58.787000,1.12621,1.12619,1000000,2250000
2018-01-09 15:11:58.947000,1.12624,1.12621,6190000,2620000
2018-01-09 15:11:59.526000,1.12623,1.12621,1500000,1120000
2018-01-09 15:12:00.001000,1.1262,1.12619,1000000,2620000
2018-01-09 15:12:00.164000,1.12622,1.1262,2320000,2250000
2018-01-09 15:12:00.736000,1.12623,1.12621,3370000,1120000
2018-01-09 15:12:01.266000,1.12624,1.12622,3000000,1120000
2018-01-09 15:12:01.789000,1.12623,1.12622,1870000,1120000
2018-01-09 15:12:02.293000,1.12624,1.12622,3560000,1120000
2018-01-09 15:12:02.798000,1.12624,1.12623,1000000,1000000
2018-01-09 15:12:02.955000,1.12626,1.12624,5510000,1000000
2018-01-09 15:12:03.059000,1.12627,1.12625,2250000,1000000
2018-01-09 15:12:03.790000,1.12628,1.12625,5060000,1500000
2018-01-09 15:12:04.871000,1.12625,1.12623,1500000,4120000
2018-01-09 15:12:05.385000,1.12624,1.12623,2250000,1000000
2018-01-09 15:12:05.700000,1.12626,1.12625,1000000,1120000
2018-01-09 15:12:06.063000,1.12628,1.12626,3260000,1000000
2018-01-09 15:12:06.566000,1.12626,1.12625,3000000,1120000
2018-01-09 15:12:07.089000,1.12627,1.12625,2060000,1120000
2018-01-09 15:12:07.408000,1.12624,1.12622,5060000,1120000
2018-01-09 15:12:08.352000,1.12624,1.12623,3000000,1000000
2018-01-09 15:12:09.038000,1.12626,1.12624,5510000,1000000
2018-01-09 15:12:09.143000,1.12627,1.12625,4010000,1000000
2018-01-09 15:12:09.644000,1.12627,1.12625,1500000,1000000
2018-01-09 15:12:10.515000,1.12628,1.12626,5060000,1000000
2018-01-09 15:12:11.869000,1.12629,1.12627,1200000,1120000
2018-01-09 15:12:12.129000,1.12625,1.12622,2810000,11620000
2018-01-09 15:12:13.126000,1.12625,1.12623,10010000,1000000
2018-01-09 15:12:13.412000,1.12624,1.12622,4120000,1500000
2018-01-09 15:12:13.958000,1.12623,1.12622,1000000,1120000
2018-01-09 15:12:14.811000,1.12623,1.12621,2620000,1000000
2018-01-09 15:12:14.864000,1.12622,1.1262,1000000,1500000
2018-01-09 15:12:15.078000,1.1262,1.12617,2250000,5810000
2018-01-09 15:12:15.335000,1.12621,1.12618,2440000,1870000
2018-01-09 15:12:15.441000,1.12621,1.12619,1690000,1000000
2018-01-09 15:12:16.328000,1.12622,1.1262,6260000,1000000
2018-01-09 15:12:17.038000,1.12621,1.1262,1000000,1000000
2018-01-09 15:12:17.554000,1.12622,1.1262,3820000,1000000
2018-01-09 15:12:18.092000,1.12621,1.1262,1000000,1000000
2018-01-09 15:12:18.617000,1.1262,1.12619,1000000,1120000
2018-01-09 15:12:19.145000,1.12621,1.12619,2320000,1120000
2018-01-09 15:12:20.503000,1.12621,1.1262,1000000,1100000
2018-01-09 15:12:21.393000,1.12622,1.1262,4120000,1100000
2018-01-09 15:12:21.737000,1.12619,1.12618,1500000,1120000
2018-01-09 15:12:22.287000,1.12618,1.12617,1000000,1120000
2018-01-09 15:12:22.801000,1.12617,1.12615,1000000,2250000
2018-01-09 15:12:23.321000,1.12618,1.12616,5060000,1120000
2018-01-09 15:12:23.669000,1.12619,1.12618,1250000,1000000
2018-01-09 15:12:23.725000,1.12618,1.12616,4690000,1120000
2018-01-09 15:12:24.536000,1.12618,1.12615,6450000,2250000
2018-01-09 15:12:24.797000,1.12616,1.12615,1000000,2250000
2018-01-09 15:12:25.933000,1.12615,1.12614,1000000,2250000
2018-01-09 15:12:26.437000,1.12616,1.12615,4500000,1000000
2018-01-09 15:12:27.108000,1.12615,1.12613,2870000,3940000
2018-01-09 15:12:27.620000,1.12613,1.12612,1000000,1500000
2018-01-09 15:12:28.126000,1.12613,1.12612,1870000,1000000
2018-01-09 15:12:28.233000,1.12611,1.12609,1120000,1000000
2018-01-09 15:12:29.286000,1.1261,1.12609,1000000,1000000
2018-01-09 15:12:29.592000,1.12613,1.12612,1200000,1000000
2018-01-09 15:12:29.749000,1.12611,1.12609,1120000,1120000
2018-01-09 15:12:29.906000,1.12612,1.12611,1500000,1000000
2018-01-09 15:12:30.441000,1.12613,1.12612,1000000,1000000
2018-01-09 15:12:30.753000,1.12615,1.12613,5320000,1000000
2018-01-09 15:12:31.596000,1.12616,1.12614,1870000,1000000
2018-01-09 15:12:33.711000,1.12615,1.12614,1000000,1500000
2018-01-09 15:12:35.099000,1.12616,1.12614,3370000,1500000
2018-01-09 15:12:36.009000,1.12617,1.12615,4200000,1000000
2018-01-09 15:12:38.652000,1.12616,1.12615,1000000,1120000
2018-01-09 15:12:39.203000,1.12618,1.12616,4950000,1000000
2018-01-09 15:12:39.722000,1.12617,1.12615,1000000,2250000
2018-01-09 15:12:41.360000,1.12616,1.12615,1000000,1500000
2018-01-09 15:12:41.901000,1.12616,1.12615,1000000,1120000
2018-01-09 15:12:42.684000,1.12617,1.12615,4500000,1120000
2018-01-09 15:12:43.557000,1.12618,1.12617,7200000,1120000
2018-01-09 15:12:44.060000,1.1262,1.12618,3070000,1500000
2018-01-09 15:12:44.578000,1.1262,1.12619,1000000,1000000
2018-01-09 15:12:45.119000,1.12622,1.12619,6000000,1690000
2018-01-09 15:12:45.638000,1.12622,1.1262,1870000,1120000
2018-01-09 15:12:46.435000,1.12623,1.1262,4570000,1500000
2018-01-09 15:12:46.989000,1.12622,1.1262,1000000,1500000
2018-01-09 15:12:47.094000,1.12623,1.12622,2250000,1120000
2018-01-09 15:12:50.784000,1.12624,1.12622,1870000,1120000
2018-01-09 15:12:51.955000,1.12624,1.12623,1870000,1000000
2018-01-09 15:12:52.501000,1.12624,1.12622,1000000,1500000
2018-01-09 15:12:52.813000,1.12626,1.12624,3820000,1500000
2018-01-09 15:12:53.200000,1.12627,1.12626,1000000,1000000
2018-01-09 15:12:53.710000,1.12626,1.12625,1000000,1500000
2018-01-09 15:12:54.209000,1.12628,1.12626,5250000,1000000
2018-01-09 15:12:54.522000,1.12629,1.12627,1570000,1000000
2018-01-09 15:12:54.633000,1.1263,1.12628,7200000,1000000
2018-01-09 15:12:55.149000,1.12629,1.12628,1000000,1000000
2018-01-09 15:12:55.718000,1.1263,1.12628,8250000,1000000
2018-01-09 15:12:56.243000,1.1263,1.12628,4870000,1500000
2018-01-09 15:12:56.764000,1.12628,1.12626,2500000,4310000
2018-01-09 15:12:57.298000,1.12627,1.12625,2250000,1620000
2018-01-09 15:12:58.316000,1.12624,1.12623,1500000,3370000
2018-01-09 15:12:58.368000,1.12623,1.1262,1000000,2810000
2018-01-09 15:12:58.900000,1.12622,1.1262,1000000,1620000
2018-01-09 15:13:00.209000,1.12622,1.12619,3000000,3650000
2018-01-09 15:13:02.386000,1.1262,1.12619,1500000,1120000
2018-01-09 15:13:03.146000,1.12621,1.12618,1500000,2620000
2018-01-09 15:13:04.045000,1.1262,1.12619,1000000,1120000
2018-01-09 15:13:04.349000,1.1262,1.12618,1500000,1120000
2018-01-09 15:13:04.904000,1.12621,1.12618,4570000,1500000
2018-01-09 15:13:05.455000,1.1262,1.12618,1000000,1500000
2018-01-09 15:13:06.027000,1.12621,1.12618,6820000,1500000
2018-01-09 15:13:07.929000,1.12619,1.12616,2250000,3560000
2018-01-09 15:13:08.156000,1.12617,1.12615,1000000,1250000
2018-01-09 15:13:08.674000,1.12617,1.12616,3000000,1000000
2018-01-09 15:13:08.778000,1.1262,1.12617,4500000,1120000
2018-01-09 15:13:09.861000,1.12621,1.12618,2620000,1500000
2018-01-09 15:13:10.494000,1.12621,1.12619,1500000,1120000
2018-01-09 15:13:11.064000,1.12622,1.1262,1000000,1000000
2018-01-09 15:13:11.884000,1.12623,1.1262,4500000,2620000
2018-01-09 15:13:12.398000,1.12622,1.1262,1000000,2620000
2018-01-09 15:13:13.010000,1.12623,1.1262,3750000,3750000
2018-01-09 15:13:14.925000,1.12622,1.1262,1000000,4310000
2018-01-09 15:13:15.983000,1.12623,1.1262,3000000,4310000
2018-01-09 15:13:16.621000,1.12623,1.1262,3000000,3560000
2018-01-09 15:13:22.581000,1.12624,1.12621,7500000,2250000
2018-01-09 15:13:23.376000,1.12624,1.12622,3000000,1870000
2018-01-09 15:13:25.072000,1.12624,1.12623,1500000,1000000
2018-01-09 15:13:25.972000,1.12624,1.12622,1500000,2620000
2018-01-09 15:13:27.400000,1.12625,1.12624,1500000,1120000
2018-01-09 15:13:27.983000,1.12625,1.12624,1000000,1000000
2018-01-09 15:13:28.570000,1.12626,1.12625,1000000,1120000
2018-01-09 15:13:29.399000,1.12627,1.12625,4500000,1120000
2018-01-09 15:13:32.269000,1.12626,1.12625,1000000,1500000
2018-01-09 15:13:32.997000,1.12627,1.12625,3000000,1500000
2018-01-09 15:13:33.456000,1.12625,1.12623,1870000,1620000
2018-01-09 15:13:33.612000,1.12624,1.12622,3000000,1370000
2018-01-09 15:13:34.120000,1.12624,1.12622,4500000,1120000
2018-01-09 15:13:34.981000,1.12623,1.12621,1000000,3370000
2018-01-09 15:13:36.704000,1.12624,1.12621,6750000,3370000
2018-01-09 15:13:37.900000,1.1262,1.12619,1000000,1000000
2018-01-09 15:13:38.006000,1.12616,1.12613,1870000,1870000
2018-01-09 15:13:38.059000,1.12616,1.12614,1870000,2440000
2018-01-09 15:13:38.369000,1.12614,1.12612,1000000,1620000
2018-01-09 15:13:38.888000,1.12615,1.12612,5320000,1500000
2018-01-09 15:13:41.504000,1.12616,1.12613,2250000,2440000
2018-01-09 15:13:45.972000,1.12616,1.12613,1500000,3190000
2018-01-09 15:13:46.492000,1.12616,1.12613,1500000,2440000
2018-01-09 15:13:49.541000,1.12616,1.12613,7500000,1500000
2018-01-09 15:13:49.928000,1.1261,1.12607,8250000,1370000
2018-01-09 15:13:49.986000,1.12609,1.12606,1120000,1350000
2018-01-09 15:14:00.777000,1.12608,1.12605,1000000,4310000
2018-01-09 15:14:03.677000,1.12608,1.12605,1120000,3940000
2018-01-09 15:14:04.962000,1.12608,1.12606,1870000,1000000
2018-01-09 15:14:05.508000,1.12609,1.12606,4500000,1000000
2018-01-09 15:14:15.098000,1.12608,1.12606,1000000,1120000
2018-01-09 15:14:16.184000,1.12608,1.12606,1000000,2060000
2018-01-09 15:14:18.885000,1.12608,1.12606,1000000,1310000
2018-01-09 15:14:19.802000,1.12608,1.12606,1000000,2440000
2018-01-09 15:14:20.485000,1.12608,1.12606,1500000,1690000
2018-01-09 15:14:21.111000,1.12608,1.12606,1500000,2440000
2018-01-09 15:14:21.617000,1.12608,1.12606,1500000,1690000
2018-01-09 15:14:22.134000,1.12608,1.12606,1500000,2440000
2018-01-09 15:14:23.731000,1.12608,1.12606,1500000,1690000
2018-01-09 15:14:27.142000,1.12608,1.12606,1500000,2060000
2018-01-09 15:14:27.683000,1.12609,1.12606,2620000,2440000
2018-01-09 15:14:29.441000,1.1261,1.12607,7950000,1310000
2018-01-09 15:14:29.956000,1.12609,1.12607,1000000,1310000
2018-01-09 15:14:30.500000,1.1261,1.12608,3000000,2060000
2018-01-09 15:14:32.915000,1.12609,1.12607,1000000,4310000
2018-01-09 15:14:33.073000,1.12611,1.1261,1000000,1310000
2018-01-09 15:14:33.125000,1.12612,1.1261,1000000,1690000
2018-01-09 15:14:33.229000,1.12614,1.12611,5620000,1000000
2018-01-09 15:14:33.745000,1.12614,1.12611,5250000,1690000
2018-01-09 15:14:34.113000,1.12616,1.12613,1000000,3560000
2018-01-09 15:14:34.632000,1.12617,1.12614,5250000,1250000
2018-01-09 15:14:35.145000,1.12617,1.12615,4200000,1000000
2018-01-09 15:14:35.470000,1.12622,1.12621,2620000,1000000
2018-01-09 15:14:36.293000,1.12623,1.12621,3370000,1000000
2018-01-09 15:14:36.749000,1.1262,1.12618,1000000,4570000
2018-01-09 15:14:37.064000,1.1262,1.12617,2250000,1120000
2018-01-09 15:14:37.604000,1.12619,1.12617,1120000,1500000
2018-01-09 15:14:38.927000,1.12619,1.12618,1000000,1000000
2018-01-09 15:14:39.593000,1.12618,1.12616,1870000,1870000
2018-01-09 15:14:40.127000,1.12619,1.12617,2250000,1500000
2018-01-09 15:14:40.232000,1.12621,1.12618,3750000,1870000
2018-01-09 15:14:40.742000,1.12621,1.12618,3370000,1870000
2018-01-09 15:14:41.297000,1.12622,1.1262,4870000,1000000
2018-01-09 15:14:41.814000,1.12622,1.1262,1870000,1000000
2018-01-09 15:14:42.878000,1.12621,1.1262,1000000,1120000
2018-01-09 15:14:45.059000,1.12621,1.12619,1000000,1120000
2018-01-09 15:14:46.070000,1.12622,1.12619,4500000,1310000
2018-01-09 15:14:46.615000,1.12622,1.1262,2250000,1000000
2018-01-09 15:14:47.564000,1.12621,1.1262,1000000,1000000
2018-01-09 15:14:48.116000,1.12622,1.1262,4500000,1000000
2018-01-09 15:14:52.275000,1.12622,1.12619,2620000,2440000
2018-01-09 15:14:52.615000,1.12617,1.12615,1500000,1120000
2018-01-09 15:14:52.874000,1.12616,1.12613,4120000,2060000
2018-01-09 15:14:53.487000,1.12614,1.12612,1500000,1310000
2018-01-09 15:14:58.598000,1.1261,1.12609,1870000,1690000
2018-01-09 15:14:58.656000,1.12609,1.12607,1000000,1120000
2018-01-09 15:15:01.072000,1.1261,1.12607,1500000,2060000
