time,ask,bid,ask_volume,bid_volume
2017-11-08 15:25:00.113000,1.13632,1.13631,1000000,1500000
2017-11-08 15:25:00.629000,1.13633,1.13631,1000000,3190000
2017-11-08 15:25:01.139000,1.13634,1.13631,1300000,2060000
2017-11-08 15:25:01.647000,1.13635,1.13632,3040000,1120000
2017-11-08 15:25:02.536000,1.13633,1.13632,1000000,1120000
2017-11-08 15:25:04.607000,1.13632,1.1363,1000000,2620000
2017-11-08 15:25:04.711000,1.1363,1.13629,1000000,2250000
2017-11-08 15:25:04.764000,1.13629,1.13627,1000000,1500000
2017-11-08 15:25:07.642000,1.13629,1.13626,1250000,2620000
2017-11-08 15:25:08.153000,1.13629,1.13625,5020000,2060000
2017-11-08 15:25:08.759000,1.13629,1.13626,3900000,1000000
2017-11-08 15:25:09.279000,1.13629,1.13626,3150000,1870000
2017-11-08 15:25:09.877000,1.1363,1.13627,6520000,1120000
2017-11-08 15:25:11.229000,1.13631,1.13628,2960000,1690000
2017-11-08 15:25:11.281000,1.13632,1.13628,4570000,6190000
2017-11-08 15:25:11.811000,1.13631,1.13628,1200000,1690000
2017-11-08 15:25:12.444000,1.13632,1.13629,4010000,1870000
2017-11-08 15:25:12.968000,1.1363,1.13627,2140000,1120000
2017-11-08 15:25:13.930000,1.13631,1.13627,4390000,4120000
2017-11-08 15:25:14.851000,1.13631,1.13628,3260000,1500000
2017-11-08 15:25:15.353000,1.13632,1.13629,2810000,1000000
2017-11-08 15:25:16.491000,1.1363,1.13628,1000000,2620000
2017-11-08 15:25:17.003000,1.13631,1.13628,1250000,3370000
2017-11-08 15:25:17.517000,1.13634,1.1363,4010000,3000000
2017-11-08 15:25:19.951000,1.13634,1.1363,3640000,2620000
2017-11-08 15:25:21.109000,1.13633,1.13629,1690000,4010000
2017-11-08 15:25:23.266000,1.13634,1.1363,5360000,3000000
2017-11-08 15:25:24.206000,1.13634,1.13632,1500000,3000000
2017-11-08 15:25:24.353000,1.13636,1.13632,4010000,6370000
2017-11-08 15:25:24.458000,1.13637,1.13634,2060000,2250000
2017-11-08 15:25:25.081000,1.13636,1.13633,1010000,2250000
2017-11-08 15:25:25.653000,1.13636,1.13633,1010000,1500000
2017-11-08 15:25:26.006000,1.13633,1.1363,2140000,1870000
2017-11-08 15:25:26.159000,1.13633,1.13629,9490000,2810000
2017-11-08 15:25:26.569000,1.1363,1.13627,1000000,3940000
2017-11-08 15:25:27.120000,1.1363,1.13627,1760000,2250000
2017-11-08 15:25:28.493000,1.13631,1.13627,1010000,6190000
2017-11-08 15:25:29.005000,1.13632,1.13629,3640000,1500000
2017-11-08 15:25:29.534000,1.13632,1.13629,3640000,1000000
2017-11-08 15:25:30.364000,1.13633,1.13629,4010000,2250000
2017-11-08 15:25:31.455000,1.1363,1.13629,1000000,1870000
2017-11-08 15:25:31.558000,1.13629,1.13627,1000000,1120000
2017-11-08 15:25:31.996000,1.13631,1.13629,1290000,1500000
2017-11-08 15:25:32.251000,1.13633,1.1363,2250000,5440000
2017-11-08 15:25:32.787000,1.13634,1.13631,1760000,2250000
2017-11-08 15:25:32.911000,1.13632,1.13631,1000000,1870000
2017-11-08 15:25:33.014000,1.13632,1.13629,1570000,2440000
2017-11-08 15:25:35.436000,1.13634,1.1363,4570000,4310000
2017-11-08 15:25:35.744000,1.13637,1.13633,8140000,1870000
2017-11-08 15:25:36.256000,1.13637,1.13633,5890000,2250000
2017-11-08 15:25:36.907000,1.13638,1.13634,3640000,2250000
2017-11-08 15:25:37.420000,1.13637,1.13635,1250000,1000000
2017-11-08 15:25:37.928000,1.13637,1.13634,1250000,1500000
2017-11-08 15:25:38.792000,1.13637,1.13635,1250000,1000000
2017-11-08 15:25:40.071000,1.13637,1.13634,1310000,2250000
2017-11-08 15:25:42.283000,1.13637,1.13635,1310000,1000000
2017-11-08 15:25:42.641000,1.1364,1.13637,4390000,1000000
2017-11-08 15:25:42.947000,1.13642,1.13641,2810000,1000000
2017-11-08 15:25:43.053000,1.13648,1.13645,2510000,3370000
2017-11-08 15:25:43.292000,1.13645,1.13644,1000000,1310000
2017-11-08 15:25:43.702000,1.13647,1.13644,2440000,1500000
2017-11-08 15:25:44.083000,1.13644,1.13642,1000000,3260000
2017-11-08 15:25:44.135000,1.13646,1.13643,2810000,1120000
2017-11-08 15:25:44.492000,1.13644,1.13642,1310000,1120000
2017-11-08 15:25:45.023000,1.13643,1.1364,1000000,4390000
2017-11-08 15:25:45.860000,1.1364,1.13639,1000000,1570000
2017-11-08 15:25:45.963000,1.1364,1.13637,1120000,5920000
2017-11-08 15:25:47.080000,1.13639,1.13637,1120000,5470000
2017-11-08 15:25:47.285000,1.13638,1.13636,1120000,1570000
2017-11-08 15:25:47.889000,1.13638,1.13635,1310000,1500000
2017-11-08 15:25:47.941000,1.13639,1.13637,1200000,1910000
2017-11-08 15:25:48.450000,1.1364,1.13638,1690000,1500000
2017-11-08 15:25:49.567000,1.13641,1.13639,1190000,1000000
2017-11-08 15:25:50.083000,1.13641,1.13639,1500000,1120000
2017-11-08 15:25:51.514000,1.13638,1.13637,3970000,1540000
2017-11-08 15:25:52.025000,1.13638,1.13635,1500000,2810000
2017-11-08 15:25:52.180000,1.13639,1.13637,1000000,2620000
2017-11-08 15:25:52.543000,1.1364,1.13638,1250000,1500000
2017-11-08 15:25:53.053000,1.1364,1.13637,1690000,1870000
2017-11-08 15:25:53.748000,1.13641,1.13638,1250000,1500000
2017-11-08 15:25:54.261000,1.13642,1.1364,1000000,1120000
2017-11-08 15:25:55.410000,1.13641,1.13639,1000000,1870000
2017-11-08 15:25:55.918000,1.13641,1.13637,1690000,4760000
2017-11-08 15:25:57.561000,1.13642,1.13639,1310000,1000000
2017-11-08 15:25:57.868000,1.13644,1.13641,1690000,1500000
2017-11-08 15:25:58.409000,1.13645,1.13642,1690000,1120000
2017-11-08 15:25:58.938000,1.13644,1.13641,1250000,1500000
2017-11-08 15:25:59.484000,1.13645,1.13642,1250000,1500000
2017-11-08 15:25:59.997000,1.13644,1.13641,1690000,3070000
2017-11-08 15:26:00.361000,1.13646,1.13643,1950000,3190000
2017-11-08 15:26:00.668000,1.13647,1.13644,1000000,2890000
2017-11-08 15:26:01.198000,1.13648,1.13644,2440000,1950000
2017-11-08 15:26:01.707000,1.13647,1.13644,1310000,1870000
2017-11-08 15:26:02.016000,1.13648,1.13646,3190000,1000000
2017-11-08 15:26:02.533000,1.13648,1.13646,1690000,1000000
2017-11-08 15:26:03.066000,1.13649,1.13647,1690000,1000000
2017-11-08 15:26:03.477000,1.13648,1.13645,3560000,1120000
2017-11-08 15:26:03.998000,1.13647,1.13643,2440000,2700000
2017-11-08 15:26:05.816000,1.13648,1.13645,1390000,2620000
2017-11-08 15:26:06.342000,1.13647,1.13644,1310000,3000000
2017-11-08 15:26:07.343000,1.13648,1.13645,1190000,1000000
2017-11-08 15:26:07.395000,1.13649,1.13647,3260000,1000000
2017-11-08 15:26:07.449000,1.13649,1.13648,1950000,1000000
2017-11-08 15:26:07.552000,1.13651,1.13647,1570000,6430000
2017-11-08 15:26:07.706000,1.13652,1.1365,1760000,1870000
2017-11-08 15:26:07.923000,1.13655,1.13651,5890000,3370000
2017-11-08 15:26:08.333000,1.13656,1.13653,2810000,1120000
2017-11-08 15:26:08.846000,1.13654,1.13652,1000000,1500000
2017-11-08 15:26:08.949000,1.13653,1.1365,1120000,1390000
2017-11-08 15:26:09.360000,1.13651,1.13649,1000000,4950000
2017-11-08 15:26:09.514000,1.1365,1.13646,2440000,2320000
2017-11-08 15:26:10.033000,1.13651,1.13647,2810000,4200000
2017-11-08 15:26:10.546000,1.13652,1.1365,1000000,1120000
2017-11-08 15:26:11.070000,1.13653,1.13649,5060000,2700000
2017-11-08 15:26:11.623000,1.13652,1.13649,3560000,1500000
2017-11-08 15:26:12.151000,1.13651,1.13647,2440000,2700000
2017-11-08 15:26:13.398000,1.1365,1.13647,1310000,2320000
2017-11-08 15:26:13.996000,1.1365,1.13647,3560000,1000000
2017-11-08 15:26:16.936000,1.13649,1.13646,1690000,1200000
2017-11-08 15:26:17.245000,1.13649,1.13645,2810000,7570000
2017-11-08 15:26:17.746000,1.13649,1.13647,1190000,1120000
2017-11-08 15:26:18.019000,1.1365,1.13646,5060000,3450000
2017-11-08 15:26:18.559000,1.1365,1.13648,1690000,1000000
2017-11-08 15:26:19.085000,1.1365,1.13647,2440000,1000000
2017-11-08 15:26:19.452000,1.13651,1.13649,1690000,3750000
2017-11-08 15:26:19.607000,1.1365,1.13648,1190000,1100000
2017-11-08 15:26:20.158000,1.1365,1.13647,2060000,1570000
2017-11-08 15:26:20.262000,1.1365,1.13647,1250000,1570000
2017-11-08 15:26:20.366000,1.13652,1.13649,2960000,1120000
2017-11-08 15:26:20.756000,1.13653,1.13651,3560000,1000000
2017-11-08 15:26:21.165000,1.13652,1.13648,1690000,3640000
2017-11-08 15:26:21.692000,1.13651,1.1365,1000000,1000000
2017-11-08 15:26:21.744000,1.13651,1.13648,1000000,5440000
2017-11-08 15:26:21.847000,1.13649,1.13647,1310000,4200000
2017-11-08 15:26:22.103000,1.13649,1.13646,2510000,1500000
2017-11-08 15:26:22.647000,1.13648,1.13645,3260000,1120000
2017-11-08 15:26:24.607000,1.13645,1.13643,2060000,3830000
2017-11-08 15:26:24.768000,1.13645,1.13641,4840000,4870000
2017-11-08 15:26:25.686000,1.13645,1.13641,2960000,4120000
2017-11-08 15:26:26.232000,1.13647,1.13643,2590000,3370000
2017-11-08 15:26:26.283000,1.13647,1.13644,2140000,1500000
2017-11-08 15:26:26.793000,1.13648,1.13645,2140000,1000000
2017-11-08 15:26:27.305000,1.13649,1.13646,2210000,1870000
2017-11-08 15:26:27.817000,1.1365,1.13648,1840000,1000000
2017-11-08 15:26:28.337000,1.1365,1.13647,4090000,1000000
2017-11-08 15:26:32.500000,1.1365,1.13648,1760000,1000000
2017-11-08 15:26:32.755000,1.13652,1.13649,2510000,1120000
2017-11-08 15:26:33.296000,1.13651,1.13649,1760000,1120000
2017-11-08 15:26:34.260000,1.13652,1.1365,3260000,1160000
2017-11-08 15:26:35.080000,1.1365,1.13649,2060000,2940000
2017-11-08 15:26:35.234000,1.1365,1.13647,4010000,1120000
2017-11-08 15:26:35.799000,1.13648,1.13647,1000000,1000000
2017-11-08 15:26:39.124000,1.13648,1.13645,3000000,2510000
2017-11-08 15:26:39.827000,1.13648,1.13645,5440000,2250000
2017-11-08 15:26:40.340000,1.13648,1.13645,3260000,1120000
2017-11-08 15:26:42.360000,1.13649,1.13646,1690000,3370000
2017-11-08 15:26:42.413000,1.1365,1.13647,1760000,1370000
2017-11-08 15:26:42.993000,1.13652,1.13649,4910000,1000000
2017-11-08 15:26:43.505000,1.13651,1.13648,2440000,1570000
2017-11-08 15:26:44.332000,1.13652,1.13649,4390000,1000000
2017-11-08 15:26:45.635000,1.13652,1.13649,3560000,3750000
2017-11-08 15:26:47.534000,1.1365,1.13648,2060000,3450000
2017-11-08 15:26:48.468000,1.13651,1.13649,3940000,1000000
2017-11-08 15:26:48.675000,1.13651,1.13648,1190000,4200000
2017-11-08 15:26:49.205000,1.13651,1.13649,1190000,1500000
2017-11-08 15:26:50.017000,1.13653,1.13651,3940000,1000000
2017-11-08 15:26:53.111000,1.13654,1.13652,3940000,1500000
2017-11-08 15:26:53.164000,1.13656,1.13654,1310000,3750000
2017-11-08 15:26:54.295000,1.13657,1.13654,3560000,3370000
2017-11-08 15:26:55.199000,1.13657,1.13654,3940000,2700000
2017-11-08 15:26:58.551000,1.13657,1.13655,1190000,1000000
2017-11-08 15:26:59.185000,1.13658,1.13655,1310000,1950000
2017-11-08 15:26:59.786000,1.13655,1.13653,1250000,1100000
2017-11-08 15:26:59.994000,1.13655,1.13651,6190000,2700000
2017-11-08 15:27:00.529000,1.13654,1.13651,2060000,1500000
2017-11-08 15:27:01.605000,1.13652,1.1365,3940000,1120000
2017-11-08 15:27:01.657000,1.1365,1.13647,2620000,1690000
2017-11-08 15:27:01.710000,1.13649,1.13645,1690000,8140000
2017-11-08 15:27:02.221000,1.13649,1.13646,1690000,3820000
2017-11-08 15:27:09.924000,1.1365,1.13648,1690000,1120000
2017-11-08 15:27:10.489000,1.13651,1.13647,3190000,7670000
2017-11-08 15:27:12.329000,1.13651,1.13649,1690000,2250000
2017-11-08 15:27:13.103000,1.1365,1.13649,1000000,2250000
2017-11-08 15:27:13.637000,1.1365,1.13649,1250000,2250000
2017-11-08 15:27:14.150000,1.13651,1.13649,1690000,2250000
2017-11-08 15:27:14.201000,1.13648,1.13646,1870000,1120000
2017-11-08 15:27:14.390000,1.13647,1.13644,2060000,1000000
2017-11-08 15:27:16.412000,1.13646,1.13644,1000000,1120000
2017-11-08 15:27:16.820000,1.13644,1.13643,1250000,1500000
2017-11-08 15:27:16.923000,1.13643,1.1364,1000000,4010000
2017-11-08 15:27:18.582000,1.13643,1.1364,1250000,6820000
2017-11-08 15:27:19.154000,1.13644,1.13641,1250000,2700000
2017-11-08 15:27:19.943000,1.13645,1.13643,1250000,4570000
2017-11-08 15:27:20.199000,1.13644,1.13641,1250000,4950000
2017-11-08 15:27:20.652000,1.13643,1.13641,1190000,1570000
2017-11-08 15:27:21.545000,1.13643,1.1364,1690000,1200000
2017-11-08 15:27:22.822000,1.13643,1.1364,1250000,1950000
2017-11-08 15:27:23.631000,1.13644,1.1364,6940000,1570000
2017-11-08 15:27:23.938000,1.13642,1.13638,3940000,3750000
2017-11-08 15:27:25.285000,1.13642,1.13639,2440000,1950000
2017-11-08 15:27:25.592000,1.13643,1.13642,1250000,1000000
2017-11-08 15:27:26.116000,1.13644,1.13641,4690000,1000000
2017-11-08 15:27:27.242000,1.13644,1.13641,1250000,2320000
2017-11-08 15:27:27.897000,1.13646,1.13643,3940000,1500000
2017-11-08 15:27:28.052000,1.13647,1.13644,1250000,4200000
2017-11-08 15:27:28.460000,1.13647,1.13644,1190000,1570000
2017-11-08 15:27:30.095000,1.13645,1.13642,1310000,3450000
2017-11-08 15:27:30.198000,1.13644,1.13641,1310000,2320000
2017-11-08 15:27:30.709000,1.13644,1.1364,3560000,3070000
2017-11-08 15:27:31.218000,1.13642,1.13639,1000000,4010000
2017-11-08 15:27:33.827000,1.13643,1.13639,6940000,3450000
2017-11-08 15:27:34.825000,1.13643,1.13639,4310000,6070000
2017-11-08 15:27:35.386000,1.13642,1.13639,1310000,1870000
2017-11-08 15:27:36.658000,1.13643,1.1364,5060000,1120000
2017-11-08 15:27:36.710000,1.13643,1.1364,3560000,1120000
2017-11-08 15:27:36.965000,1.13643,1.13641,1250000,1500000
2017-11-08 15:27:37.240000,1.13645,1.13643,1310000,1120000
2017-11-08 15:27:38.606000,1.13646,1.13644,1190000,1120000
2017-11-08 15:27:38.709000,1.13648,1.13645,3190000,2250000
2017-11-08 15:27:40.026000,1.13649,1.13647,2060000,1000000
2017-11-08 15:27:40.078000,1.13649,1.13646,1310000,1950000
2017-11-08 15:27:40.911000,1.13649,1.13646,1310000,1570000
2017-11-08 15:27:41.437000,1.13648,1.13647,1120000,1000000
2017-11-08 15:27:45.437000,1.13651,1.13649,1760000,1870000
2017-11-08 15:27:45.541000,1.13652,1.1365,1310000,1120000
2017-11-08 15:27:46.428000,1.1365,1.13648,1000000,2320000
2017-11-08 15:27:48.043000,1.1365,1.13648,1120000,1570000
2017-11-08 15:27:48.576000,1.1365,1.13648,1000000,1570000
2017-11-08 15:27:49.107000,1.1365,1.13648,1120000,1570000
2017-11-08 15:27:51.792000,1.1365,1.13647,2310000,2700000
2017-11-08 15:27:52.304000,1.1365,1.13647,5060000,1000000
2017-11-08 15:27:58.246000,1.13652,1.13651,1390000,1870000
2017-11-08 15:27:58.300000,1.13654,1.13652,1190000,1500000
2017-11-08 15:27:58.403000,1.13655,1.13653,1310000,1200000
2017-11-08 15:27:59.431000,1.13657,1.13655,2060000,1000000
2017-11-08 15:27:59.959000,1.13657,1.13654,2060000,2790000
2017-11-08 15:28:00.470000,1.13657,1.13654,1250000,1370000
2017-11-08 15:28:00.812000,1.13659,1.13656,3560000,1070000
2017-11-08 15:28:01.356000,1.1366,1.13657,4690000,1100000
2017-11-08 15:28:01.753000,1.13662,1.13659,1310000,9000000
2017-11-08 15:28:02.811000,1.13662,1.13659,1310000,4200000
2017-11-08 15:28:03.984000,1.13662,1.13659,1310000,4200000
2017-11-08 15:28:04.341000,1.13665,1.13662,2510000,3070000
2017-11-08 15:28:04.961000,1.13663,1.13661,1250000,1120000
2017-11-08 15:28:05.474000,1.13664,1.13661,1190000,1500000
2017-11-08 15:28:06.099000,1.13664,1.13661,1000000,1690000
2017-11-08 15:28:06.669000,1.13665,1.13662,1310000,2250000
2017-11-08 15:28:07.188000,1.13664,1.13661,1500000,2320000
2017-11-08 15:28:07.240000,1.13664,1.13661,2440000,1570000
2017-11-08 15:28:07.971000,1.13662,1.1366,1310000,1100000
2017-11-08 15:28:08.631000,1.13661,1.13658,1190000,3070000
2017-11-08 15:28:10.057000,1.13663,1.13659,6260000,7420000
2017-11-08 15:28:10.212000,1.13664,1.13662,1250000,1200000
2017-11-08 15:28:11.141000,1.13664,1.13662,1190000,1200000
2017-11-08 15:28:11.396000,1.13665,1.13663,1250000,1070000
2017-11-08 15:28:12.458000,1.13665,1.13663,1250000,1200000
2017-11-08 15:28:16.746000,1.13666,1.13663,1190000,1870000
2017-11-08 15:28:17.464000,1.13663,1.13661,1250000,4960000
2017-11-08 15:28:19.295000,1.13662,1.1366,1250000,1120000
2017-11-08 15:28:19.604000,1.13658,1.13655,1250000,4570000
2017-11-08 15:28:19.911000,1.13658,1.13654,2810000,3450000
2017-11-08 15:28:20.505000,1.13657,1.13654,1310000,1000000
2017-11-08 15:28:22.002000,1.13655,1.13653,1250000,3450000
2017-11-08 15:28:23.622000,1.13656,1.13653,1190000,7200000
2017-11-08 15:28:24.179000,1.13656,1.13653,1250000,7950000
2017-11-08 15:28:24.843000,1.13655,1.13653,1190000,1950000
2017-11-08 15:28:24.996000,1.13657,1.13654,2810000,1100000
2017-11-08 15:28:26.004000,1.13657,1.13654,1190000,1500000
2017-11-08 15:28:26.362000,1.13658,1.13656,1310000,1870000
2017-11-08 15:28:26.858000,1.13657,1.13654,1120000,2140000
2017-11-08 15:28:27.395000,1.13657,1.13654,1690000,1000000
2017-11-08 15:28:28.329000,1.13656,1.13653,2440000,1570000
2017-11-08 15:28:29.950000,1.13656,1.13654,1690000,1000000
2017-11-08 15:28:30.389000,1.13655,1.13652,2060000,1950000
2017-11-08 15:28:30.898000,1.13654,1.13651,2060000,1950000
2017-11-08 15:28:31.956000,1.13654,1.13652,2060000,1000000
2017-11-08 15:28:32.467000,1.13654,1.13651,2060000,1950000
2017-11-08 15:28:33.302000,1.13654,1.1365,2260000,3070000
2017-11-08 15:28:33.404000,1.13654,1.13651,2060000,1870000
2017-11-08 15:28:38.602000,1.13656,1.13654,1640000,1000000
2017-11-08 15:28:38.654000,1.13657,1.13653,5440000,4870000
2017-11-08 15:28:39.164000,1.13656,1.13653,2140000,1870000
2017-11-08 15:28:39.419000,1.13655,1.13652,1690000,4870000
2017-11-08 15:28:40.100000,1.13655,1.13652,1760000,3750000
2017-11-08 15:28:42.455000,1.13655,1.13653,1310000,1000000
2017-11-08 15:28:42.966000,1.13655,1.13652,1390000,2250000
2017-11-08 15:28:43.463000,1.13657,1.13654,6640000,1120000
2017-11-08 15:28:44.330000,1.13657,1.13653,4390000,2620000
2017-11-08 15:28:46.526000,1.13657,1.13653,4010000,4870000
2017-11-08 15:28:49.256000,1.13656,1.13653,1310000,1120000
2017-11-08 15:28:49.917000,1.13656,1.13652,2810000,4950000
2017-11-08 15:28:51.098000,1.13654,1.13651,1250000,1500000
2017-11-08 15:28:51.407000,1.13654,1.13651,3260000,1000000
2017-11-08 15:28:51.611000,1.13652,1.13649,1190000,1120000
2017-11-08 15:28:52.140000,1.13653,1.13649,4390000,3000000
2017-11-08 15:28:52.803000,1.13654,1.13651,2140000,1000000
2017-11-08 15:28:53.161000,1.13655,1.13652,1760000,2620000
2017-11-08 15:28:56.363000,1.13655,1.13652,2060000,2250000
2017-11-08 15:28:56.884000,1.13655,1.13652,1310000,4120000
2017-11-08 15:28:57.533000,1.13655,1.13652,2810000,1500000
2017-11-08 15:28:58.060000,1.13653,1.1365,1190000,2250000
2017-11-08 15:28:58.566000,1.13653,1.1365,1190000,2250000
2017-11-08 15:28:59.655000,1.13652,1.1365,4690000,1000000
2017-11-08 15:28:59.706000,1.13651,1.13649,1690000,3370000
2017-11-08 15:29:00.220000,1.13649,1.13647,1000000,1450000
2017-11-08 15:29:00.732000,1.13651,1.13649,2890000,1000000
2017-11-08 15:29:01.264000,1.13651,1.13649,1250000,1500000
2017-11-08 15:29:02.167000,1.13651,1.13649,1250000,1500000
2017-11-08 15:29:02.702000,1.13651,1.13649,1000000,1870000
2017-11-08 15:29:03.772000,1.13651,1.13648,1690000,3520000
2017-11-08 15:29:04.322000,1.13651,1.13648,1250000,4270000
2017-11-08 15:29:04.833000,1.13651,1.13648,2140000,1270000
2017-11-08 15:29:06.483000,1.1365,1.13647,1000000,2960000
2017-11-08 15:29:07.044000,1.1365,1.13647,2140000,2020000
2017-11-08 15:29:07.876000,1.13648,1.13646,1000000,1150000
2017-11-08 15:29:07.927000,1.13648,1.13646,1000000,1120000
2017-11-08 15:29:08.441000,1.13647,1.13644,2890000,3000000
2017-11-08 15:29:08.936000,1.13646,1.13643,1570000,1250000
2017-11-08 15:29:09.814000,1.13646,1.13643,1570000,2440000
2017-11-08 15:29:10.357000,1.13646,1.13643,5320000,1250000
2017-11-08 15:29:10.903000,1.13646,1.13643,1120000,3940000
2017-11-08 15:29:11.438000,1.13646,1.13644,1000000,1870000
2017-11-08 15:29:14.352000,1.13648,1.13645,1290000,6370000
2017-11-08 15:29:14.623000,1.13649,1.13647,1000000,3750000
2017-11-08 15:29:14.830000,1.13652,1.1365,1570000,1500000
2017-11-08 15:29:15.564000,1.13652,1.1365,1000000,2620000
2017-11-08 15:29:15.770000,1.13651,1.13647,5890000,2810000
2017-11-08 15:29:16.273000,1.1365,1.13647,2810000,1000000
2017-11-08 15:29:17.074000,1.13649,1.13646,2060000,1500000
2017-11-08 15:29:17.621000,1.13647,1.13645,1310000,1000000
2017-11-08 15:29:18.310000,1.13647,1.13644,4310000,1000000
2017-11-08 15:29:18.361000,1.13644,1.1364,3000000,5140000
2017-11-08 15:29:18.873000,1.13643,1.1364,1760000,2250000
2017-11-08 15:29:20.724000,1.13644,1.13641,1390000,2620000
2017-11-08 15:29:21.236000,1.13644,1.13642,1250000,2620000
2017-11-08 15:29:22.387000,1.13644,1.13642,1250000,1000000
2017-11-08 15:29:22.899000,1.13644,1.13641,1310000,1120000
2017-11-08 15:29:25.139000,1.13642,1.1364,1000000,2620000
2017-11-08 15:29:25.646000,1.13642,1.13639,3260000,1000000
2017-11-08 15:29:26.966000,1.13641,1.13638,3750000,1310000
2017-11-08 15:29:27.513000,1.13641,1.13638,2440000,1500000
2017-11-08 15:29:28.283000,1.13641,1.13638,1250000,3750000
2017-11-08 15:29:28.844000,1.13642,1.1364,1010000,1120000
2017-11-08 15:29:29.186000,1.13643,1.13641,1000000,1370000
2017-11-08 15:29:29.493000,1.13646,1.13643,1310000,2620000
2017-11-08 15:29:30.788000,1.13646,1.13644,1010000,1370000
2017-11-08 15:29:30.932000,1.13647,1.13645,1390000,1000000
2017-11-08 15:29:31.497000,1.13647,1.13644,2140000,1500000
2017-11-08 15:29:32.616000,1.13647,1.13643,3640000,2060000
2017-11-08 15:29:37.779000,1.13648,1.13646,1570000,1120000
2017-11-08 15:29:38.293000,1.13649,1.13646,4090000,1500000
2017-11-08 15:29:38.913000,1.13647,1.13644,1200000,3560000
2017-11-08 15:29:38.964000,1.13646,1.13644,1690000,1500000
2017-11-08 15:29:39.786000,1.13646,1.13643,2210000,2250000
2017-11-08 15:29:40.271000,1.13645,1.13642,2210000,3000000
2017-11-08 15:29:41.021000,1.13643,1.13641,1000000,1500000
2017-11-08 15:29:41.175000,1.13643,1.13639,3260000,2700000
2017-11-08 15:29:41.710000,1.13643,1.1364,2590000,1500000
2017-11-08 15:29:43.390000,1.13641,1.13639,1000000,1870000
2017-11-08 15:29:44.187000,1.13642,1.1364,1390000,1000000
2017-11-08 15:29:44.720000,1.13642,1.1364,1010000,1000000
2017-11-08 15:29:45.029000,1.13641,1.13639,1760000,1500000
2017-11-08 15:29:45.495000,1.13639,1.13636,1500000,2060000
2017-11-08 15:29:46.006000,1.13639,1.13637,1310000,1500000
2017-11-08 15:29:46.543000,1.13641,1.13639,1310000,1000000
2017-11-08 15:29:47.056000,1.13638,1.13637,1120000,1000000
2017-11-08 15:29:47.160000,1.13638,1.13635,3640000,1100000
2017-11-08 15:29:47.669000,1.13638,1.13634,4090000,2060000
2017-11-08 15:29:47.823000,1.13636,1.13633,1320000,2250000
2017-11-08 15:29:48.335000,1.13636,1.13633,1010000,2250000
2017-11-08 15:29:48.693000,1.13637,1.13635,1010000,1870000
2017-11-08 15:29:49.420000,1.13633,1.13632,1000000,2320000
2017-11-08 15:29:49.626000,1.13636,1.13633,1390000,1000000
2017-11-08 15:29:50.140000,1.13637,1.13634,1290000,3370000
2017-11-08 15:29:50.192000,1.13638,1.13635,1010000,1120000
2017-11-08 15:29:50.754000,1.13637,1.13635,1000000,1000000
2017-11-08 15:29:51.724000,1.13638,1.13635,2060000,1000000
2017-11-08 15:29:54.130000,1.13639,1.13635,2510000,2620000
2017-11-08 15:29:54.663000,1.1364,1.13636,2510000,1120000
2017-11-08 15:29:55.180000,1.1364,1.13636,2140000,1500000
2017-11-08 15:29:55.716000,1.1364,1.13636,3640000,1500000
2017-11-08 15:29:56.228000,1.13638,1.13635,1200000,2060000
2017-11-08 15:29:56.730000,1.13637,1.13635,1200000,1000000
2017-11-08 15:29:57.241000,1.13637,1.13634,2590000,1370000
2017-11-08 15:29:57.821000,1.13636,1.13633,1270000,2060000
2017-11-08 15:29:58.448000,1.13637,1.13634,2960000,1370000
2017-11-08 15:29:58.653000,1.13638,1.13635,1760000,3000000
2017-11-08 15:29:59.040000,1.13642,1.13639,2890000,1000000
2017-11-08 15:29:59.554000,1.13642,1.13639,2510000,1120000
2017-11-08 15:30:00.096000,1.13641,1.13639,1200000,1000000
2017-11-08 15:30:00.207000,1.1364,1.13636,2890000,1950000
2017-11-08 15:30:00.523000,1.13642,1.13638,2140000,3000000
2017-11-08 15:30:01.284000,1.13637,1.13636,1120000,1000000
2017-11-08 15:30:01.338000,1.13637,1.13634,3190000,1120000
2017-11-08 15:30:01.844000,1.13632,1.1363,1120000,5890000
2017-11-08 15:30:02.204000,1.13632,1.13629,10010000,1500000
2017-11-08 15:30:02.967000,1.13631,1.13629,3260000,1500000
2017-11-08 15:30:03.637000,1.13632,1.13629,6260000,1500000
2017-11-08 15:30:04.575000,1.13631,1.13628,5890000,1570000
2017-11-08 15:30:04.677000,1.13631,1.13627,6190000,1100000
2017-11-08 15:30:05.148000,1.13629,1.13625,3260000,1760000
2017-11-08 15:30:05.313000,1.1363,1.13626,3560000,1200000
2017-11-08 15:30:05.642000,1.13631,1.13628,2510000,1870000
2017-11-08 15:30:05.694000,1.13631,1.13628,1200000,2440000
2017-11-08 15:30:06.768000,1.13631,1.13629,2250000,1690000
2017-11-08 15:30:07.386000,1.13631,1.13629,2440000,1500000
2017-11-08 15:30:07.593000,1.13629,1.13626,4350000,3260000
2017-11-08 15:30:08.127000,1.13631,1.13628,2510000,1500000
2017-11-08 15:30:08.663000,1.13631,1.13629,2140000,1500000
2017-11-08 15:30:09.204000,1.13631,1.13628,2890000,1870000
2017-11-08 15:30:09.787000,1.13631,1.13628,4760000,1500000
2017-11-08 15:30:10.303000,1.13629,1.13627,1120000,2810000
2017-11-08 15:30:13.871000,1.13629,1.13625,4310000,2890000
2017-11-08 15:30:14.564000,1.13626,1.13625,1120000,1500000
2017-11-08 15:30:14.720000,1.13625,1.13621,1500000,3260000
2017-11-08 15:30:15.288000,1.13624,1.13622,1000000,1310000
2017-11-08 15:30:15.873000,1.13624,1.13621,3000000,2060000
2017-11-08 15:30:16.384000,1.13624,1.13621,2620000,2060000
2017-11-08 15:30:16.639000,1.13625,1.13622,1570000,2060000
2017-11-08 15:30:16.691000,1.13627,1.13625,1200000,4310000
2017-11-08 15:30:17.264000,1.13628,1.13625,1120000,5890000
2017-11-08 15:30:17.885000,1.13629,1.13627,1870000,1120000
2017-11-08 15:30:18.399000,1.13629,1.13625,1000000,7760000
2017-11-08 15:30:19.134000,1.13629,1.13627,1870000,1000000
2017-11-08 15:30:19.646000,1.13629,1.13626,1000000,1310000
2017-11-08 15:30:19.982000,1.13631,1.13629,1120000,2440000
2017-11-08 15:30:20.290000,1.13628,1.13624,6450000,4690000
2017-11-08 15:30:20.798000,1.13626,1.13624,1870000,1310000
2017-11-08 15:30:20.901000,1.13625,1.13622,1120000,2810000
2017-11-08 15:30:21.210000,1.13624,1.13621,2250000,1390000
2017-11-08 15:30:21.782000,1.13622,1.13621,1120000,2440000
2017-11-08 15:30:22.295000,1.13622,1.1362,1000000,2140000
2017-11-08 15:30:22.504000,1.13621,1.13619,3000000,1570000
2017-11-08 15:30:22.678000,1.13623,1.13622,3070000,1000000
2017-11-08 15:30:23.181000,1.13624,1.13622,1000000,2510000
2017-11-08 15:30:25.990000,1.13623,1.13621,1000000,4950000
2017-11-08 15:30:26.500000,1.13622,1.13621,1000000,1690000
2017-11-08 15:30:26.984000,1.1362,1.13618,1000000,1760000
2017-11-08 15:30:27.088000,1.13621,1.13618,4120000,1690000
2017-11-08 15:30:27.395000,1.13619,1.13617,1000000,1250000
2017-11-08 15:30:27.907000,1.1362,1.13618,1000000,1250000
2017-11-08 15:30:28.062000,1.13619,1.13617,1000000,2510000
2017-11-08 15:30:28.424000,1.1362,1.13618,1500000,1310000
2017-11-08 15:30:29.547000,1.13621,1.13619,1200000,1690000
2017-11-08 15:30:29.887000,1.13616,1.13614,1000000,1120000
2017-11-08 15:30:31.042000,1.13617,1.13615,1000000,3370000
2017-11-08 15:30:31.451000,1.13619,1.13617,1500000,1000000
2017-11-08 15:30:31.554000,1.13621,1.13618,5510000,1000000
2017-11-08 15:30:32.049000,1.13623,1.1362,4010000,1500000
2017-11-08 15:30:32.564000,1.13624,1.13621,1000000,1690000
2017-11-08 15:30:35.013000,1.13623,1.1362,4720000,2440000
2017-11-08 15:30:35.311000,1.13622,1.13619,5210000,1500000
2017-11-08 15:30:35.722000,1.13623,1.13621,2770000,1000000
2017-11-08 15:30:36.233000,1.13623,1.13621,1200000,1000000
2017-11-08 15:30:37.814000,1.13624,1.13622,1570000,2250000
2017-11-08 15:30:38.100000,1.13625,1.13622,2510000,1500000
2017-11-08 15:30:40.177000,1.13625,1.13622,3640000,1500000
2017-11-08 15:30:40.709000,1.13624,1.13622,5770000,1000000
2017-11-08 15:30:41.218000,1.13624,1.13621,5020000,1250000
2017-11-08 15:30:42.309000,1.13624,1.13621,2400000,1250000
2017-11-08 15:30:42.513000,1.13624,1.1362,5400000,3190000
2017-11-08 15:30:43.048000,1.13624,1.13621,5210000,1120000
2017-11-08 15:30:43.364000,1.13633,1.13632,1500000,1500000
2017-11-08 15:30:43.564000,1.13635,1.13632,1010000,3000000
2017-11-08 15:30:44.102000,1.13636,1.13633,4570000,2440000
2017-11-08 15:30:44.349000,1.13638,1.13635,1570000,2810000
2017-11-08 15:30:45.426000,1.13638,1.13636,1100000,2060000
2017-11-08 15:30:45.887000,1.13641,1.13638,2440000,1870000
2017-11-08 15:30:46.298000,1.13643,1.1364,4650000,1620000
2017-11-08 15:30:46.349000,1.13641,1.13638,4500000,1310000
2017-11-08 15:30:46.401000,1.1364,1.13638,1950000,1250000
2017-11-08 15:30:47.264000,1.13641,1.13638,3070000,1360000
2017-11-08 15:30:47.878000,1.13641,1.1364,1200000,1000000
2017-11-08 15:30:48.486000,1.13642,1.1364,1200000,1690000
2017-11-08 15:30:48.589000,1.13644,1.13641,1950000,4690000
2017-11-08 15:30:49.092000,1.13645,1.13642,2320000,4310000
2017-11-08 15:30:49.581000,1.13643,1.13641,2620000,2060000
2017-11-08 15:30:50.134000,1.13642,1.1364,1000000,1310000
2017-11-08 15:30:50.185000,1.1364,1.13639,1000000,1060000
2017-11-08 15:30:51.199000,1.13641,1.13638,3820000,1730000
2017-11-08 15:30:51.726000,1.1364,1.13638,1000000,2110000
2017-11-08 15:30:52.034000,1.13637,1.13635,1000000,1730000
2017-11-08 15:30:52.543000,1.13638,1.13635,2250000,2060000
2017-11-08 15:30:53.213000,1.13637,1.13635,1000000,2060000
2017-11-08 15:30:53.724000,1.13638,1.13636,1120000,1000000
2017-11-08 15:30:54.289000,1.13637,1.13635,1000000,1690000
2017-11-08 15:30:54.798000,1.13636,1.13635,1000000,1250000
2017-11-08 15:30:55.323000,1.13637,1.13634,1120000,3190000
2017-11-08 15:30:55.854000,1.13636,1.13634,1200000,1310000
2017-11-08 15:30:57.071000,1.13635,1.13633,1000000,3190000
2017-11-08 15:30:59.344000,1.13636,1.13633,3640000,1500000
2017-11-08 15:30:59.862000,1.13636,1.13633,3640000,2250000
2017-11-08 15:31:00.492000,1.13635,1.13632,4010000,1500000
2017-11-08 15:31:01.158000,1.13635,1.13633,2140000,1000000
2017-11-08 15:31:01.772000,1.13635,1.13634,1100000,1120000
2017-11-08 15:31:02.323000,1.13636,1.13633,1000000,3190000
2017-11-08 15:31:02.834000,1.13638,1.13635,1950000,4540000
2017-11-08 15:31:03.259000,1.1364,1.13637,1690000,1500000
2017-11-08 15:31:03.667000,1.13642,1.13638,5140000,4690000
2017-11-08 15:31:04.223000,1.13641,1.13638,1000000,4010000
2017-11-08 15:31:04.326000,1.13639,1.13637,2120000,2320000
2017-11-08 15:31:04.429000,1.13638,1.13635,1310000,1800000
2017-11-08 15:31:05.032000,1.13638,1.13634,4390000,6490000
2017-11-08 15:31:05.547000,1.13637,1.13634,2060000,3370000
2017-11-08 15:31:06.328000,1.13637,1.13634,3640000,3000000
2017-11-08 15:31:06.439000,1.13636,1.13633,1870000,1990000
2017-11-08 15:31:06.975000,1.13635,1.13632,3260000,1000000
2017-11-08 15:31:07.519000,1.13635,1.13631,4010000,4870000
2017-11-08 15:31:08.057000,1.13636,1.13633,3560000,1500000
2017-11-08 15:31:08.744000,1.13635,1.13631,2810000,8850000
2017-11-08 15:31:10.109000,1.13634,1.13633,1250000,1120000
2017-11-08 15:31:10.660000,1.13636,1.13634,1250000,1000000
2017-11-08 15:31:10.866000,1.13638,1.13636,1870000,3600000
2017-11-08 15:31:11.022000,1.13638,1.13635,2620000,1690000
2017-11-08 15:31:11.218000,1.13638,1.13636,1100000,3370000
2017-11-08 15:31:11.526000,1.1364,1.13637,1310000,4720000
2017-11-08 15:31:12.052000,1.13641,1.13639,2060000,1120000
2017-11-08 15:31:12.605000,1.1364,1.13638,1000000,1000000
2017-11-08 15:31:13.229000,1.13639,1.13637,1870000,1500000
2017-11-08 15:31:13.331000,1.13638,1.13635,1570000,1250000
2017-11-08 15:31:13.544000,1.13636,1.13634,1000000,1500000
2017-11-08 15:31:14.059000,1.13639,1.13636,1760000,2100000
2017-11-08 15:31:14.520000,1.1364,1.13638,1690000,1500000
2017-11-08 15:31:14.790000,1.1364,1.13637,2510000,1000000
2017-11-08 15:31:15.301000,1.1364,1.13637,2890000,1370000
2017-11-08 15:31:15.837000,1.1364,1.13637,4760000,1000000
2017-11-08 15:31:15.992000,1.13636,1.13635,1000000,1570000
2017-11-08 15:31:16.044000,1.13636,1.13633,5510000,1120000
2017-11-08 15:31:16.627000,1.13635,1.13632,4760000,1120000
2017-11-08 15:31:17.142000,1.13635,1.13632,2510000,1370000
2017-11-08 15:31:17.710000,1.13635,1.13632,2060000,1870000
2017-11-08 15:31:19.041000,1.13632,1.13631,1250000,1120000
2017-11-08 15:31:19.092000,1.13633,1.13631,1690000,1120000
2017-11-08 15:31:19.349000,1.13631,1.13629,1000000,2320000
2017-11-08 15:31:19.862000,1.13631,1.13628,1690000,1500000
2017-11-08 15:31:20.382000,1.1363,1.13627,1000000,3560000
2017-11-08 15:31:20.892000,1.1363,1.13627,1120000,1250000
2017-11-08 15:31:21.424000,1.1363,1.13628,1120000,1000000
2017-11-08 15:31:21.970000,1.13631,1.1363,1010000,1500000
2017-11-08 15:31:22.073000,1.13633,1.13631,1690000,1000000
2017-11-08 15:31:22.326000,1.13631,1.1363,1120000,1500000
2017-11-08 15:31:22.378000,1.13631,1.13629,1120000,1120000
2017-11-08 15:31:22.888000,1.13631,1.1363,1000000,1000000
2017-11-08 15:31:23.429000,1.13632,1.13631,1310000,1000000
2017-11-08 15:31:23.482000,1.13635,1.13633,1010000,1870000
2017-11-08 15:31:24.025000,1.13633,1.13631,2250000,1690000
2017-11-08 15:31:24.127000,1.13631,1.13629,1310000,1870000
2017-11-08 15:31:24.671000,1.13631,1.13629,1310000,1870000
2017-11-08 15:31:25.585000,1.13631,1.1363,1310000,1000000
2017-11-08 15:31:25.636000,1.13633,1.13632,1200000,1000000
2017-11-08 15:31:26.146000,1.13635,1.13633,1310000,1120000
2017-11-08 15:31:26.677000,1.13636,1.13634,1310000,1000000
2017-11-08 15:31:27.191000,1.13636,1.13635,1250000,1000000
2017-11-08 15:31:31.007000,1.13638,1.13636,1100000,1500000
2017-11-08 15:31:31.701000,1.13638,1.13635,1310000,3000000
2017-11-08 15:31:32.205000,1.13638,1.13636,1310000,1000000
2017-11-08 15:31:32.387000,1.13639,1.13636,3820000,2440000
2017-11-08 15:31:32.440000,1.13645,1.13642,4010000,1120000
2017-11-08 15:31:32.492000,1.13645,1.13642,2060000,1120000
2017-11-08 15:31:32.851000,1.13644,1.13641,5510000,1000000
2017-11-08 15:31:33.374000,1.13643,1.1364,1120000,1250000
2017-11-08 15:31:34.155000,1.13643,1.13641,1000000,1000000
2017-11-08 15:31:35.353000,1.13643,1.1364,1200000,1250000
2017-11-08 15:31:35.867000,1.13643,1.13641,1500000,1000000
2017-11-08 15:31:36.378000,1.13643,1.1364,1500000,2810000
2017-11-08 15:31:36.952000,1.13643,1.13641,1500000,1000000
2017-11-08 15:31:37.613000,1.13643,1.1364,1000000,3190000
2017-11-08 15:31:37.920000,1.13644,1.13642,1760000,1000000
2017-11-08 15:31:38.430000,1.13643,1.1364,1000000,3260000
2017-11-08 15:31:38.981000,1.13644,1.13642,1250000,1000000
2017-11-08 15:31:39.510000,1.13643,1.13641,1120000,1000000
2017-11-08 15:31:40.049000,1.13644,1.13642,1690000,1000000
2017-11-08 15:31:41.133000,1.13643,1.13641,1000000,1000000
2017-11-08 15:31:41.646000,1.13644,1.13642,1690000,1500000
2017-11-08 15:31:42.364000,1.13644,1.1364,3340000,1250000
2017-11-08 15:31:42.953000,1.13644,1.13641,3340000,1000000
2017-11-08 15:31:43.559000,1.13643,1.13641,2620000,1000000
2017-11-08 15:31:43.874000,1.13639,1.13636,1760000,2020000
2017-11-08 15:31:44.386000,1.13639,1.13636,1390000,1120000
2017-11-08 15:31:44.488000,1.13639,1.13638,1010000,1000000
2017-11-08 15:31:44.591000,1.13639,1.13635,2510000,8140000
2017-11-08 15:31:46.371000,1.13639,1.13636,2960000,1000000
2017-11-08 15:31:46.917000,1.13639,1.13637,1010000,1000000
2017-11-08 15:31:47.021000,1.13637,1.13635,1870000,3370000
2017-11-08 15:31:47.399000,1.13635,1.13633,1000000,1500000
2017-11-08 15:31:47.930000,1.13636,1.13635,1010000,1000000
2017-11-08 15:31:48.033000,1.13636,1.13633,1390000,1500000
2017-11-08 15:31:49.150000,1.13636,1.13633,1250000,4120000
2017-11-08 15:31:49.662000,1.13636,1.13633,2060000,2620000
2017-11-08 15:31:49.990000,1.13636,1.13635,1310000,1000000
2017-11-08 15:31:50.703000,1.13636,1.13634,2060000,1000000
2017-11-08 15:31:51.210000,1.13635,1.13633,1310000,1120000
2017-11-08 15:31:51.721000,1.13634,1.13631,1250000,2620000
2017-11-08 15:31:52.255000,1.13634,1.13633,1000000,1000000
2017-11-08 15:31:52.956000,1.13634,1.13632,1000000,1120000
2017-11-08 15:31:53.464000,1.13634,1.13633,1000000,1000000
2017-11-08 15:31:54.645000,1.13634,1.13631,1000000,5440000
2017-11-08 15:31:55.342000,1.13634,1.13633,1000000,1000000
2017-11-08 15:31:55.750000,1.13632,1.13629,3560000,1200000
2017-11-08 15:31:55.856000,1.13631,1.13628,3560000,1120000
2017-11-08 15:31:56.365000,1.13632,1.1363,1450000,3370000
2017-11-08 15:31:56.876000,1.13633,1.13631,2440000,1000000
2017-11-08 15:31:57.387000,1.13633,1.13631,2440000,1000000
2017-11-08 15:31:57.609000,1.13626,1.13622,3260000,2440000
2017-11-08 15:31:58.077000,1.13624,1.13622,3560000,1000000
2017-11-08 15:31:58.179000,1.13621,1.13619,1120000,1310000
2017-11-08 15:31:59.016000,1.1362,1.13618,1500000,3190000
2017-11-08 15:31:59.068000,1.13617,1.13615,1250000,1100000
2017-11-08 15:31:59.171000,1.13617,1.13613,3640000,1250000
2017-11-08 15:31:59.679000,1.13616,1.13612,1950000,4690000
2017-11-08 15:32:00.240000,1.13616,1.13612,2510000,4310000
2017-11-08 15:32:01.527000,1.13616,1.13612,2140000,1310000
2017-11-08 15:32:02.007000,1.13617,1.13614,4010000,1000000
2017-11-08 15:32:02.551000,1.13616,1.13613,2140000,1120000
2017-11-08 15:32:03.231000,1.13616,1.13612,2060000,4760000
2017-11-08 15:32:04.334000,1.13616,1.13613,2060000,1870000
2017-11-08 15:32:05.407000,1.13616,1.13613,1390000,1000000
2017-11-08 15:32:07.378000,1.13617,1.13614,1570000,1690000
2017-11-08 15:32:07.737000,1.13616,1.13613,1690000,1500000
2017-11-08 15:32:09.627000,1.13616,1.13612,2440000,1950000
2017-11-08 15:32:10.244000,1.13615,1.13612,1620000,1870000
2017-11-08 15:32:10.785000,1.13615,1.13611,3640000,6190000
2017-11-08 15:32:11.411000,1.13615,1.13612,2440000,1500000
2017-11-08 15:32:11.916000,1.13615,1.13612,1690000,1500000
2017-11-08 15:32:14.430000,1.13615,1.13613,1010000,1500000
2017-11-08 15:32:14.941000,1.13616,1.13613,2890000,1120000
2017-11-08 15:32:15.846000,1.13612,1.1361,1000000,1120000
2017-11-08 15:32:16.553000,1.13612,1.1361,2140000,1500000
2017-11-08 15:32:16.758000,1.13611,1.13608,1000000,7760000
2017-11-08 15:32:16.957000,1.13613,1.13611,2510000,3370000
2017-11-08 15:32:17.111000,1.13612,1.1361,1310000,1500000
2017-11-08 15:32:17.214000,1.13611,1.13608,2440000,2700000
2017-11-08 15:32:17.724000,1.13611,1.13609,1250000,3000000
2017-11-08 15:32:18.248000,1.13612,1.13611,1250000,1500000
2017-11-08 15:32:18.503000,1.13614,1.13611,1100000,5810000
2017-11-08 15:32:18.606000,1.13616,1.13613,3260000,2620000
2017-11-08 15:32:19.120000,1.13617,1.13615,4690000,1120000
2017-11-08 15:32:19.978000,1.13616,1.13613,1310000,7570000
2017-11-08 15:32:20.397000,1.13613,1.13611,1500000,2140000
2017-11-08 15:32:21.195000,1.13615,1.13611,2810000,7390000
2017-11-08 15:32:21.716000,1.13614,1.13611,1120000,6640000
2017-11-08 15:32:23.735000,1.13614,1.13611,1120000,2810000
2017-11-08 15:32:24.244000,1.13613,1.13611,1000000,1310000
2017-11-08 15:32:24.763000,1.13613,1.13611,1000000,2440000
2017-11-08 15:32:26.201000,1.13612,1.13609,1500000,4690000
2017-11-08 15:32:26.774000,1.13612,1.13609,3190000,4120000
2017-11-08 15:32:27.132000,1.1361,1.13607,2620000,3640000
2017-11-08 15:32:27.241000,1.13609,1.13606,1500000,1640000
2017-11-08 15:32:27.449000,1.1361,1.13607,3190000,2250000
2017-11-08 15:32:27.553000,1.13609,1.13607,2250000,1000000
2017-11-08 15:32:27.656000,1.13607,1.13605,1000000,1310000
2017-11-08 15:32:29.078000,1.13607,1.13604,1120000,1250000
2017-11-08 15:32:29.605000,1.13606,1.13603,1120000,2810000
2017-11-08 15:32:29.862000,1.13605,1.13603,2440000,1000000
2017-11-08 15:32:29.964000,1.13604,1.13601,1690000,1000000
2017-11-08 15:32:30.483000,1.13603,1.136,1000000,2060000
2017-11-08 15:32:30.535000,1.13602,1.13599,1370000,1660000
2017-11-08 15:32:30.639000,1.13602,1.13598,1760000,5530000
2017-11-08 15:32:31.225000,1.13602,1.13598,1390000,4400000
2017-11-08 15:32:31.458000,1.13601,1.136,1000000,1000000
2017-11-08 15:32:32.042000,1.13602,1.13599,2440000,1120000
2017-11-08 15:32:32.349000,1.13598,1.13595,3190000,1120000
2017-11-08 15:32:32.923000,1.13598,1.13595,2060000,1200000
2017-11-08 15:32:33.244000,1.1359,1.13586,4570000,1690000
2017-11-08 15:32:33.731000,1.13588,1.13586,2320000,1000000
2017-11-08 15:32:33.782000,1.13588,1.13585,3070000,1310000
2017-11-08 15:32:34.693000,1.13588,1.13585,1120000,3560000
2017-11-08 15:32:35.306000,1.13588,1.13586,1000000,1000000
2017-11-08 15:32:35.904000,1.13588,1.13585,1000000,2060000
2017-11-08 15:32:36.414000,1.13588,1.13586,1120000,1000000
2017-11-08 15:32:37.096000,1.13588,1.13585,1690000,2620000
2017-11-08 15:32:37.353000,1.13586,1.13584,3560000,1120000
2017-11-08 15:32:37.406000,1.13584,1.13582,1000000,1070000
2017-11-08 15:32:37.459000,1.13584,1.13581,1120000,3940000
2017-11-08 15:32:38.131000,1.13582,1.13581,1500000,1000000
2017-11-08 15:32:38.722000,1.13583,1.13579,2700000,6190000
2017-11-08 15:32:39.030000,1.1358,1.13579,1500000,1500000
2017-11-08 15:32:40.029000,1.13582,1.13579,3310000,1870000
2017-11-08 15:32:40.852000,1.13582,1.13579,1200000,2810000
2017-11-08 15:32:41.179000,1.13586,1.13585,1500000,2250000
2017-11-08 15:32:41.486000,1.13584,1.13582,2440000,1000000
2017-11-08 15:32:41.537000,1.13583,1.1358,1500000,1310000
2017-11-08 15:32:42.066000,1.13583,1.13581,1500000,1000000
2017-11-08 15:32:42.956000,1.13583,1.13581,1570000,1000000
2017-11-08 15:32:43.585000,1.13582,1.13581,1500000,1000000
2017-11-08 15:32:44.291000,1.13583,1.13581,2140000,1000000
2017-11-08 15:32:44.803000,1.13582,1.13581,1500000,1000000
2017-11-08 15:32:45.061000,1.1358,1.13578,2620000,3450000
2017-11-08 15:32:45.269000,1.13577,1.13576,1500000,1000000
2017-11-08 15:32:45.528000,1.13579,1.13577,1760000,1120000
2017-11-08 15:32:45.683000,1.13578,1.13576,1760000,1870000
2017-11-08 15:32:46.207000,1.13577,1.13575,2700000,1610000
2017-11-08 15:32:46.724000,1.13577,1.13576,2700000,1000000
2017-11-08 15:32:47.835000,1.13578,1.13577,1390000,1120000
2017-11-08 15:32:47.989000,1.13581,1.13579,3750000,2250000
2017-11-08 15:32:48.339000,1.13583,1.13581,2890000,1000000
2017-11-08 15:32:48.857000,1.13584,1.13581,2140000,2250000
2017-11-08 15:32:50.151000,1.13584,1.13582,2140000,1000000
2017-11-08 15:32:51.345000,1.13584,1.13582,1010000,1000000
2017-11-08 15:32:51.823000,1.13587,1.13586,3000000,1120000
2017-11-08 15:32:51.977000,1.13586,1.13583,1500000,1310000
2017-11-08 15:32:52.574000,1.13587,1.13586,1760000,1120000
2017-11-08 15:32:52.677000,1.13592,1.13589,4390000,1120000
2017-11-08 15:32:53.039000,1.13593,1.13591,2320000,1500000
2017-11-08 15:32:53.561000,1.13595,1.13592,1760000,1500000
2017-11-08 15:32:54.384000,1.13593,1.1359,2510000,1100000
2017-11-08 15:32:54.487000,1.13592,1.13588,2700000,2510000
2017-11-08 15:32:55.007000,1.13591,1.13588,1390000,1120000
2017-11-08 15:32:55.407000,1.13589,1.13586,2700000,1760000
2017-11-08 15:32:55.511000,1.13587,1.13584,1390000,1000000
2017-11-08 15:32:56.034000,1.13587,1.13583,2210000,2250000
2017-11-08 15:32:56.545000,1.13586,1.13583,2510000,1870000
2017-11-08 15:32:56.960000,1.13585,1.13582,1690000,2250000
2017-11-08 15:32:57.471000,1.13583,1.13582,1500000,1000000
2017-11-08 15:32:58.396000,1.13583,1.13581,1500000,1120000
2017-11-08 15:32:58.655000,1.13581,1.13579,1200000,1500000
2017-11-08 15:32:58.809000,1.13579,1.13578,1000000,1000000
2017-11-08 15:32:59.326000,1.13578,1.13576,2500000,1500000
2017-11-08 15:32:59.634000,1.13576,1.13575,1000000,1610000
2017-11-08 15:33:00.145000,1.13575,1.13573,1000000,4390000
2017-11-08 15:33:00.656000,1.13575,1.13573,1000000,1310000
2017-11-08 15:33:01.944000,1.13577,1.13575,2250000,3750000
2017-11-08 15:33:02.097000,1.1358,1.13578,2320000,3220000
2017-11-08 15:33:02.303000,1.13582,1.13579,4690000,4870000
2017-11-08 15:33:04.079000,1.13582,1.13579,3260000,2250000
2017-11-08 15:33:04.505000,1.13578,1.13577,1000000,2620000
2017-11-08 15:33:04.658000,1.13577,1.13574,2060000,3450000
2017-11-08 15:33:04.913000,1.13575,1.13573,1000000,5890000
2017-11-08 15:33:05.648000,1.13574,1.13573,1000000,1250000
2017-11-08 15:33:06.693000,1.13576,1.13575,1500000,4540000
2017-11-08 15:33:07.001000,1.13578,1.13576,1000000,1500000
2017-11-08 15:33:07.481000,1.13577,1.13575,1000000,2250000
2017-11-08 15:33:07.532000,1.13577,1.13576,1000000,1500000
2017-11-08 15:33:07.840000,1.13581,1.13579,1870000,1870000
2017-11-08 15:33:08.861000,1.13582,1.13579,3260000,1870000
2017-11-08 15:33:09.366000,1.13581,1.13579,1000000,1870000
2017-11-08 15:33:10.074000,1.13582,1.13579,5140000,1500000
2017-11-08 15:33:10.126000,1.1358,1.13579,1250000,1000000
2017-11-08 15:33:10.434000,1.13579,1.13576,3190000,1370000
2017-11-08 15:33:11.625000,1.1358,1.13578,1950000,1370000
2017-11-08 15:33:11.678000,1.13582,1.13579,1390000,5250000
2017-11-08 15:33:12.192000,1.13582,1.13579,1250000,5250000
2017-11-08 15:33:12.711000,1.13584,1.13582,1000000,1500000
2017-11-08 15:33:13.253000,1.13585,1.13582,1310000,1200000
2017-11-08 15:33:14.377000,1.13586,1.13585,1310000,1000000
2017-11-08 15:33:14.737000,1.13589,1.13586,2060000,1500000
2017-11-08 15:33:16.803000,1.1359,1.13588,1570000,1000000
2017-11-08 15:33:16.858000,1.13591,1.13589,1760000,1370000
2017-11-08 15:33:18.271000,1.1359,1.13589,1000000,1000000
2017-11-08 15:33:18.786000,1.13592,1.13589,1760000,2620000
2017-11-08 15:33:19.315000,1.1359,1.13589,1000000,1000000
2017-11-08 15:33:19.519000,1.1359,1.13587,1250000,2620000
2017-11-08 15:33:20.069000,1.13589,1.13587,1690000,1000000
2017-11-08 15:33:20.686000,1.13589,1.13587,2250000,1000000
2017-11-08 15:33:22.696000,1.13588,1.13586,1250000,1000000
2017-11-08 15:33:23.105000,1.13589,1.13588,1100000,1250000
2017-11-08 15:33:23.407000,1.13592,1.13591,1000000,1000000
2017-11-08 15:33:24.067000,1.13592,1.1359,1000000,1120000
2017-11-08 15:33:24.171000,1.13591,1.13588,2250000,2890000
2017-11-08 15:33:24.690000,1.13591,1.13588,1500000,2060000
2017-11-08 15:33:25.673000,1.1359,1.13589,1000000,1000000
2017-11-08 15:33:26.841000,1.13592,1.13589,4570000,1560000
2017-11-08 15:33:26.903000,1.13594,1.13592,1000000,1370000
2017-11-08 15:33:27.758000,1.13594,1.13592,1500000,1000000
2017-11-08 15:33:28.313000,1.13594,1.13591,2320000,1620000
2017-11-08 15:33:28.971000,1.13594,1.13591,2250000,1310000
2017-11-08 15:33:29.138000,1.13595,1.13592,1000000,3190000
2017-11-08 15:33:29.660000,1.13597,1.13594,2440000,1870000
2017-11-08 15:33:30.185000,1.13598,1.13596,2440000,1000000
2017-11-08 15:33:30.696000,1.13597,1.13594,1120000,2810000
2017-11-08 15:33:31.296000,1.13597,1.13594,1500000,2440000
2017-11-08 15:33:34.186000,1.13598,1.13595,2440000,1500000
2017-11-08 15:33:34.383000,1.13599,1.13598,2320000,1000000
2017-11-08 15:33:34.925000,1.136,1.13598,1500000,1000000
2017-11-08 15:33:35.437000,1.13599,1.13597,2440000,1000000
2017-11-08 15:33:35.744000,1.13598,1.13595,2620000,1250000
2017-11-08 15:33:36.490000,1.13598,1.13594,5140000,1870000
2017-11-08 15:33:37.784000,1.13597,1.13595,1250000,1120000
2017-11-08 15:33:40.899000,1.13598,1.13595,5510000,1120000
2017-11-08 15:33:41.473000,1.13597,1.13595,1000000,1500000
2017-11-08 15:33:43.154000,1.136,1.13598,5720000,1120000
2017-11-08 15:33:43.772000,1.136,1.13597,3940000,1870000
2017-11-08 15:33:44.287000,1.13598,1.13597,1000000,1000000
2017-11-08 15:33:44.801000,1.13598,1.13596,1500000,1500000
2017-11-08 15:33:46.085000,1.13598,1.13595,1690000,1870000
2017-11-08 15:33:50.145000,1.13596,1.13595,1250000,1000000
2017-11-08 15:33:50.777000,1.13596,1.13594,1690000,1120000
2017-11-08 15:33:54.399000,1.13597,1.13594,2440000,1870000
2017-11-08 15:33:56.391000,1.13597,1.13595,1250000,1370000
2017-11-08 15:33:57.685000,1.13597,1.13595,1250000,1370000
2017-11-08 15:34:00.007000,1.13598,1.13595,4760000,1870000
2017-11-08 15:34:00.161000,1.13598,1.13596,3370000,1620000
2017-11-08 15:34:00.314000,1.136,1.13598,1880000,3000000
2017-11-08 15:34:00.824000,1.13601,1.13598,4760000,1870000
2017-11-08 15:34:01.334000,1.13601,1.13598,1390000,2250000
2017-11-08 15:34:02.346000,1.13599,1.13597,2810000,1000000
2017-11-08 15:34:02.449000,1.13598,1.13595,3750000,1690000
2017-11-08 15:34:02.653000,1.13598,1.13595,4010000,1500000
2017-11-08 15:34:03.742000,1.13597,1.13595,1250000,1120000
2017-11-08 15:34:04.459000,1.13597,1.13595,1250000,1870000
2017-11-08 15:34:04.768000,1.13602,1.136,1690000,1000000
2017-11-08 15:34:07.330000,1.136,1.13598,2060000,3450000
2017-11-08 15:34:07.839000,1.13601,1.13598,5140000,1500000
2017-11-08 15:34:10.100000,1.136,1.13597,1690000,1870000
2017-11-08 15:34:12.236000,1.13602,1.13599,4690000,1200000
2017-11-08 15:34:12.815000,1.13603,1.136,3190000,1500000
2017-11-08 15:34:18.025000,1.13604,1.13601,5140000,1370000
2017-11-08 15:34:19.592000,1.13603,1.13601,1690000,1120000
2017-11-08 15:34:20.113000,1.13601,1.13598,1690000,3000000
2017-11-08 15:34:21.356000,1.13601,1.13597,5140000,3190000
2017-11-08 15:34:21.904000,1.13599,1.13596,1000000,3640000
2017-11-08 15:34:22.864000,1.136,1.13596,8810000,3640000
2017-11-08 15:34:23.068000,1.13601,1.136,2510000,1000000
2017-11-08 15:34:23.171000,1.13604,1.136,6640000,3000000
2017-11-08 15:34:24.657000,1.13604,1.13601,1310000,1870000
2017-11-08 15:34:26.613000,1.13606,1.13604,8140000,1120000
2017-11-08 15:34:26.960000,1.13612,1.1361,3750000,1000000
2017-11-08 15:34:28.715000,1.13613,1.1361,2440000,1500000
2017-11-08 15:34:29.670000,1.13612,1.1361,1310000,1000000
2017-11-08 15:34:30.099000,1.1361,1.13608,1000000,2250000
2017-11-08 15:34:30.646000,1.13609,1.13607,1000000,1370000
2017-11-08 15:34:31.197000,1.1361,1.13607,1310000,2250000
2017-11-08 15:34:32.048000,1.13609,1.13607,1500000,1870000
2017-11-08 15:34:32.358000,1.13617,1.13614,7570000,1690000
2017-11-08 15:34:32.882000,1.13615,1.13613,1000000,1310000
2017-11-08 15:34:33.392000,1.13615,1.13613,1000000,3190000
2017-11-08 15:34:37.701000,1.13615,1.13613,1000000,2060000
2017-11-08 15:34:38.118000,1.13612,1.13609,1310000,3000000
2017-11-08 15:34:38.424000,1.13614,1.13612,1000000,1500000
2017-11-08 15:34:39.022000,1.13613,1.13611,1000000,2510000
2017-11-08 15:34:39.565000,1.13612,1.1361,1000000,1500000
2017-11-08 15:34:40.117000,1.13611,1.13609,1000000,1000000
2017-11-08 15:34:40.640000,1.13612,1.13609,1120000,4690000
2017-11-08 15:34:41.435000,1.13614,1.13613,2320000,1000000
2017-11-08 15:34:41.583000,1.13615,1.13613,1250000,1120000
2017-11-08 15:34:43.876000,1.13616,1.13614,1000000,3190000
2017-11-08 15:34:45.063000,1.13617,1.13615,1000000,1120000
2017-11-08 15:34:45.452000,1.13615,1.13614,1000000,1570000
2017-11-08 15:34:46.069000,1.13613,1.13612,1000000,1570000
2017-11-08 15:34:46.172000,1.13613,1.1361,2620000,3190000
2017-11-08 15:34:46.325000,1.13612,1.1361,1690000,1000000
2017-11-08 15:34:46.837000,1.13613,1.13609,4390000,3190000
2017-11-08 15:34:48.316000,1.13612,1.13609,2060000,2250000
2017-11-08 15:34:49.592000,1.13609,1.13608,1000000,1120000
2017-11-08 15:34:49.644000,1.13608,1.13606,3190000,1950000
2017-11-08 15:34:49.816000,1.13607,1.13605,1000000,1000000
2017-11-08 15:34:50.086000,1.13608,1.13606,1000000,2320000
2017-11-08 15:34:50.140000,1.1361,1.13607,1390000,1000000
2017-11-08 15:34:51.049000,1.1361,1.13607,1250000,3370000
2017-11-08 15:34:52.642000,1.13612,1.13611,5620000,1870000
2017-11-08 15:34:52.694000,1.13616,1.13613,3640000,1120000
2017-11-08 15:34:53.264000,1.13617,1.13614,3560000,1570000
2017-11-08 15:34:53.800000,1.13617,1.13614,2440000,1570000
2017-11-08 15:34:54.845000,1.13618,1.13615,1310000,1200000
2017-11-08 15:34:55.365000,1.13618,1.13615,1310000,2400000
2017-11-08 15:34:55.967000,1.13618,1.13615,1310000,1570000
2017-11-08 15:34:56.551000,1.13618,1.13615,3940000,1100000
2017-11-08 15:35:00.217000,1.13617,1.13614,2440000,3820000
2017-11-08 15:35:00.757000,1.13618,1.13614,3190000,5510000
2017-11-08 15:35:01.273000,1.13618,1.13615,1690000,2770000
2017-11-08 15:35:01.998000,1.13618,1.13615,1690000,2320000
2017-11-08 15:35:02.508000,1.13618,1.13616,1310000,1570000
2017-11-08 15:35:03.300000,1.13618,1.13615,1690000,2320000
2017-11-08 15:35:04.805000,1.13618,1.13615,1310000,4950000
2017-11-08 15:35:05.330000,1.13619,1.13615,7690000,4950000
2017-11-08 15:35:05.892000,1.13619,1.13615,6940000,6450000
2017-11-08 15:35:06.420000,1.13619,1.13615,6940000,3820000
2017-11-08 15:35:07.188000,1.13619,1.13615,6940000,4570000
2017-11-08 15:35:07.712000,1.13618,1.13615,1310000,3070000
2017-11-08 15:35:09.424000,1.13618,1.13615,1690000,2320000
2017-11-08 15:35:10.053000,1.13618,1.13615,1690000,2320000
2017-11-08 15:35:10.107000,1.13614,1.13612,3560000,2250000
2017-11-08 15:35:10.314000,1.13616,1.13613,3940000,1200000
2017-11-08 15:35:10.826000,1.13616,1.13613,1690000,4570000
2017-11-08 15:35:11.373000,1.13617,1.13614,5060000,1950000
2017-11-08 15:35:12.520000,1.13616,1.13614,2440000,1000000
2017-11-08 15:35:13.679000,1.13615,1.13614,1500000,1000000
2017-11-08 15:35:14.149000,1.13612,1.1361,1000000,1310000
2017-11-08 15:35:14.304000,1.1361,1.13608,1000000,3000000
2017-11-08 15:35:14.408000,1.13612,1.13611,1000000,1120000
2017-11-08 15:35:14.920000,1.13612,1.1361,1250000,1000000
2017-11-08 15:35:17.794000,1.13611,1.1361,1000000,1000000
2017-11-08 15:35:21.147000,1.13612,1.1361,1690000,1500000
2017-11-08 15:35:21.300000,1.13614,1.13612,1000000,3190000
2017-11-08 15:35:21.685000,1.13616,1.13613,1250000,3070000
2017-11-08 15:35:22.263000,1.13616,1.13613,1250000,3070000
2017-11-08 15:35:24.497000,1.13617,1.13615,1310000,1000000
2017-11-08 15:35:25.008000,1.13619,1.13616,4120000,1570000
2017-11-08 15:35:26.135000,1.13619,1.13616,4120000,1950000
2017-11-08 15:35:30.754000,1.13619,1.13616,4200000,1000000
2017-11-08 15:35:32.928000,1.13616,1.13615,1310000,1000000
2017-11-08 15:35:33.288000,1.13616,1.13614,1250000,1000000
2017-11-08 15:35:34.390000,1.13616,1.13613,1250000,2700000
2017-11-08 15:35:34.733000,1.13618,1.13615,3640000,1120000
2017-11-08 15:35:34.785000,1.13619,1.13617,2810000,1990000
2017-11-08 15:35:35.222000,1.13623,1.13622,1000000,2250000
2017-11-08 15:35:35.755000,1.13624,1.13622,1690000,1870000
2017-11-08 15:35:37.343000,1.13625,1.13622,1950000,1370000
2017-11-08 15:35:38.002000,1.13625,1.13622,3640000,1000000
2017-11-08 15:35:39.567000,1.13624,1.1362,5320000,3450000
2017-11-08 15:35:40.079000,1.13624,1.1362,4200000,3070000
2017-11-08 15:35:40.381000,1.13625,1.13622,3600000,1120000
2017-11-08 15:35:40.534000,1.13625,1.13622,3190000,1370000
2017-11-08 15:35:42.722000,1.13625,1.13622,2060000,1500000
2017-11-08 15:35:47.344000,1.13624,1.13621,1000000,2000000
2017-11-08 15:35:47.754000,1.13629,1.13626,3190000,3600000
2017-11-08 15:35:47.806000,1.13631,1.13628,5890000,1000000
2017-11-08 15:35:48.235000,1.13631,1.13628,2440000,1370000
2017-11-08 15:35:48.807000,1.13631,1.13628,2060000,1500000
2017-11-08 15:35:49.388000,1.13631,1.13628,2060000,1500000
2017-11-08 15:35:55.138000,1.13632,1.13629,2960000,1690000
2017-11-08 15:35:55.669000,1.13632,1.13629,1870000,1690000
2017-11-08 15:35:56.182000,1.13631,1.13628,1310000,3000000
2017-11-08 15:35:57.564000,1.1363,1.13628,1000000,1370000
2017-11-08 15:35:58.895000,1.13631,1.13628,1690000,1370000
2017-11-08 15:36:03.147000,1.13631,1.13629,1690000,1570000
2017-11-08 15:36:03.910000,1.13631,1.13629,1690000,1570000
2017-11-08 15:36:04.909000,1.13631,1.13629,1690000,1570000
2017-11-08 15:36:06.074000,1.13631,1.13629,1310000,1570000
2017-11-08 15:36:09.249000,1.13631,1.13629,1690000,1570000
2017-11-08 15:36:10.089000,1.13626,1.13625,1000000,2620000
2017-11-08 15:36:10.192000,1.13626,1.13624,1250000,2320000
2017-11-08 15:36:10.744000,1.13626,1.13623,2020000,3820000
2017-11-08 15:36:11.269000,1.13626,1.13623,2020000,3070000
2017-11-08 15:36:17.912000,1.13625,1.13623,1090000,1000000
2017-11-08 15:36:18.431000,1.13625,1.13622,4650000,1000000
2017-11-08 15:36:19.038000,1.13624,1.13621,2020000,1120000
2017-11-08 15:36:19.949000,1.13624,1.13621,2020000,1120000
2017-11-08 15:36:23.090000,1.13624,1.13621,2850000,1120000
2017-11-08 15:36:24.750000,1.13625,1.13622,1690000,1500000
2017-11-08 15:36:25.284000,1.13625,1.13622,1310000,1870000
2017-11-08 15:36:26.400000,1.13625,1.13623,1310000,1000000
2017-11-08 15:36:27.563000,1.13628,1.13625,2890000,2850000
2017-11-08 15:36:27.904000,1.13631,1.13628,2100000,2620000
2017-11-08 15:36:29.210000,1.13629,1.13625,1690000,6640000
2017-11-08 15:36:30.092000,1.13626,1.13624,1120000,1470000
2017-11-08 15:36:30.603000,1.13628,1.13625,1690000,1370000
2017-11-08 15:36:30.752000,1.13629,1.13626,1720000,1500000
2017-11-08 15:36:31.265000,1.1363,1.13627,1310000,1120000
2017-11-08 15:36:31.912000,1.1363,1.13628,1250000,1000000
2017-11-08 15:36:33.421000,1.13632,1.13629,6220000,1000000
2017-11-08 15:36:34.194000,1.13632,1.13628,6970000,2250000
2017-11-08 15:36:37.245000,1.1363,1.13627,1690000,1500000
2017-11-08 15:36:37.815000,1.1363,1.13627,2100000,1500000
2017-11-08 15:36:40.063000,1.13628,1.13627,1250000,1570000
2017-11-08 15:36:40.166000,1.13631,1.13628,1690000,1000000
2017-11-08 15:36:40.692000,1.13632,1.13629,6710000,1200000
2017-11-08 15:36:45.753000,1.13631,1.13628,1310000,3370000
2017-11-08 15:36:47.637000,1.13629,1.13627,2060000,1870000
2017-11-08 15:36:48.158000,1.13628,1.13626,1120000,1500000
2017-11-08 15:36:48.689000,1.13628,1.13626,1310000,1120000
2017-11-08 15:36:50.064000,1.13627,1.13625,1000000,3000000
2017-11-08 15:36:50.371000,1.13626,1.13623,1690000,4120000
2017-11-08 15:36:50.879000,1.13626,1.13622,7910000,2440000
2017-11-08 15:36:51.549000,1.13624,1.13622,1000000,2060000
2017-11-08 15:36:51.894000,1.13619,1.13617,1310000,1120000
2017-11-08 15:36:51.947000,1.13622,1.1362,1310000,1000000
2017-11-08 15:36:53.643000,1.13621,1.13618,2440000,3370000
2017-11-08 15:36:53.695000,1.13621,1.13618,2440000,3000000
2017-11-08 15:36:54.209000,1.13621,1.13617,4690000,1120000
2017-11-08 15:36:54.724000,1.13621,1.13617,2810000,1500000
2017-11-08 15:36:55.677000,1.13621,1.13617,2810000,1870000
2017-11-08 15:36:59.492000,1.13621,1.13617,1690000,6370000
2017-11-08 15:36:59.779000,1.13624,1.13622,1000000,1120000
2017-11-08 15:37:00.290000,1.13622,1.1362,1000000,1870000
2017-11-08 15:37:00.943000,1.13622,1.13619,1000000,2810000
2017-11-08 15:37:01.253000,1.13623,1.1362,1000000,5810000
2017-11-08 15:37:01.799000,1.13624,1.13622,1250000,1000000
2017-11-08 15:37:02.259000,1.13628,1.13625,3260000,1300000
2017-11-08 15:37:02.362000,1.13629,1.13626,3190000,1000000
2017-11-08 15:37:02.900000,1.13629,1.13626,2440000,1370000
2017-11-08 15:37:05.607000,1.1363,1.13628,1250000,1120000
2017-11-08 15:37:06.150000,1.13632,1.13628,8660000,4570000
2017-11-08 15:37:06.689000,1.13632,1.13628,6410000,5700000
2017-11-08 15:37:06.953000,1.13632,1.1363,2100000,1870000
2017-11-08 15:37:07.108000,1.13637,1.13634,3190000,1870000
2017-11-08 15:37:07.629000,1.13637,1.13635,2060000,1000000
2017-11-08 15:37:12.697000,1.13636,1.13635,1000000,1250000
2017-11-08 15:37:12.799000,1.13635,1.13633,1000000,2810000
2017-11-08 15:37:13.421000,1.13637,1.13633,3450000,5140000
2017-11-08 15:37:13.939000,1.13636,1.13633,1950000,4010000
2017-11-08 15:37:15.381000,1.13636,1.13633,1090000,4760000
2017-11-08 15:37:15.944000,1.13635,1.13633,1000000,3640000
2017-11-08 15:37:16.201000,1.13635,1.13632,5960000,2440000
2017-11-08 15:37:17.132000,1.13633,1.13631,1000000,3940000
2017-11-08 15:37:18.452000,1.13635,1.13632,1570000,3940000
2017-11-08 15:37:19.066000,1.13632,1.13631,1000000,2440000
2017-11-08 15:37:20.058000,1.13632,1.1363,1000000,3190000
2017-11-08 15:37:20.568000,1.13632,1.1363,1950000,1120000
2017-11-08 15:37:21.106000,1.13631,1.13628,5770000,1500000
2017-11-08 15:37:21.210000,1.13631,1.13627,4760000,3070000
2017-11-08 15:37:23.539000,1.13631,1.13629,2890000,1000000
2017-11-08 15:37:24.051000,1.13631,1.13629,1870000,1000000
2017-11-08 15:37:24.655000,1.13631,1.13629,1000000,1000000
2017-11-08 15:37:25.118000,1.13629,1.13627,1120000,3260000
2017-11-08 15:37:25.445000,1.13628,1.13625,4500000,2440000
2017-11-08 15:37:25.995000,1.13626,1.13623,2620000,3260000
2017-11-08 15:37:26.277000,1.13625,1.13623,1500000,1310000
2017-11-08 15:37:26.796000,1.13624,1.13622,1870000,1310000
2017-11-08 15:37:28.252000,1.13623,1.13621,1100000,1690000
2017-11-08 15:37:29.844000,1.13623,1.1362,1100000,3260000
2017-11-08 15:37:31.164000,1.13623,1.1362,2510000,1000000
2017-11-08 15:37:31.504000,1.13619,1.13618,1000000,1570000
2017-11-08 15:37:31.556000,1.13616,1.13614,1250000,1200000
2017-11-08 15:37:32.077000,1.13616,1.13613,1310000,4870000
2017-11-08 15:37:32.703000,1.13616,1.13613,1870000,1690000
2017-11-08 15:37:33.767000,1.13614,1.13612,1120000,1500000
2017-11-08 15:37:33.819000,1.13614,1.13611,1690000,1100000
2017-11-08 15:37:34.335000,1.13614,1.13611,1460000,1370000
2017-11-08 15:37:34.941000,1.13614,1.1361,2060000,6910000
2017-11-08 15:37:36,1.13612,1.1361,1500000,1690000
2017-11-08 15:37:36.511000,1.13612,1.13609,1000000,3560000
2017-11-08 15:37:37.055000,1.13611,1.13609,1000000,1000000
2017-11-08 15:37:37.619000,1.13609,1.13607,2620000,2440000
2017-11-08 15:37:37.670000,1.13609,1.13605,2440000,3450000
2017-11-08 15:37:37.774000,1.13611,1.13608,2510000,1000000
2017-11-08 15:37:38.019000,1.13605,1.13602,1000000,3560000
2017-11-08 15:37:38.291000,1.13603,1.13601,1000000,2810000
2017-11-08 15:37:38.498000,1.13603,1.136,7310000,2250000
2017-11-08 15:37:39.014000,1.13601,1.136,1250000,1500000
2017-11-08 15:37:39.665000,1.136,1.13599,1000000,1500000
2017-11-08 15:37:39.716000,1.136,1.13598,1000000,1000000
2017-11-08 15:37:39.978000,1.13599,1.13597,1000000,1310000
2017-11-08 15:37:40.030000,1.13597,1.13596,1000000,3070000
2017-11-08 15:37:40.574000,1.13597,1.13595,1000000,1690000
2017-11-08 15:37:41.104000,1.13596,1.13594,1000000,1000000
2017-11-08 15:37:43.803000,1.13597,1.13594,2060000,2250000
2017-11-08 15:37:44.378000,1.13596,1.13594,1000000,2810000
2017-11-08 15:37:45.204000,1.13596,1.13594,1000000,1250000
2017-11-08 15:37:45.804000,1.13597,1.13594,1120000,2810000
2017-11-08 15:37:47.152000,1.13596,1.13594,2100000,1620000
2017-11-08 15:37:47.204000,1.13591,1.13588,1500000,3190000
2017-11-08 15:37:47.719000,1.13591,1.13588,2140000,1000000
2017-11-08 15:37:48.046000,1.13595,1.13594,1000000,1000000
2017-11-08 15:37:48.252000,1.13598,1.13595,5140000,1500000
2017-11-08 15:37:48.769000,1.13596,1.13593,1120000,2060000
2017-11-08 15:37:49.280000,1.13595,1.13593,1000000,1000000
2017-11-08 15:37:49.484000,1.13594,1.13592,2250000,1690000
2017-11-08 15:37:49.538000,1.13591,1.13589,1000000,1620000
2017-11-08 15:37:49.824000,1.13591,1.13588,1310000,1120000
2017-11-08 15:37:50.338000,1.13591,1.13588,1310000,1870000
2017-11-08 15:37:50.998000,1.13592,1.13589,2510000,1000000
2017-11-08 15:37:51.356000,1.1359,1.13587,3160000,1120000
2017-11-08 15:37:53.474000,1.1359,1.13589,2920000,1120000
2017-11-08 15:37:53.577000,1.13593,1.13591,1470000,1500000
2017-11-08 15:37:53.628000,1.13595,1.13593,10310000,1000000
2017-11-08 15:37:54.146000,1.13596,1.13593,1190000,1500000
2017-11-08 15:37:55.356000,1.13597,1.13594,1250000,2620000
2017-11-08 15:37:56.079000,1.13599,1.13597,3070000,3190000
2017-11-08 15:37:56.182000,1.13602,1.13599,3000000,1690000
2017-11-08 15:37:56.693000,1.13603,1.13599,2440000,3190000
2017-11-08 15:37:57.132000,1.13604,1.13602,1310000,1000000
2017-11-08 15:37:57.642000,1.13604,1.136,3560000,2060000
2017-11-08 15:37:58.431000,1.13604,1.13601,2810000,1120000
2017-11-08 15:37:58.738000,1.13609,1.13607,1000000,1500000
2017-11-08 15:37:59.239000,1.1361,1.13607,1690000,1870000
2017-11-08 15:37:59.699000,1.13609,1.13606,2060000,1500000
2017-11-08 15:38:00.706000,1.1361,1.13607,2060000,1500000
2017-11-08 15:38:01.225000,1.13609,1.13606,2440000,1120000
2017-11-08 15:38:01.612000,1.1361,1.13608,1310000,1000000
2017-11-08 15:38:02.274000,1.13611,1.13609,1310000,1000000
2017-11-08 15:38:03.003000,1.13612,1.13608,5440000,1870000
2017-11-08 15:38:06.743000,1.13611,1.13608,1310000,2250000
2017-11-08 15:38:07.448000,1.13611,1.13608,1310000,1870000
2017-11-08 15:38:10.080000,1.13609,1.13607,1310000,1870000
2017-11-08 15:38:10.182000,1.13609,1.13606,2060000,2250000
2017-11-08 15:38:10.838000,1.13609,1.13606,1310000,1000000
2017-11-08 15:38:11.341000,1.13608,1.13605,1250000,1870000
2017-11-08 15:38:12.246000,1.13609,1.13605,2810000,2620000
2017-11-08 15:38:16.197000,1.13608,1.13605,1250000,1000000
2017-11-08 15:38:16.656000,1.13606,1.13604,2060000,3370000
2017-11-08 15:38:16.709000,1.13606,1.13602,4690000,2810000
2017-11-08 15:38:17.210000,1.13606,1.13602,3560000,3940000
2017-11-08 15:38:18.715000,1.13605,1.13602,2810000,1000000
2017-11-08 15:38:18.971000,1.13603,1.13599,1310000,3560000
2017-11-08 15:38:19.494000,1.13603,1.13599,3940000,2440000
2017-11-08 15:38:20.441000,1.13602,1.13598,1250000,4920000
2017-11-08 15:38:21.722000,1.13603,1.136,1120000,2290000
2017-11-08 15:38:21.824000,1.13606,1.13604,2060000,3750000
2017-11-08 15:38:22.029000,1.13605,1.13602,2440000,1000000
2017-11-08 15:38:22.555000,1.13604,1.13601,1000000,2060000
2017-11-08 15:38:23.067000,1.13604,1.13601,1120000,1250000
2017-11-08 15:38:23.598000,1.13603,1.13601,1000000,1000000
2017-11-08 15:38:33.214000,1.13603,1.136,1500000,2440000
2017-11-08 15:38:35.362000,1.13605,1.13604,1570000,1120000
2017-11-08 15:38:35.469000,1.13606,1.13604,2060000,1000000
2017-11-08 15:38:35.982000,1.13605,1.13602,1000000,2440000
2017-11-08 15:38:36.034000,1.13604,1.13601,1870000,1010000
2017-11-08 15:38:36.444000,1.13602,1.136,1310000,1000000
2017-11-08 15:38:36.963000,1.13603,1.13599,6490000,2620000
2017-11-08 15:38:37.716000,1.13606,1.13604,1870000,6370000
2017-11-08 15:38:37.925000,1.13608,1.13605,1120000,1690000
2017-11-08 15:38:38.283000,1.1361,1.13608,1010000,5620000
2017-11-08 15:38:38.335000,1.13613,1.1361,1250000,3750000
2017-11-08 15:38:38.656000,1.13613,1.1361,2440000,9370000
2017-11-08 15:38:38.708000,1.13611,1.13607,4690000,2510000
2017-11-08 15:38:39.218000,1.13611,1.13608,2060000,1000000
2017-11-08 15:38:39.415000,1.1361,1.13607,2060000,1120000
2017-11-08 15:38:40.984000,1.1361,1.13606,3940000,2620000
2017-11-08 15:38:41.293000,1.1361,1.13608,2440000,1000000
2017-11-08 15:38:42.944000,1.13611,1.1361,1500000,1000000
2017-11-08 15:38:43.049000,1.13615,1.13612,1690000,1870000
2017-11-08 15:38:43.586000,1.13615,1.13613,1310000,1000000
2017-11-08 15:38:46.018000,1.13616,1.13613,2250000,1690000
2017-11-08 15:38:46.275000,1.13619,1.13618,1500000,1120000
2017-11-08 15:38:46.327000,1.13621,1.13619,4200000,2250000
2017-11-08 15:38:46.922000,1.13622,1.1362,1690000,1000000
2017-11-08 15:38:47.439000,1.13622,1.1362,1000000,1120000
2017-11-08 15:38:48.314000,1.1362,1.13618,2470000,1570000
2017-11-08 15:38:48.571000,1.1362,1.13617,3260000,1000000
2017-11-08 15:38:50.147000,1.13618,1.13616,1500000,1870000
2017-11-08 15:38:50.661000,1.13619,1.13616,1500000,2810000
2017-11-08 15:38:51.196000,1.13618,1.13616,1000000,1250000
2017-11-08 15:38:52.115000,1.1362,1.13619,4200000,1120000
2017-11-08 15:38:52.218000,1.13622,1.13619,1310000,1500000
2017-11-08 15:38:52.423000,1.13619,1.13617,3600000,4760000
2017-11-08 15:38:52.762000,1.13618,1.13616,4720000,1000000
2017-11-08 15:38:53.651000,1.13618,1.13615,2100000,1310000
2017-11-08 15:38:54.333000,1.13618,1.13616,2100000,1000000
2017-11-08 15:38:54.847000,1.13618,1.13615,2850000,1310000
2017-11-08 15:38:55.520000,1.13617,1.13615,1870000,1000000
2017-11-08 15:38:56.819000,1.13617,1.13614,4390000,1120000
2017-11-08 15:38:58.695000,1.13616,1.13613,5660000,1000000
2017-11-08 15:38:59.002000,1.13614,1.13611,1310000,3370000
2017-11-08 15:38:59.105000,1.13612,1.1361,1370000,1500000
2017-11-08 15:38:59.411000,1.13613,1.13611,1250000,1000000
2017-11-08 15:39:00.108000,1.13614,1.13612,1310000,1000000
2017-11-08 15:39:00.620000,1.13614,1.13613,1570000,1000000
2017-11-08 15:39:01.149000,1.13615,1.13613,1120000,1000000
2017-11-08 15:39:01.678000,1.13616,1.13614,1310000,1000000
2017-11-08 15:39:03.190000,1.13617,1.13615,2810000,1120000
2017-11-08 15:39:03.242000,1.13618,1.13617,1100000,1000000
2017-11-08 15:39:03.780000,1.13619,1.13617,1120000,1000000
2017-11-08 15:39:05.480000,1.13619,1.13618,1000000,1000000
2017-11-08 15:39:05.723000,1.13621,1.13618,1310000,2700000
2017-11-08 15:39:06.132000,1.1362,1.13618,1620000,1000000
2017-11-08 15:39:06.664000,1.1362,1.13617,1620000,1500000
2017-11-08 15:39:06.987000,1.13621,1.13619,4310000,1120000
2017-11-08 15:39:07.294000,1.13622,1.1362,3750000,1120000
2017-11-08 15:39:07.805000,1.13623,1.13621,2440000,1000000
2017-11-08 15:39:08.346000,1.13625,1.13622,3940000,1000000
2017-11-08 15:39:08.890000,1.13625,1.13621,3940000,2700000
2017-11-08 15:39:09.288000,1.13625,1.13624,1500000,1870000
2017-11-08 15:39:09.350000,1.1363,1.13627,4310000,1870000
2017-11-08 15:39:09.868000,1.1363,1.13629,1870000,1000000
2017-11-08 15:39:10.394000,1.1363,1.13628,1870000,1500000
2017-11-08 15:39:10.701000,1.13628,1.13626,1250000,1500000
2017-11-08 15:39:10.922000,1.13628,1.13625,2810000,1000000
2017-11-08 15:39:11.495000,1.13628,1.13625,1310000,1000000
2017-11-08 15:39:12.020000,1.13628,1.13625,2060000,1000000
2017-11-08 15:39:15.198000,1.13628,1.13625,6040000,1000000
2017-11-08 15:39:15.701000,1.13627,1.13624,1500000,1760000
2017-11-08 15:39:16.349000,1.13627,1.13624,1120000,1760000
2017-11-08 15:39:16.852000,1.13624,1.13623,1000000,1250000
2017-11-08 15:39:16.903000,1.13623,1.13621,1000000,2620000
2017-11-08 15:39:17.315000,1.13624,1.13623,1000000,1120000
2017-11-08 15:39:17.838000,1.13626,1.13624,1190000,1000000
2017-11-08 15:39:18.344000,1.13627,1.13624,3190000,1120000
2017-11-08 15:39:18.934000,1.13626,1.13623,4310000,1120000
2017-11-08 15:39:19.445000,1.13626,1.13623,4310000,1120000
2017-11-08 15:39:20.047000,1.13624,1.13622,1000000,1310000
2017-11-08 15:39:23.764000,1.13625,1.13622,1250000,1500000
2017-11-08 15:39:24.275000,1.13624,1.13622,1000000,1000000
2017-11-08 15:39:25.786000,1.13626,1.13623,5810000,1500000
2017-11-08 15:39:26.308000,1.13627,1.13624,2440000,1500000
2017-11-08 15:39:28.846000,1.13627,1.13625,1310000,1000000
2017-11-08 15:39:29.510000,1.13627,1.13624,1310000,2620000
2017-11-08 15:39:31.905000,1.13627,1.13623,5290000,2700000
2017-11-08 15:39:32.243000,1.13629,1.13628,1010000,1500000
2017-11-08 15:39:32.857000,1.13631,1.13628,3190000,4500000
2017-11-08 15:39:33.374000,1.13631,1.13628,2620000,5810000
2017-11-08 15:39:34.248000,1.13631,1.13629,1870000,1000000
2017-11-08 15:39:34.762000,1.1363,1.13628,3560000,1720000
2017-11-08 15:39:35.613000,1.13631,1.13628,4690000,3220000
2017-11-08 15:39:35.974000,1.13629,1.13627,1310000,1120000
2017-11-08 15:39:37.403000,1.13627,1.13625,5660000,1120000
2017-11-08 15:39:37.709000,1.13625,1.13622,5100000,2060000
2017-11-08 15:39:38.015000,1.13625,1.13623,1000000,3750000
2017-11-08 15:39:38.067000,1.13628,1.13626,2890000,1500000
2017-11-08 15:39:38.595000,1.1363,1.13627,1310000,2620000
2017-11-08 15:39:39.132000,1.13631,1.13628,3560000,1120000
2017-11-08 15:39:39.942000,1.13631,1.13629,1560000,1000000
2017-11-08 15:39:40.096000,1.13629,1.13626,2060000,6820000
2017-11-08 15:39:40.617000,1.13628,1.13626,1120000,2550000
2017-11-08 15:39:42.539000,1.13627,1.13626,1120000,1050000
2017-11-08 15:39:42.590000,1.13626,1.13624,1250000,1200000
2017-11-08 15:39:43.102000,1.13626,1.13623,7460000,1120000
2017-11-08 15:39:44.083000,1.13624,1.13622,1120000,1690000
2017-11-08 15:39:44.135000,1.13623,1.1362,3970000,4010000
2017-11-08 15:39:44.728000,1.13622,1.13619,7540000,1500000
2017-11-08 15:39:45.264000,1.13622,1.1362,1250000,1000000
2017-11-08 15:39:45.788000,1.13622,1.1362,1250000,1500000
2017-11-08 15:39:47.394000,1.13624,1.13621,2020000,2060000
2017-11-08 15:39:47.446000,1.13626,1.13624,1260000,1000000
2017-11-08 15:39:47.999000,1.13627,1.13626,2250000,1000000
2017-11-08 15:39:48.051000,1.13629,1.13626,1390000,2620000
2017-11-08 15:39:48.412000,1.1363,1.13627,2060000,4500000
2017-11-08 15:39:49.088000,1.13631,1.13629,1310000,1000000
2017-11-08 15:39:49.399000,1.13633,1.13632,2250000,2620000
2017-11-08 15:39:49.512000,1.13635,1.13632,1570000,2810000
2017-11-08 15:39:50.088000,1.13633,1.13631,3000000,1000000
2017-11-08 15:39:50.597000,1.13631,1.13629,1120000,1690000
2017-11-08 15:39:52.849000,1.13629,1.13626,8470000,2140000
2017-11-08 15:39:53.291000,1.1363,1.13627,3190000,1500000
2017-11-08 15:39:53.855000,1.13631,1.13628,1500000,2060000
2017-11-08 15:39:54.008000,1.13632,1.13631,4500000,1000000
2017-11-08 15:39:54.169000,1.13635,1.13633,1500000,1690000
2017-11-08 15:39:54.375000,1.13637,1.13634,1000000,2810000
2017-11-08 15:39:55.002000,1.13638,1.13634,3940000,4310000
2017-11-08 15:39:55.514000,1.13638,1.13635,3190000,1500000
2017-11-08 15:39:56.613000,1.13638,1.13635,3190000,1500000
2017-11-08 15:39:57.339000,1.13638,1.13635,2060000,1870000
2017-11-08 15:39:58.186000,1.13637,1.13634,2250000,4310000
2017-11-08 15:39:58.716000,1.13638,1.13634,1310000,4310000
2017-11-08 15:40:01.104000,1.1364,1.13639,2140000,1120000
2017-11-08 15:40:01.156000,1.13642,1.1364,1310000,1000000
2017-11-08 15:40:01.310000,1.13639,1.13638,1000000,1100000
2017-11-08 15:40:01.872000,1.1364,1.13638,1690000,1500000
2017-11-08 15:40:02.080000,1.13639,1.13636,3040000,1120000
2017-11-08 15:40:02.680000,1.1364,1.13638,8140000,1000000
2017-11-08 15:40:02.732000,1.13641,1.13639,1000000,2250000
2017-11-08 15:40:02.785000,1.13643,1.1364,1620000,2250000
2017-11-08 15:40:03.297000,1.13643,1.13641,1000000,1870000
2017-11-08 15:40:03.886000,1.13645,1.13641,5060000,2620000
2017-11-08 15:40:04.893000,1.13645,1.13641,5060000,2620000
2017-11-08 15:40:05.557000,1.13645,1.13642,1250000,3370000
2017-11-08 15:40:06.287000,1.13646,1.13644,1000000,1870000
2017-11-08 15:40:06.339000,1.13648,1.13645,4760000,1000000
2017-11-08 15:40:06.444000,1.1365,1.13646,2140000,3370000
2017-11-08 15:40:06.965000,1.1365,1.13646,2060000,7870000
2017-11-08 15:40:07.017000,1.1365,1.13648,1250000,2250000
2017-11-08 15:40:08.079000,1.13649,1.13648,1000000,2250000
2017-11-08 15:40:10.129000,1.13649,1.13647,1120000,1120000
2017-11-08 15:40:10.282000,1.13647,1.13645,1000000,2140000
2017-11-08 15:40:10.588000,1.13645,1.13644,1000000,1120000
2017-11-08 15:40:11.167000,1.13644,1.13643,1000000,1870000
2017-11-08 15:40:11.678000,1.13643,1.13642,1000000,1000000
2017-11-08 15:40:12.821000,1.13642,1.1364,1000000,3000000
2017-11-08 15:40:13.823000,1.13642,1.1364,1000000,1870000
2017-11-08 15:40:14.132000,1.13639,1.13636,4310000,3370000
2017-11-08 15:40:14.318000,1.13637,1.13635,1000000,4870000
2017-11-08 15:40:14.831000,1.13636,1.13635,1000000,1000000
2017-11-08 15:40:15.170000,1.13634,1.13633,1310000,1000000
2017-11-08 15:40:15.222000,1.13633,1.1363,4120000,1250000
2017-11-08 15:40:16.021000,1.1363,1.13628,1120000,1690000
2017-11-08 15:40:16.532000,1.1363,1.13628,2440000,1500000
2017-11-08 15:40:16.686000,1.13629,1.13626,2440000,1500000
2017-11-08 15:40:16.788000,1.13629,1.13626,1310000,2250000
2017-11-08 15:40:17.504000,1.13631,1.13628,3750000,1870000
2017-11-08 15:40:18.003000,1.13632,1.13631,1120000,1000000
2017-11-08 15:40:18.211000,1.13631,1.13629,1120000,1500000
2017-11-08 15:40:19.068000,1.1363,1.13628,1000000,2060000
2017-11-08 15:40:19.221000,1.1363,1.13628,1310000,1000000
2017-11-08 15:40:19.805000,1.1363,1.13627,1310000,2620000
2017-11-08 15:40:20.345000,1.13629,1.13626,1690000,3370000
2017-11-08 15:40:22.334000,1.1363,1.13627,1690000,1500000
2017-11-08 15:40:22.849000,1.1363,1.13627,1310000,1120000
2017-11-08 15:40:23.384000,1.13629,1.13626,1250000,3070000
2017-11-08 15:40:23.436000,1.13628,1.13625,1310000,1000000
2017-11-08 15:40:23.954000,1.13627,1.13625,1000000,1000000
2017-11-08 15:40:24.458000,1.13624,1.13621,2810000,1000000
2017-11-08 15:40:24.966000,1.13624,1.1362,2060000,2250000
2017-11-08 15:40:25.500000,1.13624,1.13621,1690000,1000000
2017-11-08 15:40:26.288000,1.13625,1.13621,4690000,3000000
2017-11-08 15:40:26.639000,1.13626,1.13624,1120000,1500000
2017-11-08 15:40:26.794000,1.13628,1.13625,2440000,1120000
2017-11-08 15:40:27.374000,1.13628,1.13625,3190000,1000000
2017-11-08 15:40:28.357000,1.13625,1.13624,1000000,1000000
2017-11-08 15:40:28.560000,1.13626,1.13623,1870000,1870000
2017-11-08 15:40:28.734000,1.13624,1.13622,1000000,2320000
2017-11-08 15:40:29.267000,1.13624,1.13622,1120000,1120000
2017-11-08 15:40:30.771000,1.13625,1.13622,2440000,1870000
2017-11-08 15:40:31.095000,1.13627,1.13624,1000000,2700000
2017-11-08 15:40:31.400000,1.13625,1.13622,1120000,3070000
2017-11-08 15:40:31.913000,1.13625,1.13622,2250000,1120000
2017-11-08 15:40:32.447000,1.13626,1.13622,4690000,2620000
2017-11-08 15:40:33.347000,1.13625,1.13623,1500000,1000000
2017-11-08 15:40:34.141000,1.13626,1.13624,2630000,3370000
2017-11-08 15:40:34.192000,1.13628,1.13626,1390000,1000000
2017-11-08 15:40:34.776000,1.13629,1.13627,2440000,1500000
2017-11-08 15:40:34.932000,1.13632,1.1363,6190000,1500000
2017-11-08 15:40:34.985000,1.13633,1.1363,1100000,3750000
2017-11-08 15:40:35.037000,1.13631,1.1363,1000000,2620000
2017-11-08 15:40:35.089000,1.13631,1.13629,1120000,1100000
2017-11-08 15:40:35.654000,1.1363,1.13629,1000000,1000000
2017-11-08 15:40:36.169000,1.1363,1.13628,1250000,1120000
2017-11-08 15:40:37.170000,1.1363,1.13627,4310000,1120000
2017-11-08 15:40:37.577000,1.13627,1.13625,4310000,1570000
2017-11-08 15:40:37.628000,1.13624,1.13623,1000000,1500000
2017-11-08 15:40:37.731000,1.13622,1.13621,1500000,1100000
2017-11-08 15:40:38.193000,1.13621,1.13619,1000000,1500000
2017-11-08 15:40:38.722000,1.13622,1.13619,2060000,1500000
2017-11-08 15:40:39.307000,1.13622,1.13619,3940000,1000000
2017-11-08 15:40:39.995000,1.13622,1.13619,1690000,1000000
2017-11-08 15:40:40.302000,1.1362,1.13618,1120000,1870000
2017-11-08 15:40:41.307000,1.13621,1.13618,1120000,1870000
2017-11-08 15:40:42.481000,1.13622,1.13618,2060000,3000000
2017-11-08 15:40:42.991000,1.13622,1.13618,1310000,4570000
2017-11-08 15:40:43.886000,1.13625,1.13623,3940000,1500000
2017-11-08 15:40:43.937000,1.13627,1.13625,2060000,1500000
2017-11-08 15:40:44.449000,1.13627,1.13625,1500000,2250000
2017-11-08 15:40:44.726000,1.13625,1.13624,1000000,2250000
2017-11-08 15:40:45.237000,1.13626,1.13624,1500000,1500000
2017-11-08 15:40:45.544000,1.13624,1.13623,1000000,1120000
2017-11-08 15:40:46.798000,1.13625,1.13623,1310000,1120000
2017-11-08 15:40:47.327000,1.13625,1.13624,1000000,1000000
2017-11-08 15:40:48.146000,1.13626,1.13624,1120000,1120000
2017-11-08 15:40:50.714000,1.13625,1.13624,1000000,1120000
2017-11-08 15:40:51.245000,1.13627,1.13624,3560000,1120000
2017-11-08 15:40:51.832000,1.13626,1.13625,1000000,1870000
2017-11-08 15:40:51.884000,1.1363,1.13627,3560000,1500000
2017-11-08 15:40:52.396000,1.1363,1.13627,2440000,3000000
2017-11-08 15:40:53.316000,1.13631,1.13627,2360000,3750000
2017-11-08 15:40:54.251000,1.13631,1.13627,3110000,2250000
2017-11-08 15:40:54.796000,1.13632,1.13631,1500000,1000000
2017-11-08 15:40:54.847000,1.13634,1.13631,3640000,2250000
2017-11-08 15:40:54.899000,1.13635,1.13633,1690000,1120000
2017-11-08 15:40:54.951000,1.13637,1.13634,4760000,1000000
2017-11-08 15:40:55.659000,1.13638,1.13635,3560000,1120000
2017-11-08 15:40:56.776000,1.13638,1.13635,1310000,1500000
2017-11-08 15:40:57.278000,1.13638,1.13635,3940000,1120000
2017-11-08 15:40:58.237000,1.13637,1.13634,2440000,1500000
2017-11-08 15:40:59.375000,1.13637,1.13634,1690000,1500000
2017-11-08 15:41:00.386000,1.13637,1.13634,3940000,1500000
2017-11-08 15:41:06.910000,1.13636,1.13633,2810000,1500000
2017-11-08 15:41:07.516000,1.13633,1.13631,1310000,2320000
2017-11-08 15:41:08.028000,1.13632,1.1363,1250000,1120000
2017-11-08 15:41:08.365000,1.13629,1.13627,1250000,1120000
2017-11-08 15:41:10.100000,1.13629,1.13627,1690000,1120000
2017-11-08 15:41:10.203000,1.1363,1.13628,1310000,1120000
2017-11-08 15:41:12.222000,1.13631,1.13629,1310000,1120000
2017-11-08 15:41:12.769000,1.13631,1.13629,1120000,1120000
2017-11-08 15:41:14.546000,1.13632,1.13631,1000000,1870000
2017-11-08 15:41:14.599000,1.13635,1.13632,1390000,1870000
2017-11-08 15:41:14.973000,1.13637,1.13634,2890000,3370000
2017-11-08 15:41:15.513000,1.13638,1.13635,4310000,1120000
2017-11-08 15:41:16.087000,1.13639,1.13636,3940000,2620000
2017-11-08 15:41:16.139000,1.1364,1.13637,2140000,2620000
2017-11-08 15:41:16.242000,1.13641,1.13638,2810000,1120000
2017-11-08 15:41:17.414000,1.13642,1.13638,8440000,1870000
2017-11-08 15:41:19.016000,1.1364,1.13638,1500000,1310000
2017-11-08 15:41:20.106000,1.13641,1.13637,2620000,3190000
2017-11-08 15:41:20.948000,1.13641,1.13637,2320000,2810000
2017-11-08 15:41:25.004000,1.13641,1.13638,2250000,1620000
2017-11-08 15:41:28.530000,1.13641,1.13638,1000000,4310000
2017-11-08 15:41:29.522000,1.13643,1.1364,2250000,1690000
2017-11-08 15:41:30.026000,1.13645,1.13643,2250000,1250000
2017-11-08 15:41:30.077000,1.13647,1.13644,4690000,1120000
2017-11-08 15:41:30.587000,1.13647,1.13645,2810000,1000000
2017-11-08 15:41:31.459000,1.13647,1.13644,1000000,3940000
2017-11-08 15:41:31.968000,1.13647,1.13644,3370000,1620000
2017-11-08 15:41:35.029000,1.13643,1.13641,2250000,4010000
2017-11-08 15:41:35.132000,1.13642,1.13639,1120000,4690000
2017-11-08 15:41:35.736000,1.13642,1.13639,1500000,2810000
2017-11-08 15:41:35.942000,1.13643,1.13641,1200000,2060000
2017-11-08 15:41:36.455000,1.13644,1.13642,1000000,1000000
2017-11-08 15:41:37.894000,1.13644,1.13641,2320000,5060000
2017-11-08 15:41:38.404000,1.13643,1.1364,1870000,3940000
2017-11-08 15:41:39.028000,1.13643,1.1364,2700000,2810000
2017-11-08 15:41:40.205000,1.13641,1.1364,1000000,1120000
2017-11-08 15:41:40.756000,1.13643,1.1364,4570000,1310000
2017-11-08 15:41:45.107000,1.13642,1.13639,4870000,2810000
2017-11-08 15:41:45.635000,1.13639,1.13637,1000000,2510000
2017-11-08 15:41:47.677000,1.13639,1.13636,1570000,3190000
2017-11-08 15:41:48.295000,1.13638,1.13635,1120000,3190000
2017-11-08 15:41:49.380000,1.1364,1.13637,2440000,1870000
2017-11-08 15:41:50.068000,1.1364,1.13637,2250000,3190000
2017-11-08 15:41:50.605000,1.1364,1.13637,3820000,1190000
2017-11-08 15:41:50.657000,1.13638,1.13636,1000000,1310000
2017-11-08 15:41:50.862000,1.13637,1.13635,3000000,1250000
2017-11-08 15:41:53.910000,1.13636,1.13634,1000000,1250000
2017-11-08 15:42:06.327000,1.13637,1.13633,3370000,5140000
2017-11-08 15:42:07.173000,1.13637,1.13633,1120000,7010000
2017-11-08 15:42:08.244000,1.13637,1.13633,2250000,7390000
2017-11-08 15:42:09.198000,1.13636,1.13633,1120000,3190000
2017-11-08 15:42:09.719000,1.13635,1.13632,1120000,3190000
2017-11-08 15:42:10.102000,1.13634,1.13631,1120000,3640000
2017-11-08 15:42:10.256000,1.13631,1.1363,1120000,5510000
2017-11-08 15:42:10.489000,1.13628,1.13625,1870000,2360000
2017-11-08 15:42:11.435000,1.13628,1.13625,1500000,1610000
2017-11-08 15:42:13.564000,1.13628,1.13625,1500000,1690000
2017-11-08 15:42:14.283000,1.13628,1.13625,1120000,1460000
2017-11-08 15:42:15.142000,1.13629,1.13625,4870000,2360000
2017-11-08 15:42:15.658000,1.13629,1.13626,4310000,1190000
2017-11-08 15:42:16.203000,1.13632,1.1363,3000000,3790000
2017-11-08 15:42:16.307000,1.13635,1.13632,1120000,3190000
2017-11-08 15:42:16.885000,1.13637,1.13633,9820000,2060000
2017-11-08 15:42:17.090000,1.13638,1.13635,3750000,2440000
2017-11-08 15:42:17.615000,1.13637,1.13634,1120000,4310000
2017-11-08 15:42:17.769000,1.13638,1.13636,1000000,1310000
2017-11-08 15:42:18.383000,1.13639,1.13636,1120000,1690000
2017-11-08 15:42:18.693000,1.13637,1.13635,1000000,1690000
2017-11-08 15:42:18.745000,1.13637,1.13634,2320000,1310000
2017-11-08 15:42:19.256000,1.13636,1.13634,1000000,1250000
2017-11-08 15:42:20.082000,1.13635,1.13633,1120000,1690000
2017-11-08 15:42:20.599000,1.13634,1.1363,5510000,3190000
2017-11-08 15:42:21.457000,1.13632,1.13629,1000000,4310000
2017-11-08 15:42:22.059000,1.13632,1.13629,3450000,1250000
2017-11-08 15:42:22.215000,1.13632,1.1363,1000000,1310000
2017-11-08 15:42:22.725000,1.13633,1.1363,1120000,2810000
2017-11-08 15:42:23.032000,1.13635,1.13631,3260000,2060000
2017-11-08 15:42:24.955000,1.13635,1.13632,1120000,1690000
2017-11-08 15:42:25.786000,1.13634,1.13631,2510000,1310000
2017-11-08 15:42:26.307000,1.13633,1.1363,1120000,3190000
2017-11-08 15:42:26.768000,1.13631,1.13628,1100000,5060000
2017-11-08 15:42:27.313000,1.13632,1.13629,2320000,1190000
2017-11-08 15:42:27.848000,1.13631,1.13629,1000000,1190000
2017-11-08 15:42:28.402000,1.1363,1.13627,3750000,1250000
2017-11-08 15:42:28.913000,1.13629,1.13626,1310000,2440000
2017-11-08 15:42:30.106000,1.13629,1.13626,2440000,1250000
2017-11-08 15:42:33.793000,1.13629,1.13626,1720000,1310000
2017-11-08 15:42:39.907000,1.1363,1.13629,1500000,1690000
2017-11-08 15:42:40.420000,1.13632,1.13629,7350000,2060000
2017-11-08 15:42:43.720000,1.13631,1.13628,4870000,1190000
2017-11-08 15:42:44.538000,1.13631,1.13629,1000000,7310000
2017-11-08 15:42:45.040000,1.13631,1.13628,1500000,2060000
2017-11-08 15:42:45.799000,1.13631,1.13628,1870000,1690000
2017-11-08 15:42:46.007000,1.1363,1.13627,3370000,2440000
2017-11-08 15:42:48.482000,1.13631,1.13628,6410000,1000000
2017-11-08 15:42:50.588000,1.1363,1.13627,2620000,1310000
2017-11-08 15:42:51.117000,1.1363,1.13627,1570000,1310000
2017-11-08 15:42:51.857000,1.1363,1.13628,1570000,1000000
2017-11-08 15:42:52.388000,1.1363,1.13628,1200000,1000000
2017-11-08 15:42:52.900000,1.1363,1.13627,3450000,1310000
2017-11-08 15:42:53.260000,1.13631,1.13628,6450000,1310000
2017-11-08 15:42:54.228000,1.13631,1.13628,5320000,1310000
2017-11-08 15:43:01.165000,1.1363,1.13628,3070000,1120000
2017-11-08 15:43:01.699000,1.1363,1.13628,1100000,1000000
2017-11-08 15:43:06.520000,1.13629,1.13627,1000000,1310000
2017-11-08 15:43:06.572000,1.13627,1.13625,2850000,2170000
2017-11-08 15:43:06.890000,1.13625,1.13622,1100000,4310000
2017-11-08 15:43:08.833000,1.13625,1.13622,3710000,3190000
2017-11-08 15:43:09.067000,1.13624,1.13622,1200000,1250000
2017-11-08 15:43:10.568000,1.13622,1.1362,1870000,1250000
2017-11-08 15:43:10.670000,1.13624,1.13621,1120000,2060000
2017-11-08 15:43:11.234000,1.13625,1.13622,3150000,1120000
2017-11-08 15:43:11.801000,1.13625,1.13623,1690000,1000000
2017-11-08 15:43:14.128000,1.13625,1.13622,2020000,1120000
2017-11-08 15:43:16.157000,1.13624,1.13621,1000000,2810000
2017-11-08 15:43:16.673000,1.13623,1.1362,1120000,3190000
2017-11-08 15:43:17.950000,1.13623,1.1362,1500000,2810000
2017-11-08 15:43:18.638000,1.13621,1.13619,1000000,2890000
2017-11-08 15:43:19.049000,1.13618,1.13617,1000000,1690000
2017-11-08 15:43:19.101000,1.13618,1.13615,2250000,2440000
2017-11-08 15:43:22.155000,1.13618,1.13614,3000000,4610000
2017-11-08 15:43:22.732000,1.13618,1.13615,2250000,1250000
2017-11-08 15:43:23.530000,1.13618,1.13615,2250000,1690000
2017-11-08 15:43:24.920000,1.13617,1.13615,1000000,1310000
2017-11-08 15:43:27.847000,1.13617,1.13614,1120000,4310000
2017-11-08 15:43:28.724000,1.13618,1.13616,1120000,1000000
2017-11-08 15:43:28.886000,1.13619,1.13617,1500000,2810000
2017-11-08 15:43:29.394000,1.13621,1.13618,1340000,3560000
2017-11-08 15:43:29.702000,1.13624,1.13622,1500000,2440000
2017-11-08 15:43:30.250000,1.13614,1.13611,2250000,19309999
2017-11-08 15:43:30.302000,1.13617,1.13615,1500000,1000000
2017-11-08 15:43:30.353000,1.13619,1.13617,1100000,2060000
2017-11-08 15:43:30.888000,1.1362,1.13618,1120000,1500000
2017-11-08 15:43:32.297000,1.13619,1.13618,1000000,1690000
2017-11-08 15:43:32.875000,1.1362,1.13617,1000000,2440000
2017-11-08 15:43:33.181000,1.13618,1.13616,1500000,2060000
2017-11-08 15:43:33.705000,1.13618,1.13616,1000000,2440000
2017-11-08 15:43:34.013000,1.13615,1.13614,1000000,2250000
2017-11-08 15:43:34.065000,1.13615,1.13613,1500000,1250000
2017-11-08 15:43:34.602000,1.13614,1.13612,1000000,1690000
2017-11-08 15:43:35.129000,1.13613,1.13612,1000000,1690000
2017-11-08 15:43:36.499000,1.13612,1.13611,1000000,2440000
2017-11-08 15:43:36.550000,1.13612,1.1361,1000000,2440000
2017-11-08 15:43:37.656000,1.13611,1.13609,1000000,2060000
2017-11-08 15:43:38.901000,1.13612,1.1361,1000000,1690000
2017-11-08 15:43:39.441000,1.13613,1.1361,1950000,1690000
2017-11-08 15:43:39.907000,1.13612,1.13609,1000000,3560000
2017-11-08 15:43:40.417000,1.13612,1.1361,1500000,1690000
2017-11-08 15:43:41.735000,1.13613,1.1361,5740000,2060000
2017-11-08 15:43:42.662000,1.13612,1.1361,1000000,2060000
2017-11-08 15:43:43.176000,1.13611,1.13609,1000000,2060000
2017-11-08 15:43:43.656000,1.13608,1.13607,3000000,2170000
2017-11-08 15:43:43.709000,1.13607,1.13604,2250000,1760000
2017-11-08 15:43:44.112000,1.13605,1.13603,1000000,2810000
2017-11-08 15:43:44.626000,1.13605,1.13603,1000000,1250000
2017-11-08 15:43:45.220000,1.13605,1.13602,1000000,4690000
2017-11-08 15:43:46.309000,1.13604,1.13602,1000000,1190000
2017-11-08 15:43:46.615000,1.13603,1.13601,1000000,1250000
2017-11-08 15:43:47.405000,1.13603,1.136,1120000,2810000
2017-11-08 15:43:47.955000,1.13602,1.136,1000000,1250000
2017-11-08 15:43:49.098000,1.13604,1.13601,4690000,1250000
2017-11-08 15:43:49.201000,1.13605,1.13602,1120000,2440000
2017-11-08 15:43:49.515000,1.13606,1.13603,1120000,2810000
2017-11-08 15:43:50.028000,1.13605,1.13604,1000000,1310000
2017-11-08 15:43:50.542000,1.13605,1.13604,1000000,1000000
2017-11-08 15:43:51.060000,1.13606,1.13603,1000000,3190000
2017-11-08 15:43:51.568000,1.13605,1.13603,1000000,1250000
2017-11-08 15:43:52.078000,1.13604,1.13601,1120000,2440000
2017-11-08 15:43:55.738000,1.13603,1.136,1870000,2510000
2017-11-08 15:43:56.031000,1.13602,1.136,1000000,1250000
2017-11-08 15:43:56.611000,1.13602,1.136,1000000,1250000
2017-11-08 15:43:57.131000,1.13601,1.13599,1000000,2440000
2017-11-08 15:43:57.667000,1.13602,1.13599,1000000,2440000
2017-11-08 15:44:00.110000,1.136,1.13599,1000000,2060000
2017-11-08 15:44:00.164000,1.13599,1.13597,1000000,3260000
2017-11-08 15:44:00.665000,1.13599,1.13596,1570000,2440000
2017-11-08 15:44:01.167000,1.13598,1.13595,1000000,2810000
2017-11-08 15:44:03.478000,1.13598,1.13596,1000000,1000000
2017-11-08 15:44:03.961000,1.13591,1.13588,4690000,1120000
2017-11-08 15:44:04.839000,1.13591,1.13588,3750000,1120000
2017-11-08 15:44:05.352000,1.13591,1.13589,3750000,1120000
2017-11-08 15:44:05.881000,1.13591,1.13589,1500000,1120000
2017-11-08 15:44:06.392000,1.13592,1.13589,2810000,2620000
2017-11-08 15:44:07.221000,1.13592,1.13589,1370000,2810000
2017-11-08 15:44:07.528000,1.13589,1.13587,1000000,1570000
2017-11-08 15:44:07.579000,1.13587,1.13585,3000000,1310000
2017-11-08 15:44:07.733000,1.13589,1.13588,1000000,1000000
2017-11-08 15:44:07.785000,1.13592,1.13588,6640000,2440000
2017-11-08 15:44:08.042000,1.13592,1.13591,1500000,1120000
2017-11-08 15:44:08.199000,1.13596,1.13594,3260000,1500000
2017-11-08 15:44:08.998000,1.13597,1.13594,2700000,2060000
2017-11-08 15:44:09.962000,1.13597,1.13595,1310000,1000000
2017-11-08 15:44:11.251000,1.13597,1.13594,2810000,2620000
2017-11-08 15:44:11.508000,1.13594,1.13592,3040000,3000000
2017-11-08 15:44:11.817000,1.13591,1.13589,2440000,1500000
2017-11-08 15:44:12.295000,1.1359,1.13588,2810000,2250000
2017-11-08 15:44:13.123000,1.1359,1.13589,2810000,1000000
2017-11-08 15:44:16.013000,1.1359,1.13587,7310000,1870000
2017-11-08 15:44:16.066000,1.13589,1.13586,4160000,1570000
2017-11-08 15:44:17.047000,1.13588,1.13586,3560000,1000000
2017-11-08 15:44:17.562000,1.13589,1.13587,3940000,2250000
2017-11-08 15:44:18.910000,1.13589,1.13587,2810000,2500000
2017-11-08 15:44:21.672000,1.1359,1.13588,1500000,3000000
2017-11-08 15:44:22.626000,1.13591,1.13589,2810000,2250000
2017-11-08 15:44:22.679000,1.13593,1.1359,2510000,1870000
2017-11-08 15:44:23.198000,1.13594,1.13592,2440000,1000000
2017-11-08 15:44:23.710000,1.13594,1.13591,1250000,3000000
2017-11-08 15:44:24.250000,1.13594,1.13591,2440000,1500000
2017-11-08 15:44:26.259000,1.13595,1.13592,3940000,1500000
2017-11-08 15:44:26.772000,1.13593,1.13591,1310000,1870000
2017-11-08 15:44:27.294000,1.13592,1.13591,1000000,1000000
2017-11-08 15:44:28.638000,1.13593,1.1359,1690000,1870000
2017-11-08 15:44:28.690000,1.13594,1.13593,1250000,1120000
2017-11-08 15:44:29.204000,1.13595,1.13593,1250000,2620000
2017-11-08 15:44:29.718000,1.13595,1.13594,1250000,1870000
2017-11-08 15:44:39.605000,1.13594,1.13592,1690000,4120000
2017-11-08 15:44:39.866000,1.13593,1.1359,3560000,1500000
2017-11-08 15:44:40.390000,1.13593,1.1359,4690000,1500000
2017-11-08 15:44:40.441000,1.13593,1.13592,1500000,2250000
2017-11-08 15:44:40.748000,1.13596,1.13594,4310000,1000000
2017-11-08 15:44:49.248000,1.13598,1.13597,2250000,2250000
2017-11-08 15:44:49.299000,1.136,1.13597,11810000,1500000
2017-11-08 15:44:49.504000,1.13598,1.13596,1190000,3750000
2017-11-08 15:44:50.035000,1.13598,1.13596,1190000,3750000
2017-11-08 15:44:59.823000,1.13599,1.13597,3190000,1000000
2017-11-08 15:44:59.927000,1.13599,1.13598,1250000,1120000
2017-11-08 15:45:00.446000,1.13601,1.13598,7690000,2250000
