time,ask,bid,ask_volume,bid_volume
2018-07-05 14:55:00.245000,1.1059,1.10586,5810000,2440000
2018-07-05 14:55:00.384000,1.10591,1.10588,5890000,1120000
2018-07-05 14:55:00.926000,1.10592,1.10589,3000000,1120000
2018-07-05 14:55:01.309000,1.10589,1.10588,1000000,1010000
2018-07-05 14:55:01.360000,1.10589,1.10586,1120000,1760000
2018-07-05 14:55:01.913000,1.10589,1.10586,1500000,1250000
2018-07-05 14:55:02.349000,1.10587,1.10583,3190000,3070000
2018-07-05 14:55:04.497000,1.10587,1.10584,1910000,1370000
2018-07-05 14:55:05.016000,1.10587,1.10584,2810000,1000000
2018-07-05 14:55:05.747000,1.10587,1.10583,3940000,3370000
2018-07-05 14:55:06.206000,1.10588,1.10586,3000000,1350000
2018-07-05 14:55:06.742000,1.10589,1.10586,3000000,2440000
2018-07-05 14:55:07.383000,1.10589,1.10586,1870000,2810000
2018-07-05 14:55:07.890000,1.10589,1.10587,1000000,1870000
2018-07-05 14:55:08.050000,1.10591,1.10589,3370000,1000000
2018-07-05 14:55:08.482000,1.1059,1.10587,1690000,2770000
2018-07-05 14:55:09.179000,1.10588,1.10586,1000000,1250000
2018-07-05 14:55:10.946000,1.10587,1.10585,1000000,1000000
2018-07-05 14:55:11.466000,1.10588,1.10586,1000000,2060000
2018-07-05 14:55:12.551000,1.10589,1.10586,1120000,3560000
2018-07-05 14:55:15.236000,1.10588,1.10586,1000000,2440000
2018-07-05 14:55:16.593000,1.10588,1.10585,1500000,3940000
2018-07-05 14:55:17.111000,1.10587,1.10585,1000000,1310000
2018-07-05 14:55:20.537000,1.10587,1.10585,1000000,2060000
2018-07-05 14:55:21.906000,1.10587,1.10584,1500000,3640000
2018-07-05 14:55:22.279000,1.10584,1.10581,1000000,4570000
2018-07-05 14:55:22.781000,1.10583,1.1058,1370000,2060000
2018-07-05 14:55:23.091000,1.10579,1.10577,1000000,1250000
2018-07-05 14:55:23.488000,1.10578,1.10575,1250000,4570000
2018-07-05 14:55:23.699000,1.10579,1.10576,1500000,2440000
2018-07-05 14:55:24.602000,1.1058,1.10577,1500000,2620000
2018-07-05 14:55:25.359000,1.10579,1.10577,2250000,1000000
2018-07-05 14:55:25.864000,1.10579,1.10576,1120000,2810000
2018-07-05 14:55:26.419000,1.1058,1.10577,3600000,1870000
2018-07-05 14:55:26.735000,1.10581,1.10578,3000000,1470000
2018-07-05 14:55:27.239000,1.10581,1.10578,3000000,1120000
2018-07-05 14:55:27.888000,1.1058,1.10577,2440000,1570000
2018-07-05 14:55:28.462000,1.1058,1.10577,3560000,1500000
2018-07-05 14:55:30.815000,1.10579,1.10576,1120000,3260000
2018-07-05 14:55:31.494000,1.10578,1.10576,1000000,1690000
2018-07-05 14:55:32.074000,1.10578,1.10576,1000000,2060000
2018-07-05 14:55:32.602000,1.10578,1.10576,1000000,1690000
2018-07-05 14:55:32.910000,1.10579,1.10576,1120000,4760000
2018-07-05 14:55:33.587000,1.10579,1.10576,1120000,4010000
2018-07-05 14:55:35.306000,1.10579,1.10577,1000000,1000000
2018-07-05 14:55:36.109000,1.1058,1.10577,3940000,1500000
2018-07-05 14:55:36.637000,1.10579,1.10576,1000000,5890000
2018-07-05 14:55:37.144000,1.1058,1.10577,4390000,1120000
2018-07-05 14:55:37.738000,1.10579,1.10576,1870000,2060000
2018-07-05 14:55:39.370000,1.10578,1.10576,1000000,1310000
2018-07-05 14:55:39.907000,1.10577,1.10575,1000000,1690000
2018-07-05 14:55:40.012000,1.10579,1.10576,4500000,2060000
2018-07-05 14:55:40.536000,1.10579,1.10577,1120000,1500000
2018-07-05 14:55:41.820000,1.1058,1.10578,1000000,1310000
2018-07-05 14:55:42.117000,1.10581,1.1058,1870000,1000000
2018-07-05 14:55:42.244000,1.10583,1.10581,1000000,2440000
2018-07-05 14:55:42.630000,1.10581,1.1058,1500000,1480000
2018-07-05 14:55:42.682000,1.10581,1.10578,2250000,2620000
2018-07-05 14:55:43.355000,1.10581,1.10578,2620000,2440000
2018-07-05 14:55:43.969000,1.1058,1.10578,1000000,1120000
2018-07-05 14:55:44.455000,1.10581,1.10579,5620000,1250000
2018-07-05 14:55:44.566000,1.10582,1.1058,2250000,1250000
2018-07-05 14:55:45.162000,1.10582,1.10579,3000000,1690000
2018-07-05 14:55:45.880000,1.10582,1.10579,3750000,1690000
2018-07-05 14:55:45.984000,1.1058,1.10577,3190000,3070000
2018-07-05 14:55:46.351000,1.10576,1.10575,1500000,1000000
2018-07-05 14:55:46.506000,1.10576,1.10573,1500000,2440000
2018-07-05 14:55:47.613000,1.10575,1.10573,1000000,1310000
2018-07-05 14:55:48.863000,1.10576,1.10573,2620000,2060000
2018-07-05 14:55:49.607000,1.10577,1.10575,3000000,1000000
2018-07-05 14:55:49.973000,1.10579,1.10576,3750000,1190000
2018-07-05 14:55:50.508000,1.10579,1.10577,1120000,1310000
2018-07-05 14:55:52.147000,1.1058,1.10578,1500000,1120000
2018-07-05 14:55:52.662000,1.10582,1.10579,1870000,2060000
2018-07-05 14:55:52.714000,1.10583,1.10582,2250000,1000000
2018-07-05 14:55:52.928000,1.10583,1.1058,3940000,1000000
2018-07-05 14:55:53.161000,1.10581,1.10578,2440000,1950000
2018-07-05 14:55:56.331000,1.10579,1.10577,1000000,1500000
2018-07-05 14:55:57.676000,1.1058,1.10578,1000000,1500000
2018-07-05 14:55:59.269000,1.1058,1.10578,1310000,1120000
2018-07-05 14:55:59.785000,1.1058,1.10578,1000000,1950000
2018-07-05 14:55:59.946000,1.10582,1.1058,3000000,1120000
2018-07-05 14:56:00.458000,1.10582,1.10579,2620000,2810000
2018-07-05 14:56:01.416000,1.10581,1.10579,1000000,3000000
2018-07-05 14:56:01.968000,1.10582,1.1058,1000000,3640000
2018-07-05 14:56:02.583000,1.10582,1.1058,1870000,1000000
2018-07-05 14:56:03.147000,1.10582,1.1058,1120000,1870000
2018-07-05 14:56:04.047000,1.10582,1.10579,2620000,3000000
2018-07-05 14:56:04.591000,1.10581,1.10579,1000000,2620000
2018-07-05 14:56:05.376000,1.10581,1.1058,1000000,1000000
2018-07-05 14:56:05.945000,1.10582,1.1058,2250000,1000000
2018-07-05 14:56:06.611000,1.10582,1.10579,2250000,2620000
2018-07-05 14:56:07.126000,1.10582,1.1058,1120000,2810000
2018-07-05 14:56:10.295000,1.10583,1.1058,2250000,2890000
2018-07-05 14:56:10.850000,1.10582,1.10579,1870000,4120000
2018-07-05 14:56:11.351000,1.10583,1.10581,2250000,2060000
2018-07-05 14:56:11.855000,1.10582,1.10579,3560000,1120000
2018-07-05 14:56:12.390000,1.10581,1.10579,1000000,1200000
2018-07-05 14:56:17.279000,1.10582,1.1058,1500000,1120000
2018-07-05 14:56:17.808000,1.10582,1.1058,1120000,1500000
2018-07-05 14:56:19.082000,1.10583,1.10581,2250000,1050000
2018-07-05 14:56:19.647000,1.10584,1.10582,1120000,3560000
2018-07-05 14:56:20.148000,1.10585,1.10583,1120000,1000000
2018-07-05 14:56:20.709000,1.10584,1.10582,1120000,1500000
2018-07-05 14:56:22.188000,1.10583,1.10582,1120000,1000000
2018-07-05 14:56:22.699000,1.10583,1.10581,1120000,2060000
2018-07-05 14:56:24.404000,1.10583,1.10582,1120000,1000000
2018-07-05 14:56:24.913000,1.10584,1.10581,2250000,2440000
2018-07-05 14:56:25.403000,1.10581,1.1058,1000000,1000000
2018-07-05 14:56:25.960000,1.10582,1.1058,2250000,1250000
2018-07-05 14:56:26.514000,1.10583,1.1058,4690000,1500000
2018-07-05 14:56:26.853000,1.10579,1.10578,1250000,1000000
2018-07-05 14:56:27.401000,1.10579,1.10576,1000000,6260000
2018-07-05 14:56:27.986000,1.10579,1.10576,3000000,4690000
2018-07-05 14:56:29.128000,1.10579,1.10577,1500000,1310000
2018-07-05 14:56:30.174000,1.10579,1.10576,2620000,5440000
2018-07-05 14:56:30.704000,1.10578,1.10576,1000000,4690000
2018-07-05 14:56:31.259000,1.10579,1.10576,2250000,6710000
2018-07-05 14:56:31.783000,1.1058,1.10578,1870000,1310000
2018-07-05 14:56:32.275000,1.10581,1.10578,2250000,4310000
2018-07-05 14:56:32.783000,1.10581,1.10578,1500000,4760000
2018-07-05 14:56:33.338000,1.10581,1.10578,1870000,4760000
2018-07-05 14:56:33.866000,1.1058,1.10577,2250000,4690000
2018-07-05 14:56:34.411000,1.10581,1.10578,2620000,2060000
2018-07-05 14:56:35.686000,1.10581,1.1058,1000000,1310000
2018-07-05 14:56:36.191000,1.10582,1.1058,1500000,2060000
2018-07-05 14:56:36.705000,1.10583,1.10581,2250000,2060000
2018-07-05 14:56:37.512000,1.10583,1.10581,1500000,2060000
2018-07-05 14:56:38.274000,1.10583,1.10581,1500000,1690000
2018-07-05 14:56:38.790000,1.10583,1.1058,3000000,3710000
2018-07-05 14:56:39.308000,1.10583,1.1058,3000000,1690000
2018-07-05 14:56:39.666000,1.10584,1.10581,2250000,2440000
2018-07-05 14:56:40.494000,1.10584,1.10581,3370000,2060000
2018-07-05 14:56:41.015000,1.10583,1.1058,3750000,2440000
2018-07-05 14:56:41.538000,1.10582,1.1058,1120000,1690000
2018-07-05 14:56:42.626000,1.10583,1.10581,2250000,1250000
2018-07-05 14:56:44.576000,1.10585,1.10582,2250000,5140000
2018-07-05 14:56:45.078000,1.10585,1.10582,2250000,5140000
2018-07-05 14:56:46.278000,1.10586,1.10585,1500000,1500000
2018-07-05 14:56:46.330000,1.10587,1.10585,2250000,2810000
2018-07-05 14:56:46.732000,1.1059,1.10588,2620000,1690000
2018-07-05 14:56:46.888000,1.10592,1.10589,2620000,2060000
2018-07-05 14:56:47.619000,1.10591,1.10589,1120000,1000000
2018-07-05 14:56:48.552000,1.10591,1.10588,1120000,2140000
2018-07-05 14:56:49.072000,1.1059,1.10587,1000000,6070000
2018-07-05 14:56:49.323000,1.10589,1.10586,1000000,7090000
2018-07-05 14:56:49.868000,1.10589,1.10586,1120000,2890000
2018-07-05 14:56:50.791000,1.10589,1.10586,2440000,1000000
2018-07-05 14:56:53.717000,1.10589,1.10586,1120000,2060000
2018-07-05 14:56:54.224000,1.10589,1.10586,1500000,2060000
2018-07-05 14:56:55.831000,1.10589,1.10586,2620000,2060000
2018-07-05 14:56:56.372000,1.10589,1.10586,2620000,1310000
2018-07-05 14:56:56.888000,1.10589,1.10587,1000000,1500000
2018-07-05 14:56:57.435000,1.1059,1.10587,3000000,2060000
2018-07-05 14:56:57.945000,1.10591,1.10588,3750000,1000000
2018-07-05 14:56:58.048000,1.10593,1.1059,4200000,1250000
2018-07-05 14:56:58.855000,1.10593,1.1059,2250000,1000000
2018-07-05 14:57:00.124000,1.10593,1.1059,1120000,3190000
2018-07-05 14:57:00.688000,1.10593,1.1059,1500000,2250000
2018-07-05 14:57:02.224000,1.10593,1.1059,1120000,3040000
2018-07-05 14:57:04.194000,1.10594,1.10591,3370000,1690000
2018-07-05 14:57:04.721000,1.10593,1.1059,2060000,3820000
2018-07-05 14:57:05.347000,1.10592,1.10589,1120000,3000000
2018-07-05 14:57:06.674000,1.10589,1.10588,1000000,2770000
2018-07-05 14:57:06.728000,1.10587,1.10585,1000000,1870000
2018-07-05 14:57:07.262000,1.10588,1.10585,2620000,2440000
2018-07-05 14:57:07.768000,1.10588,1.10585,3750000,1120000
2018-07-05 14:57:08.308000,1.10588,1.10585,1500000,2440000
2018-07-05 14:57:09.326000,1.10588,1.10585,1500000,2440000
2018-07-05 14:57:09.873000,1.10588,1.10585,1120000,2060000
2018-07-05 14:57:17.330000,1.10587,1.10585,1000000,1310000
2018-07-05 14:57:17.847000,1.10588,1.10585,1870000,2060000
2018-07-05 14:57:18.830000,1.10588,1.10585,1120000,2140000
2018-07-05 14:57:19.336000,1.10588,1.10585,1120000,2060000
2018-07-05 14:57:21.288000,1.10588,1.10585,2440000,1500000
2018-07-05 14:57:22.225000,1.10587,1.10585,1000000,1250000
2018-07-05 14:57:22.766000,1.10588,1.10585,3000000,2440000
2018-07-05 14:57:23.279000,1.10587,1.10585,1000000,1690000
2018-07-05 14:57:23.805000,1.10588,1.10585,2250000,2440000
2018-07-05 14:57:24.436000,1.10587,1.10584,1000000,4390000
2018-07-05 14:57:24.541000,1.10584,1.10583,1000000,1870000
2018-07-05 14:57:24.594000,1.10583,1.10581,1000000,2510000
2018-07-05 14:57:25.127000,1.10584,1.10582,1500000,1120000
2018-07-05 14:57:25.487000,1.10586,1.10583,1500000,3190000
2018-07-05 14:57:26.019000,1.10586,1.10584,1000000,1250000
2018-07-05 14:57:26.567000,1.10587,1.10584,1500000,2440000
2018-07-05 14:57:28.766000,1.10587,1.10584,1000000,2440000
2018-07-05 14:57:29.842000,1.10587,1.10585,1000000,1310000
2018-07-05 14:57:30.520000,1.10587,1.10584,1000000,3750000
2018-07-05 14:57:31.085000,1.10586,1.10584,1000000,1500000
2018-07-05 14:57:31.682000,1.10587,1.10584,2620000,1870000
2018-07-05 14:57:32.325000,1.10586,1.10584,1000000,1120000
2018-07-05 14:57:32.866000,1.10587,1.10584,2620000,2620000
2018-07-05 14:57:34.292000,1.10586,1.10584,1000000,2620000
2018-07-05 14:57:34.820000,1.10587,1.10584,1870000,2620000
2018-07-05 14:57:35.332000,1.10586,1.10584,1000000,1000000
2018-07-05 14:57:35.842000,1.10587,1.10584,3000000,1500000
2018-07-05 14:57:36.371000,1.10586,1.10584,1000000,1500000
2018-07-05 14:57:36.967000,1.10587,1.10584,4500000,1500000
2018-07-05 14:57:37.185000,1.10587,1.10585,1000000,1310000
2018-07-05 14:57:37.693000,1.10588,1.10585,2620000,1310000
2018-07-05 14:57:40.952000,1.10588,1.10585,6190000,1500000
2018-07-05 14:57:41.469000,1.10588,1.10585,6000000,1690000
2018-07-05 14:57:41.709000,1.10585,1.10582,2810000,1870000
2018-07-05 14:57:42.232000,1.10586,1.10583,1870000,2060000
2018-07-05 14:57:42.284000,1.10584,1.10583,1000000,1310000
2018-07-05 14:57:42.591000,1.10586,1.10583,3370000,1310000
2018-07-05 14:57:42.998000,1.10586,1.10584,1870000,1310000
2018-07-05 14:57:43.106000,1.10586,1.10583,1120000,2810000
2018-07-05 14:57:43.616000,1.10585,1.10583,1000000,1500000
2018-07-05 14:57:44.227000,1.10586,1.10583,7120000,1120000
2018-07-05 14:57:44.982000,1.10585,1.10583,3750000,1870000
2018-07-05 14:57:46.404000,1.10584,1.10583,1000000,1000000
2018-07-05 14:57:46.932000,1.10585,1.10583,1500000,1500000
2018-07-05 14:57:47.370000,1.10583,1.10581,1000000,4490000
2018-07-05 14:57:47.963000,1.10582,1.1058,1000000,5060000
2018-07-05 14:57:48.505000,1.10583,1.1058,3000000,4390000
2018-07-05 14:57:50.654000,1.10583,1.1058,2250000,5140000
2018-07-05 14:57:51.193000,1.10583,1.1058,2250000,4310000
2018-07-05 14:57:51.989000,1.10582,1.1058,1000000,4010000
2018-07-05 14:57:52.614000,1.10583,1.10581,1000000,2440000
2018-07-05 14:57:59.521000,1.10581,1.1058,1000000,2810000
2018-07-05 14:57:59.651000,1.10579,1.10577,1500000,2060000
2018-07-05 14:57:59.758000,1.10577,1.10573,6560000,1570000
2018-07-05 14:57:59.811000,1.10575,1.10572,1000000,2890000
2018-07-05 14:57:59.935000,1.10574,1.10572,1000000,1500000
2018-07-05 14:58:00.279000,1.10572,1.1057,1000000,2510000
2018-07-05 14:58:00.791000,1.1057,1.10569,1250000,1000000
2018-07-05 14:58:00.932000,1.10568,1.10566,1500000,1310000
2018-07-05 14:58:01.476000,1.10567,1.10566,1000000,1310000
2018-07-05 14:58:01.894000,1.10565,1.10563,1120000,1470000
2018-07-05 14:58:02.230000,1.10557,1.10555,1500000,1390000
2018-07-05 14:58:02.577000,1.10562,1.1056,1000000,2890000
2018-07-05 14:58:02.836000,1.10563,1.10561,1500000,1390000
2018-07-05 14:58:03.345000,1.10564,1.10561,1120000,1250000
2018-07-05 14:58:03.398000,1.10562,1.1056,1000000,4010000
2018-07-05 14:58:03.734000,1.10556,1.10553,1870000,3260000
2018-07-05 14:58:04.279000,1.10555,1.10553,1000000,1500000
2018-07-05 14:58:04.334000,1.10555,1.10552,5060000,2400000
2018-07-05 14:58:04.386000,1.10552,1.1055,1500000,1000000
2018-07-05 14:58:04.445000,1.10552,1.10549,4350000,2320000
2018-07-05 14:58:04.758000,1.10549,1.10548,1000000,1120000
2018-07-05 14:58:04.865000,1.10548,1.10546,2620000,1010000
2018-07-05 14:58:05.150000,1.10545,1.10543,1000000,1500000
2018-07-05 14:58:05.203000,1.10546,1.10544,2810000,1000000
2018-07-05 14:58:05.513000,1.10545,1.10542,1250000,1950000
2018-07-05 14:58:06.191000,1.10545,1.10542,2810000,1500000
2018-07-05 14:58:06.340000,1.1054,1.10538,1000000,4160000
2018-07-05 14:58:06.510000,1.10539,1.10536,3000000,1870000
2018-07-05 14:58:07.244000,1.10538,1.10535,2620000,1870000
2018-07-05 14:58:07.402000,1.10536,1.10534,1000000,3070000
2018-07-05 14:58:07.753000,1.10538,1.10535,3370000,1870000
2018-07-05 14:58:08.282000,1.10538,1.10535,3750000,1500000
2018-07-05 14:58:08.636000,1.10535,1.10534,1000000,1950000
2018-07-05 14:58:08.755000,1.10534,1.10531,3370000,1250000
2018-07-05 14:58:09.325000,1.10533,1.10531,1000000,1250000
2018-07-05 14:58:09.583000,1.10529,1.10527,1000000,2620000
2018-07-05 14:58:09.635000,1.10528,1.10525,2620000,1950000
2018-07-05 14:58:09.789000,1.10528,1.10526,1500000,2620000
2018-07-05 14:58:09.842000,1.10531,1.10528,4120000,2620000
2018-07-05 14:58:10.355000,1.10531,1.1053,1000000,1120000
2018-07-05 14:58:10.407000,1.10533,1.1053,2250000,1870000
2018-07-05 14:58:10.806000,1.10531,1.10528,1000000,8020000
2018-07-05 14:58:10.964000,1.10533,1.1053,1950000,1870000
2018-07-05 14:58:11.407000,1.10534,1.10533,1000000,1000000
2018-07-05 14:58:11.460000,1.10536,1.10534,2700000,1000000
2018-07-05 14:58:11.654000,1.10538,1.10535,2700000,1870000
2018-07-05 14:58:12.193000,1.10539,1.10536,2440000,1500000
2018-07-05 14:58:12.765000,1.10538,1.10536,1000000,1310000
2018-07-05 14:58:13.303000,1.10539,1.10536,1120000,2060000
2018-07-05 14:58:13.809000,1.10538,1.10536,1000000,1310000
2018-07-05 14:58:14.077000,1.10539,1.10537,1000000,2250000
2018-07-05 14:58:14.191000,1.10541,1.10538,2060000,4720000
2018-07-05 14:58:14.243000,1.10545,1.10544,1000000,2060000
2018-07-05 14:58:14.294000,1.10547,1.10544,4870000,2440000
2018-07-05 14:58:14.667000,1.10545,1.10543,1310000,1500000
2018-07-05 14:58:15.344000,1.10545,1.10542,1310000,2250000
2018-07-05 14:58:15.874000,1.10545,1.10542,1310000,1950000
2018-07-05 14:58:16.419000,1.10546,1.10543,2440000,1000000
2018-07-05 14:58:17.823000,1.10546,1.10543,2440000,1000000
2018-07-05 14:58:19.179000,1.10546,1.10544,1500000,1250000
2018-07-05 14:58:19.482000,1.10547,1.10544,2060000,1120000
2018-07-05 14:58:19.640000,1.10548,1.10547,3370000,1000000
2018-07-05 14:58:19.743000,1.1055,1.10547,1120000,2060000
2018-07-05 14:58:19.846000,1.10551,1.10548,1870000,1690000
2018-07-05 14:58:19.966000,1.10554,1.10551,5440000,1120000
2018-07-05 14:58:20.865000,1.10554,1.10552,1000000,1000000
2018-07-05 14:58:21.414000,1.10555,1.10552,1000000,1870000
2018-07-05 14:58:21.944000,1.10554,1.10551,3190000,1000000
2018-07-05 14:58:23.128000,1.10555,1.10554,1000000,1120000
2018-07-05 14:58:23.237000,1.10558,1.10555,1000000,2440000
2018-07-05 14:58:23.773000,1.10559,1.10556,2620000,1690000
2018-07-05 14:58:24.924000,1.10558,1.10556,1000000,1690000
2018-07-05 14:58:25.437000,1.10559,1.10556,2250000,1690000
2018-07-05 14:58:25.977000,1.10559,1.10557,1500000,1000000
2018-07-05 14:58:26.239000,1.1056,1.10558,3190000,1000000
2018-07-05 14:58:26.412000,1.10563,1.10561,1310000,1000000
2018-07-05 14:58:27.355000,1.10565,1.10562,3790000,1500000
2018-07-05 14:58:27.860000,1.10564,1.10561,1120000,2810000
2018-07-05 14:58:28.124000,1.10559,1.10558,1000000,1000000
2018-07-05 14:58:28.177000,1.10558,1.10556,1500000,2400000
2018-07-05 14:58:28.793000,1.10559,1.10557,1000000,1000000
2018-07-05 14:58:29.339000,1.10559,1.10556,1870000,2440000
2018-07-05 14:58:29.492000,1.1056,1.10557,3560000,1120000
2018-07-05 14:58:30.069000,1.10559,1.10556,1690000,2620000
2018-07-05 14:58:30.945000,1.10559,1.10556,3560000,1350000
2018-07-05 14:58:31.289000,1.10553,1.10551,1000000,1570000
2018-07-05 14:58:31.621000,1.10557,1.10554,4310000,1120000
2018-07-05 14:58:33.177000,1.10557,1.10554,1500000,2440000
2018-07-05 14:58:33.689000,1.10558,1.10555,1500000,1690000
2018-07-05 14:58:34.508000,1.10557,1.10554,2060000,1200000
2018-07-05 14:58:35.123000,1.10557,1.10554,3560000,1120000
2018-07-05 14:58:35.432000,1.10553,1.10551,1000000,1310000
2018-07-05 14:58:35.959000,1.10554,1.10551,4120000,1310000
2018-07-05 14:58:36.269000,1.10552,1.1055,1000000,1250000
2018-07-05 14:58:36.966000,1.10553,1.1055,2620000,1690000
2018-07-05 14:58:37.476000,1.10552,1.10549,2250000,2890000
2018-07-05 14:58:37.788000,1.10558,1.10555,3750000,2290000
2018-07-05 14:58:38.014000,1.1056,1.10557,2250000,1500000
2018-07-05 14:58:38.386000,1.10557,1.10554,1500000,2700000
2018-07-05 14:58:40.201000,1.10557,1.10554,1000000,2810000
2018-07-05 14:58:40.459000,1.10556,1.10553,1000000,3070000
2018-07-05 14:58:40.692000,1.10554,1.10551,1870000,2810000
2018-07-05 14:58:40.852000,1.10557,1.10554,5440000,1000000
2018-07-05 14:58:43.942000,1.10557,1.10555,1870000,1120000
2018-07-05 14:58:44.460000,1.10559,1.10556,3940000,1870000
2018-07-05 14:58:44.971000,1.10559,1.10556,3940000,1870000
2018-07-05 14:58:46.401000,1.10558,1.10556,1500000,1500000
2018-07-05 14:58:46.945000,1.10558,1.10556,1370000,1200000
2018-07-05 14:58:47.174000,1.1056,1.10559,2620000,1250000
2018-07-05 14:58:47.328000,1.10562,1.1056,2250000,1250000
2018-07-05 14:58:47.864000,1.10563,1.1056,3370000,2060000
2018-07-05 14:58:48.383000,1.10561,1.10559,1000000,4390000
2018-07-05 14:58:48.539000,1.10563,1.1056,1870000,2060000
2018-07-05 14:58:49.067000,1.10562,1.1056,1000000,1310000
2018-07-05 14:58:49.586000,1.10563,1.1056,2620000,1390000
2018-07-05 14:58:50.117000,1.10562,1.1056,1000000,1310000
2018-07-05 14:58:50.634000,1.10563,1.1056,2620000,2060000
2018-07-05 14:58:51.340000,1.10562,1.1056,1000000,1310000
2018-07-05 14:58:52.018000,1.10563,1.1056,2620000,2140000
2018-07-05 14:58:52.569000,1.10563,1.10561,1120000,1000000
2018-07-05 14:58:54.576000,1.10562,1.10561,1500000,1000000
2018-07-05 14:58:55.180000,1.10563,1.10561,2250000,1000000
2018-07-05 14:58:55.546000,1.10562,1.1056,1000000,2140000
2018-07-05 14:58:55.987000,1.10563,1.1056,1870000,2510000
2018-07-05 14:58:57.042000,1.10563,1.10561,1500000,1000000
2018-07-05 14:58:57.594000,1.10564,1.10561,1690000,3070000
2018-07-05 14:58:58.131000,1.10564,1.10561,1500000,2440000
2018-07-05 14:59:00.100000,1.10564,1.10561,1500000,2440000
2018-07-05 14:59:00.623000,1.10563,1.10561,1500000,1760000
2018-07-05 14:59:01.160000,1.10564,1.10561,1500000,2440000
2018-07-05 14:59:01.687000,1.10563,1.10561,1000000,1760000
2018-07-05 14:59:02.112000,1.10565,1.10562,3000000,1690000
2018-07-05 14:59:02.216000,1.10564,1.10561,1000000,3340000
2018-07-05 14:59:02.739000,1.10563,1.10561,1000000,2140000
2018-07-05 14:59:03.246000,1.10564,1.10561,1120000,2890000
2018-07-05 14:59:03.804000,1.10563,1.10561,1000000,1390000
2018-07-05 14:59:04.406000,1.10564,1.10561,1310000,1870000
2018-07-05 14:59:04.677000,1.10562,1.1056,1000000,8140000
2018-07-05 14:59:04.729000,1.10564,1.10561,1870000,2140000
2018-07-05 14:59:05.634000,1.10563,1.10561,1000000,1120000
2018-07-05 14:59:06.184000,1.10564,1.10561,3370000,1310000
2018-07-05 14:59:08.277000,1.10563,1.10561,1000000,1310000
2018-07-05 14:59:08.876000,1.10564,1.10561,2620000,2060000
2018-07-05 14:59:09.318000,1.10563,1.1056,1000000,5140000
2018-07-05 14:59:09.851000,1.10563,1.10561,1000000,1310000
2018-07-05 14:59:10.781000,1.10562,1.10561,1000000,1310000
2018-07-05 14:59:11.325000,1.10563,1.10561,1000000,1720000
2018-07-05 14:59:12.160000,1.10566,1.10565,1870000,2650000
2018-07-05 14:59:12.257000,1.10569,1.10566,4200000,4160000
2018-07-05 14:59:13.290000,1.10569,1.10566,1000000,5770000
2018-07-05 14:59:13.799000,1.10567,1.10566,1500000,3040000
2018-07-05 14:59:15.307000,1.10568,1.10566,1000000,3410000
2018-07-05 14:59:15.902000,1.10568,1.10566,1000000,3410000
2018-07-05 14:59:16.742000,1.10568,1.10566,1000000,3410000
2018-07-05 14:59:17.203000,1.10566,1.10564,1870000,1000000
2018-07-05 14:59:17.724000,1.10566,1.10565,1000000,1000000
2018-07-05 14:59:17.879000,1.10564,1.10561,1250000,4200000
2018-07-05 14:59:18.417000,1.10563,1.10561,1000000,1370000
2018-07-05 14:59:18.679000,1.10565,1.10562,1000000,2620000
2018-07-05 14:59:18.927000,1.10567,1.10564,1120000,4310000
2018-07-05 14:59:19.434000,1.10568,1.10565,1870000,1870000
2018-07-05 14:59:22.184000,1.10568,1.10565,1500000,2890000
2018-07-05 14:59:22.752000,1.10569,1.10566,4120000,1310000
2018-07-05 14:59:24.848000,1.10569,1.10566,1500000,2440000
2018-07-05 14:59:25.685000,1.1057,1.10568,4200000,1690000
2018-07-05 14:59:25.839000,1.10572,1.10569,4500000,1500000
2018-07-05 14:59:26.147000,1.1057,1.10568,1000000,2060000
2018-07-05 14:59:26.494000,1.10568,1.10565,1000000,5510000
2018-07-05 14:59:27.150000,1.10567,1.10565,1000000,2810000
2018-07-05 14:59:27.905000,1.10568,1.10565,3000000,5510000
2018-07-05 14:59:28.496000,1.10568,1.10566,1500000,2440000
2018-07-05 14:59:29.112000,1.10569,1.10566,2250000,2060000
2018-07-05 14:59:29.631000,1.1057,1.10568,2700000,1120000
2018-07-05 14:59:29.964000,1.10572,1.10569,1870000,1570000
2018-07-05 14:59:30.321000,1.10571,1.10568,1500000,3370000
2018-07-05 14:59:30.822000,1.1057,1.10567,1000000,6550000
2018-07-05 14:59:31.357000,1.1057,1.10567,2620000,1870000
2018-07-05 14:59:32.486000,1.10569,1.10567,1000000,1690000
2018-07-05 14:59:33.329000,1.1057,1.10567,2620000,1690000
2018-07-05 14:59:33.616000,1.10568,1.10567,1000000,1000000
2018-07-05 14:59:34.131000,1.10569,1.10566,1000000,4090000
2018-07-05 14:59:34.752000,1.1057,1.10567,3000000,1190000
2018-07-05 14:59:36.223000,1.1057,1.10567,1120000,3190000
2018-07-05 14:59:37.433000,1.1057,1.10567,1000000,3190000
2018-07-05 14:59:37.991000,1.10569,1.10567,1000000,1690000
2018-07-05 14:59:38.499000,1.1057,1.10568,1000000,1250000
2018-07-05 14:59:39.007000,1.1057,1.10567,1500000,1310000
2018-07-05 14:59:40.012000,1.10569,1.10567,1000000,1250000
2018-07-05 14:59:42.026000,1.10569,1.10567,1500000,1620000
2018-07-05 14:59:42.562000,1.10569,1.10567,1120000,1310000
2018-07-05 14:59:46.087000,1.10565,1.10564,5850000,1310000
2018-07-05 14:59:46.191000,1.10564,1.10562,1120000,1000000
2018-07-05 14:59:46.707000,1.10563,1.1056,1000000,6190000
2018-07-05 14:59:47.213000,1.10563,1.1056,1500000,2440000
2018-07-05 14:59:48.068000,1.10563,1.10561,1000000,2060000
2018-07-05 14:59:48.588000,1.10563,1.1056,1000000,6260000
2018-07-05 14:59:49.398000,1.10564,1.10561,1870000,1310000
2018-07-05 14:59:50.278000,1.10565,1.10563,2250000,1000000
2018-07-05 14:59:50.982000,1.10565,1.10562,2060000,1570000
2018-07-05 14:59:51.585000,1.10564,1.10561,1120000,1310000
2018-07-05 14:59:52.054000,1.10565,1.10562,1870000,2660000
2018-07-05 14:59:52.398000,1.10569,1.10565,4500000,3260000
2018-07-05 14:59:54.491000,1.10569,1.10565,3560000,3260000
2018-07-05 14:59:55.076000,1.10568,1.10564,2440000,3640000
2018-07-05 14:59:55.399000,1.10568,1.10564,2250000,4690000
2018-07-05 14:59:55.725000,1.10566,1.10562,1760000,2250000
2018-07-05 14:59:56.610000,1.10566,1.10562,1870000,2590000
2018-07-05 14:59:57.212000,1.10567,1.10564,4870000,1310000
2018-07-05 14:59:57.394000,1.10569,1.10565,3000000,1760000
2018-07-05 14:59:58.050000,1.1057,1.10566,6190000,1310000
2018-07-05 14:59:58.205000,1.10568,1.10565,1000000,3190000
2018-07-05 14:59:58.826000,1.10568,1.10565,2810000,1870000
2018-07-05 14:59:59.357000,1.10568,1.10565,1500000,2440000
2018-07-05 14:59:59.859000,1.10567,1.10564,1000000,4690000
2018-07-05 15:00:00.367000,1.10565,1.10562,1120000,2250000
2018-07-05 15:00:00.780000,1.10567,1.10563,3370000,2620000
2018-07-05 15:00:01.216000,1.10564,1.10561,1500000,2250000
2018-07-05 15:00:01.549000,1.10557,1.10555,2470000,1620000
2018-07-05 15:00:02.084000,1.10557,1.10554,1000000,3070000
2018-07-05 15:00:02.935000,1.10556,1.10552,3190000,3450000
2018-07-05 15:00:03.514000,1.10555,1.10552,1690000,1200000
2018-07-05 15:00:03.566000,1.10553,1.1055,2250000,1390000
2018-07-05 15:00:04.111000,1.10554,1.1055,2620000,2890000
2018-07-05 15:00:04.216000,1.10555,1.10553,1000000,1190000
2018-07-05 15:00:04.427000,1.10558,1.10555,3370000,1250000
2018-07-05 15:00:04.952000,1.10555,1.10553,3560000,3000000
2018-07-05 15:00:05.008000,1.10553,1.10551,2440000,1120000
2018-07-05 15:00:05.061000,1.10549,1.10547,1000000,1760000
2018-07-05 15:00:05.304000,1.10549,1.10545,2620000,1760000
2018-07-05 15:00:05.356000,1.10551,1.10547,3190000,2700000
2018-07-05 15:00:06.024000,1.1055,1.10546,1690000,4010000
2018-07-05 15:00:06.570000,1.10551,1.10547,2510000,3000000
2018-07-05 15:00:07.105000,1.10551,1.10548,4390000,1000000
2018-07-05 15:00:07.910000,1.10553,1.10552,1120000,1500000
2018-07-05 15:00:08.030000,1.10555,1.10553,1500000,1000000
2018-07-05 15:00:08.237000,1.10557,1.10554,2440000,1000000
2018-07-05 15:00:08.780000,1.10556,1.10553,2060000,2320000
2018-07-05 15:00:09.161000,1.10557,1.10555,3190000,1000000
2018-07-05 15:00:09.698000,1.10557,1.10554,2440000,1120000
2018-07-05 15:00:10.045000,1.10558,1.10555,1000000,2700000
2018-07-05 15:00:10.552000,1.10558,1.10555,1120000,1870000
2018-07-05 15:00:11.065000,1.10558,1.10557,1000000,1120000
2018-07-05 15:00:11.391000,1.10562,1.10559,1870000,1690000
2018-07-05 15:00:11.939000,1.1056,1.10557,3940000,1000000
2018-07-05 15:00:12.147000,1.10558,1.10556,1870000,1250000
2018-07-05 15:00:12.496000,1.10561,1.10558,3940000,1200000
2018-07-05 15:00:13.037000,1.1056,1.10557,1870000,2320000
2018-07-05 15:00:13.435000,1.10561,1.10559,3000000,1000000
2018-07-05 15:00:13.985000,1.1056,1.10557,1870000,1570000
2018-07-05 15:00:14.152000,1.10562,1.10559,2620000,1000000
2018-07-05 15:00:14.909000,1.10561,1.10559,1690000,1000000
2018-07-05 15:00:15.426000,1.10562,1.10559,1120000,1870000
2018-07-05 15:00:15.634000,1.1056,1.10558,1000000,1950000
2018-07-05 15:00:15.771000,1.10559,1.10556,1500000,1690000
2018-07-05 15:00:16.304000,1.10558,1.10556,1000000,1250000
2018-07-05 15:00:17.287000,1.10559,1.10556,1870000,1310000
2018-07-05 15:00:17.795000,1.10559,1.10557,1000000,1000000
2018-07-05 15:00:18.316000,1.1056,1.10557,4310000,1000000
2018-07-05 15:00:18.846000,1.10559,1.10556,1000000,2890000
2018-07-05 15:00:19.738000,1.10562,1.1056,3000000,1690000
2018-07-05 15:00:19.842000,1.10563,1.1056,1120000,1950000
2018-07-05 15:00:20.377000,1.10564,1.10561,3560000,1000000
2018-07-05 15:00:20.659000,1.10565,1.10564,2440000,1000000
2018-07-05 15:00:20.815000,1.10564,1.10561,1250000,5320000
2018-07-05 15:00:21.229000,1.10563,1.1056,1000000,2250000
2018-07-05 15:00:21.621000,1.1056,1.10559,1500000,1100000
2018-07-05 15:00:21.728000,1.1056,1.10557,1000000,3450000
2018-07-05 15:00:22.266000,1.10559,1.10556,2250000,1250000
2018-07-05 15:00:22.800000,1.1056,1.10558,4690000,1000000
2018-07-05 15:00:22.852000,1.10559,1.10557,1000000,1000000
2018-07-05 15:00:23.385000,1.10559,1.10556,1250000,4570000
2018-07-05 15:00:24.299000,1.10558,1.10556,1000000,1250000
2018-07-05 15:00:24.817000,1.10559,1.10556,2060000,1470000
2018-07-05 15:00:25.397000,1.10558,1.10556,1000000,1310000
2018-07-05 15:00:26.110000,1.10559,1.10556,1120000,1870000
2018-07-05 15:00:26.214000,1.10561,1.10559,1870000,1000000
2018-07-05 15:00:26.267000,1.10563,1.1056,2810000,4350000
2018-07-05 15:00:26.320000,1.10564,1.10562,3750000,1000000
2018-07-05 15:00:26.640000,1.10566,1.10563,4500000,1870000
2018-07-05 15:00:27.173000,1.10565,1.10562,3000000,1950000
2018-07-05 15:00:29.369000,1.10564,1.10561,1120000,3070000
2018-07-05 15:00:30.956000,1.10565,1.10562,3370000,1120000
2018-07-05 15:00:32.169000,1.10566,1.10563,4500000,1000000
2018-07-05 15:00:32.222000,1.10566,1.10564,1120000,1190000
2018-07-05 15:00:32.539000,1.10565,1.10563,1120000,2620000
2018-07-05 15:00:33.072000,1.10565,1.10562,4690000,1000000
2018-07-05 15:00:33.466000,1.10563,1.1056,1870000,3710000
2018-07-05 15:00:34.246000,1.10563,1.10561,1120000,1000000
2018-07-05 15:00:34.353000,1.10561,1.10559,1500000,3450000
2018-07-05 15:00:34.871000,1.10561,1.10558,2440000,1120000
2018-07-05 15:00:35.208000,1.10564,1.10561,2810000,1120000
2018-07-05 15:00:35.468000,1.10561,1.10558,1690000,3000000
2018-07-05 15:00:35.590000,1.10559,1.10557,1120000,2320000
2018-07-05 15:00:35.653000,1.10559,1.10556,1690000,2620000
2018-07-05 15:00:36.398000,1.10558,1.10556,1000000,1000000
2018-07-05 15:00:36.906000,1.10559,1.10556,3750000,1250000
2018-07-05 15:00:37.471000,1.10558,1.10556,1500000,1000000
2018-07-05 15:00:37.626000,1.10556,1.10554,2060000,1200000
2018-07-05 15:00:37.917000,1.10555,1.10552,1000000,4270000
2018-07-05 15:00:38.196000,1.10557,1.10554,5440000,1000000
2018-07-05 15:00:38.709000,1.10557,1.10554,1310000,2320000
2018-07-05 15:00:39.221000,1.10558,1.10555,3370000,1250000
2018-07-05 15:00:39.498000,1.1056,1.10557,2810000,1870000
2018-07-05 15:00:40.002000,1.1056,1.10558,1000000,1120000
2018-07-05 15:00:41.710000,1.10561,1.10558,2060000,1500000
2018-07-05 15:00:42.484000,1.1056,1.10557,1000000,4200000
2018-07-05 15:00:43.001000,1.1056,1.10557,3560000,2620000
2018-07-05 15:00:43.303000,1.10561,1.10559,1500000,1120000
2018-07-05 15:00:43.681000,1.10563,1.10561,1000000,1690000
2018-07-05 15:00:43.839000,1.10565,1.10562,3940000,1500000
2018-07-05 15:00:44.389000,1.10564,1.10561,3940000,1500000
2018-07-05 15:00:45.471000,1.10563,1.10561,1000000,1000000
2018-07-05 15:00:48.816000,1.10563,1.10561,5440000,1000000
2018-07-05 15:00:49.333000,1.10563,1.1056,2810000,2620000
2018-07-05 15:00:49.769000,1.10565,1.10562,4010000,1500000
2018-07-05 15:00:51.660000,1.10564,1.10561,1000000,4760000
2018-07-05 15:00:52.208000,1.10564,1.10562,1000000,1000000
2018-07-05 15:00:52.724000,1.10563,1.1056,2250000,3560000
2018-07-05 15:00:53.114000,1.10562,1.10559,2810000,3450000
2018-07-05 15:00:53.431000,1.10559,1.10557,1310000,1870000
2018-07-05 15:00:54.045000,1.10559,1.10557,1310000,1500000
2018-07-05 15:00:54.418000,1.10561,1.1056,1500000,1120000
2018-07-05 15:00:54.470000,1.10563,1.1056,2620000,2060000
2018-07-05 15:00:55.012000,1.10563,1.1056,2810000,1500000
2018-07-05 15:00:55.553000,1.10562,1.1056,1000000,1690000
2018-07-05 15:00:56.091000,1.10561,1.1056,1000000,1000000
2018-07-05 15:00:57.013000,1.10559,1.10558,1000000,5020000
2018-07-05 15:00:57.169000,1.10559,1.10557,1500000,1120000
2018-07-05 15:00:57.696000,1.10558,1.10556,1000000,2440000
2018-07-05 15:00:58.206000,1.10558,1.10556,3750000,2440000
2018-07-05 15:00:58.723000,1.10559,1.10556,1870000,2810000
2018-07-05 15:00:58.980000,1.10557,1.10555,1000000,3000000
2018-07-05 15:00:59.508000,1.10558,1.10555,1870000,2810000
2018-07-05 15:00:59.822000,1.10554,1.10552,3000000,1870000
2018-07-05 15:01:00.518000,1.10554,1.10551,1500000,3640000
2018-07-05 15:01:00.977000,1.10555,1.10553,1870000,1000000
2018-07-05 15:01:01.360000,1.10557,1.10554,3370000,2620000
2018-07-05 15:01:01.908000,1.10556,1.10554,1000000,1500000
2018-07-05 15:01:02.062000,1.10557,1.10555,1500000,1690000
2018-07-05 15:01:02.563000,1.10558,1.10556,1870000,1250000
2018-07-05 15:01:04.134000,1.10557,1.10556,1000000,1500000
2018-07-05 15:01:04.664000,1.10558,1.10556,1120000,1500000
2018-07-05 15:01:05.487000,1.10557,1.10556,1000000,1120000
2018-07-05 15:01:06.171000,1.10558,1.10556,1000000,2700000
2018-07-05 15:01:06.692000,1.10559,1.10556,1310000,2700000
2018-07-05 15:01:07.206000,1.10558,1.10556,1000000,2320000
2018-07-05 15:01:08.599000,1.10556,1.10555,1000000,2810000
2018-07-05 15:01:08.855000,1.10558,1.10556,3000000,1000000
2018-07-05 15:01:09.374000,1.10557,1.10556,1000000,1250000
2018-07-05 15:01:09.750000,1.10559,1.10557,1120000,1000000
2018-07-05 15:01:10.261000,1.10558,1.10556,2250000,1690000
2018-07-05 15:01:11.605000,1.10557,1.10556,1000000,1000000
2018-07-05 15:01:13.228000,1.10558,1.10555,4690000,1870000
2018-07-05 15:01:13.657000,1.10555,1.10554,1310000,1120000
2018-07-05 15:01:13.914000,1.10552,1.1055,1000000,2810000
2018-07-05 15:01:14.459000,1.10552,1.10549,1690000,3000000
2018-07-05 15:01:15.250000,1.10552,1.10549,1500000,3000000
2018-07-05 15:01:15.771000,1.10552,1.1055,1000000,1000000
2018-07-05 15:01:16.289000,1.10552,1.10549,2810000,1870000
2018-07-05 15:01:17.273000,1.10551,1.10549,1000000,2620000
2018-07-05 15:01:17.833000,1.10551,1.10549,1000000,1870000
2018-07-05 15:01:19.257000,1.10552,1.10549,1870000,5620000
2018-07-05 15:01:19.758000,1.10552,1.1055,1310000,1120000
2018-07-05 15:01:20.340000,1.10556,1.10555,1500000,1870000
2018-07-05 15:01:20.510000,1.1056,1.10557,5440000,1120000
2018-07-05 15:01:20.736000,1.10561,1.10559,1120000,1540000
2018-07-05 15:01:20.840000,1.10564,1.10561,4760000,1120000
2018-07-05 15:01:21.363000,1.10563,1.10561,1000000,1120000
2018-07-05 15:01:22.310000,1.10563,1.10561,2140000,1000000
2018-07-05 15:01:22.416000,1.10561,1.10558,3370000,3370000
2018-07-05 15:01:22.770000,1.10553,1.10552,1310000,1950000
2018-07-05 15:01:23.029000,1.1055,1.10548,1000000,3820000
2018-07-05 15:01:23.796000,1.10551,1.10548,2060000,3750000
2018-07-05 15:01:23.901000,1.10549,1.10548,1000000,1000000
2018-07-05 15:01:24.161000,1.10548,1.10545,2620000,3450000
2018-07-05 15:01:24.437000,1.10549,1.10547,1100000,1250000
2018-07-05 15:01:24.976000,1.1055,1.10547,4120000,1690000
2018-07-05 15:01:26.178000,1.1055,1.10548,1310000,1500000
2018-07-05 15:01:26.688000,1.1055,1.10547,1310000,2620000
2018-07-05 15:01:27.156000,1.10552,1.10549,2700000,3000000
2018-07-05 15:01:27.417000,1.10553,1.1055,3750000,1000000
2018-07-05 15:01:27.986000,1.10551,1.10549,1250000,1120000
2018-07-05 15:01:28.512000,1.10551,1.1055,1000000,1000000
2018-07-05 15:01:28.835000,1.10556,1.10554,1570000,1000000
2018-07-05 15:01:28.887000,1.10557,1.10554,1950000,2620000
2018-07-05 15:01:29.738000,1.10556,1.10554,1000000,2620000
2018-07-05 15:01:30.301000,1.10557,1.10555,1870000,1000000
2018-07-05 15:01:31.539000,1.10558,1.10555,4200000,1000000
2018-07-05 15:01:32.131000,1.10558,1.10556,1500000,1000000
2018-07-05 15:01:33.004000,1.1056,1.10558,1500000,4910000
2018-07-05 15:01:33.203000,1.10563,1.1056,5890000,1000000
2018-07-05 15:01:33.847000,1.10563,1.10561,1000000,1000000
2018-07-05 15:01:34.399000,1.10562,1.10561,1000000,1000000
2018-07-05 15:01:34.707000,1.10561,1.10559,2440000,1000000
2018-07-05 15:01:35.226000,1.1056,1.10558,1310000,1120000
2018-07-05 15:01:35.738000,1.10561,1.10559,2140000,1000000
2018-07-05 15:01:36.245000,1.10559,1.10558,1000000,1500000
2018-07-05 15:01:37.684000,1.1056,1.10558,1570000,1000000
2018-07-05 15:01:38.334000,1.10559,1.10558,1000000,1000000
2018-07-05 15:01:38.844000,1.10559,1.10557,1000000,2250000
2018-07-05 15:01:39.963000,1.10559,1.10558,1000000,1000000
2018-07-05 15:01:40.565000,1.10559,1.10557,1200000,3750000
2018-07-05 15:01:41.240000,1.10559,1.10558,1200000,1000000
2018-07-05 15:01:41.848000,1.10559,1.10557,1200000,3370000
2018-07-05 15:01:42.183000,1.10561,1.10559,1120000,2290000
2018-07-05 15:01:42.236000,1.10563,1.10561,1200000,3790000
2018-07-05 15:01:43.568000,1.10562,1.10561,1100000,1120000
2018-07-05 15:01:43.673000,1.10561,1.10558,5510000,1500000
2018-07-05 15:01:43.725000,1.1056,1.10557,3260000,1500000
2018-07-05 15:01:44.251000,1.1056,1.10557,4390000,1000000
2018-07-05 15:01:44.765000,1.10559,1.10556,1950000,2810000
2018-07-05 15:01:45.172000,1.1056,1.10558,2700000,1500000
2018-07-05 15:01:45.227000,1.10561,1.10559,2440000,1120000
2018-07-05 15:01:45.634000,1.10559,1.10557,1000000,1120000
2018-07-05 15:01:46.166000,1.10558,1.10556,1500000,1250000
2018-07-05 15:01:46.878000,1.10557,1.10555,1000000,3190000
2018-07-05 15:01:47.455000,1.10558,1.10556,1000000,1500000
2018-07-05 15:01:48.350000,1.10558,1.10555,1100000,3560000
2018-07-05 15:01:48.886000,1.10557,1.10555,1000000,2810000
2018-07-05 15:01:49.514000,1.10556,1.10554,1000000,1870000
2018-07-05 15:01:49.574000,1.10553,1.10551,1120000,1000000
2018-07-05 15:01:49.678000,1.10551,1.10549,2060000,1120000
2018-07-05 15:01:50.217000,1.10549,1.10547,1000000,1500000
2018-07-05 15:01:52.541000,1.1055,1.10547,3640000,1370000
2018-07-05 15:01:52.783000,1.10549,1.10546,1950000,6260000
2018-07-05 15:01:52.836000,1.10549,1.10546,1500000,5890000
2018-07-05 15:01:54.157000,1.1055,1.10548,1950000,1870000
2018-07-05 15:01:54.676000,1.10551,1.10548,1200000,5060000
2018-07-05 15:01:55.185000,1.1055,1.10547,1000000,4500000
2018-07-05 15:01:55.884000,1.1055,1.10547,1760000,1500000
2018-07-05 15:01:56.393000,1.10549,1.10546,2700000,1310000
2018-07-05 15:01:56.934000,1.10548,1.10546,1870000,1000000
2018-07-05 15:01:57.436000,1.10549,1.10546,4390000,1000000
2018-07-05 15:01:57.941000,1.10548,1.10546,1100000,1310000
2018-07-05 15:01:58.454000,1.10549,1.10546,1950000,2810000
2018-07-05 15:01:58.770000,1.10552,1.1055,1200000,1250000
2018-07-05 15:01:59.309000,1.10553,1.10551,2700000,1000000
2018-07-05 15:01:59.841000,1.10552,1.1055,1200000,1250000
2018-07-05 15:02:00.347000,1.10553,1.10551,3640000,1000000
2018-07-05 15:02:00.690000,1.10553,1.10549,5890000,2810000
2018-07-05 15:02:00.744000,1.10553,1.10551,5890000,1000000
2018-07-05 15:02:01.290000,1.10553,1.10551,1950000,1500000
2018-07-05 15:02:02.877000,1.10555,1.10553,2620000,1310000
2018-07-05 15:02:03.033000,1.10555,1.10552,1390000,2620000
2018-07-05 15:02:03.540000,1.10554,1.10551,1250000,6450000
2018-07-05 15:02:04.094000,1.10555,1.10551,3640000,5250000
2018-07-05 15:02:04.404000,1.10554,1.10551,4760000,1500000
2018-07-05 15:02:05.056000,1.10553,1.1055,3260000,1870000
2018-07-05 15:02:06.231000,1.10553,1.1055,4950000,1250000
2018-07-05 15:02:06.745000,1.10553,1.1055,5700000,1250000
2018-07-05 15:02:07.455000,1.10553,1.10551,4570000,1000000
2018-07-05 15:02:07.777000,1.10552,1.10549,5440000,1500000
2018-07-05 15:02:08.071000,1.1055,1.10547,4160000,4950000
2018-07-05 15:02:08.540000,1.10551,1.10549,1500000,1870000
2018-07-05 15:02:09.092000,1.10552,1.1055,1100000,1500000
2018-07-05 15:02:09.593000,1.10552,1.10549,3640000,1500000
2018-07-05 15:02:10.696000,1.10552,1.10549,1120000,2810000
2018-07-05 15:02:11.298000,1.10552,1.10549,1570000,3070000
2018-07-05 15:02:11.802000,1.10551,1.10549,1100000,1120000
2018-07-05 15:02:12.257000,1.10549,1.10548,1000000,1120000
2018-07-05 15:02:12.852000,1.1055,1.10549,1000000,1000000
2018-07-05 15:02:12.954000,1.10552,1.10549,4390000,1000000
2018-07-05 15:02:13.006000,1.1055,1.10548,1000000,3000000
2018-07-05 15:02:13.520000,1.10551,1.10549,1250000,1000000
2018-07-05 15:02:14.049000,1.1055,1.10549,1000000,1120000
2018-07-05 15:02:14.494000,1.10552,1.10549,1870000,1120000
2018-07-05 15:02:14.750000,1.10551,1.10549,1000000,1870000
2018-07-05 15:02:15.853000,1.10552,1.10549,1120000,1870000
2018-07-05 15:02:16.368000,1.10551,1.10549,1000000,1120000
2018-07-05 15:02:18.541000,1.10552,1.10551,1000000,1000000
2018-07-05 15:02:18.825000,1.10554,1.10551,2250000,3370000
2018-07-05 15:02:19.136000,1.10551,1.10549,1000000,3370000
2018-07-05 15:02:19.244000,1.10553,1.10549,4690000,3000000
2018-07-05 15:02:19.783000,1.10552,1.1055,1000000,1250000
2018-07-05 15:02:20.850000,1.10552,1.10549,1000000,3560000
2018-07-05 15:02:21.361000,1.10551,1.10549,1000000,3190000
2018-07-05 15:02:21.888000,1.10551,1.10549,1000000,3560000
2018-07-05 15:02:22.299000,1.10553,1.10551,1000000,2250000
2018-07-05 15:02:22.827000,1.10552,1.1055,1000000,2810000
2018-07-05 15:02:27.391000,1.10553,1.1055,2620000,2440000
2018-07-05 15:02:27.908000,1.10552,1.1055,1120000,1690000
2018-07-05 15:02:28.921000,1.10553,1.10551,1000000,2620000
2018-07-05 15:02:29.117000,1.10555,1.10553,1000000,2470000
2018-07-05 15:02:29.725000,1.10555,1.10553,1000000,1670000
2018-07-05 15:02:29.881000,1.10558,1.10554,3070000,6190000
2018-07-05 15:02:30.394000,1.10557,1.10554,1000000,6640000
2018-07-05 15:02:30.984000,1.10557,1.10555,1000000,1310000
2018-07-05 15:02:31.977000,1.10557,1.10555,1000000,3260000
2018-07-05 15:02:32.326000,1.1056,1.10557,1000000,5250000
2018-07-05 15:02:32.482000,1.10562,1.10559,2250000,1570000
2018-07-05 15:02:33.318000,1.10564,1.1056,3450000,3560000
2018-07-05 15:02:33.838000,1.10564,1.1056,3820000,3560000
2018-07-05 15:02:33.890000,1.10564,1.10562,1000000,1000000
2018-07-05 15:02:34.418000,1.10565,1.10562,3560000,1120000
2018-07-05 15:02:34.959000,1.10564,1.10562,1000000,1120000
2018-07-05 15:02:35.487000,1.10565,1.10562,2060000,1870000
2018-07-05 15:02:37.040000,1.10565,1.10562,3640000,1000000
2018-07-05 15:02:37.928000,1.10566,1.10565,3370000,2060000
2018-07-05 15:02:38.321000,1.10565,1.10562,1870000,3190000
2018-07-05 15:02:38.802000,1.10563,1.1056,1250000,4500000
2018-07-05 15:02:39.331000,1.10562,1.1056,1000000,2000000
2018-07-05 15:02:39.844000,1.10563,1.1056,3370000,1250000
2018-07-05 15:02:40.474000,1.10561,1.10558,1000000,2380000
2018-07-05 15:02:40.825000,1.10559,1.10557,1000000,1370000
2018-07-05 15:02:41.573000,1.10558,1.10556,1000000,3190000
2018-07-05 15:02:42.236000,1.10557,1.10555,1000000,1690000
2018-07-05 15:02:42.827000,1.10558,1.10556,1000000,1690000
2018-07-05 15:02:43.037000,1.1056,1.10558,1200000,1310000
2018-07-05 15:02:43.353000,1.10561,1.10559,1000000,2060000
2018-07-05 15:02:43.867000,1.10562,1.10559,1120000,2060000
2018-07-05 15:02:44.356000,1.10563,1.10561,1000000,2440000
2018-07-05 15:02:44.459000,1.10565,1.10561,2250000,4010000
2018-07-05 15:02:44.987000,1.10564,1.10561,1000000,3940000
2018-07-05 15:02:45.564000,1.10564,1.10561,1870000,3560000
2018-07-05 15:02:46.069000,1.10565,1.10561,2320000,4310000
2018-07-05 15:02:46.638000,1.10564,1.10561,1000000,4310000
2018-07-05 15:02:48.207000,1.10565,1.10561,4200000,4310000
2018-07-05 15:02:49.402000,1.10564,1.10562,1000000,1310000
2018-07-05 15:02:50.237000,1.10565,1.10563,1000000,1190000
2018-07-05 15:02:50.487000,1.10565,1.10562,2250000,3940000
2018-07-05 15:02:50.898000,1.10563,1.10562,1000000,1000000
2018-07-05 15:02:51.487000,1.10564,1.10562,1500000,1000000
2018-07-05 15:02:52.037000,1.10563,1.10561,1000000,2060000
2018-07-05 15:02:52.548000,1.10564,1.10561,2620000,2060000
2018-07-05 15:02:53.513000,1.10564,1.10561,1500000,4390000
2018-07-05 15:02:54.991000,1.10564,1.10561,3000000,3190000
2018-07-05 15:02:55.509000,1.10564,1.10561,2250000,3190000
2018-07-05 15:02:56.088000,1.10564,1.10561,2250000,2060000
2018-07-05 15:02:56.934000,1.10564,1.10561,1870000,3560000
2018-07-05 15:02:57.650000,1.10564,1.10561,1870000,2440000
2018-07-05 15:02:58.232000,1.10564,1.10561,1870000,2440000
2018-07-05 15:02:59.122000,1.10563,1.1056,1120000,6260000
2018-07-05 15:03:00.846000,1.10561,1.1056,1120000,1250000
2018-07-05 15:03:01.369000,1.10562,1.10559,3640000,1120000
2018-07-05 15:03:01.871000,1.10561,1.10558,2250000,3560000
2018-07-05 15:03:01.975000,1.10559,1.10556,3370000,5960000
2018-07-05 15:03:02.499000,1.10559,1.10556,3370000,1310000
2018-07-05 15:03:06.313000,1.10558,1.10555,1870000,2890000
2018-07-05 15:03:06.816000,1.10558,1.10555,1870000,2890000
2018-07-05 15:03:07.452000,1.10558,1.10555,2250000,2440000
2018-07-05 15:03:08.002000,1.10557,1.10555,1500000,1250000
2018-07-05 15:03:10.633000,1.10555,1.10553,1000000,2440000
2018-07-05 15:03:11.178000,1.10554,1.10552,1000000,1690000
2018-07-05 15:03:11.685000,1.10553,1.10551,1120000,1000000
2018-07-05 15:03:12.200000,1.10554,1.10551,2060000,2620000
2018-07-05 15:03:13.678000,1.10554,1.10551,1120000,3640000
2018-07-05 15:03:14.014000,1.10554,1.10551,3940000,1000000
2018-07-05 15:03:15.501000,1.10553,1.1055,4870000,1310000
2018-07-05 15:03:16.275000,1.10553,1.10551,1500000,1190000
2018-07-05 15:03:16.576000,1.10556,1.10553,2250000,5360000
2018-07-05 15:03:18.008000,1.10556,1.10553,1500000,3640000
2018-07-05 15:03:19.421000,1.10556,1.10553,1500000,5890000
2018-07-05 15:03:19.934000,1.10558,1.10556,1000000,1310000
2018-07-05 15:03:20.295000,1.10559,1.10556,2250000,1690000
2018-07-05 15:03:22.386000,1.10559,1.10556,2250000,3940000
2018-07-05 15:03:23.330000,1.1056,1.10557,1120000,2810000
2018-07-05 15:03:24.325000,1.10561,1.10558,1120000,2810000
2018-07-05 15:03:24.538000,1.10563,1.10561,2250000,2060000
2018-07-05 15:03:26.206000,1.10564,1.1056,3560000,3370000
2018-07-05 15:03:26.574000,1.10561,1.10559,1000000,2250000
2018-07-05 15:03:27.120000,1.10561,1.10558,1250000,4870000
2018-07-05 15:03:27.793000,1.10561,1.10558,2060000,2620000
2018-07-05 15:03:28.706000,1.1056,1.10557,5440000,2250000
2018-07-05 15:03:29.053000,1.10562,1.10559,4010000,1000000
2018-07-05 15:03:30.009000,1.10561,1.10559,1310000,2250000
2018-07-05 15:03:31.354000,1.10563,1.10559,3560000,3190000
2018-07-05 15:03:36.407000,1.10563,1.1056,2060000,1120000
2018-07-05 15:03:36.934000,1.10563,1.1056,1690000,1500000
2018-07-05 15:03:38.055000,1.10562,1.1056,1000000,1870000
2018-07-05 15:03:38.583000,1.10563,1.1056,3190000,1000000
2018-07-05 15:03:42.091000,1.10562,1.10559,1870000,4120000
2018-07-05 15:03:42.749000,1.10563,1.1056,2810000,1000000
2018-07-05 15:03:43.303000,1.10562,1.10559,1370000,3750000
2018-07-05 15:03:43.839000,1.10562,1.1056,1370000,1000000
2018-07-05 15:03:45.968000,1.10563,1.10559,3560000,3450000
2018-07-05 15:03:46.507000,1.10562,1.10559,1120000,1500000
2018-07-05 15:03:47.402000,1.10562,1.10558,3560000,5620000
2018-07-05 15:03:48.153000,1.10562,1.10559,3560000,1000000
2018-07-05 15:03:50.055000,1.10559,1.10556,1870000,2890000
2018-07-05 15:03:51.098000,1.10559,1.10556,2620000,1250000
2018-07-05 15:03:51.468000,1.10558,1.10554,4310000,4500000
2018-07-05 15:03:52.018000,1.10558,1.10554,4390000,3000000
2018-07-05 15:03:53.883000,1.10555,1.10553,2440000,1000000
2018-07-05 15:03:54.206000,1.10554,1.10551,3560000,1000000
2018-07-05 15:03:54.728000,1.10553,1.1055,1000000,3750000
2018-07-05 15:03:55.094000,1.10554,1.10551,2250000,1870000
2018-07-05 15:03:55.605000,1.10554,1.10552,1120000,1120000
2018-07-05 15:03:56.793000,1.10555,1.10551,4120000,4690000
2018-07-05 15:03:57.339000,1.10555,1.10552,3750000,2060000
2018-07-05 15:03:57.905000,1.10555,1.10552,5060000,1000000
2018-07-05 15:03:58.447000,1.10554,1.1055,4690000,7950000
2018-07-05 15:03:58.983000,1.10553,1.1055,1000000,5250000
2018-07-05 15:03:59.799000,1.10553,1.1055,1000000,5440000
2018-07-05 15:04:00.347000,1.10554,1.10551,1120000,4310000
2018-07-05 15:04:01.069000,1.10554,1.10551,1120000,4310000
2018-07-05 15:04:06.069000,1.10555,1.10553,1500000,1500000
2018-07-05 15:04:06.379000,1.10559,1.10555,5510000,2810000
2018-07-05 15:04:06.926000,1.10557,1.10554,2060000,2250000
2018-07-05 15:04:07.030000,1.10555,1.10552,2810000,2700000
2018-07-05 15:04:07.653000,1.10554,1.10551,2620000,2250000
2018-07-05 15:04:08.201000,1.10555,1.10553,1500000,1000000
2018-07-05 15:04:08.716000,1.10556,1.10553,3560000,1500000
2018-07-05 15:04:10.718000,1.10554,1.10552,1870000,1870000
2018-07-05 15:04:10.901000,1.10554,1.1055,4690000,4500000
2018-07-05 15:04:11.433000,1.10554,1.1055,4310000,5250000
2018-07-05 15:04:12.153000,1.10554,1.10552,1120000,3370000
2018-07-05 15:04:13.397000,1.10554,1.10551,2620000,3000000
2018-07-05 15:04:14.165000,1.10553,1.1055,1000000,5250000
2018-07-05 15:04:14.562000,1.10554,1.10552,1120000,3190000
2018-07-05 15:04:16.703000,1.10554,1.10551,3560000,1120000
2018-07-05 15:04:17.229000,1.10554,1.10551,1120000,3370000
2018-07-05 15:04:19.194000,1.10555,1.10553,1500000,1870000
2018-07-05 15:04:19.781000,1.10556,1.10553,1500000,2620000
2018-07-05 15:04:20.330000,1.10556,1.10554,1500000,1120000
2018-07-05 15:04:20.653000,1.10557,1.10556,1000000,1250000
2018-07-05 15:04:20.798000,1.10558,1.10556,1120000,1690000
2018-07-05 15:04:23.248000,1.10555,1.10554,1000000,1120000
2018-07-05 15:04:23.301000,1.10553,1.1055,2250000,2890000
2018-07-05 15:04:23.510000,1.10553,1.10552,1000000,1000000
2018-07-05 15:04:23.930000,1.10553,1.1055,1120000,3940000
2018-07-05 15:04:24.453000,1.10555,1.10551,4690000,3560000
2018-07-05 15:04:24.979000,1.10553,1.1055,1120000,3190000
2018-07-05 15:04:28.681000,1.10553,1.1055,1870000,2810000
2018-07-05 15:04:30.065000,1.10553,1.1055,1870000,2810000
2018-07-05 15:04:36.336000,1.10553,1.1055,2620000,2810000
2018-07-05 15:04:37.600000,1.10553,1.1055,2620000,2890000
2018-07-05 15:04:38.810000,1.10553,1.1055,2250000,3640000
2018-07-05 15:04:39.375000,1.10555,1.10552,3750000,2320000
2018-07-05 15:04:39.924000,1.10554,1.10551,3940000,1200000
2018-07-05 15:04:40.459000,1.10554,1.10552,1500000,1570000
2018-07-05 15:04:40.996000,1.10554,1.1055,4310000,4010000
2018-07-05 15:04:41.530000,1.10554,1.10552,2250000,1370000
2018-07-05 15:04:42.228000,1.10555,1.10553,2630000,2250000
2018-07-05 15:04:42.742000,1.10555,1.10552,3380000,1760000
2018-07-05 15:04:45.466000,1.10555,1.10553,1000000,3640000
2018-07-05 15:04:45.800000,1.10557,1.10555,1120000,1190000
2018-07-05 15:04:45.911000,1.10557,1.10554,1120000,3820000
2018-07-05 15:04:46.023000,1.10556,1.10554,3750000,1000000
2018-07-05 15:04:46.261000,1.10555,1.10552,4870000,1200000
2018-07-05 15:04:47.047000,1.10554,1.10551,4310000,1450000
2018-07-05 15:04:48.050000,1.10554,1.10551,1690000,3450000
2018-07-05 15:04:49.291000,1.10554,1.10551,1500000,5320000
2018-07-05 15:04:51.411000,1.10554,1.10551,4310000,4200000
2018-07-05 15:04:53.699000,1.10554,1.10551,3940000,1950000
2018-07-05 15:04:55.237000,1.10553,1.10551,1000000,1950000
2018-07-05 15:05:03.324000,1.10553,1.10551,1120000,3070000
2018-07-05 15:05:06.517000,1.10554,1.10551,3560000,4200000
2018-07-05 15:05:07.555000,1.10554,1.10552,1120000,3560000
2018-07-05 15:05:07.607000,1.10556,1.10554,1120000,1120000
2018-07-05 15:05:07.971000,1.10559,1.10556,2890000,2620000
2018-07-05 15:05:09.215000,1.10559,1.10556,1500000,5440000
2018-07-05 15:05:09.719000,1.1056,1.10557,5060000,2620000
2018-07-05 15:05:10.732000,1.1056,1.10557,2250000,3940000
2018-07-05 15:05:11.258000,1.1056,1.10557,1500000,5660000
2018-07-05 15:05:11.809000,1.1056,1.10557,3940000,2250000
2018-07-05 15:05:14.308000,1.10559,1.10557,3000000,1500000
2018-07-05 15:05:14.813000,1.10559,1.10556,3190000,4120000
2018-07-05 15:05:15.135000,1.10553,1.10551,1250000,1870000
2018-07-05 15:05:15.469000,1.10552,1.1055,3190000,1000000
2018-07-05 15:05:15.678000,1.10549,1.10546,1500000,1460000
2018-07-05 15:05:15.977000,1.1055,1.10547,3000000,3260000
2018-07-05 15:05:16.499000,1.10551,1.10548,2810000,1870000
2018-07-05 15:05:18.019000,1.1055,1.10547,1690000,3000000
2018-07-05 15:05:18.219000,1.10548,1.10545,3750000,2440000
2018-07-05 15:05:19.158000,1.10547,1.10544,3190000,1000000
2018-07-05 15:05:19.638000,1.10545,1.10542,1250000,2620000
2018-07-05 15:05:20.199000,1.10545,1.10541,3190000,3560000
2018-07-05 15:05:20.513000,1.10543,1.10539,4310000,2810000
2018-07-05 15:05:21.241000,1.1054,1.10538,3190000,1570000
2018-07-05 15:05:21.293000,1.10539,1.10536,1500000,1310000
2018-07-05 15:05:22.503000,1.1054,1.10537,5810000,1000000
2018-07-05 15:05:23.010000,1.10539,1.10536,1120000,2250000
2018-07-05 15:05:23.653000,1.10539,1.10537,1120000,1000000
2018-07-05 15:05:25.386000,1.10539,1.10536,1120000,4120000
2018-07-05 15:05:25.992000,1.10539,1.10536,1870000,1500000
2018-07-05 15:05:26.507000,1.10539,1.10537,1690000,1120000
2018-07-05 15:05:28.045000,1.10539,1.10536,2620000,1250000
2018-07-05 15:05:29.972000,1.10536,1.10535,2810000,1000000
2018-07-05 15:05:30.131000,1.10535,1.10532,2810000,3000000
2018-07-05 15:05:31.048000,1.10534,1.10531,1500000,2810000
2018-07-05 15:05:31.919000,1.10535,1.10532,3560000,1120000
2018-07-05 15:05:32.024000,1.10536,1.10534,3940000,1000000
2018-07-05 15:05:32.077000,1.10538,1.10535,1000000,3000000
2018-07-05 15:05:32.654000,1.10539,1.10536,2440000,1120000
2018-07-05 15:05:34.798000,1.1054,1.10537,2250000,1870000
2018-07-05 15:05:35.344000,1.10541,1.10538,2810000,2250000
2018-07-05 15:05:35.967000,1.10541,1.10538,2810000,1870000
2018-07-05 15:05:37.088000,1.10542,1.10538,3190000,3750000
2018-07-05 15:05:37.649000,1.10541,1.10538,1310000,3000000
2018-07-05 15:05:38.774000,1.10541,1.10538,1870000,3370000
2018-07-05 15:05:39.313000,1.10542,1.10539,2810000,1120000
2018-07-05 15:05:41.131000,1.10542,1.1054,1000000,1000000
2018-07-05 15:05:41.651000,1.10543,1.1054,2440000,3600000
2018-07-05 15:05:42.005000,1.10542,1.1054,2810000,1000000
2018-07-05 15:05:42.664000,1.10542,1.10539,3560000,2620000
2018-07-05 15:05:44.153000,1.10541,1.10539,2060000,1000000
2018-07-05 15:05:45.270000,1.10541,1.10538,2810000,1870000
2018-07-05 15:05:46.377000,1.10541,1.10538,2440000,1120000
2018-07-05 15:05:49.784000,1.10541,1.10538,1000000,2890000
2018-07-05 15:05:50.291000,1.10541,1.10538,1000000,2890000
2018-07-05 15:05:50.792000,1.10541,1.10538,1000000,2890000
2018-07-05 15:05:53.894000,1.10541,1.10538,1500000,2700000
2018-07-05 15:05:56.964000,1.10541,1.10539,1000000,1000000
2018-07-05 15:05:57.223000,1.10545,1.10542,3190000,1500000
2018-07-05 15:05:57.675000,1.10546,1.10543,4500000,2660000
2018-07-05 15:05:58.497000,1.10546,1.10542,3940000,4800000
2018-07-05 15:05:58.811000,1.10543,1.10541,1000000,1570000
2018-07-05 15:05:58.865000,1.10543,1.1054,1120000,5440000
2018-07-05 15:05:59.140000,1.10542,1.10539,2620000,4200000
2018-07-05 15:05:59.298000,1.10544,1.10541,2440000,3000000
2018-07-05 15:05:59.941000,1.10544,1.10541,1870000,3750000
2018-07-05 15:06:00.310000,1.10545,1.10542,1500000,3190000
2018-07-05 15:06:01.011000,1.10546,1.10542,5620000,4390000
2018-07-05 15:06:02.595000,1.10545,1.10543,1500000,1000000
2018-07-05 15:06:03.204000,1.10546,1.10543,4120000,1690000
2018-07-05 15:06:04.119000,1.10545,1.10543,1000000,1870000
2018-07-05 15:06:04.624000,1.10544,1.10542,1500000,1120000
2018-07-05 15:06:04.965000,1.10541,1.10538,1310000,3820000
2018-07-05 15:06:05.020000,1.10541,1.10537,6190000,2510000
2018-07-05 15:06:05.555000,1.10541,1.10537,3940000,4010000
2018-07-05 15:06:06.129000,1.1054,1.10537,1120000,1390000
2018-07-05 15:06:07.903000,1.10541,1.10537,4690000,3260000
2018-07-05 15:06:10.586000,1.10541,1.10537,3750000,3640000
2018-07-05 15:06:11.824000,1.10541,1.10539,2250000,1000000
2018-07-05 15:06:11.947000,1.10542,1.10541,2250000,2290000
2018-07-05 15:06:12.062000,1.10545,1.10541,5060000,6110000
2018-07-05 15:06:12.662000,1.10544,1.10541,1500000,3190000
2018-07-05 15:06:12.869000,1.10546,1.10543,4870000,1250000
2018-07-05 15:06:14.696000,1.10545,1.10542,1120000,3560000
2018-07-05 15:06:15.091000,1.10542,1.10539,4310000,1500000
2018-07-05 15:06:15.782000,1.10542,1.10539,5060000,1120000
2018-07-05 15:06:17.347000,1.10542,1.1054,3000000,1310000
2018-07-05 15:06:17.872000,1.10543,1.1054,1500000,2440000
2018-07-05 15:06:19.134000,1.10544,1.1054,3000000,4310000
2018-07-05 15:06:19.640000,1.10543,1.1054,5060000,1000000
2018-07-05 15:06:20.162000,1.10544,1.10541,3000000,2060000
2018-07-05 15:06:20.265000,1.10545,1.10541,3370000,5810000
2018-07-05 15:06:21.068000,1.10546,1.10542,6370000,4310000
2018-07-05 15:06:21.786000,1.10546,1.10542,3190000,5890000
2018-07-05 15:06:22.873000,1.10546,1.10542,3190000,4390000
2018-07-05 15:06:23.260000,1.10541,1.10539,1870000,1000000
2018-07-05 15:06:23.313000,1.10541,1.10537,3190000,5140000
2018-07-05 15:06:29.582000,1.10539,1.10536,1000000,5810000
2018-07-05 15:06:29.635000,1.10537,1.10535,5850000,1000000
2018-07-05 15:06:29.687000,1.10534,1.10532,1500000,1500000
2018-07-05 15:06:29.792000,1.10535,1.10532,1870000,2890000
2018-07-05 15:06:29.897000,1.10534,1.10532,1000000,2440000
2018-07-05 15:06:32.578000,1.10535,1.10532,1120000,2810000
2018-07-05 15:06:33.125000,1.10535,1.10532,2440000,1500000
2018-07-05 15:06:33.632000,1.10535,1.10532,2250000,1690000
2018-07-05 15:06:35.428000,1.10535,1.10532,1500000,1690000
2018-07-05 15:06:35.940000,1.10535,1.10532,1500000,1690000
2018-07-05 15:06:36.664000,1.10535,1.10532,1000000,2440000
2018-07-05 15:06:37.512000,1.10535,1.10532,1870000,2060000
2018-07-05 15:06:38.344000,1.10536,1.10532,4870000,3190000
2018-07-05 15:06:38.942000,1.10535,1.10532,1000000,2440000
2018-07-05 15:06:39.516000,1.10535,1.10532,1620000,1870000
2018-07-05 15:06:39.699000,1.10536,1.10532,4690000,3190000
2018-07-05 15:06:39.907000,1.10537,1.10535,1870000,2440000
2018-07-05 15:06:39.959000,1.10539,1.10536,1120000,3190000
2018-07-05 15:06:41.421000,1.10539,1.10536,3560000,1000000
2018-07-05 15:06:41.960000,1.1054,1.10536,5440000,2810000
2018-07-05 15:06:42.866000,1.1054,1.10537,3370000,1310000
2018-07-05 15:06:42.970000,1.10541,1.10538,1870000,2810000
2018-07-05 15:06:47.604000,1.10542,1.10538,6560000,3940000
2018-07-05 15:06:47.727000,1.10543,1.10539,3940000,3940000
2018-07-05 15:06:48.040000,1.10546,1.10543,1000000,2440000
2018-07-05 15:06:48.356000,1.10548,1.10547,2250000,1870000
2018-07-05 15:06:48.409000,1.10547,1.10544,1000000,5140000
2018-07-05 15:06:48.563000,1.10547,1.10543,5060000,2440000
2018-07-05 15:06:48.772000,1.10544,1.10541,1120000,6640000
2018-07-05 15:06:49.163000,1.10543,1.1054,1120000,2810000
2018-07-05 15:06:49.704000,1.10542,1.10538,3000000,6640000
2018-07-05 15:06:50.553000,1.10542,1.10539,1000000,3260000
2018-07-05 15:06:51.080000,1.10543,1.1054,1870000,1250000
2018-07-05 15:06:52.103000,1.10544,1.1054,5620000,2060000
2018-07-05 15:06:52.649000,1.10543,1.1054,1500000,1310000
2018-07-05 15:06:54.317000,1.10545,1.10542,3560000,1870000
2018-07-05 15:06:54.839000,1.10545,1.10542,1310000,1870000
2018-07-05 15:06:56.799000,1.10546,1.10543,2810000,1000000
2018-07-05 15:06:57.419000,1.10545,1.10542,2440000,2620000
2018-07-05 15:06:57.961000,1.10545,1.10542,3190000,1000000
2018-07-05 15:06:59.730000,1.10546,1.10542,3750000,3190000
2018-07-05 15:07:00.843000,1.10546,1.10544,1370000,1000000
2018-07-05 15:07:01.430000,1.10546,1.10543,2060000,1120000
2018-07-05 15:07:01.931000,1.10545,1.10543,1310000,1000000
2018-07-05 15:07:02.871000,1.10545,1.10542,2140000,1000000
2018-07-05 15:07:03.411000,1.10545,1.10542,2510000,1000000
2018-07-05 15:07:03.804000,1.10542,1.1054,1000000,1500000
2018-07-05 15:07:04.328000,1.10542,1.10539,3190000,1120000
2018-07-05 15:07:05.946000,1.10542,1.10541,3000000,1250000
2018-07-05 15:07:06.102000,1.10544,1.10542,1570000,1000000
2018-07-05 15:07:06.587000,1.10546,1.10543,3640000,1000000
2018-07-05 15:07:07.108000,1.10545,1.10543,1250000,1000000
2018-07-05 15:07:10.502000,1.10546,1.10543,3820000,1690000
2018-07-05 15:07:11.020000,1.10547,1.10543,5510000,2440000
2018-07-05 15:07:11.544000,1.10547,1.10544,1200000,1690000
2018-07-05 15:07:11.857000,1.10548,1.10545,1870000,2810000
2018-07-05 15:07:12.674000,1.10548,1.10547,1000000,1310000
2018-07-05 15:07:12.726000,1.1055,1.10548,1570000,1000000
2018-07-05 15:07:13.284000,1.10551,1.10548,1690000,1870000
2018-07-05 15:07:13.809000,1.10552,1.10549,1870000,1250000
2018-07-05 15:07:14.494000,1.10552,1.1055,1500000,1000000
2018-07-05 15:07:21.405000,1.10553,1.10551,1000000,1000000
2018-07-05 15:07:24.133000,1.10554,1.10551,4580000,1250000
2018-07-05 15:07:24.676000,1.10554,1.10551,4580000,1250000
2018-07-05 15:07:25.224000,1.10556,1.10552,4760000,2250000
2018-07-05 15:07:25.610000,1.10557,1.10555,1470000,1000000
2018-07-05 15:07:25.662000,1.10557,1.10555,1100000,1000000
2018-07-05 15:07:25.872000,1.10555,1.10553,1250000,3000000
2018-07-05 15:07:26.390000,1.10554,1.10552,1000000,2250000
2018-07-05 15:07:31.584000,1.10554,1.10552,1870000,1000000
2018-07-05 15:07:32.136000,1.10554,1.10553,1870000,1000000
2018-07-05 15:07:32.286000,1.10558,1.10556,1000000,2060000
2018-07-05 15:07:32.339000,1.1056,1.10558,3070000,1120000
2018-07-05 15:07:32.847000,1.1056,1.10557,1870000,2060000
2018-07-05 15:07:33.587000,1.1056,1.10557,1870000,2060000
2018-07-05 15:07:34.436000,1.1056,1.10557,2620000,1690000
2018-07-05 15:07:35.140000,1.10556,1.10554,2250000,1120000
2018-07-05 15:07:35.245000,1.10553,1.1055,1500000,1310000
2018-07-05 15:07:35.854000,1.10551,1.10549,1000000,4310000
2018-07-05 15:07:36.190000,1.1055,1.10547,3370000,2810000
2018-07-05 15:07:36.295000,1.10548,1.10546,1500000,1870000
2018-07-05 15:07:36.817000,1.10549,1.10547,1000000,1000000
2018-07-05 15:07:37.128000,1.10552,1.10549,2250000,3560000
2018-07-05 15:07:37.617000,1.10552,1.10548,5240000,3560000
2018-07-05 15:07:38.259000,1.1055,1.10547,2060000,3450000
2018-07-05 15:07:38.774000,1.10551,1.10548,3940000,1000000
2018-07-05 15:07:39.197000,1.10549,1.10547,1000000,3190000
2018-07-05 15:07:39.302000,1.10552,1.10548,7690000,2060000
2018-07-05 15:07:40.312000,1.1055,1.10547,1000000,4690000
2018-07-05 15:07:40.826000,1.10549,1.10546,3370000,1250000
2018-07-05 15:07:41.671000,1.10549,1.10548,1500000,1000000
2018-07-05 15:07:41.827000,1.10551,1.10548,3000000,1250000
2018-07-05 15:07:42.417000,1.10551,1.10548,3000000,1000000
2018-07-05 15:07:45.007000,1.10551,1.10548,3000000,1250000
2018-07-05 15:07:47.036000,1.10551,1.10548,1500000,1690000
2018-07-05 15:07:47.587000,1.10552,1.10549,1870000,1310000
2018-07-05 15:07:47.898000,1.10553,1.10552,1000000,1000000
2018-07-05 15:07:48.114000,1.10556,1.10553,1950000,1500000
2018-07-05 15:07:48.322000,1.10557,1.10554,4500000,1190000
2018-07-05 15:07:48.519000,1.10559,1.10556,1120000,2060000
2018-07-05 15:07:49.489000,1.1056,1.10556,6450000,4690000
2018-07-05 15:07:49.945000,1.10562,1.10561,1500000,1250000
2018-07-05 15:07:50.050000,1.10561,1.10558,3370000,2700000
2018-07-05 15:07:50.553000,1.1056,1.10557,1870000,1250000
2018-07-05 15:07:51.068000,1.10562,1.10559,3450000,1000000
2018-07-05 15:07:51.614000,1.10562,1.1056,1950000,1000000
2018-07-05 15:07:52.545000,1.10562,1.10559,1000000,2810000
2018-07-05 15:07:52.859000,1.10563,1.1056,3000000,1690000
2018-07-05 15:07:54.236000,1.10564,1.10562,3000000,1000000
2018-07-05 15:07:55.565000,1.10565,1.10561,5140000,3560000
2018-07-05 15:07:56.080000,1.10564,1.10561,1870000,1690000
2018-07-05 15:07:56.685000,1.10563,1.1056,1000000,3600000
2018-07-05 15:07:57.826000,1.10564,1.1056,6000000,3560000
2018-07-05 15:07:58.557000,1.10563,1.10559,2620000,5440000
2018-07-05 15:07:59.088000,1.10563,1.10559,4200000,1690000
2018-07-05 15:07:59.954000,1.10563,1.1056,3450000,1000000
2018-07-05 15:08:00.460000,1.10563,1.1056,3070000,1310000
2018-07-05 15:08:01.220000,1.10563,1.1056,1000000,2060000
2018-07-05 15:08:01.726000,1.10564,1.10561,3070000,1120000
2018-07-05 15:08:02.040000,1.10563,1.10559,1870000,5060000
2018-07-05 15:08:03.240000,1.10561,1.10558,2250000,2250000
2018-07-05 15:08:03.778000,1.10562,1.10558,1870000,4310000
2018-07-05 15:08:05.255000,1.10562,1.10559,2620000,1190000
2018-07-05 15:08:05.806000,1.10563,1.1056,1000000,2440000
2018-07-05 15:08:06.308000,1.10563,1.1056,1500000,2440000
2018-07-05 15:08:06.658000,1.10561,1.10558,2250000,2810000
2018-07-05 15:08:07.274000,1.1056,1.10557,2810000,1500000
2018-07-05 15:08:08.429000,1.1056,1.10559,1000000,1120000
2018-07-05 15:08:08.534000,1.10563,1.1056,1500000,3190000
2018-07-05 15:08:09.086000,1.10564,1.10561,2810000,1000000
2018-07-05 15:08:09.596000,1.10563,1.1056,1250000,3370000
2018-07-05 15:08:09.970000,1.10561,1.10559,2250000,1000000
2018-07-05 15:08:10.119000,1.10561,1.10557,4690000,2060000
2018-07-05 15:08:10.329000,1.10558,1.10555,3750000,4390000
2018-07-05 15:08:10.384000,1.10557,1.10554,1000000,2810000
2018-07-05 15:08:10.631000,1.10556,1.10553,2440000,2320000
2018-07-05 15:08:11.052000,1.10555,1.10551,4690000,4690000
2018-07-05 15:08:12.410000,1.10554,1.1055,3070000,4310000
2018-07-05 15:08:12.940000,1.10554,1.1055,3820000,2810000
2018-07-05 15:08:13.387000,1.10555,1.10552,1000000,2440000
2018-07-05 15:08:13.901000,1.10555,1.10552,1000000,1690000
2018-07-05 15:08:14.240000,1.10554,1.1055,3000000,4310000
2018-07-05 15:08:14.501000,1.10553,1.10549,2250000,3940000
2018-07-05 15:08:15.008000,1.10553,1.10549,3820000,3190000
2018-07-05 15:08:15.652000,1.10552,1.10549,1000000,2440000
2018-07-05 15:08:16.173000,1.10552,1.10548,2620000,3190000
2018-07-05 15:08:17.076000,1.10552,1.10548,5250000,2810000
2018-07-05 15:08:17.616000,1.10552,1.10549,2250000,1000000
2018-07-05 15:08:18.130000,1.10552,1.10549,2250000,1250000
2018-07-05 15:08:18.806000,1.10552,1.10549,1000000,2440000
2018-07-05 15:08:19.322000,1.10552,1.10549,1500000,1690000
2018-07-05 15:08:19.846000,1.10552,1.10548,4120000,2440000
2018-07-05 15:08:20.362000,1.10552,1.10548,3750000,3190000
2018-07-05 15:08:20.879000,1.10551,1.10548,2620000,1870000
2018-07-05 15:08:21.015000,1.10552,1.1055,3070000,3560000
2018-07-05 15:08:21.092000,1.10554,1.1055,7310000,2810000
2018-07-05 15:08:21.604000,1.10554,1.1055,2620000,4760000
2018-07-05 15:08:23.099000,1.10555,1.10551,6750000,2060000
2018-07-05 15:08:23.325000,1.10556,1.10552,2620000,5060000
2018-07-05 15:08:24.212000,1.10556,1.10552,3000000,3560000
2018-07-05 15:08:24.758000,1.10554,1.10551,1500000,2890000
2018-07-05 15:08:29.542000,1.10554,1.10552,1000000,2060000
2018-07-05 15:08:30.062000,1.10555,1.10552,1000000,4690000
2018-07-05 15:08:30.658000,1.10555,1.10552,1000000,2440000
2018-07-05 15:08:31.762000,1.10555,1.10554,1000000,1310000
2018-07-05 15:08:31.866000,1.10557,1.10554,1000000,3940000
2018-07-05 15:08:32.410000,1.10558,1.10554,3750000,5060000
2018-07-05 15:08:33.012000,1.10557,1.10553,3370000,8140000
2018-07-05 15:08:33.272000,1.10555,1.10551,1870000,5440000
2018-07-05 15:08:33.795000,1.10554,1.10551,2620000,1250000
2018-07-05 15:08:35.708000,1.10553,1.1055,3370000,2440000
2018-07-05 15:08:36.210000,1.10553,1.1055,1000000,4690000
2018-07-05 15:08:37.127000,1.10554,1.10551,1870000,1690000
2018-07-05 15:08:37.942000,1.10553,1.10551,1500000,1120000
2018-07-05 15:08:38.469000,1.10553,1.1055,2620000,1250000
2018-07-05 15:08:39.825000,1.10553,1.1055,2620000,1690000
2018-07-05 15:08:41.055000,1.10553,1.1055,2250000,2060000
2018-07-05 15:08:41.598000,1.10554,1.10551,3820000,1690000
2018-07-05 15:08:42.148000,1.10555,1.10551,3370000,3940000
2018-07-05 15:08:42.692000,1.10555,1.10553,1950000,1310000
2018-07-05 15:08:42.855000,1.10557,1.10553,4120000,3940000
2018-07-05 15:08:43.518000,1.10557,1.10555,1120000,2250000
2018-07-05 15:08:43.594000,1.10559,1.10555,4500000,6190000
2018-07-05 15:08:45.870000,1.10559,1.10555,4690000,5140000
2018-07-05 15:08:46.407000,1.10559,1.10555,4500000,5890000
2018-07-05 15:08:47.397000,1.10559,1.10556,1120000,2510000
2018-07-05 15:08:47.792000,1.10561,1.10558,3370000,2440000
2018-07-05 15:08:47.981000,1.10562,1.10561,1000000,1250000
2018-07-05 15:08:48.034000,1.10564,1.10561,1000000,3940000
2018-07-05 15:08:48.541000,1.10565,1.10562,4690000,1000000
2018-07-05 15:08:49.506000,1.10566,1.10562,6750000,3640000
2018-07-05 15:08:50.054000,1.10565,1.10562,1120000,2890000
2018-07-05 15:08:51.808000,1.10564,1.10561,1000000,3640000
2018-07-05 15:08:52.339000,1.10564,1.10561,1500000,1390000
2018-07-05 15:08:52.842000,1.10565,1.10561,3560000,2890000
2018-07-05 15:08:53.484000,1.10565,1.10561,3000000,4010000
2018-07-05 15:08:53.863000,1.10567,1.10565,2620000,3560000
2018-07-05 15:08:54.024000,1.10571,1.10569,1000000,1250000
2018-07-05 15:08:54.077000,1.10571,1.10568,1540000,2140000
2018-07-05 15:08:54.618000,1.1057,1.10567,1500000,1950000
2018-07-05 15:08:56.589000,1.10571,1.10568,1870000,1310000
2018-07-05 15:08:57.145000,1.10572,1.10569,1120000,2810000
2018-07-05 15:08:57.646000,1.10571,1.10568,1870000,1120000
2018-07-05 15:08:59.267000,1.10571,1.10567,1870000,3560000
2018-07-05 15:09:00.023000,1.1057,1.10567,2620000,1500000
2018-07-05 15:09:00.547000,1.10571,1.10567,3370000,3560000
2018-07-05 15:09:00.892000,1.10573,1.10569,8700000,2440000
2018-07-05 15:09:01.441000,1.10572,1.10569,1870000,3190000
2018-07-05 15:09:01.970000,1.10572,1.10569,1870000,3190000
2018-07-05 15:09:02.521000,1.10572,1.10569,1870000,3190000
2018-07-05 15:09:03.440000,1.10572,1.10569,1870000,3190000
2018-07-05 15:09:04.377000,1.10572,1.10569,1870000,2440000
2018-07-05 15:09:04.887000,1.10572,1.10569,1500000,1690000
2018-07-05 15:09:06.546000,1.10573,1.1057,4220000,1690000
2018-07-05 15:09:06.702000,1.10574,1.10571,2620000,1690000
2018-07-05 15:09:07.232000,1.10573,1.10571,1000000,1250000
2018-07-05 15:09:09.549000,1.10574,1.10571,3000000,1250000
2018-07-05 15:09:10.088000,1.10573,1.1057,1000000,1690000
2018-07-05 15:09:10.537000,1.10572,1.10569,1120000,3190000
2018-07-05 15:09:11.174000,1.10573,1.10569,4500000,3190000
2018-07-05 15:09:11.227000,1.10574,1.10571,2620000,1250000
2018-07-05 15:09:11.779000,1.10573,1.10569,2620000,6560000
2018-07-05 15:09:12.603000,1.10573,1.10569,2620000,5810000
2018-07-05 15:09:12.861000,1.1057,1.10568,3640000,1000000
2018-07-05 15:09:12.913000,1.10569,1.10566,1000000,1690000
2018-07-05 15:09:13.966000,1.10569,1.10566,1000000,2810000
2018-07-05 15:09:15.120000,1.1057,1.10568,1000000,1690000
2018-07-05 15:09:15.319000,1.10573,1.10571,1870000,1120000
2018-07-05 15:09:17.096000,1.10572,1.10569,1000000,4500000
2018-07-05 15:09:17.148000,1.10571,1.10568,1120000,3070000
2018-07-05 15:09:17.559000,1.10569,1.10566,1870000,1390000
2018-07-05 15:09:19.096000,1.10568,1.10565,1000000,5250000
2018-07-05 15:09:19.292000,1.10566,1.10563,2250000,1070000
2018-07-05 15:09:19.398000,1.10565,1.10562,1500000,1690000
2018-07-05 15:09:20.637000,1.10567,1.10565,3070000,1250000
2018-07-05 15:09:20.966000,1.10568,1.10567,1000000,1000000
2018-07-05 15:09:21.469000,1.10569,1.10566,1870000,1870000
2018-07-05 15:09:22.016000,1.1057,1.10567,2250000,1870000
2018-07-05 15:09:23.683000,1.10569,1.10566,2620000,3000000
2018-07-05 15:09:24.115000,1.10571,1.10567,4500000,2440000
2018-07-05 15:09:24.710000,1.10571,1.10567,4690000,2250000
2018-07-05 15:09:25.732000,1.10571,1.10567,4310000,2250000
2018-07-05 15:09:25.784000,1.10569,1.10566,1500000,2440000
2018-07-05 15:09:26.223000,1.10567,1.10564,1120000,7010000
2018-07-05 15:09:26.743000,1.10568,1.10565,1870000,2060000
2018-07-05 15:09:29.863000,1.10568,1.10565,1500000,2060000
2018-07-05 15:09:29.917000,1.1057,1.10567,6450000,1690000
2018-07-05 15:09:30.912000,1.10571,1.10567,4120000,2440000
2018-07-05 15:09:31.456000,1.1057,1.10567,1120000,2060000
2018-07-05 15:09:33.026000,1.10569,1.10567,2250000,1000000
2018-07-05 15:09:33.530000,1.10569,1.10566,1870000,2060000
2018-07-05 15:09:33.739000,1.10567,1.10565,1000000,3190000
2018-07-05 15:09:33.843000,1.10564,1.10562,1000000,1500000
2018-07-05 15:09:34.358000,1.10565,1.10562,3000000,1500000
2018-07-05 15:09:34.515000,1.10563,1.10561,1000000,3190000
2018-07-05 15:09:35.052000,1.10564,1.10561,1000000,3560000
2018-07-05 15:09:37.957000,1.10565,1.10562,3370000,1690000
2018-07-05 15:09:38.480000,1.10564,1.10562,1000000,1000000
2018-07-05 15:09:40.628000,1.10564,1.10562,1000000,1870000
2018-07-05 15:09:41.211000,1.10564,1.10562,1000000,1500000
2018-07-05 15:09:45.168000,1.10565,1.10563,1500000,1120000
2018-07-05 15:09:45.820000,1.10565,1.10562,1500000,1000000
2018-07-05 15:09:46.463000,1.10564,1.10561,1000000,3820000
2018-07-05 15:09:46.766000,1.10561,1.1056,1000000,1870000
2018-07-05 15:09:47.267000,1.10562,1.10559,2250000,2060000
2018-07-05 15:09:47.474000,1.10564,1.1056,4120000,3190000
2018-07-05 15:09:48.352000,1.10564,1.10561,1500000,1690000
2018-07-05 15:09:48.855000,1.10565,1.10562,1500000,1310000
2018-07-05 15:09:49.735000,1.10565,1.10562,1870000,1250000
2018-07-05 15:09:50.779000,1.10565,1.10561,2440000,3370000
2018-07-05 15:09:51.330000,1.10565,1.10562,3000000,1000000
2018-07-05 15:09:52.104000,1.10565,1.10561,2250000,2810000
2018-07-05 15:09:52.678000,1.10565,1.10562,1120000,1870000
2018-07-05 15:09:52.733000,1.10566,1.10563,1500000,5810000
2018-07-05 15:09:53.354000,1.10567,1.10564,2250000,2060000
2018-07-05 15:09:53.891000,1.10568,1.10565,1120000,3940000
2018-07-05 15:09:54.851000,1.10567,1.10564,3370000,1720000
2018-07-05 15:09:55.284000,1.10567,1.10565,1870000,1190000
2018-07-05 15:09:55.821000,1.10568,1.10565,1870000,3560000
2018-07-05 15:09:58.286000,1.10567,1.10564,2060000,1200000
2018-07-05 15:09:58.391000,1.10567,1.10565,1120000,1690000
2018-07-05 15:09:58.941000,1.10568,1.10565,2250000,3560000
2018-07-05 15:10:01.143000,1.10568,1.10565,2620000,2060000
2018-07-05 15:10:03.303000,1.10567,1.10564,1000000,3940000
2018-07-05 15:10:04.109000,1.10567,1.10564,1500000,3940000
2018-07-05 15:10:04.733000,1.10568,1.10566,1120000,1120000
2018-07-05 15:10:05.787000,1.10568,1.10565,2250000,2440000
2018-07-05 15:10:08.140000,1.10569,1.10565,4390000,3940000
2018-07-05 15:10:08.723000,1.10569,1.10565,3940000,3940000
2018-07-05 15:10:10.128000,1.1057,1.10567,3370000,1690000
2018-07-05 15:10:17.133000,1.10569,1.10566,1000000,3190000
2018-07-05 15:10:17.634000,1.1057,1.10567,1500000,4310000
2018-07-05 15:10:18.149000,1.10569,1.10567,1000000,1500000
2018-07-05 15:10:18.680000,1.10566,1.10565,1250000,1000000
2018-07-05 15:10:18.784000,1.10566,1.10563,1310000,1120000
2018-07-05 15:10:19.737000,1.10566,1.10563,2810000,1120000
2018-07-05 15:10:21.191000,1.10567,1.10564,1950000,2060000
2018-07-05 15:10:22.486000,1.10568,1.10566,3820000,1000000
2018-07-05 15:10:23.095000,1.10569,1.10566,4690000,1120000
2018-07-05 15:10:26.159000,1.1057,1.10567,2620000,2060000
2018-07-05 15:10:26.471000,1.10572,1.10569,2620000,1870000
2018-07-05 15:10:27.381000,1.10573,1.10572,3070000,1000000
2018-07-05 15:10:27.487000,1.10575,1.10572,5060000,1870000
2018-07-05 15:10:28.169000,1.10573,1.10572,1870000,1000000
2018-07-05 15:10:28.221000,1.10573,1.1057,2620000,1100000
2018-07-05 15:10:28.672000,1.10571,1.10569,1000000,1120000
2018-07-05 15:10:29.189000,1.10571,1.10568,1370000,4870000
2018-07-05 15:10:29.709000,1.10571,1.10568,1500000,4500000
2018-07-05 15:10:30.484000,1.10573,1.1057,7200000,1500000
2018-07-05 15:10:30.817000,1.10574,1.10572,4390000,1000000
2018-07-05 15:10:30.870000,1.10573,1.1057,1120000,2440000
2018-07-05 15:10:31.388000,1.10574,1.1057,4570000,3190000
2018-07-05 15:10:32.023000,1.10574,1.10571,4200000,5250000
2018-07-05 15:10:32.685000,1.10574,1.1057,4570000,6560000
2018-07-05 15:10:33.318000,1.10574,1.10572,4870000,1000000
2018-07-05 15:10:33.840000,1.10573,1.10571,1500000,1000000
2018-07-05 15:10:34.391000,1.10573,1.1057,2810000,1000000
2018-07-05 15:10:34.932000,1.10574,1.10572,1120000,6370000
2018-07-05 15:10:35.035000,1.10576,1.10573,2250000,1500000
2018-07-05 15:10:35.571000,1.10578,1.10574,3940000,6820000
2018-07-05 15:10:37.349000,1.10579,1.10575,7500000,2440000
2018-07-05 15:10:38.869000,1.1058,1.10577,1870000,2810000
2018-07-05 15:10:39.216000,1.10581,1.10579,1120000,4540000
2018-07-05 15:10:39.268000,1.10583,1.10579,3640000,3750000
2018-07-05 15:10:40.323000,1.10583,1.10579,3190000,4240000
2018-07-05 15:10:41.828000,1.10579,1.10578,3000000,2250000
2018-07-05 15:10:41.883000,1.10576,1.10573,3560000,1120000
2018-07-05 15:10:41.937000,1.10576,1.10575,1120000,3000000
2018-07-05 15:10:42.023000,1.10579,1.10576,3940000,1570000
2018-07-05 15:10:42.075000,1.10581,1.10578,4310000,7570000
2018-07-05 15:10:42.580000,1.10583,1.10579,5810000,3070000
2018-07-05 15:10:44.043000,1.10583,1.10579,3000000,7390000
2018-07-05 15:10:44.386000,1.10584,1.10581,3000000,3750000
2018-07-05 15:10:44.728000,1.10584,1.10581,4310000,1120000
2018-07-05 15:10:45.403000,1.10583,1.10579,1870000,10010000
2018-07-05 15:10:45.957000,1.10584,1.10581,4500000,1000000
2018-07-05 15:10:46.459000,1.10584,1.1058,4310000,4200000
2018-07-05 15:10:46.962000,1.10584,1.10581,3000000,1500000
2018-07-05 15:10:47.499000,1.10585,1.10583,1120000,3000000
2018-07-05 15:10:47.603000,1.10587,1.10584,3260000,1000000
2018-07-05 15:10:48.797000,1.10586,1.10584,1120000,1000000
2018-07-05 15:10:48.901000,1.10585,1.10582,1690000,2700000
2018-07-05 15:10:49.187000,1.10583,1.10581,1000000,2320000
2018-07-05 15:10:49.735000,1.10583,1.1058,1370000,2320000
2018-07-05 15:10:50.279000,1.10583,1.1058,1000000,1760000
2018-07-05 15:10:51.677000,1.10584,1.10582,1370000,4310000
2018-07-05 15:10:51.783000,1.10585,1.10583,1690000,2700000
2018-07-05 15:10:52.097000,1.10587,1.10584,2620000,8060000
2018-07-05 15:10:52.965000,1.10589,1.10585,4690000,4010000
2018-07-05 15:10:53.520000,1.10589,1.10585,4690000,2320000
2018-07-05 15:10:54.337000,1.10589,1.10585,3000000,5890000
2018-07-05 15:10:54.441000,1.10589,1.10585,2440000,6260000
2018-07-05 15:10:54.970000,1.10589,1.10586,2440000,3820000
2018-07-05 15:10:58.076000,1.1059,1.10586,4310000,3260000
2018-07-05 15:10:58.828000,1.10589,1.10586,1000000,4390000
2018-07-05 15:10:59.232000,1.10591,1.10588,5810000,4500000
2018-07-05 15:11:00.020000,1.10591,1.10588,3560000,1200000
2018-07-05 15:11:00.571000,1.10589,1.10587,1000000,1200000
2018-07-05 15:11:01.076000,1.10589,1.10586,3560000,1100000
2018-07-05 15:11:01.618000,1.10588,1.10585,1000000,7760000
2018-07-05 15:11:02.139000,1.10588,1.10585,2060000,5320000
2018-07-05 15:11:03.348000,1.10588,1.10585,1870000,4390000
2018-07-05 15:11:03.866000,1.10589,1.10586,3940000,3300000
2018-07-05 15:11:04.405000,1.10588,1.10585,1500000,2510000
2018-07-05 15:11:04.910000,1.10589,1.10585,3940000,5360000
2018-07-05 15:11:08.422000,1.10588,1.10585,1310000,3450000
2018-07-05 15:11:10.379000,1.10587,1.10584,1690000,5700000
2018-07-05 15:11:10.537000,1.10586,1.10582,3190000,6640000
2018-07-05 15:11:11.087000,1.10586,1.10583,2440000,1000000
2018-07-05 15:11:11.519000,1.10581,1.10578,1000000,7500000
2018-07-05 15:11:11.628000,1.10582,1.10578,2060000,8140000
2018-07-05 15:11:12.166000,1.1058,1.10578,1000000,1000000
2018-07-05 15:11:12.464000,1.10582,1.10578,3000000,3260000
2018-07-05 15:11:12.517000,1.10582,1.1058,1000000,3000000
2018-07-05 15:11:13.455000,1.10583,1.1058,2250000,3560000
2018-07-05 15:11:13.770000,1.10585,1.10581,3750000,10610000
2018-07-05 15:11:16.543000,1.10585,1.10581,3190000,7390000
2018-07-05 15:11:16.855000,1.10582,1.10578,3940000,6070000
2018-07-05 15:11:17.166000,1.10581,1.10577,3940000,6070000
2018-07-05 15:11:17.833000,1.10581,1.10577,3000000,5510000
2018-07-05 15:11:19.655000,1.10579,1.10577,3190000,1100000
2018-07-05 15:11:20.204000,1.10578,1.10575,1000000,4010000
2018-07-05 15:11:22.255000,1.10578,1.10575,2250000,1570000
2018-07-05 15:11:22.771000,1.10578,1.10575,3000000,1010000
2018-07-05 15:11:28.678000,1.10576,1.10574,1690000,1100000
2018-07-05 15:11:28.784000,1.10575,1.10572,1250000,2700000
2018-07-05 15:11:29.310000,1.10574,1.10571,1690000,1870000
2018-07-05 15:11:29.862000,1.10575,1.10571,2440000,4310000
2018-07-05 15:11:30.778000,1.10574,1.10571,1870000,1690000
2018-07-05 15:11:31.380000,1.10574,1.10571,3000000,1250000
2018-07-05 15:11:32.179000,1.10574,1.10571,1120000,2810000
2018-07-05 15:11:34.269000,1.10574,1.10571,2440000,1500000
2018-07-05 15:11:34.803000,1.10574,1.1057,2440000,3070000
2018-07-05 15:11:35.116000,1.10575,1.10572,3000000,2440000
2018-07-05 15:11:35.673000,1.10575,1.10572,1120000,3640000
2018-07-05 15:11:36.132000,1.10577,1.10574,2250000,1500000
2018-07-05 15:11:36.531000,1.10578,1.10576,2620000,1500000
2018-07-05 15:11:37.101000,1.1058,1.10576,4500000,3640000
2018-07-05 15:11:37.918000,1.1058,1.10576,3940000,4390000
2018-07-05 15:11:38.447000,1.1058,1.10576,3750000,4390000
2018-07-05 15:11:39.342000,1.1058,1.10576,3940000,4390000
2018-07-05 15:11:39.460000,1.1058,1.10576,3560000,4760000
2018-07-05 15:11:43.093000,1.1058,1.10576,2620000,6260000
2018-07-05 15:11:44.114000,1.10579,1.10577,2060000,1500000
2018-07-05 15:11:44.659000,1.10578,1.10575,1870000,5140000
2018-07-05 15:11:45.165000,1.10578,1.10575,2620000,3260000
2018-07-05 15:11:50.229000,1.10578,1.10575,3000000,1690000
2018-07-05 15:11:50.765000,1.10578,1.10575,1120000,2890000
2018-07-05 15:11:51.301000,1.10579,1.10575,5060000,4310000
2018-07-05 15:11:51.816000,1.10578,1.10575,1120000,4010000
2018-07-05 15:11:53.214000,1.10578,1.10575,2060000,2700000
2018-07-05 15:11:55.334000,1.10578,1.10575,2810000,1000000
2018-07-05 15:11:57.607000,1.10578,1.10575,1500000,2060000
2018-07-05 15:11:58.570000,1.10575,1.10572,2440000,1950000
2018-07-05 15:12:01.337000,1.10575,1.10571,3190000,4760000
2018-07-05 15:12:02.526000,1.10572,1.1057,1250000,1200000
2018-07-05 15:12:02.582000,1.10572,1.10569,1000000,8140000
2018-07-05 15:12:02.727000,1.10572,1.10571,1120000,1000000
2018-07-05 15:12:02.780000,1.10574,1.10571,1120000,1690000
2018-07-05 15:12:03.668000,1.10575,1.10572,5440000,1000000
2018-07-05 15:12:04.188000,1.10575,1.10572,1500000,4010000
2018-07-05 15:12:04.693000,1.10576,1.10573,3190000,1570000
2018-07-05 15:12:11.855000,1.10576,1.10573,1120000,3640000
2018-07-05 15:12:12.238000,1.10578,1.10577,1000000,1000000
2018-07-05 15:12:12.450000,1.1058,1.10577,1690000,3820000
2018-07-05 15:12:16.973000,1.1058,1.10577,2060000,1120000
2018-07-05 15:12:17.520000,1.10579,1.10576,3940000,1000000
2018-07-05 15:12:18.268000,1.1058,1.10578,2440000,1120000
2018-07-05 15:12:18.320000,1.10581,1.10578,2440000,2250000
2018-07-05 15:12:18.486000,1.10582,1.10579,1000000,7540000
2018-07-05 15:12:19.073000,1.10583,1.1058,2250000,1760000
2018-07-05 15:12:23.067000,1.10583,1.1058,1500000,2510000
2018-07-05 15:12:23.433000,1.10586,1.10583,1690000,3370000
2018-07-05 15:12:23.986000,1.10585,1.10582,3560000,6450000
2018-07-05 15:12:24.038000,1.10585,1.10581,3940000,6640000
2018-07-05 15:12:24.311000,1.10582,1.1058,1870000,5140000
2018-07-05 15:12:24.423000,1.10581,1.10578,1310000,2700000
2018-07-05 15:12:27.400000,1.10579,1.10577,1000000,1800000
2018-07-05 15:12:27.778000,1.10579,1.10576,4690000,1000000
2018-07-05 15:12:27.832000,1.10577,1.10574,2060000,1870000
2018-07-05 15:12:28.342000,1.10577,1.10573,6190000,3640000
2018-07-05 15:12:28.872000,1.10577,1.10574,2440000,1500000
2018-07-05 15:12:29.431000,1.10577,1.10574,2060000,2620000
2018-07-05 15:12:30.125000,1.10577,1.10574,2620000,2060000
2018-07-05 15:12:30.646000,1.10577,1.10574,2620000,2060000
2018-07-05 15:12:31.268000,1.10577,1.10574,3000000,1690000
2018-07-05 15:12:31.778000,1.10577,1.10574,1870000,2140000
2018-07-05 15:12:32.680000,1.10577,1.10575,1120000,2060000
2018-07-05 15:12:32.897000,1.10579,1.10576,1500000,4390000
2018-07-05 15:12:33.696000,1.10579,1.10575,4120000,5810000
2018-07-05 15:12:33.958000,1.10577,1.10574,1500000,3560000
2018-07-05 15:12:34.494000,1.10576,1.10573,1120000,2620000
2018-07-05 15:12:35.032000,1.10577,1.10573,3750000,3940000
2018-07-05 15:12:35.571000,1.10576,1.10573,1000000,2810000
2018-07-05 15:12:36.102000,1.10576,1.10573,1000000,3190000
2018-07-05 15:12:36.616000,1.10576,1.10573,1000000,3190000
2018-07-05 15:12:37.122000,1.10576,1.10574,1000000,1250000
2018-07-05 15:12:37.330000,1.10578,1.10575,1120000,4310000
2018-07-05 15:12:38.167000,1.10578,1.10575,1500000,4310000
2018-07-05 15:12:38.724000,1.10578,1.10575,1120000,3560000
2018-07-05 15:12:39.225000,1.10577,1.10574,2250000,2440000
2018-07-05 15:12:39.761000,1.10577,1.10574,2250000,2440000
2018-07-05 15:12:40.267000,1.10577,1.10573,5060000,4500000
2018-07-05 15:12:41.037000,1.10576,1.10574,1500000,1000000
2018-07-05 15:12:42.823000,1.10576,1.10573,1120000,3750000
2018-07-05 15:12:45.980000,1.10575,1.10573,1250000,1000000
2018-07-05 15:12:46.506000,1.10575,1.10572,2060000,1120000
2018-07-05 15:12:47.677000,1.10575,1.10572,3000000,2060000
2018-07-05 15:12:49.426000,1.10575,1.10571,3560000,4310000
2018-07-05 15:12:49.989000,1.10574,1.10571,1000000,3940000
2018-07-05 15:12:50.503000,1.10574,1.1057,3450000,5510000
2018-07-05 15:12:51.695000,1.10573,1.1057,1120000,4310000
2018-07-05 15:12:52.238000,1.10574,1.10571,1500000,3190000
2018-07-05 15:12:52.783000,1.10574,1.10571,1870000,2810000
2018-07-05 15:12:53.892000,1.10573,1.10571,1000000,1000000
2018-07-05 15:12:54.435000,1.10574,1.10571,2250000,3190000
2018-07-05 15:12:54.746000,1.10573,1.1057,2620000,1690000
2018-07-05 15:12:57.097000,1.10573,1.1057,3370000,2060000
2018-07-05 15:12:57.721000,1.10573,1.10571,1500000,1190000
2018-07-05 15:12:58.256000,1.10574,1.10571,4500000,2810000
2018-07-05 15:12:58.618000,1.10577,1.10575,1120000,1000000
2018-07-05 15:12:59.266000,1.10577,1.10574,1000000,4690000
2018-07-05 15:12:59.864000,1.10577,1.10574,1370000,2810000
2018-07-05 15:13:00.425000,1.10577,1.10574,1620000,3370000
2018-07-05 15:13:01.008000,1.10577,1.10574,1250000,3000000
2018-07-05 15:13:01.519000,1.10578,1.10576,1500000,1870000
2018-07-05 15:13:01.577000,1.1058,1.10577,4310000,1500000
2018-07-05 15:13:03.094000,1.10579,1.10577,1000000,1000000
2018-07-05 15:13:03.926000,1.1058,1.10577,3560000,1000000
2018-07-05 15:13:04.490000,1.10581,1.10578,8320000,1690000
2018-07-05 15:13:04.595000,1.10582,1.10579,3190000,2250000
2018-07-05 15:13:06.125000,1.10582,1.10579,3190000,1570000
2018-07-05 15:13:07.834000,1.10582,1.10579,2440000,2250000
2018-07-05 15:13:09.505000,1.10581,1.10579,1120000,1000000
2018-07-05 15:13:12.670000,1.1058,1.10578,2060000,1100000
2018-07-05 15:13:12.829000,1.10579,1.10576,2620000,2060000
2018-07-05 15:13:13.497000,1.10578,1.10575,1000000,5510000
2018-07-05 15:13:14.025000,1.10578,1.10575,1120000,3640000
2018-07-05 15:13:14.557000,1.10576,1.10574,2440000,1200000
2018-07-05 15:13:14.696000,1.10576,1.10572,5440000,4760000
2018-07-05 15:13:14.853000,1.10578,1.10576,1500000,3260000
2018-07-05 15:13:15.060000,1.1058,1.10577,4690000,1120000
2018-07-05 15:13:18.172000,1.10579,1.10577,1870000,1000000
2018-07-05 15:13:18.722000,1.10578,1.10575,1000000,5890000
2018-07-05 15:13:19.495000,1.10577,1.10575,1000000,1950000
2018-07-05 15:13:19.998000,1.10577,1.10574,2060000,1570000
2018-07-05 15:13:20.868000,1.10578,1.10575,3000000,1250000
2018-07-05 15:13:21.388000,1.10577,1.10574,2060000,1570000
2018-07-05 15:13:24.951000,1.10578,1.10574,3370000,4390000
2018-07-05 15:13:27.193000,1.10579,1.10576,5250000,4160000
2018-07-05 15:13:27.437000,1.10578,1.10576,1870000,1250000
2018-07-05 15:13:30.502000,1.10579,1.10577,1000000,1250000
2018-07-05 15:13:30.605000,1.10581,1.10577,3560000,4010000
2018-07-05 15:13:31.114000,1.10581,1.10578,3190000,1000000
2018-07-05 15:13:32.285000,1.10582,1.10578,4310000,3070000
2018-07-05 15:13:32.745000,1.10583,1.1058,1870000,2320000
2018-07-05 15:13:34.239000,1.10583,1.1058,2250000,2140000
2018-07-05 15:13:38.014000,1.10583,1.1058,2810000,1000000
2018-07-05 15:13:38.568000,1.10582,1.10579,1120000,3370000
2018-07-05 15:13:39.386000,1.10581,1.10579,1250000,1000000
2018-07-05 15:13:40.716000,1.10581,1.10578,2060000,3370000
2018-07-05 15:13:41.793000,1.1058,1.10578,1250000,1120000
2018-07-05 15:13:42.126000,1.10578,1.10576,1000000,1370000
2018-07-05 15:13:42.647000,1.10578,1.10576,1000000,1000000
2018-07-05 15:13:43.295000,1.10578,1.10575,1000000,3560000
2018-07-05 15:13:43.832000,1.10579,1.10575,5440000,3560000
2018-07-05 15:13:44.322000,1.10579,1.10578,1500000,1000000
2018-07-05 15:13:44.529000,1.10581,1.10578,1500000,2620000
2018-07-05 15:13:45.014000,1.10579,1.10578,1120000,1000000
2018-07-05 15:13:45.174000,1.10579,1.10576,1870000,3560000
2018-07-05 15:13:46.716000,1.10579,1.10576,4500000,1620000
2018-07-05 15:13:46.769000,1.1058,1.10579,1870000,1000000
2018-07-05 15:13:46.821000,1.10582,1.10579,3260000,1500000
2018-07-05 15:13:47.216000,1.10583,1.10581,1870000,1250000
2018-07-05 15:13:47.750000,1.10582,1.10579,1000000,3560000
2018-07-05 15:13:48.298000,1.10584,1.10581,2810000,1000000
2018-07-05 15:13:48.831000,1.10584,1.10581,1690000,1500000
2018-07-05 15:13:49.366000,1.10584,1.10582,1690000,1000000
2018-07-05 15:13:49.877000,1.10584,1.1058,2440000,5510000
2018-07-05 15:13:52.114000,1.10584,1.1058,2440000,5170000
2018-07-05 15:13:52.654000,1.10584,1.1058,2440000,5770000
2018-07-05 15:13:56.078000,1.10584,1.10581,2440000,1000000
2018-07-05 15:13:56.846000,1.10584,1.10581,2250000,1690000
2018-07-05 15:13:57.054000,1.10586,1.10583,1120000,3370000
2018-07-05 15:13:57.387000,1.10585,1.10582,2620000,1570000
2018-07-05 15:13:57.899000,1.10584,1.10581,1370000,1690000
2018-07-05 15:13:59.841000,1.10582,1.1058,1250000,1200000
2018-07-05 15:14:00.352000,1.10582,1.10579,2810000,1500000
2018-07-05 15:14:03.133000,1.1058,1.10578,4690000,1100000
2018-07-05 15:14:03.297000,1.10579,1.10575,4690000,6640000
2018-07-05 15:14:03.910000,1.10579,1.10575,4690000,4760000
2018-07-05 15:14:04.066000,1.10577,1.10575,1000000,1390000
2018-07-05 15:14:04.595000,1.10578,1.10574,4500000,6260000
2018-07-05 15:14:05.233000,1.10578,1.10575,1500000,2440000
2018-07-05 15:14:05.864000,1.10578,1.10575,1500000,3190000
2018-07-05 15:14:06.450000,1.10578,1.10575,1500000,3190000
2018-07-05 15:14:07.787000,1.10579,1.10575,6750000,4010000
2018-07-05 15:14:08.116000,1.10581,1.10579,1000000,1570000
2018-07-05 15:14:08.667000,1.10582,1.10579,1000000,2320000
2018-07-05 15:14:10.197000,1.10582,1.10578,2440000,3820000
2018-07-05 15:14:10.722000,1.10582,1.10578,2810000,3450000
2018-07-05 15:14:11.265000,1.10582,1.10579,2060000,1500000
2018-07-05 15:14:12.064000,1.10582,1.10579,1690000,1500000
2018-07-05 15:14:12.428000,1.10581,1.10577,3940000,4570000
2018-07-05 15:14:12.481000,1.10581,1.10579,1870000,1250000
2018-07-05 15:14:12.657000,1.10581,1.10577,3190000,4870000
2018-07-05 15:14:14.112000,1.10581,1.10578,1120000,2060000
2018-07-05 15:14:15.485000,1.10582,1.10579,4350000,1000000
2018-07-05 15:14:16.004000,1.10582,1.10579,1000000,4500000
2018-07-05 15:14:16.895000,1.10582,1.10579,1690000,2250000
2018-07-05 15:14:18.387000,1.10583,1.1058,3750000,1000000
2018-07-05 15:14:19.988000,1.10582,1.10579,1310000,4120000
2018-07-05 15:14:27.844000,1.10581,1.10579,1000000,1000000
2018-07-05 15:14:28.468000,1.10582,1.10579,2810000,1000000
2018-07-05 15:14:29.239000,1.10582,1.10578,2810000,4570000
2018-07-05 15:14:29.435000,1.10582,1.10578,3560000,4120000
2018-07-05 15:14:29.958000,1.1058,1.10577,1300000,2250000
2018-07-05 15:14:30.584000,1.10579,1.10576,1120000,3560000
2018-07-05 15:14:31.466000,1.10579,1.10576,2620000,3190000
2018-07-05 15:14:31.627000,1.10581,1.10577,3560000,4500000
2018-07-05 15:14:35.024000,1.10581,1.10578,2620000,1000000
2018-07-05 15:14:35.554000,1.10582,1.10579,1870000,1000000
2018-07-05 15:14:36.646000,1.10582,1.10578,1500000,5140000
2018-07-05 15:14:36.752000,1.1058,1.10578,1000000,2620000
2018-07-05 15:14:37.273000,1.1058,1.10577,1500000,1500000
2018-07-05 15:14:38.377000,1.1058,1.10578,1000000,1000000
2018-07-05 15:14:39.304000,1.1058,1.10577,1000000,4310000
2018-07-05 15:14:39.875000,1.1058,1.10578,1000000,1000000
2018-07-05 15:14:40.159000,1.10582,1.10579,2620000,1000000
2018-07-05 15:14:40.669000,1.10582,1.10578,2810000,4120000
2018-07-05 15:14:42.166000,1.10582,1.10578,3560000,3750000
2018-07-05 15:14:42.687000,1.10582,1.10579,1000000,1500000
2018-07-05 15:14:43.594000,1.10582,1.10578,3190000,4500000
2018-07-05 15:14:44.406000,1.10582,1.10578,2060000,4500000
2018-07-05 15:14:45.091000,1.10582,1.10578,2440000,4500000
2018-07-05 15:14:45.606000,1.10581,1.10578,1000000,3000000
2018-07-05 15:14:46.291000,1.10579,1.10578,1000000,1000000
2018-07-05 15:14:46.343000,1.10579,1.10576,3000000,2060000
2018-07-05 15:14:46.548000,1.10578,1.10575,2810000,1000000
2018-07-05 15:14:47.054000,1.10578,1.10574,3560000,3370000
2018-07-05 15:14:48.489000,1.10578,1.10574,3370000,3220000
2018-07-05 15:14:50.543000,1.10578,1.10575,1500000,1310000
2018-07-05 15:14:50.877000,1.10582,1.10578,3560000,2650000
2018-07-05 15:14:51.387000,1.10582,1.10579,1120000,1900000
2018-07-05 15:14:51.914000,1.10582,1.10578,3190000,3750000
2018-07-05 15:14:53.172000,1.10582,1.10578,4310000,2250000
2018-07-05 15:14:55.021000,1.10582,1.10578,3040000,3370000
2018-07-05 15:14:56.890000,1.10582,1.10579,2620000,1000000
2018-07-05 15:14:57.407000,1.10581,1.10579,1310000,1000000
2018-07-05 15:14:57.985000,1.10581,1.10578,2060000,2250000
2018-07-05 15:15:00.143000,1.10579,1.10577,2620000,1000000
