time,ask,bid,ask_volume,bid_volume
2023-04-27 12:25:00.176000,1.33447,1.33441,4500000,2700000
2023-04-27 12:25:00.514000,1.33448,1.33441,5400000,2700000
2023-04-27 12:25:01.260000,1.33447,1.33441,3600000,2700000
2023-04-27 12:25:02.440000,1.33446,1.33441,1200000,1800000
2023-04-27 12:25:02.963000,1.33447,1.33441,4500000,1800000
2023-04-27 12:25:05.593000,1.33443,1.3344,3600000,1200000
2023-04-27 12:25:05.696000,1.33443,1.33434,4500000,2700000
2023-04-27 12:25:05.798000,1.33441,1.33435,3600000,2700000
2023-04-27 12:25:07.088000,1.33441,1.33436,3600000,1200000
2023-04-27 12:25:07.241000,1.33441,1.33435,4500000,1800000
2023-04-27 12:25:10.267000,1.3344,1.33435,1200000,2700000
2023-04-27 12:25:10.470000,1.33441,1.33435,1200000,3600000
2023-04-27 12:25:10.572000,1.33442,1.33436,4500000,1200000
2023-04-27 12:25:10.917000,1.33442,1.33438,3600000,1200000
2023-04-27 12:25:10.968000,1.33444,1.33438,3600000,3150000
2023-04-27 12:25:11.967000,1.33442,1.33436,3600000,4050000
2023-04-27 12:25:12.069000,1.33441,1.33436,3600000,1800000
2023-04-27 12:25:12.605000,1.33442,1.33435,4500000,3600000
2023-04-27 12:25:13.317000,1.33444,1.33437,5100000,2700000
2023-04-27 12:25:13.419000,1.33444,1.33438,4500000,1200000
2023-04-27 12:25:13.527000,1.33443,1.33438,3600000,1200000
2023-04-27 12:25:13.629000,1.33445,1.33437,4500000,1200000
2023-04-27 12:25:13.881000,1.33444,1.33439,4500000,1200000
2023-04-27 12:25:14.243000,1.33444,1.33438,3600000,1200000
2023-04-27 12:25:14.345000,1.33446,1.33438,4050000,1800000
2023-04-27 12:25:14.493000,1.33445,1.3344,3600000,1200000
2023-04-27 12:25:14.646000,1.33444,1.3344,3600000,1200000
2023-04-27 12:25:15.953000,1.33445,1.3344,3600000,1200000
2023-04-27 12:25:16.114000,1.33448,1.33445,5400000,1200000
2023-04-27 12:25:16.216000,1.3345,1.33445,4950000,1200000
2023-04-27 12:25:16.855000,1.33451,1.33445,3600000,1200000
2023-04-27 12:25:19.105000,1.33451,1.33444,3600000,2700000
2023-04-27 12:25:19.257000,1.33451,1.33445,3600000,1200000
2023-04-27 12:25:19.410000,1.33451,1.33446,3600000,1200000
2023-04-27 12:25:19.714000,1.33452,1.33446,4950000,1200000
2023-04-27 12:25:19.820000,1.33453,1.3345,3600000,1200000
2023-04-27 12:25:19.922000,1.33453,1.3345,4050000,1200000
2023-04-27 12:25:20.024000,1.33455,1.3345,4500000,1200000
2023-04-27 12:25:20.177000,1.33455,1.33449,4500000,2700000
2023-04-27 12:25:20.228000,1.33452,1.33446,3600000,1200000
2023-04-27 12:25:20.330000,1.33451,1.33445,3600000,1200000
2023-04-27 12:25:20.754000,1.33451,1.33444,3600000,2700000
2023-04-27 12:25:21.260000,1.33452,1.33444,4500000,1200000
2023-04-27 12:25:21.312000,1.33451,1.33447,1200000,1800000
2023-04-27 12:25:21.363000,1.33454,1.3345,3600000,1200000
2023-04-27 12:25:21.416000,1.33454,1.33452,4050000,1200000
2023-04-27 12:25:21.467000,1.33459,1.33454,4050000,1200000
2023-04-27 12:25:21.570000,1.3346,1.33453,4500000,2700000
2023-04-27 12:25:21.672000,1.33458,1.33453,3600000,1200000
2023-04-27 12:25:21.976000,1.3346,1.33453,4350000,2700000
2023-04-27 12:25:22.085000,1.3346,1.33453,4500000,2700000
2023-04-27 12:25:22.351000,1.33459,1.33453,3600000,1800000
2023-04-27 12:25:22.453000,1.3346,1.33453,4500000,2700000
2023-04-27 12:25:22.606000,1.33459,1.33453,3600000,1800000
2023-04-27 12:25:22.984000,1.33459,1.33452,4500000,2250000
2023-04-27 12:25:23.158000,1.33458,1.33452,3600000,2250000
2023-04-27 12:25:23.458000,1.33457,1.33451,3600000,1800000
2023-04-27 12:25:23.560000,1.33458,1.33452,4500000,2700000
2023-04-27 12:25:23.662000,1.33459,1.33452,5400000,2700000
2023-04-27 12:25:24.130000,1.33458,1.33453,1200000,1200000
2023-04-27 12:25:24.650000,1.33459,1.33453,4500000,2700000
2023-04-27 12:25:24.803000,1.33459,1.33452,4500000,3600000
2023-04-27 12:25:24.905000,1.33458,1.33452,1200000,2700000
2023-04-27 12:25:25.348000,1.33457,1.33452,1200000,1800000
2023-04-27 12:25:25.551000,1.33455,1.33452,1200000,1800000
2023-04-27 12:25:26.052000,1.33456,1.33452,1200000,1800000
2023-04-27 12:25:26.154000,1.33457,1.33453,1200000,2700000
2023-04-27 12:25:26.256000,1.33459,1.33453,4500000,1800000
2023-04-27 12:25:26.358000,1.3346,1.33455,4050000,1200000
2023-04-27 12:25:26.460000,1.3346,1.33454,4050000,1800000
2023-04-27 12:25:26.562000,1.33462,1.33456,1800000,1800000
2023-04-27 12:25:27.395000,1.33461,1.33453,3600000,2700000
2023-04-27 12:25:27.447000,1.33462,1.33455,4950000,2700000
2023-04-27 12:25:27.499000,1.3346,1.33456,1200000,1800000
2023-04-27 12:25:27.601000,1.33461,1.33456,1200000,1800000
2023-04-27 12:25:28.101000,1.33459,1.33451,4500000,2250000
2023-04-27 12:25:28.203000,1.33457,1.33451,3600000,1800000
2023-04-27 12:25:28.406000,1.33453,1.3345,1200000,1800000
2023-04-27 12:25:28.458000,1.33453,1.33447,5400000,1200000
2023-04-27 12:25:28.561000,1.33452,1.33446,3600000,1800000
2023-04-27 12:25:28.663000,1.33452,1.33445,3600000,1800000
2023-04-27 12:25:28.765000,1.33453,1.33446,5400000,1800000
2023-04-27 12:25:28.881000,1.33452,1.33446,3600000,1800000
2023-04-27 12:25:29.230000,1.33453,1.33446,5400000,1800000
2023-04-27 12:25:29.348000,1.33452,1.33446,3600000,1800000
2023-04-27 12:25:29.665000,1.33453,1.33446,5400000,1800000
2023-04-27 12:25:29.767000,1.33452,1.33446,4500000,1800000
2023-04-27 12:25:29.877000,1.33451,1.33446,1200000,1800000
2023-04-27 12:25:29.979000,1.33451,1.33445,4500000,1800000
2023-04-27 12:25:30.081000,1.33451,1.33446,1200000,1800000
2023-04-27 12:25:30.396000,1.33452,1.33446,3600000,1800000
2023-04-27 12:25:30.809000,1.33453,1.33446,6300000,2700000
2023-04-27 12:25:30.949000,1.33452,1.33446,3600000,2700000
2023-04-27 12:25:31.195000,1.33451,1.33446,1200000,1800000
2023-04-27 12:25:31.297000,1.33451,1.33445,4500000,2700000
2023-04-27 12:25:31.417000,1.33451,1.33446,1200000,1800000
2023-04-27 12:25:31.621000,1.33452,1.33445,4500000,2700000
2023-04-27 12:25:32.309000,1.33452,1.33444,1200000,3150000
2023-04-27 12:25:33.929000,1.3345,1.33444,3600000,3970000
2023-04-27 12:25:34.032000,1.33449,1.33442,4500000,3600000
2023-04-27 12:25:34.288000,1.33449,1.33443,1200000,1800000
2023-04-27 12:25:34.390000,1.33449,1.33442,4500000,3600000
2023-04-27 12:25:34.493000,1.33449,1.33443,4500000,1800000
2023-04-27 12:25:34.820000,1.33449,1.33442,1200000,2700000
2023-04-27 12:25:35.232000,1.33449,1.33443,1200000,1800000
2023-04-27 12:25:35.834000,1.33449,1.33442,1200000,3600000
2023-04-27 12:25:36.283000,1.33449,1.33443,4500000,1800000
2023-04-27 12:25:37.258000,1.33449,1.33442,1200000,2700000
2023-04-27 12:25:37.716000,1.33449,1.33443,1200000,1800000
2023-04-27 12:25:38.206000,1.33448,1.33443,1200000,1800000
2023-04-27 12:25:38.587000,1.3345,1.33443,4500000,2700000
2023-04-27 12:25:38.960000,1.33446,1.33443,1200000,1200000
2023-04-27 12:25:39.012000,1.33445,1.33439,3600000,1800000
2023-04-27 12:25:39.290000,1.33445,1.33438,3600000,3600000
2023-04-27 12:25:39.393000,1.33444,1.33438,3600000,1200000
2023-04-27 12:25:39.667000,1.33444,1.33439,3600000,1200000
2023-04-27 12:25:40.394000,1.33443,1.33439,3600000,1200000
2023-04-27 12:25:40.496000,1.33444,1.33437,3600000,1800000
2023-04-27 12:25:40.671000,1.33444,1.33439,3600000,1200000
2023-04-27 12:25:40.841000,1.33443,1.33439,3600000,1200000
2023-04-27 12:25:41.045000,1.33443,1.33437,4950000,1800000
2023-04-27 12:25:41.244000,1.33442,1.33437,1200000,3600000
2023-04-27 12:25:41.346000,1.33441,1.33436,3600000,1350000
2023-04-27 12:25:41.926000,1.33442,1.33436,4500000,3150000
2023-04-27 12:25:42.184000,1.33441,1.33436,4500000,1350000
2023-04-27 12:25:42.360000,1.33442,1.33434,4500000,3600000
2023-04-27 12:25:42.614000,1.3344,1.33435,1200000,2700000
2023-04-27 12:25:42.716000,1.3344,1.33434,4500000,5400000
2023-04-27 12:25:42.818000,1.33441,1.33435,4500000,1800000
2023-04-27 12:25:42.920000,1.3344,1.33435,1200000,1800000
2023-04-27 12:25:43.022000,1.3344,1.33434,4500000,4050000
2023-04-27 12:25:43.073000,1.33437,1.33433,3600000,1720000
2023-04-27 12:25:43.175000,1.33437,1.33432,3600000,1800000
2023-04-27 12:25:43.860000,1.33439,1.33434,1200000,1200000
2023-04-27 12:25:43.912000,1.33441,1.33434,4950000,2700000
2023-04-27 12:25:44.014000,1.33439,1.33434,4500000,1200000
2023-04-27 12:25:44.576000,1.33437,1.33434,1200000,1200000
2023-04-27 12:25:44.679000,1.33437,1.33432,4500000,1200000
2023-04-27 12:25:45.572000,1.3344,1.33433,1200000,1800000
2023-04-27 12:25:48.060000,1.3344,1.33434,4950000,3600000
2023-04-27 12:25:48.162000,1.3344,1.33435,4050000,1200000
2023-04-27 12:25:48.265000,1.33442,1.33436,3600000,3600000
2023-04-27 12:25:48.367000,1.33441,1.33435,4500000,1800000
2023-04-27 12:25:49.303000,1.3344,1.33435,1200000,2700000
2023-04-27 12:25:49.709000,1.3344,1.33434,4500000,5400000
2023-04-27 12:25:52.174000,1.3344,1.33435,1200000,1800000
2023-04-27 12:25:52.327000,1.33442,1.33436,3600000,1800000
2023-04-27 12:25:52.428000,1.33444,1.33437,4500000,2700000
2023-04-27 12:25:52.530000,1.33444,1.33438,3600000,1800000
2023-04-27 12:25:55.168000,1.33443,1.33437,3600000,2700000
2023-04-27 12:25:55.934000,1.33441,1.33437,1200000,1200000
2023-04-27 12:25:56.036000,1.33441,1.33435,4500000,3600000
2023-04-27 12:25:56.188000,1.33443,1.33436,4500000,1800000
2023-04-27 12:25:56.290000,1.33444,1.33436,4500000,2700000
2023-04-27 12:25:56.684000,1.33443,1.33436,3600000,2700000
2023-04-27 12:25:56.786000,1.33444,1.33437,5400000,1800000
2023-04-27 12:25:56.888000,1.33443,1.33437,3600000,1800000
2023-04-27 12:25:57.600000,1.33441,1.33437,1200000,1800000
2023-04-27 12:25:57.652000,1.33441,1.33435,4500000,1800000
2023-04-27 12:25:57.804000,1.3344,1.33434,3600000,3150000
2023-04-27 12:25:58.105000,1.33441,1.33435,4500000,1800000
2023-04-27 12:25:59.255000,1.33443,1.33436,4500000,1800000
2023-04-27 12:25:59.358000,1.33442,1.33436,3600000,2700000
2023-04-27 12:25:59.612000,1.33443,1.33436,4500000,2700000
2023-04-27 12:25:59.814000,1.33443,1.33437,4500000,1200000
2023-04-27 12:25:59.916000,1.33442,1.33437,3600000,1200000
2023-04-27 12:26:00.028000,1.33443,1.33437,4500000,1200000
2023-04-27 12:26:00.786000,1.33442,1.33437,3600000,1200000
2023-04-27 12:26:00.939000,1.33443,1.33437,4500000,1200000
2023-04-27 12:26:02.025000,1.33442,1.33437,3600000,1200000
2023-04-27 12:26:02.127000,1.33443,1.33437,4500000,1200000
2023-04-27 12:26:02.229000,1.33443,1.33438,3600000,1200000
2023-04-27 12:26:02.331000,1.33444,1.33438,5400000,1200000
2023-04-27 12:26:02.677000,1.33442,1.33438,1200000,1200000
2023-04-27 12:26:02.778000,1.33442,1.33437,1200000,1200000
2023-04-27 12:26:03.824000,1.33441,1.33435,3600000,3600000
2023-04-27 12:26:03.926000,1.33443,1.33436,4500000,1200000
2023-04-27 12:26:04.629000,1.33442,1.33436,4500000,2700000
2023-04-27 12:26:04.939000,1.33442,1.33437,4500000,1200000
2023-04-27 12:26:05.145000,1.33442,1.33436,4500000,2700000
2023-04-27 12:26:05.517000,1.33441,1.33435,3600000,2700000
2023-04-27 12:26:05.619000,1.33442,1.33436,4500000,1800000
2023-04-27 12:26:06.899000,1.33443,1.33437,3600000,2700000
2023-04-27 12:26:07.001000,1.33445,1.33436,4500000,2700000
2023-04-27 12:26:07.102000,1.33443,1.33437,3600000,2700000
2023-04-27 12:26:07.315000,1.33445,1.33436,5400000,1200000
2023-04-27 12:26:07.909000,1.33444,1.33438,5400000,1200000
2023-04-27 12:26:08.115000,1.33443,1.33437,3600000,2700000
2023-04-27 12:26:08.625000,1.33443,1.33435,4500000,1800000
2023-04-27 12:26:08.828000,1.33442,1.33437,1200000,1800000
2023-04-27 12:26:08.933000,1.33443,1.33437,3600000,1800000
2023-04-27 12:26:09.139000,1.33445,1.33436,5400000,1800000
2023-04-27 12:26:09.638000,1.33444,1.33438,1800000,1800000
2023-04-27 12:26:09.740000,1.33443,1.33437,3600000,2700000
2023-04-27 12:26:10.148000,1.33443,1.33436,5400000,2700000
2023-04-27 12:26:10.250000,1.33442,1.33436,1200000,1200000
2023-04-27 12:26:11.870000,1.33444,1.33436,4500000,1800000
2023-04-27 12:26:12.280000,1.33442,1.33436,1200000,1200000
2023-04-27 12:26:12.904000,1.33441,1.33436,1200000,2700000
2023-04-27 12:26:13.006000,1.3344,1.33434,3600000,3600000
2023-04-27 12:26:13.160000,1.33441,1.33435,1800000,1800000
2023-04-27 12:26:13.293000,1.33441,1.33434,5400000,3600000
2023-04-27 12:26:13.446000,1.33441,1.33435,1200000,2700000
2023-04-27 12:26:13.548000,1.33442,1.33435,1200000,3600000
2023-04-27 12:26:13.650000,1.33444,1.33435,4500000,1800000
2023-04-27 12:26:13.752000,1.33444,1.33437,6300000,2700000
2023-04-27 12:26:13.803000,1.33442,1.33437,3600000,1200000
2023-04-27 12:26:14.043000,1.33443,1.33437,3600000,2700000
2023-04-27 12:26:14.145000,1.33442,1.33437,3600000,1200000
2023-04-27 12:26:14.298000,1.33442,1.33436,3600000,2700000
2023-04-27 12:26:16.295000,1.33441,1.33436,1200000,1800000
2023-04-27 12:26:16.396000,1.33441,1.33435,1800000,2700000
2023-04-27 12:26:17.745000,1.33441,1.33436,1200000,1800000
2023-04-27 12:26:17.847000,1.33442,1.33435,5400000,2700000
2023-04-27 12:26:18.495000,1.33441,1.33435,1200000,2700000
2023-04-27 12:26:19.184000,1.3344,1.33434,5400000,2700000
2023-04-27 12:26:19.287000,1.33438,1.33432,3600000,2700000
2023-04-27 12:26:19.389000,1.33439,1.33432,1200000,2700000
2023-04-27 12:26:19.626000,1.33439,1.33431,3600000,1200000
2023-04-27 12:26:19.727000,1.33437,1.33431,1200000,1800000
2023-04-27 12:26:19.829000,1.33437,1.33432,1200000,1800000
2023-04-27 12:26:19.931000,1.33437,1.33431,1200000,1800000
2023-04-27 12:26:20.283000,1.33438,1.33431,4500000,2700000
2023-04-27 12:26:20.994000,1.33438,1.33432,1200000,1800000
2023-04-27 12:26:21.149000,1.33437,1.33432,3600000,1200000
2023-04-27 12:26:21.251000,1.33437,1.33431,1200000,1800000
2023-04-27 12:26:21.353000,1.33438,1.33432,1200000,1800000
2023-04-27 12:26:21.454000,1.33439,1.3343,4500000,2700000
2023-04-27 12:26:21.774000,1.33438,1.33432,1200000,1800000
2023-04-27 12:26:22.296000,1.33437,1.33432,1200000,1800000
2023-04-27 12:26:22.452000,1.33437,1.33431,1200000,3600000
2023-04-27 12:26:22.564000,1.33438,1.33431,1200000,4500000
2023-04-27 12:26:22.717000,1.33439,1.33432,4500000,1200000
2023-04-27 12:26:23.305000,1.33438,1.33432,1200000,2700000
2023-04-27 12:26:23.558000,1.33438,1.33431,6300000,1800000
2023-04-27 12:26:23.965000,1.33437,1.33431,1200000,1800000
2023-04-27 12:26:24.347000,1.33435,1.3343,1200000,2700000
2023-04-27 12:26:24.450000,1.33432,1.33428,1200000,1350000
2023-04-27 12:26:24.552000,1.33432,1.33426,1200000,3600000
2023-04-27 12:26:25.007000,1.33428,1.33424,1200000,3600000
2023-04-27 12:26:25.109000,1.33428,1.33422,2700000,1800000
2023-04-27 12:26:25.211000,1.33428,1.33423,1800000,1800000
2023-04-27 12:26:25.364000,1.33428,1.33422,4500000,1800000
2023-04-27 12:26:25.466000,1.33429,1.33423,1200000,3600000
2023-04-27 12:26:25.517000,1.33429,1.33425,1200000,1800000
2023-04-27 12:26:25.568000,1.33431,1.33425,3600000,1800000
2023-04-27 12:26:25.670000,1.33432,1.33425,4500000,1800000
2023-04-27 12:26:26.918000,1.3343,1.33424,5400000,2700000
2023-04-27 12:26:27.020000,1.33429,1.33422,1200000,2700000
2023-04-27 12:26:27.122000,1.33429,1.33423,4500000,1800000
2023-04-27 12:26:27.224000,1.33429,1.33422,4500000,1800000
2023-04-27 12:26:27.327000,1.33429,1.33421,1200000,1800000
2023-04-27 12:26:27.689000,1.33424,1.33422,1200000,1200000
2023-04-27 12:26:27.791000,1.33424,1.33418,1200000,2700000
2023-04-27 12:26:29.806000,1.3342,1.33415,3600000,1200000
2023-04-27 12:26:29.857000,1.33423,1.33415,1200000,2700000
2023-04-27 12:26:29.959000,1.33423,1.33417,4500000,1800000
2023-04-27 12:26:30.061000,1.33422,1.33417,1200000,1800000
2023-04-27 12:26:30.187000,1.33421,1.33416,1200000,1800000
2023-04-27 12:26:30.616000,1.33422,1.33416,1800000,1800000
2023-04-27 12:26:31.358000,1.33422,1.33417,1200000,1800000
2023-04-27 12:26:31.509000,1.33423,1.33417,5400000,1800000
2023-04-27 12:26:32.551000,1.33422,1.33417,1200000,1800000
2023-04-27 12:26:32.703000,1.33422,1.33416,1200000,2700000
2023-04-27 12:26:32.831000,1.33422,1.33417,1200000,1800000
2023-04-27 12:26:33.073000,1.33422,1.33416,4500000,3150000
2023-04-27 12:26:33.175000,1.33421,1.33417,1200000,1800000
2023-04-27 12:26:33.276000,1.33423,1.33417,6300000,1800000
2023-04-27 12:26:33.422000,1.33423,1.33421,1200000,1200000
2023-04-27 12:26:33.474000,1.33428,1.33423,3600000,1200000
2023-04-27 12:26:33.576000,1.3343,1.33425,3600000,1200000
2023-04-27 12:26:33.678000,1.33431,1.33425,4500000,2700000
2023-04-27 12:26:33.881000,1.3343,1.33425,3600000,1200000
2023-04-27 12:26:34.585000,1.33431,1.33425,5400000,2700000
2023-04-27 12:26:34.697000,1.3343,1.33425,3600000,1200000
2023-04-27 12:26:34.799000,1.33431,1.33425,5400000,2700000
2023-04-27 12:26:35.210000,1.3343,1.33425,3600000,1200000
2023-04-27 12:26:35.420000,1.33431,1.33425,1200000,2700000
2023-04-27 12:26:35.522000,1.33432,1.33425,4500000,3600000
2023-04-27 12:26:36.663000,1.33431,1.33425,3600000,3600000
2023-04-27 12:26:36.816000,1.3343,1.33425,1200000,2700000
2023-04-27 12:26:41.512000,1.3343,1.33424,1800000,2700000
2023-04-27 12:26:41.736000,1.3343,1.33425,1800000,1800000
2023-04-27 12:26:41.878000,1.3343,1.33424,1200000,1800000
2023-04-27 12:26:41.980000,1.33429,1.33424,1200000,2700000
2023-04-27 12:26:42.183000,1.3343,1.33424,1800000,1800000
2023-04-27 12:26:42.286000,1.33426,1.33423,3600000,1200000
2023-04-27 12:26:42.337000,1.33427,1.33421,1200000,1800000
2023-04-27 12:26:42.439000,1.33427,1.3342,3600000,1800000
2023-04-27 12:26:42.977000,1.33426,1.3342,3600000,1800000
2023-04-27 12:26:43.104000,1.33427,1.33418,3600000,2700000
2023-04-27 12:26:43.206000,1.33424,1.33419,1200000,1800000
2023-04-27 12:26:43.308000,1.33425,1.3342,1200000,1800000
2023-04-27 12:26:43.410000,1.33426,1.3342,3600000,1800000
2023-04-27 12:26:43.613000,1.33425,1.33419,4500000,2700000
2023-04-27 12:26:43.817000,1.33426,1.33419,1200000,1800000
2023-04-27 12:26:43.955000,1.33426,1.3342,4500000,1800000
2023-04-27 12:26:44.164000,1.33425,1.33419,3600000,1800000
2023-04-27 12:26:44.382000,1.33426,1.3342,3600000,1800000
2023-04-27 12:26:44.484000,1.33425,1.3342,1200000,1800000
2023-04-27 12:26:44.586000,1.33425,1.33419,4500000,1800000
2023-04-27 12:26:44.688000,1.33426,1.33419,3600000,1800000
2023-04-27 12:26:44.790000,1.33425,1.33419,4500000,1800000
2023-04-27 12:26:44.943000,1.33426,1.3342,1200000,1800000
2023-04-27 12:26:45.045000,1.33422,1.33418,1200000,2700000
2023-04-27 12:26:45.147000,1.33422,1.33416,1200000,3150000
2023-04-27 12:26:45.249000,1.33422,1.33417,1200000,1800000
2023-04-27 12:26:45.303000,1.33419,1.33415,1200000,1200000
2023-04-27 12:26:45.405000,1.33419,1.33414,1200000,1800000
2023-04-27 12:26:45.659000,1.33419,1.33413,1200000,1800000
2023-04-27 12:26:45.862000,1.33418,1.33411,1200000,2700000
2023-04-27 12:26:45.964000,1.33418,1.33412,1200000,2250000
2023-04-27 12:26:46.360000,1.33419,1.33412,5400000,1800000
2023-04-27 12:26:47.003000,1.33417,1.33412,1200000,1800000
2023-04-27 12:26:47.750000,1.33418,1.33415,1200000,1800000
2023-04-27 12:26:47.802000,1.33418,1.33413,1800000,1800000
2023-04-27 12:26:48.804000,1.33416,1.33413,1200000,1200000
2023-04-27 12:26:48.855000,1.33418,1.33413,3600000,1200000
2023-04-27 12:26:48.906000,1.33418,1.33411,1200000,2700000
2023-04-27 12:26:49.008000,1.33419,1.33412,5400000,1200000
2023-04-27 12:26:49.059000,1.33417,1.33412,4500000,1200000
2023-04-27 12:26:49.389000,1.33418,1.33412,1350000,2700000
2023-04-27 12:26:49.491000,1.33419,1.33412,1200000,1200000
2023-04-27 12:26:50.208000,1.33418,1.33412,1200000,1800000
2023-04-27 12:26:51.357000,1.33418,1.33413,1200000,1200000
2023-04-27 12:26:52.066000,1.33418,1.33412,1200000,1800000
2023-04-27 12:26:52.271000,1.33419,1.33412,4500000,1800000
2023-04-27 12:26:52.373000,1.33413,1.33409,1200000,1350000
2023-04-27 12:26:52.475000,1.33413,1.33408,1200000,1800000
2023-04-27 12:26:52.577000,1.33413,1.33409,1200000,1800000
2023-04-27 12:26:53.205000,1.33413,1.33408,1200000,2700000
2023-04-27 12:26:53.307000,1.33413,1.33409,1800000,1800000
2023-04-27 12:26:53.460000,1.33413,1.33408,1800000,1800000
2023-04-27 12:26:56.122000,1.33413,1.33409,1200000,1800000
2023-04-27 12:26:56.224000,1.33413,1.33408,1800000,1800000
2023-04-27 12:26:56.958000,1.3341,1.33406,7200000,1100000
2023-04-27 12:26:57.009000,1.33408,1.33404,4050000,2250000
2023-04-27 12:26:57.061000,1.33409,1.33402,3600000,1800000
2023-04-27 12:26:57.163000,1.3341,1.33403,3600000,1800000
2023-04-27 12:26:57.534000,1.3341,1.33404,4500000,1200000
2023-04-27 12:26:57.585000,1.3341,1.33406,1200000,1800000
2023-04-27 12:26:57.637000,1.33412,1.33407,1200000,1800000
2023-04-27 12:26:57.739000,1.33413,1.33407,1200000,1800000
2023-04-27 12:26:57.841000,1.33412,1.33407,1200000,1800000
2023-04-27 12:26:59.284000,1.33411,1.33405,3600000,1800000
2023-04-27 12:26:59.386000,1.3341,1.33404,1200000,1800000
2023-04-27 12:26:59.570000,1.3341,1.33405,1200000,1800000
2023-04-27 12:26:59.875000,1.33411,1.33405,1200000,1800000
2023-04-27 12:26:59.985000,1.33411,1.33404,1200000,1800000
2023-04-27 12:27:00.189000,1.33411,1.33405,1200000,1800000
2023-04-27 12:27:00.291000,1.3341,1.33405,1200000,1800000
2023-04-27 12:27:00.392000,1.3341,1.33404,1200000,1800000
2023-04-27 12:27:00.759000,1.3341,1.33405,1200000,1800000
2023-04-27 12:27:00.861000,1.33411,1.33404,5400000,1800000
2023-04-27 12:27:00.963000,1.3341,1.33404,1200000,1800000
2023-04-27 12:27:01.210000,1.33411,1.33404,5400000,1800000
2023-04-27 12:27:01.312000,1.3341,1.33404,1200000,1800000
2023-04-27 12:27:01.698000,1.33411,1.33404,1200000,1800000
2023-04-27 12:27:01.903000,1.33411,1.33406,1200000,1800000
2023-04-27 12:27:02.309000,1.33405,1.33402,1200000,1100000
2023-04-27 12:27:02.360000,1.33407,1.33401,1200000,5400000
2023-04-27 12:27:02.411000,1.33405,1.334,1200000,1800000
2023-04-27 12:27:03.021000,1.33406,1.33401,1200000,1200000
2023-04-27 12:27:03.123000,1.33409,1.33403,4500000,1800000
2023-04-27 12:27:03.225000,1.3341,1.33403,1200000,1800000
2023-04-27 12:27:03.276000,1.33411,1.33406,2250000,1800000
2023-04-27 12:27:03.378000,1.3341,1.33406,1200000,1800000
2023-04-27 12:27:03.480000,1.33411,1.33404,1800000,1800000
2023-04-27 12:27:03.582000,1.33409,1.33405,1200000,1800000
2023-04-27 12:27:03.824000,1.33409,1.33406,1200000,1800000
2023-04-27 12:27:03.926000,1.3341,1.33404,1200000,1800000
2023-04-27 12:27:04.028000,1.3341,1.33405,1200000,1800000
2023-04-27 12:27:04.426000,1.3341,1.33404,1200000,1800000
2023-04-27 12:27:04.535000,1.3341,1.33405,1200000,1800000
2023-04-27 12:27:04.902000,1.3341,1.33404,1200000,1800000
2023-04-27 12:27:05.004000,1.3341,1.33405,1200000,1800000
2023-04-27 12:27:05.283000,1.3341,1.33404,1200000,1800000
2023-04-27 12:27:05.893000,1.33411,1.33404,1350000,1800000
2023-04-27 12:27:06.237000,1.3341,1.33404,1350000,1800000
2023-04-27 12:27:06.541000,1.33409,1.33404,1200000,1800000
2023-04-27 12:27:07.353000,1.33411,1.33403,1200000,1800000
2023-04-27 12:27:07.455000,1.3341,1.33406,1200000,1800000
2023-04-27 12:27:07.810000,1.3341,1.33405,1200000,1800000
2023-04-27 12:27:10.478000,1.33411,1.33405,4500000,1800000
2023-04-27 12:27:10.580000,1.33412,1.33407,1200000,1800000
2023-04-27 12:27:10.682000,1.33412,1.33408,1200000,1800000
2023-04-27 12:27:11.419000,1.33412,1.33407,1200000,1800000
2023-04-27 12:27:13.532000,1.33413,1.33407,1200000,1800000
2023-04-27 12:27:13.653000,1.33412,1.33407,1200000,1800000
2023-04-27 12:27:13.856000,1.33411,1.33407,1200000,1800000
2023-04-27 12:27:14.638000,1.33413,1.33408,1800000,1800000
2023-04-27 12:27:14.740000,1.33411,1.33407,1200000,1800000
2023-04-27 12:27:15.048000,1.33411,1.33408,1800000,1800000
2023-04-27 12:27:15.302000,1.33411,1.33407,1200000,1800000
2023-04-27 12:27:15.562000,1.33411,1.33408,1200000,1800000
2023-04-27 12:27:15.766000,1.33411,1.33407,1200000,1800000
2023-04-27 12:27:16.599000,1.33412,1.33407,1800000,1800000
2023-04-27 12:27:16.751000,1.33411,1.33407,1200000,1800000
2023-04-27 12:27:17.344000,1.33411,1.33406,1200000,1800000
2023-04-27 12:27:17.446000,1.33411,1.33407,1200000,1800000
2023-04-27 12:27:17.724000,1.3341,1.33406,1200000,1800000
2023-04-27 12:27:18.049000,1.33411,1.33406,1800000,1800000
2023-04-27 12:27:18.151000,1.33407,1.33404,1200000,2470000
2023-04-27 12:27:18.202000,1.33407,1.33403,1200000,1800000
2023-04-27 12:27:18.304000,1.33407,1.33402,1200000,2250000
2023-04-27 12:27:18.956000,1.33404,1.33401,1200000,1100000
2023-04-27 12:27:19.007000,1.33404,1.334,1200000,1800000
2023-04-27 12:27:19.223000,1.33404,1.33399,1200000,1800000
2023-04-27 12:27:19.325000,1.33403,1.33399,1200000,2250000
2023-04-27 12:27:19.544000,1.33404,1.33399,1200000,2250000
2023-04-27 12:27:20.246000,1.33403,1.33399,1200000,2250000
2023-04-27 12:27:24.733000,1.33404,1.33398,1800000,2470000
2023-04-27 12:27:24.835000,1.33403,1.33398,1200000,2250000
2023-04-27 12:27:25.864000,1.33403,1.33398,1200000,2470000
2023-04-27 12:27:28.457000,1.33404,1.33399,1800000,2250000
2023-04-27 12:27:29.054000,1.33403,1.33399,1200000,1800000
2023-04-27 12:27:34.120000,1.33402,1.33398,1200000,2470000
2023-04-27 12:27:36.277000,1.33403,1.33398,1200000,2470000
2023-04-27 12:27:42.295000,1.33403,1.33398,1200000,1200000
2023-04-27 12:27:43.277000,1.33403,1.33398,1800000,2470000
2023-04-27 12:27:44.226000,1.33404,1.33398,1200000,2470000
2023-04-27 12:27:44.328000,1.33404,1.334,1200000,1200000
2023-04-27 12:27:44.430000,1.33403,1.334,1200000,1200000
2023-04-27 12:27:44.836000,1.33404,1.334,4500000,1200000
2023-04-27 12:27:45.915000,1.33404,1.33399,1200000,2250000
2023-04-27 12:27:46.485000,1.33403,1.33398,1200000,2470000
2023-04-27 12:27:51.685000,1.33404,1.334,1200000,3220000
2023-04-27 12:27:51.737000,1.33408,1.33402,4350000,1800000
2023-04-27 12:27:51.788000,1.33407,1.334,4050000,4950000
2023-04-27 12:27:51.890000,1.33407,1.33401,1350000,1800000
2023-04-27 12:27:51.992000,1.33407,1.33404,1350000,4500000
2023-04-27 12:27:52.043000,1.33413,1.33406,4500000,1800000
2023-04-27 12:27:52.145000,1.33413,1.33407,4500000,1800000
2023-04-27 12:27:52.198000,1.33412,1.33404,3600000,1800000
2023-04-27 12:27:52.300000,1.3341,1.33404,4500000,1200000
2023-04-27 12:27:52.401000,1.33411,1.33405,4050000,1800000
2023-04-27 12:27:52.536000,1.33412,1.33405,4500000,1800000
2023-04-27 12:27:52.841000,1.33411,1.33405,1200000,1800000
2023-04-27 12:27:53.065000,1.33411,1.33404,1200000,1800000
2023-04-27 12:27:53.217000,1.3341,1.33404,1200000,2700000
2023-04-27 12:27:53.428000,1.3341,1.33405,1200000,1800000
2023-04-27 12:27:53.530000,1.3341,1.33404,1200000,2700000
2023-04-27 12:27:53.632000,1.33411,1.33406,1200000,1800000
2023-04-27 12:27:54.252000,1.33412,1.33406,1200000,1800000
2023-04-27 12:27:54.597000,1.3341,1.33406,1200000,1800000
2023-04-27 12:27:54.801000,1.33411,1.33405,1200000,1800000
2023-04-27 12:27:54.903000,1.33409,1.33406,1200000,1800000
2023-04-27 12:27:55.056000,1.33409,1.33404,1200000,2250000
2023-04-27 12:27:55.217000,1.33409,1.33405,1200000,1800000
2023-04-27 12:27:55.319000,1.33408,1.33405,1200000,1800000
2023-04-27 12:27:56.105000,1.33409,1.33406,1200000,1800000
2023-04-27 12:27:56.298000,1.33408,1.33405,1200000,1800000
2023-04-27 12:27:56.851000,1.33408,1.33404,1200000,2700000
2023-04-27 12:27:56.953000,1.33408,1.33403,1200000,2700000
2023-04-27 12:27:57.224000,1.33408,1.33405,1200000,1800000
2023-04-27 12:27:57.428000,1.33409,1.33405,1200000,1800000
2023-04-27 12:27:57.632000,1.33411,1.33404,1200000,1800000
2023-04-27 12:27:57.733000,1.33411,1.33405,1200000,1800000
2023-04-27 12:27:58.116000,1.33409,1.33406,1200000,1800000
2023-04-27 12:27:59.387000,1.33409,1.33405,1200000,2250000
2023-04-27 12:27:59.489000,1.33408,1.33405,1200000,1800000
2023-04-27 12:27:59.614000,1.33408,1.33404,1200000,1800000
2023-04-27 12:28:00.121000,1.33408,1.33404,1200000,3970000
2023-04-27 12:28:00.274000,1.33409,1.33405,1200000,2250000
2023-04-27 12:28:00.478000,1.33411,1.33404,1800000,2250000
2023-04-27 12:28:01.020000,1.33411,1.33405,1800000,2250000
2023-04-27 12:28:02.791000,1.3341,1.33405,1200000,2250000
2023-04-27 12:28:03,1.33411,1.33405,1800000,2250000
2023-04-27 12:28:03.203000,1.33411,1.33405,1800000,2470000
2023-04-27 12:28:04.193000,1.33412,1.33404,1800000,2250000
2023-04-27 12:28:04.828000,1.3341,1.33405,1200000,2250000
2023-04-27 12:28:04.929000,1.3341,1.33406,1200000,1800000
2023-04-27 12:28:05.386000,1.33412,1.33405,1800000,1800000
2023-04-27 12:28:05.488000,1.33411,1.33405,1800000,2250000
2023-04-27 12:28:06.225000,1.33411,1.33405,1800000,2470000
2023-04-27 12:28:07.074000,1.3341,1.33405,1200000,2470000
2023-04-27 12:28:07.571000,1.33411,1.33406,1800000,2250000
2023-04-27 12:28:07.983000,1.3341,1.33406,1200000,2250000
2023-04-27 12:28:08.236000,1.33411,1.33405,1800000,2470000
2023-04-27 12:28:09.076000,1.33411,1.33405,1800000,2250000
2023-04-27 12:28:09.788000,1.33411,1.33404,5400000,2700000
2023-04-27 12:28:09.890000,1.3341,1.33404,1200000,1800000
2023-04-27 12:28:09.991000,1.33409,1.33404,1200000,1800000
2023-04-27 12:28:10.106000,1.33409,1.33403,1800000,2700000
2023-04-27 12:28:10.209000,1.33409,1.33402,5400000,2700000
2023-04-27 12:28:10.362000,1.33408,1.33402,1200000,2700000
2023-04-27 12:28:10.514000,1.33408,1.33403,1200000,1800000
2023-04-27 12:28:10.667000,1.33409,1.33403,1200000,1800000
2023-04-27 12:28:10.871000,1.33409,1.33402,1200000,1800000
2023-04-27 12:28:11.148000,1.33408,1.33402,1200000,1200000
2023-04-27 12:28:11.250000,1.33408,1.33403,1200000,1800000
2023-04-27 12:28:11.403000,1.33408,1.33402,1200000,1800000
2023-04-27 12:28:11.505000,1.33407,1.33402,1200000,1800000
2023-04-27 12:28:11.657000,1.3341,1.33403,4500000,1800000
2023-04-27 12:28:11.759000,1.33408,1.33403,1200000,1800000
2023-04-27 12:28:11.860000,1.33407,1.33403,1200000,1800000
2023-04-27 12:28:11.962000,1.33409,1.33402,1200000,1800000
2023-04-27 12:28:12.064000,1.33409,1.33403,1200000,2700000
2023-04-27 12:28:12.165000,1.3341,1.33403,5400000,1800000
2023-04-27 12:28:12.267000,1.33408,1.33402,1200000,3600000
2023-04-27 12:28:12.368000,1.33408,1.33403,1200000,1800000
2023-04-27 12:28:12.572000,1.3341,1.33402,1800000,1800000
2023-04-27 12:28:12.724000,1.33409,1.33402,1200000,3600000
2023-04-27 12:28:13.043000,1.33409,1.33403,1200000,1800000
2023-04-27 12:28:13.195000,1.33408,1.33403,1200000,1800000
2023-04-27 12:28:13.296000,1.33408,1.33402,1200000,2700000
2023-04-27 12:28:13.512000,1.33408,1.33401,1200000,2700000
2023-04-27 12:28:13.664000,1.33407,1.33403,1200000,1800000
2023-04-27 12:28:13.765000,1.33407,1.33402,1200000,2700000
2023-04-27 12:28:14.272000,1.33407,1.33401,1200000,2700000
2023-04-27 12:28:14.464000,1.33407,1.33402,1200000,1800000
2023-04-27 12:28:14.566000,1.33407,1.33403,1200000,1800000
2023-04-27 12:28:14.618000,1.33411,1.33403,3600000,1800000
2023-04-27 12:28:14.669000,1.33411,1.33406,1800000,1800000
2023-04-27 12:28:15.977000,1.33409,1.33405,3600000,1100000
2023-04-27 12:28:16.028000,1.33411,1.33405,1800000,1800000
2023-04-27 12:28:16.321000,1.33411,1.33406,1800000,1800000
2023-04-27 12:28:16.495000,1.33411,1.33405,1800000,1800000
2023-04-27 12:28:17.159000,1.33411,1.33406,1800000,1800000
2023-04-27 12:28:17.312000,1.33411,1.33405,1800000,1800000
2023-04-27 12:28:17.716000,1.33411,1.33406,1800000,1800000
2023-04-27 12:28:17.872000,1.33412,1.33404,1800000,1800000
2023-04-27 12:28:18.058000,1.33411,1.33405,1800000,3220000
2023-04-27 12:28:20.084000,1.33411,1.33405,1800000,3150000
2023-04-27 12:28:20.368000,1.33412,1.33405,1800000,1800000
2023-04-27 12:28:20.470000,1.33411,1.33405,1800000,3150000
2023-04-27 12:28:20.789000,1.33411,1.33406,1800000,1800000
2023-04-27 12:28:20.891000,1.33411,1.33405,1800000,3150000
2023-04-27 12:28:21.314000,1.33411,1.33406,1200000,1800000
2023-04-27 12:28:21.454000,1.33411,1.33405,1200000,3150000
2023-04-27 12:28:21.857000,1.33411,1.33406,1200000,1800000
2023-04-27 12:28:22.112000,1.33411,1.33405,1200000,3150000
2023-04-27 12:28:22.408000,1.33411,1.33406,1800000,1800000
2023-04-27 12:28:22.510000,1.33411,1.33405,1800000,3150000
2023-04-27 12:28:22.611000,1.33411,1.33406,1800000,1800000
2023-04-27 12:28:22.774000,1.33411,1.33405,1200000,3150000
2023-04-27 12:28:22.876000,1.33411,1.33407,1200000,1800000
2023-04-27 12:28:22.977000,1.33411,1.33406,1200000,1800000
2023-04-27 12:28:23.565000,1.33411,1.33406,1200000,3220000
2023-04-27 12:28:24.113000,1.33411,1.33406,1200000,1800000
2023-04-27 12:28:24.216000,1.33409,1.33403,3600000,1800000
2023-04-27 12:28:24.723000,1.33409,1.33402,4500000,1800000
2023-04-27 12:28:24.876000,1.33409,1.33403,5400000,1800000
2023-04-27 12:28:25.415000,1.3341,1.33403,5400000,2700000
2023-04-27 12:28:25.517000,1.3341,1.33404,1800000,1800000
2023-04-27 12:28:25.619000,1.3341,1.33403,5400000,2700000
2023-04-27 12:28:26.188000,1.33408,1.33402,3600000,1200000
2023-04-27 12:28:26.290000,1.33409,1.33402,5400000,2700000
2023-04-27 12:28:26.442000,1.33409,1.33403,4500000,1200000
2023-04-27 12:28:26.595000,1.33407,1.33401,1200000,1800000
2023-04-27 12:28:26.697000,1.33407,1.33402,1200000,1800000
2023-04-27 12:28:26.799000,1.33407,1.33401,1200000,3150000
2023-04-27 12:28:27.103000,1.33406,1.33401,1200000,1350000
2023-04-27 12:28:27.460000,1.33407,1.33401,1800000,3150000
2023-04-27 12:28:27.563000,1.33404,1.334,1200000,1100000
2023-04-27 12:28:27.665000,1.33403,1.33399,1200000,3220000
2023-04-27 12:28:28.563000,1.33403,1.33399,1200000,3150000
2023-04-27 12:28:29.586000,1.33403,1.33399,1200000,1720000
2023-04-27 12:28:30.045000,1.33404,1.33399,1200000,1720000
2023-04-27 12:28:31.849000,1.33405,1.33398,1200000,1350000
2023-04-27 12:28:32.653000,1.33404,1.334,1200000,1200000
2023-04-27 12:28:34.100000,1.33403,1.33399,1200000,3220000
2023-04-27 12:28:34.202000,1.33404,1.33399,1200000,3220000
2023-04-27 12:28:34.456000,1.33405,1.33398,1200000,3600000
2023-04-27 12:28:35.411000,1.33404,1.33399,1200000,3220000
2023-04-27 12:28:35.665000,1.33405,1.33398,1200000,3600000
2023-04-27 12:28:35.820000,1.33403,1.33399,1200000,3600000
2023-04-27 12:28:36.260000,1.33404,1.33399,4500000,1200000
2023-04-27 12:28:36.770000,1.33404,1.33399,1200000,3220000
2023-04-27 12:28:39.015000,1.33404,1.33399,1200000,4050000
2023-04-27 12:28:41.033000,1.33404,1.33399,1200000,3220000
2023-04-27 12:28:43.038000,1.33404,1.33399,1200000,4050000
2023-04-27 12:28:44.082000,1.33404,1.33399,1200000,4720000
2023-04-27 12:28:44.184000,1.33404,1.33399,1200000,5400000
2023-04-27 12:28:44.963000,1.33404,1.334,1200000,1200000
2023-04-27 12:28:45.065000,1.33406,1.33403,1200000,1200000
2023-04-27 12:28:45.167000,1.33409,1.33403,3600000,1800000
2023-04-27 12:28:45.270000,1.33407,1.33401,3600000,1800000
2023-04-27 12:28:45.371000,1.33406,1.334,3600000,1800000
2023-04-27 12:28:45.473000,1.33407,1.33401,4050000,1800000
2023-04-27 12:28:45.626000,1.33407,1.33402,3600000,1200000
2023-04-27 12:28:45.829000,1.33407,1.33401,3600000,2700000
2023-04-27 12:28:45.881000,1.33409,1.33401,4500000,2700000
2023-04-27 12:28:46.135000,1.33409,1.33402,3600000,1200000
2023-04-27 12:28:46.491000,1.33409,1.33401,4500000,3600000
2023-04-27 12:28:46.761000,1.33409,1.33402,3600000,1200000
2023-04-27 12:28:46.863000,1.33408,1.33402,3600000,1200000
2023-04-27 12:28:46.965000,1.33407,1.33401,3600000,1800000
2023-04-27 12:28:47.181000,1.33408,1.33402,3600000,1200000
2023-04-27 12:28:47.333000,1.33408,1.33401,3600000,1200000
2023-04-27 12:28:47.435000,1.33408,1.334,3600000,1800000
2023-04-27 12:28:47.685000,1.33408,1.33402,3600000,1200000
2023-04-27 12:28:47.806000,1.33408,1.33403,3600000,1200000
2023-04-27 12:28:47.908000,1.33408,1.33402,3600000,1200000
2023-04-27 12:28:48.217000,1.33409,1.33402,3600000,2700000
2023-04-27 12:28:48.319000,1.3341,1.33402,5400000,1200000
2023-04-27 12:28:48.421000,1.3341,1.33403,5400000,1200000
2023-04-27 12:28:48.911000,1.3341,1.33402,5400000,1200000
2023-04-27 12:28:49.418000,1.3341,1.33403,5400000,1200000
2023-04-27 12:28:49.933000,1.3341,1.33402,5400000,1200000
2023-04-27 12:28:50.135000,1.33409,1.33402,3600000,2700000
2023-04-27 12:28:50.237000,1.3341,1.33402,5400000,2700000
2023-04-27 12:28:50.390000,1.33409,1.33402,3600000,2700000
2023-04-27 12:28:50.492000,1.33409,1.33403,3600000,1200000
2023-04-27 12:28:50.731000,1.3341,1.33403,5400000,1200000
2023-04-27 12:28:50.884000,1.33409,1.33403,3600000,1200000
2023-04-27 12:28:50.986000,1.3341,1.33402,6300000,2700000
2023-04-27 12:28:51.473000,1.33409,1.33401,4500000,2700000
2023-04-27 12:28:51.576000,1.33407,1.33401,3600000,2700000
2023-04-27 12:28:51.933000,1.33406,1.33401,1200000,1200000
2023-04-27 12:28:52.260000,1.33406,1.334,1200000,1200000
2023-04-27 12:28:53.342000,1.33405,1.334,3600000,1200000
2023-04-27 12:28:53.444000,1.33404,1.33399,1600000,1200000
2023-04-27 12:28:53.962000,1.33404,1.33398,4350000,1350000
2023-04-27 12:28:54.606000,1.33402,1.33398,3600000,1350000
2023-04-27 12:28:54.772000,1.33399,1.33396,1200000,1100000
2023-04-27 12:28:54.824000,1.33398,1.33392,3600000,1200000
2023-04-27 12:28:54.876000,1.33397,1.3339,3600000,2700000
2023-04-27 12:28:55.317000,1.33399,1.3339,3600000,1800000
2023-04-27 12:28:55.426000,1.33397,1.33391,1200000,1800000
2023-04-27 12:28:55.478000,1.33402,1.33396,4950000,2700000
2023-04-27 12:28:55.579000,1.33401,1.33396,3600000,1200000
2023-04-27 12:28:55.686000,1.33404,1.33398,4720000,2700000
2023-04-27 12:28:55.839000,1.33402,1.33398,3600000,1350000
2023-04-27 12:28:56.042000,1.33403,1.33398,1350000,2250000
2023-04-27 12:28:57.696000,1.33402,1.33398,3600000,1350000
2023-04-27 12:28:57.798000,1.33403,1.33398,1350000,3150000
2023-04-27 12:28:57.900000,1.33403,1.33396,3600000,1720000
2023-04-27 12:28:58.094000,1.33403,1.33397,5400000,3220000
2023-04-27 12:29:00.076000,1.33404,1.33398,5400000,1800000
2023-04-27 12:29:00.178000,1.33403,1.33397,3600000,1800000
2023-04-27 12:29:00.281000,1.33406,1.33401,1200000,1800000
2023-04-27 12:29:00.382000,1.33408,1.33401,3600000,3600000
2023-04-27 12:29:00.485000,1.33405,1.33399,3600000,1800000
2023-04-27 12:29:00.587000,1.33405,1.33401,3600000,1200000
2023-04-27 12:29:00.688000,1.33406,1.33401,4050000,1200000
2023-04-27 12:29:00.892000,1.33408,1.33402,3600000,1200000
2023-04-27 12:29:01.389000,1.33408,1.33403,3600000,1200000
2023-04-27 12:29:01.798000,1.33408,1.33404,3600000,1200000
2023-04-27 12:29:02.274000,1.33408,1.33403,5850000,1200000
2023-04-27 12:29:03.017000,1.33407,1.33403,3600000,1200000
2023-04-27 12:29:03.283000,1.33408,1.33403,5850000,1200000
2023-04-27 12:29:04.089000,1.33409,1.33403,5850000,1200000
2023-04-27 12:29:04.191000,1.33408,1.33403,3600000,1200000
2023-04-27 12:29:04.868000,1.33407,1.33403,3600000,1200000
2023-04-27 12:29:04.919000,1.33409,1.33403,4950000,1200000
2023-04-27 12:29:05.022000,1.3341,1.33405,1200000,1200000
2023-04-27 12:29:05.416000,1.33412,1.33406,3600000,2700000
2023-04-27 12:29:05.518000,1.33413,1.33407,3600000,1200000
2023-04-27 12:29:05.620000,1.33413,1.33406,4950000,2700000
2023-04-27 12:29:05.722000,1.33412,1.33406,3600000,1800000
2023-04-27 12:29:05.875000,1.33413,1.33406,4950000,1800000
2023-04-27 12:29:05.977000,1.33413,1.33407,4050000,1800000
2023-04-27 12:29:06.205000,1.33413,1.33408,3600000,1200000
2023-04-27 12:29:06.564000,1.33414,1.33408,4500000,1200000
2023-04-27 12:29:06.666000,1.33413,1.33408,3600000,1200000
2023-04-27 12:29:07.119000,1.33413,1.33407,3600000,2700000
2023-04-27 12:29:07.476000,1.33414,1.33407,4500000,2700000
2023-04-27 12:29:07.578000,1.33414,1.33408,4500000,1200000
2023-04-27 12:29:07.680000,1.33413,1.33408,3600000,1200000
2023-04-27 12:29:07.975000,1.33414,1.33408,4500000,1200000
2023-04-27 12:29:08.077000,1.33413,1.33408,3600000,1200000
2023-04-27 12:29:08.537000,1.33414,1.33407,4500000,2700000
2023-04-27 12:29:08.639000,1.33414,1.33408,4500000,1200000
2023-04-27 12:29:08.833000,1.33413,1.33408,3600000,1200000
2023-04-27 12:29:08.935000,1.33413,1.33407,3600000,2700000
2023-04-27 12:29:09.037000,1.33414,1.33408,3600000,1200000
2023-04-27 12:29:09.241000,1.33413,1.33408,3600000,1200000
2023-04-27 12:29:09.495000,1.33414,1.33408,3600000,1200000
2023-04-27 12:29:10.707000,1.33413,1.33408,3600000,1200000
2023-04-27 12:29:10.808000,1.33414,1.33407,3600000,2700000
2023-04-27 12:29:11.295000,1.33414,1.33408,3600000,1200000
2023-04-27 12:29:12.170000,1.33413,1.33408,3600000,1200000
2023-04-27 12:29:12.322000,1.33413,1.33407,3600000,2700000
2023-04-27 12:29:12.860000,1.33412,1.33407,3600000,1200000
2023-04-27 12:29:13.117000,1.33414,1.33406,3600000,2700000
2023-04-27 12:29:13.320000,1.33412,1.33407,3600000,1200000
2023-04-27 12:29:13.628000,1.33413,1.33407,3600000,2700000
2023-04-27 12:29:14.614000,1.33412,1.33407,3600000,1200000
2023-04-27 12:29:14.723000,1.33413,1.33407,3600000,2700000
2023-04-27 12:29:15.039000,1.33413,1.33408,4500000,1200000
2023-04-27 12:29:15.141000,1.33414,1.33407,3600000,1800000
2023-04-27 12:29:16.969000,1.33414,1.33406,4500000,1800000
2023-04-27 12:29:17.072000,1.33411,1.33405,3600000,1800000
2023-04-27 12:29:17.123000,1.33413,1.33405,4500000,1800000
2023-04-27 12:29:17.225000,1.33413,1.33404,3600000,1800000
2023-04-27 12:29:18.533000,1.33409,1.334,4500000,1800000
2023-04-27 12:29:18.635000,1.33408,1.334,3600000,1800000
2023-04-27 12:29:18.686000,1.33411,1.33399,3600000,1800000
2023-04-27 12:29:18.889000,1.3341,1.33399,3600000,1800000
2023-04-27 12:29:18.991000,1.33411,1.33399,3600000,1800000
2023-04-27 12:29:19.093000,1.3341,1.334,3600000,1800000
2023-04-27 12:29:19.253000,1.33411,1.33399,3600000,1800000
2023-04-27 12:29:19.514000,1.3341,1.334,3600000,1800000
2023-04-27 12:29:19.906000,1.3341,1.33399,4500000,1800000
2023-04-27 12:29:20.008000,1.3341,1.334,4500000,1800000
2023-04-27 12:29:20.360000,1.3341,1.33401,4500000,1800000
2023-04-27 12:29:20.462000,1.33409,1.334,3600000,1800000
2023-04-27 12:29:20.716000,1.33411,1.33398,3600000,1800000
2023-04-27 12:29:20.818000,1.3341,1.334,3600000,1800000
2023-04-27 12:29:20.920000,1.33411,1.334,4500000,1800000
2023-04-27 12:29:21.130000,1.3341,1.33398,3600000,1800000
2023-04-27 12:29:21.465000,1.33412,1.33398,3600000,1800000
2023-04-27 12:29:21.575000,1.3341,1.33399,1200000,1800000
2023-04-27 12:29:21.778000,1.33409,1.334,3600000,1800000
2023-04-27 12:29:22.140000,1.33409,1.33398,3600000,1200000
2023-04-27 12:29:22.428000,1.3341,1.334,4500000,1800000
2023-04-27 12:29:22.530000,1.33411,1.33398,4500000,1200000
2023-04-27 12:29:22.939000,1.33411,1.33399,4500000,1200000
2023-04-27 12:29:23.041000,1.3341,1.33399,1200000,2700000
2023-04-27 12:29:23.340000,1.33411,1.334,3600000,1800000
2023-04-27 12:29:23.594000,1.3341,1.33399,3600000,1800000
2023-04-27 12:29:23.835000,1.33411,1.33401,3600000,1800000
2023-04-27 12:29:23.937000,1.33411,1.33399,3600000,1800000
2023-04-27 12:29:24.090000,1.3341,1.334,3600000,1800000
2023-04-27 12:29:24.381000,1.33409,1.334,3600000,1200000
2023-04-27 12:29:24.432000,1.33412,1.334,3600000,2700000
2023-04-27 12:29:24.483000,1.3341,1.334,3600000,1800000
2023-04-27 12:29:24.757000,1.33411,1.334,3600000,1200000
2023-04-27 12:29:24.808000,1.3341,1.33398,3600000,2700000
2023-04-27 12:29:24.961000,1.33411,1.33399,4500000,1800000
2023-04-27 12:29:25.063000,1.33411,1.33399,3600000,1800000
2023-04-27 12:29:25.165000,1.3341,1.33399,3600000,1800000
2023-04-27 12:29:25.368000,1.33411,1.33398,3600000,2700000
2023-04-27 12:29:25.498000,1.33411,1.33399,3600000,2700000
2023-04-27 12:29:25.600000,1.3341,1.33399,3600000,2700000
2023-04-27 12:29:25.878000,1.33411,1.33399,3600000,2700000
2023-04-27 12:29:26.086000,1.33411,1.334,3600000,1800000
2023-04-27 12:29:26.600000,1.3341,1.334,3600000,1800000
2023-04-27 12:29:26.803000,1.33412,1.33399,3600000,1800000
2023-04-27 12:29:27.435000,1.3341,1.33398,3600000,1800000
2023-04-27 12:29:27.588000,1.33411,1.33398,3600000,2700000
2023-04-27 12:29:27.727000,1.3341,1.33398,3600000,1800000
2023-04-27 12:29:27.930000,1.33412,1.33399,6300000,1800000
2023-04-27 12:29:27.981000,1.3341,1.33398,3600000,1800000
2023-04-27 12:29:28.368000,1.33409,1.334,3600000,1800000
2023-04-27 12:29:28.622000,1.33411,1.334,3600000,1800000
2023-04-27 12:29:28.673000,1.3341,1.33398,3600000,1800000
2023-04-27 12:29:28.843000,1.33408,1.33399,3600000,1800000
2023-04-27 12:29:29.047000,1.3341,1.33398,3600000,2700000
2023-04-27 12:29:29.199000,1.33409,1.33398,3600000,1200000
2023-04-27 12:29:29.390000,1.33409,1.33399,3600000,1800000
2023-04-27 12:29:29.542000,1.33409,1.33398,3600000,2700000
2023-04-27 12:29:29.695000,1.33409,1.334,3600000,1800000
2023-04-27 12:29:29.747000,1.3341,1.33398,3600000,1800000
2023-04-27 12:29:29.849000,1.33409,1.33397,3600000,4500000
2023-04-27 12:29:29.900000,1.33407,1.33397,3600000,1800000
2023-04-27 12:29:30.014000,1.33406,1.33398,3600000,1800000
2023-04-27 12:29:30.116000,1.33407,1.33399,3600000,1800000
2023-04-27 12:29:30.168000,1.3341,1.33398,3600000,1800000
2023-04-27 12:29:30.219000,1.33409,1.334,3600000,1800000
2023-04-27 12:29:30.270000,1.33412,1.33399,3600000,1800000
2023-04-27 12:29:30.322000,1.33407,1.33397,3600000,2100000
2023-04-27 12:29:30.423000,1.33406,1.33397,3600000,1800000
2023-04-27 12:29:30.525000,1.33407,1.33397,3600000,1800000
2023-04-27 12:29:30.627000,1.33405,1.33395,4500000,1800000
2023-04-27 12:29:30.729000,1.33405,1.33391,4500000,2700000
2023-04-27 12:29:31.163000,1.33405,1.33393,4500000,1800000
2023-04-27 12:29:31.265000,1.33404,1.33396,3600000,1800000
2023-04-27 12:29:31.367000,1.33405,1.33392,3600000,1800000
2023-04-27 12:29:31.418000,1.33402,1.33392,1200000,1800000
2023-04-27 12:29:31.520000,1.33404,1.33394,4500000,1800000
2023-04-27 12:29:31.621000,1.33404,1.33391,1200000,2700000
2023-04-27 12:29:31.673000,1.33404,1.33396,1200000,1200000
2023-04-27 12:29:31.724000,1.33411,1.33399,1200000,1800000
2023-04-27 12:29:31.775000,1.33404,1.33397,3600000,1800000
2023-04-27 12:29:32.137000,1.3341,1.33401,4350000,1800000
2023-04-27 12:29:32.239000,1.33408,1.33401,1200000,1800000
2023-04-27 12:29:32.290000,1.33406,1.33398,3600000,1800000
2023-04-27 12:29:32.433000,1.33407,1.33398,5400000,1800000
2023-04-27 12:29:32.535000,1.33407,1.33397,1800000,1800000
2023-04-27 12:29:32.775000,1.33406,1.33397,3600000,1800000
2023-04-27 12:29:33.014000,1.33406,1.33398,4500000,1800000
2023-04-27 12:29:33.349000,1.33403,1.33395,1200000,1350000
2023-04-27 12:29:33.451000,1.33401,1.33391,4500000,1800000
2023-04-27 12:29:33.503000,1.33395,1.33386,3600000,1350000
2023-04-27 12:29:33.554000,1.33396,1.3338,3440000,1800000
2023-04-27 12:29:33.605000,1.33396,1.33382,3440000,1800000
2023-04-27 12:29:33.657000,1.33397,1.33382,3600000,1800000
2023-04-27 12:29:33.812000,1.33396,1.33381,3600000,1800000
2023-04-27 12:29:34.334000,1.33395,1.33384,3600000,1800000
2023-04-27 12:29:34.537000,1.33396,1.33379,4500000,2700000
2023-04-27 12:29:34.662000,1.33396,1.3338,3600000,1200000
2023-04-27 12:29:34.713000,1.33395,1.33384,3600000,1800000
2023-04-27 12:29:34.815000,1.33396,1.33383,3600000,1800000
2023-04-27 12:29:34.968000,1.3339,1.33382,3600000,1800000
2023-04-27 12:29:35.070000,1.33386,1.3338,1350000,1800000
2023-04-27 12:29:35.172000,1.33386,1.33378,3600000,1200000
2023-04-27 12:29:35.274000,1.33388,1.3338,1800000,1800000
2023-04-27 12:29:35.376000,1.33392,1.3338,6750000,1800000
2023-04-27 12:29:35.478000,1.33391,1.3338,1200000,1800000
2023-04-27 12:29:35.580000,1.33388,1.33378,1200000,1200000
2023-04-27 12:29:35.682000,1.3339,1.3338,4500000,1800000
2023-04-27 12:29:35.733000,1.33389,1.33376,6300000,1800000
2023-04-27 12:29:35.784000,1.33389,1.33371,3600000,2700000
2023-04-27 12:29:35.872000,1.33386,1.33374,3600000,1800000
2023-04-27 12:29:35.924000,1.33389,1.33371,2700000,2700000
2023-04-27 12:29:36.025000,1.33387,1.33372,1200000,1800000
2023-04-27 12:29:36.076000,1.33389,1.33371,1800000,2700000
2023-04-27 12:29:36.178000,1.33388,1.33371,1200000,2700000
2023-04-27 12:29:36.381000,1.33389,1.33371,3600000,2700000
2023-04-27 12:29:36.483000,1.33389,1.33373,3600000,1200000
2023-04-27 12:29:36.737000,1.3339,1.33373,3600000,1200000
2023-04-27 12:29:36.890000,1.3339,1.33372,1200000,1200000
2023-04-27 12:29:36.941000,1.33388,1.33371,1800000,1800000
2023-04-27 12:29:37.043000,1.33387,1.33373,4500000,1800000
2023-04-27 12:29:37.195000,1.33386,1.33371,4500000,1800000
2023-04-27 12:29:37.500000,1.33386,1.33373,4500000,1800000
2023-04-27 12:29:37.602000,1.33386,1.33372,4500000,1800000
2023-04-27 12:29:37.723000,1.33386,1.33373,4500000,1800000
2023-04-27 12:29:37.825000,1.33386,1.33372,4500000,1800000
2023-04-27 12:29:37.936000,1.33385,1.33372,1200000,1800000
2023-04-27 12:29:38.038000,1.33385,1.33371,1200000,1800000
2023-04-27 12:29:38.140000,1.33386,1.33371,3600000,1800000
2023-04-27 12:29:38.251000,1.33387,1.33371,4950000,1800000
2023-04-27 12:29:38.352000,1.33386,1.33372,3600000,1800000
2023-04-27 12:29:38.454000,1.33386,1.33373,3600000,1800000
2023-04-27 12:29:38.568000,1.33385,1.33371,1200000,2700000
2023-04-27 12:29:38.670000,1.33386,1.33372,4500000,2700000
2023-04-27 12:29:38.721000,1.33386,1.33374,1200000,1800000
2023-04-27 12:29:38.823000,1.33387,1.33375,1200000,1800000
2023-04-27 12:29:39.470000,1.33386,1.33375,1200000,1800000
2023-04-27 12:29:39.572000,1.33387,1.33373,1200000,1800000
2023-04-27 12:29:39.674000,1.33386,1.33375,1200000,1800000
2023-04-27 12:29:41.344000,1.33387,1.3338,1200000,1800000
2023-04-27 12:29:41.446000,1.33388,1.3338,4500000,1800000
2023-04-27 12:29:41.547000,1.33388,1.33379,4500000,1800000
2023-04-27 12:29:41.873000,1.33388,1.3338,1200000,1800000
2023-04-27 12:29:42.382000,1.33388,1.33379,1200000,1800000
2023-04-27 12:29:42.843000,1.33388,1.33378,1200000,1800000
2023-04-27 12:29:42.945000,1.33388,1.33379,4500000,1800000
2023-04-27 12:29:43.047000,1.33381,1.33377,4500000,1200000
2023-04-27 12:29:43.098000,1.33381,1.33371,1200000,1800000
2023-04-27 12:29:43.200000,1.33376,1.33371,1200000,1800000
2023-04-27 12:29:43.252000,1.33374,1.33368,3600000,1200000
2023-04-27 12:29:43.304000,1.33378,1.33363,3600000,1800000
2023-04-27 12:29:43.405000,1.33379,1.33363,3600000,1200000
2023-04-27 12:29:43.558000,1.33377,1.33364,3600000,1200000
2023-04-27 12:29:43.761000,1.33379,1.33368,3600000,1200000
2023-04-27 12:29:43.812000,1.33381,1.33369,3600000,2700000
2023-04-27 12:29:43.863000,1.33381,1.33371,3600000,1800000
2023-04-27 12:29:44.162000,1.33379,1.33371,3600000,1800000
2023-04-27 12:29:44.416000,1.3338,1.33371,3600000,1800000
2023-04-27 12:29:44.636000,1.33386,1.33378,2250000,1200000
2023-04-27 12:29:44.840000,1.33386,1.33377,4500000,2700000
2023-04-27 12:29:45.093000,1.33386,1.33374,1200000,1800000
2023-04-27 12:29:45.144000,1.33385,1.33377,1200000,1800000
2023-04-27 12:29:45.348000,1.33385,1.33376,1200000,1800000
2023-04-27 12:29:45.636000,1.33385,1.33375,4500000,1800000
2023-04-27 12:29:45.769000,1.33384,1.33376,1200000,1800000
2023-04-27 12:29:46.024000,1.33384,1.33373,1200000,2700000
2023-04-27 12:29:47.994000,1.33386,1.33384,1200000,1200000
2023-04-27 12:29:48.046000,1.33386,1.33382,1200000,2700000
2023-04-27 12:29:48.097000,1.33389,1.33382,4500000,1800000
2023-04-27 12:29:48.149000,1.3339,1.33384,1200000,1800000
2023-04-27 12:29:48.251000,1.33396,1.33383,3600000,1800000
2023-04-27 12:29:48.353000,1.33392,1.33381,3600000,1200000
2023-04-27 12:29:48.405000,1.33393,1.33383,1200000,1800000
2023-04-27 12:29:48.456000,1.33387,1.33384,1200000,1800000
2023-04-27 12:29:48.508000,1.33388,1.33379,3600000,1800000
2023-04-27 12:29:48.559000,1.33391,1.3338,1200000,1800000
2023-04-27 12:29:48.661000,1.33391,1.33382,1200000,1800000
2023-04-27 12:29:48.834000,1.33391,1.33379,4500000,1200000
2023-04-27 12:29:48.987000,1.33392,1.33382,4500000,1800000
2023-04-27 12:29:49.142000,1.33393,1.33382,1200000,1800000
2023-04-27 12:29:49.614000,1.33391,1.33382,1200000,1800000
2023-04-27 12:29:49.767000,1.33388,1.33379,3600000,1800000
2023-04-27 12:29:49.869000,1.33388,1.33377,3600000,1800000
2023-04-27 12:29:50.448000,1.33388,1.33379,3600000,1800000
2023-04-27 12:29:50.551000,1.3339,1.33378,1200000,1200000
2023-04-27 12:29:50.603000,1.33393,1.33378,3600000,1200000
2023-04-27 12:29:50.705000,1.33392,1.33379,1200000,1800000
2023-04-27 12:29:50.806000,1.33393,1.33377,1200000,1200000
2023-04-27 12:29:50.932000,1.33392,1.33376,1200000,1800000
2023-04-27 12:29:51.149000,1.33393,1.33376,1200000,1800000
2023-04-27 12:29:51.251000,1.33394,1.33375,4500000,1800000
2023-04-27 12:29:51.728000,1.33394,1.33378,3600000,1200000
2023-04-27 12:29:51.860000,1.33393,1.33383,3600000,2700000
2023-04-27 12:29:51.962000,1.33395,1.33378,3600000,1200000
2023-04-27 12:29:52.114000,1.33396,1.33382,3600000,1200000
2023-04-27 12:29:52.166000,1.33399,1.33383,4500000,1800000
2023-04-27 12:29:52.267000,1.33399,1.33384,3600000,1800000
2023-04-27 12:29:52.319000,1.33397,1.33383,3600000,1800000
2023-04-27 12:29:52.611000,1.33396,1.33387,3600000,1800000
2023-04-27 12:29:52.764000,1.33395,1.33385,3600000,1800000
2023-04-27 12:29:52.815000,1.33394,1.33383,3600000,1800000
2023-04-27 12:29:52.866000,1.33395,1.33385,3600000,1800000
2023-04-27 12:29:52.968000,1.33396,1.33384,3600000,1800000
2023-04-27 12:29:53.074000,1.33391,1.33382,1200000,1800000
2023-04-27 12:29:53.125000,1.33391,1.3338,4500000,1200000
2023-04-27 12:29:53.177000,1.33391,1.33378,6300000,1800000
2023-04-27 12:29:53.279000,1.33388,1.33373,3600000,3600000
2023-04-27 12:29:53.494000,1.33384,1.33373,3600000,1200000
2023-04-27 12:29:53.545000,1.33384,1.33369,3600000,1800000
2023-04-27 12:29:53.597000,1.33382,1.33369,3600000,1800000
2023-04-27 12:29:53.698000,1.33386,1.33365,4500000,1800000
2023-04-27 12:29:53.750000,1.33381,1.33369,3600000,1800000
2023-04-27 12:29:54.120000,1.33385,1.33366,4500000,1800000
2023-04-27 12:29:54.384000,1.33387,1.33366,1200000,1800000
2023-04-27 12:29:54.527000,1.33387,1.33371,4500000,1800000
2023-04-27 12:29:54.579000,1.33388,1.33366,1200000,1800000
2023-04-27 12:29:54.630000,1.33385,1.33365,3600000,1800000
2023-04-27 12:29:54.732000,1.3339,1.33369,1200000,1800000
2023-04-27 12:29:54.896000,1.3339,1.33368,5400000,1800000
2023-04-27 12:29:54.998000,1.33385,1.33365,3600000,1800000
2023-04-27 12:29:55.050000,1.3339,1.33367,1200000,1800000
2023-04-27 12:29:55.101000,1.3338,1.33364,1200000,4500000
2023-04-27 12:29:55.203000,1.33373,1.33366,1200000,1800000
2023-04-27 12:29:55.305000,1.33372,1.33364,3600000,1800000
2023-04-27 12:29:55.407000,1.33373,1.33363,1800000,1800000
2023-04-27 12:29:55.459000,1.33373,1.33361,1800000,1800000
2023-04-27 12:29:55.510000,1.33377,1.33362,3600000,1800000
2023-04-27 12:29:55.561000,1.3338,1.33362,3600000,1800000
2023-04-27 12:29:55.663000,1.33378,1.3337,3600000,1800000
2023-04-27 12:29:55.765000,1.33376,1.33372,3600000,1800000
2023-04-27 12:29:55.867000,1.33375,1.33369,4500000,1800000
2023-04-27 12:29:56.095000,1.33375,1.33369,3600000,1800000
2023-04-27 12:29:56.197000,1.33376,1.33368,3600000,1800000
2023-04-27 12:29:56.401000,1.33375,1.33369,3600000,1800000
2023-04-27 12:29:56.504000,1.33375,1.33369,3600000,2700000
2023-04-27 12:29:57.229000,1.33381,1.33369,3600000,1800000
2023-04-27 12:29:57.281000,1.33376,1.33368,3600000,1800000
2023-04-27 12:29:57.585000,1.33384,1.33365,1800000,1200000
2023-04-27 12:29:57.748000,1.33381,1.33367,1200000,1800000
2023-04-27 12:29:57.850000,1.33381,1.33368,3600000,1800000
2023-04-27 12:29:57.901000,1.33383,1.33368,3600000,1800000
2023-04-27 12:29:58.079000,1.33376,1.3337,3600000,1800000
2023-04-27 12:29:58.282000,1.3338,1.33368,1200000,2700000
2023-04-27 12:29:58.333000,1.33399,1.33382,3600000,1200000
2023-04-27 12:29:58.435000,1.33395,1.33386,3600000,1800000
2023-04-27 12:29:58.486000,1.33398,1.33381,1200000,1200000
2023-04-27 12:29:58.537000,1.33394,1.33384,3600000,1800000
2023-04-27 12:29:58.588000,1.33393,1.33382,4500000,1800000
2023-04-27 12:29:58.640000,1.33391,1.33379,1200000,1200000
2023-04-27 12:29:58.691000,1.33387,1.33381,3600000,1800000
2023-04-27 12:29:59.012000,1.33388,1.33382,3600000,1800000
2023-04-27 12:29:59.114000,1.3339,1.33373,3600000,1200000
2023-04-27 12:29:59.165000,1.33388,1.33368,1200000,1200000
2023-04-27 12:29:59.267000,1.33388,1.33365,1200000,1800000
2023-04-27 12:29:59.318000,1.3339,1.33365,4500000,1800000
2023-04-27 12:29:59.369000,1.33384,1.33366,1200000,1800000
2023-04-27 12:29:59.471000,1.33384,1.33369,1200000,1800000
2023-04-27 12:29:59.522000,1.33387,1.33369,3600000,1800000
2023-04-27 12:29:59.573000,1.33384,1.33371,3600000,1800000
2023-04-27 12:29:59.675000,1.3338,1.33365,1200000,1800000
2023-04-27 12:29:59.777000,1.33392,1.33366,1600000,1800000
2023-04-27 12:29:59.828000,1.33378,1.33366,1200000,1800000
2023-04-27 12:29:59.879000,1.33382,1.33369,1800000,1800000
2023-04-27 12:29:59.931000,1.33378,1.33369,1200000,1800000
2023-04-27 12:30:00.134000,1.33382,1.33365,1200000,1800000
2023-04-27 12:30:00.185000,1.33489,1.3344,1200000,900000
2023-04-27 12:30:00.236000,1.33426,1.3342,1200000,2200000
2023-04-27 12:30:00.287000,1.33486,1.33453,1800000,1800000
2023-04-27 12:30:00.339000,1.33478,1.33453,3600000,1200000
2023-04-27 12:30:00.390000,1.33489,1.3348,3600000,900000
2023-04-27 12:30:00.441000,1.33498,1.33482,900000,1800000
2023-04-27 12:30:00.493000,1.3351,1.33497,3600000,1200000
2023-04-27 12:30:00.596000,1.33525,1.33501,1200000,1800000
2023-04-27 12:30:00.647000,1.3353,1.33505,3600000,1800000
2023-04-27 12:30:00.749000,1.33531,1.33508,1350000,1800000
2023-04-27 12:30:00.800000,1.33533,1.33508,1200000,1800000
2023-04-27 12:30:00.851000,1.33533,1.33523,1200000,1200000
2023-04-27 12:30:00.903000,1.33567,1.33561,1200000,1200000
2023-04-27 12:30:01.004000,1.33571,1.3356,3600000,1200000
2023-04-27 12:30:01.055000,1.33573,1.33567,1200000,1200000
2023-04-27 12:30:01.208000,1.33594,1.33586,3600000,1200000
2023-04-27 12:30:01.309000,1.33603,1.33587,3600000,1200000
2023-04-27 12:30:01.361000,1.33599,1.33587,3600000,900000
2023-04-27 12:30:01.412000,1.33601,1.33575,1200000,1200000
2023-04-27 12:30:01.463000,1.3368,1.33672,900000,1200000
2023-04-27 12:30:01.514000,1.33701,1.33677,3600000,1800000
2023-04-27 12:30:01.615000,1.33726,1.33707,1200000,1200000
2023-04-27 12:30:01.716000,1.33736,1.33728,1200000,900000
2023-04-27 12:30:01.818000,1.33701,1.33694,3600000,900000
2023-04-27 12:30:01.920000,1.3371,1.33698,3600000,1200000
2023-04-27 12:30:01.971000,1.3371,1.33695,900000,1200000
2023-04-27 12:30:02.022000,1.33707,1.33705,1200000,900000
2023-04-27 12:30:02.124000,1.33695,1.33676,1200000,1200000
2023-04-27 12:30:02.175000,1.33708,1.33678,1200000,1850000
2023-04-27 12:30:02.227000,1.33678,1.33657,3600000,1200000
2023-04-27 12:30:02.278000,1.33707,1.33671,1200000,1200000
2023-04-27 12:30:02.329000,1.33695,1.33666,1200000,1200000
2023-04-27 12:30:02.431000,1.33711,1.33672,1200000,1850000
2023-04-27 12:30:02.532000,1.33705,1.33678,1200000,1850000
2023-04-27 12:30:02.583000,1.33711,1.33673,1800000,1800000
2023-04-27 12:30:02.634000,1.33693,1.33687,3600000,1850000
2023-04-27 12:30:02.685000,1.33712,1.33693,1200000,1200000
2023-04-27 12:30:02.737000,1.33717,1.33689,1800000,1850000
2023-04-27 12:30:02.788000,1.33717,1.33686,1800000,1850000
2023-04-27 12:30:02.840000,1.3372,1.33687,1200000,1850000
2023-04-27 12:30:02.891000,1.3372,1.33709,900000,1850000
2023-04-27 12:30:02.943000,1.33742,1.33711,1200000,1880000
2023-04-27 12:30:02.996000,1.33734,1.33705,1200000,1850000
2023-04-27 12:30:03.098000,1.33741,1.33705,1200000,1850000
2023-04-27 12:30:03.149000,1.33734,1.33703,3600000,1200000
2023-04-27 12:30:03.251000,1.33725,1.33711,3600000,900000
2023-04-27 12:30:03.302000,1.33716,1.33684,3600000,1850000
2023-04-27 12:30:03.403000,1.33709,1.33683,1200000,1850000
2023-04-27 12:30:03.455000,1.33681,1.33676,3600000,1800000
2023-04-27 12:30:03.505000,1.33681,1.33666,3600000,1200000
2023-04-27 12:30:03.607000,1.33681,1.33656,3600000,1850000
2023-04-27 12:30:03.659000,1.33672,1.33655,3600000,1800000
2023-04-27 12:30:03.761000,1.33663,1.33635,3600000,900000
2023-04-27 12:30:03.812000,1.33663,1.33628,3600000,1200000
2023-04-27 12:30:03.863000,1.33664,1.33613,900000,1200000
2023-04-27 12:30:03.914000,1.33673,1.33637,900000,1800000
2023-04-27 12:30:04.016000,1.33672,1.33642,3600000,1850000
2023-04-27 12:30:04.117000,1.33671,1.33648,3600000,1850000
2023-04-27 12:30:04.219000,1.33702,1.33675,3600000,2700000
2023-04-27 12:30:04.270000,1.33707,1.33691,1800000,2700000
2023-04-27 12:30:04.321000,1.33704,1.33694,1200000,1200000
2023-04-27 12:30:04.372000,1.33707,1.33693,900000,1200000
2023-04-27 12:30:04.423000,1.33725,1.33693,3600000,2750000
2023-04-27 12:30:04.626000,1.33726,1.33703,3600000,1200000
2023-04-27 12:30:04.677000,1.33725,1.33693,3600000,2750000
2023-04-27 12:30:04.728000,1.33725,1.33704,3600000,1200000
2023-04-27 12:30:04.829000,1.33734,1.3371,3600000,1850000
2023-04-27 12:30:04.880000,1.33734,1.337,3600000,1850000
2023-04-27 12:30:04.931000,1.33716,1.33699,3600000,900000
2023-04-27 12:30:04.983000,1.33716,1.33682,3600000,1800000
2023-04-27 12:30:05.034000,1.33716,1.33675,4500000,2750000
2023-04-27 12:30:05.085000,1.33716,1.33696,4500000,1850000
2023-04-27 12:30:05.136000,1.33734,1.33709,3600000,1200000
2023-04-27 12:30:05.238000,1.33735,1.3371,3600000,1850000
2023-04-27 12:30:05.440000,1.33734,1.3372,3600000,1200000
2023-04-27 12:30:05.542000,1.33734,1.33714,3600000,1850000
2023-04-27 12:30:05.744000,1.33699,1.33695,1200000,1800000
2023-04-27 12:30:05.795000,1.33698,1.33689,3600000,1200000
2023-04-27 12:30:05.846000,1.33708,1.33686,3600000,1850000
2023-04-27 12:30:05.998000,1.33699,1.33684,1200000,2700000
2023-04-27 12:30:06.049000,1.33689,1.33657,1200000,1850000
2023-04-27 12:30:06.127000,1.33686,1.33657,3600000,1850000
2023-04-27 12:30:06.180000,1.3367,1.33616,900000,1160000
2023-04-27 12:30:06.236000,1.33558,1.33526,1200000,1850000
2023-04-27 12:30:06.288000,1.3352,1.33493,900000,1850000
2023-04-27 12:30:06.340000,1.33503,1.33446,3600000,900000
2023-04-27 12:30:06.391000,1.33479,1.33411,1200000,1850000
2023-04-27 12:30:06.442000,1.33445,1.33421,3600000,1850000
2023-04-27 12:30:06.494000,1.33443,1.33424,1200000,1200000
2023-04-27 12:30:06.545000,1.33448,1.33424,2250000,1200000
2023-04-27 12:30:06.597000,1.33476,1.33417,900000,1200000
2023-04-27 12:30:06.648000,1.33467,1.33417,3600000,900000
2023-04-27 12:30:06.700000,1.33452,1.33389,3600000,1850000
2023-04-27 12:30:06.801000,1.33465,1.33356,3600000,1850000
2023-04-27 12:30:06.852000,1.33473,1.33375,3600000,1850000
2023-04-27 12:30:06.903000,1.33475,1.3335,1200000,1850000
2023-04-27 12:30:06.953000,1.33467,1.3335,900000,1850000
2023-04-27 12:30:07.055000,1.33472,1.33364,3600000,1850000
2023-04-27 12:30:07.156000,1.33481,1.33398,3600000,450000
2023-04-27 12:30:07.258000,1.33458,1.33411,1200000,900000
2023-04-27 12:30:07.359000,1.33461,1.33412,1200000,900000
2023-04-27 12:30:07.410000,1.33459,1.33412,1200000,900000
2023-04-27 12:30:07.461000,1.33449,1.33404,1200000,1350000
2023-04-27 12:30:07.512000,1.33447,1.33404,1200000,1350000
2023-04-27 12:30:07.613000,1.3344,1.3341,3600000,900000
2023-04-27 12:30:07.665000,1.33445,1.33404,1200000,900000
2023-04-27 12:30:07.716000,1.33426,1.33404,3600000,1200000
2023-04-27 12:30:07.766000,1.33421,1.33373,3600000,1850000
2023-04-27 12:30:07.817000,1.33422,1.33366,1800000,2140000
2023-04-27 12:30:07.869000,1.33404,1.33356,1200000,1850000
2023-04-27 12:30:07.970000,1.33412,1.33369,3600000,900000
2023-04-27 12:30:08.073000,1.33388,1.33369,3600000,900000
2023-04-27 12:30:08.124000,1.33401,1.33369,1200000,900000
2023-04-27 12:30:08.176000,1.33406,1.3336,3600000,900000
2023-04-27 12:30:08.227000,1.33401,1.3336,3600000,900000
2023-04-27 12:30:08.411000,1.33392,1.3336,1200000,900000
2023-04-27 12:30:08.513000,1.33362,1.33334,1200000,900000
2023-04-27 12:30:08.615000,1.33347,1.33322,3600000,900000
2023-04-27 12:30:08.819000,1.33351,1.33323,1200000,900000
2023-04-27 12:30:08.870000,1.33332,1.33318,900000,900000
2023-04-27 12:30:08.922000,1.33326,1.33303,1200000,900000
2023-04-27 12:30:08.973000,1.33288,1.3326,900000,2140000
2023-04-27 12:30:09.025000,1.333,1.33262,900000,450000
2023-04-27 12:30:09.076000,1.33305,1.33248,1200000,2140000
2023-04-27 12:30:09.128000,1.33301,1.33265,1200000,1850000
2023-04-27 12:30:09.229000,1.33306,1.33265,3600000,1850000
2023-04-27 12:30:09.483000,1.33306,1.33266,3600000,1850000
2023-04-27 12:30:09.534000,1.33307,1.33283,1800000,1850000
2023-04-27 12:30:09.585000,1.33312,1.33275,1200000,1850000
2023-04-27 12:30:09.636000,1.33308,1.33283,3600000,1850000
2023-04-27 12:30:09.688000,1.3329,1.33261,900000,1850000
2023-04-27 12:30:09.739000,1.3329,1.33259,4500000,900000
2023-04-27 12:30:09.790000,1.33275,1.33237,120000,1800000
2023-04-27 12:30:09.891000,1.33279,1.3324,3360000,1850000
2023-04-27 12:30:09.994000,1.33253,1.33222,270000,1850000
2023-04-27 12:30:10.046000,1.33257,1.33213,3360000,1850000
2023-04-27 12:30:10.098000,1.33244,1.33213,270000,1850000
2023-04-27 12:30:10.200000,1.33254,1.33218,1200000,1200000
2023-04-27 12:30:10.302000,1.33245,1.33218,4500000,1200000
2023-04-27 12:30:10.404000,1.33257,1.3324,1200000,1850000
2023-04-27 12:30:10.506000,1.33241,1.33218,3600000,1200000
2023-04-27 12:30:10.712000,1.33238,1.33218,1200000,1200000
2023-04-27 12:30:10.815000,1.33229,1.33204,1120000,1850000
2023-04-27 12:30:10.866000,1.33233,1.33208,3120000,1850000
2023-04-27 12:30:10.969000,1.33233,1.33212,3600000,1200000
2023-04-27 12:30:11.020000,1.33234,1.33217,1200000,1200000
2023-04-27 12:30:11.123000,1.33232,1.3322,3600000,1200000
2023-04-27 12:30:11.174000,1.33234,1.3322,900000,1200000
2023-04-27 12:30:11.225000,1.3324,1.33226,3120000,1200000
2023-04-27 12:30:11.276000,1.3324,1.3322,3120000,1200000
2023-04-27 12:30:11.327000,1.33249,1.3323,3120000,1200000
2023-04-27 12:30:11.429000,1.33253,1.33238,1800000,1200000
2023-04-27 12:30:11.530000,1.33261,1.33246,3600000,1200000
2023-04-27 12:30:11.683000,1.33274,1.33257,1200000,1850000
2023-04-27 12:30:11.784000,1.33274,1.33266,1200000,1850000
2023-04-27 12:30:11.836000,1.33283,1.33275,900000,1850000
2023-04-27 12:30:11.938000,1.33312,1.33283,3600000,1850000
2023-04-27 12:30:11.989000,1.33313,1.33301,900000,1850000
2023-04-27 12:30:12.040000,1.33319,1.33299,3600000,900000
2023-04-27 12:30:12.129000,1.33326,1.33299,1200000,1200000
2023-04-27 12:30:12.185000,1.33292,1.33257,1200000,1850000
2023-04-27 12:30:12.289000,1.33287,1.33255,3600000,900000
2023-04-27 12:30:12.391000,1.33275,1.3324,1200000,1850000
2023-04-27 12:30:12.492000,1.3328,1.33237,1200000,1200000
2023-04-27 12:30:12.544000,1.33284,1.33242,1200000,1850000
2023-04-27 12:30:12.645000,1.33288,1.33248,3600000,1850000
2023-04-27 12:30:12.747000,1.33291,1.33248,1200000,1850000
2023-04-27 12:30:12.848000,1.3329,1.33246,1200000,1200000
2023-04-27 12:30:12.899000,1.33287,1.33246,1200000,1200000
2023-04-27 12:30:13.001000,1.33285,1.33248,1200000,1850000
2023-04-27 12:30:13.052000,1.33289,1.33248,1200000,1850000
2023-04-27 12:30:13.204000,1.33274,1.33246,3600000,1200000
2023-04-27 12:30:13.356000,1.33267,1.3324,3600000,2140000
2023-04-27 12:30:13.458000,1.33275,1.33248,1200000,1850000
2023-04-27 12:30:13.509000,1.33278,1.33271,900000,1850000
2023-04-27 12:30:13.560000,1.33311,1.33301,2100000,1200000
2023-04-27 12:30:13.611000,1.3332,1.3331,900000,1200000
2023-04-27 12:30:13.662000,1.33338,1.33318,3600000,1850000
2023-04-27 12:30:13.713000,1.33339,1.33335,900000,900000
2023-04-27 12:30:13.764000,1.33363,1.33334,3600000,1200000
2023-04-27 12:30:13.866000,1.33355,1.33334,3600000,1200000
2023-04-27 12:30:13.968000,1.33364,1.33356,1200000,1850000
2023-04-27 12:30:14.019000,1.33364,1.33345,1200000,2750000
2023-04-27 12:30:14.070000,1.33369,1.33345,3600000,1850000
2023-04-27 12:30:14.172000,1.33374,1.33353,1200000,1850000
2023-04-27 12:30:14.223000,1.33374,1.33351,1200000,2750000
2023-04-27 12:30:14.325000,1.33359,1.33351,900000,1850000
2023-04-27 12:30:14.377000,1.33323,1.3329,3600000,1850000
2023-04-27 12:30:14.428000,1.33319,1.33278,3600000,1800000
2023-04-27 12:30:14.479000,1.3332,1.33289,1200000,1200000
2023-04-27 12:30:14.581000,1.33318,1.33288,3600000,1200000
2023-04-27 12:30:14.632000,1.33317,1.33282,3600000,1850000
2023-04-27 12:30:14.734000,1.33321,1.33286,3600000,1850000
2023-04-27 12:30:14.785000,1.33322,1.33283,3600000,1850000
2023-04-27 12:30:14.837000,1.33322,1.33288,3600000,1200000
2023-04-27 12:30:14.939000,1.33331,1.33293,3600000,1850000
2023-04-27 12:30:15.040000,1.33332,1.33288,1200000,1850000
2023-04-27 12:30:15.092000,1.33331,1.33283,3600000,1850000
2023-04-27 12:30:15.143000,1.33331,1.3329,3600000,1200000
2023-04-27 12:30:15.295000,1.33331,1.33292,3600000,1850000
2023-04-27 12:30:15.346000,1.33297,1.33282,3600000,1200000
2023-04-27 12:30:15.398000,1.33293,1.33283,1200000,900000
2023-04-27 12:30:15.450000,1.33295,1.33273,2700000,1200000
2023-04-27 12:30:15.501000,1.33295,1.33275,6300000,1850000
2023-04-27 12:30:15.603000,1.33296,1.33283,1350000,1850000
2023-04-27 12:30:15.654000,1.33312,1.33292,4500000,1850000
2023-04-27 12:30:15.705000,1.33312,1.33295,1200000,1850000
2023-04-27 12:30:15.756000,1.33318,1.33291,3600000,2140000
2023-04-27 12:30:15.857000,1.33322,1.33299,1200000,1200000
2023-04-27 12:30:15.959000,1.33303,1.33294,1800000,1350000
2023-04-27 12:30:16.010000,1.33341,1.33321,1100000,1200000
2023-04-27 12:30:16.062000,1.33345,1.33329,1100000,1200000
2023-04-27 12:30:16.113000,1.33352,1.33337,3600000,1850000
2023-04-27 12:30:16.164000,1.3336,1.33343,1200000,3150000
2023-04-27 12:30:16.216000,1.3336,1.33345,1200000,2300000
2023-04-27 12:30:16.317000,1.33379,1.3336,3600000,1800000
2023-04-27 12:30:16.369000,1.33384,1.3336,3600000,1200000
2023-04-27 12:30:16.420000,1.33382,1.3336,3600000,1200000
2023-04-27 12:30:16.471000,1.33382,1.33357,3600000,1200000
2023-04-27 12:30:16.522000,1.33383,1.33363,1200000,2250000
2023-04-27 12:30:16.624000,1.3339,1.33381,450000,1200000
2023-04-27 12:30:16.675000,1.33409,1.33391,5400000,1200000
2023-04-27 12:30:16.777000,1.33416,1.33395,4050000,1200000
2023-04-27 12:30:16.828000,1.33416,1.33396,3600000,1850000
2023-04-27 12:30:16.980000,1.33422,1.33404,4500000,1200000
2023-04-27 12:30:17.082000,1.33434,1.33418,3600000,1850000
2023-04-27 12:30:17.133000,1.33434,1.33414,3600000,1850000
2023-04-27 12:30:17.185000,1.33433,1.33415,4950000,1850000
2023-04-27 12:30:17.287000,1.33437,1.3343,1200000,1200000
2023-04-27 12:30:17.389000,1.33434,1.33422,3600000,1200000
2023-04-27 12:30:17.491000,1.33443,1.33422,3600000,1200000
2023-04-27 12:30:17.593000,1.33444,1.33422,3600000,1200000
2023-04-27 12:30:17.708000,1.33445,1.33434,1200000,1200000
2023-04-27 12:30:17.809000,1.3346,1.3344,3600000,1850000
2023-04-27 12:30:17.861000,1.33461,1.33439,3600000,1200000
2023-04-27 12:30:17.912000,1.33473,1.33459,1200000,1570000
2023-04-27 12:30:17.963000,1.33474,1.33459,3600000,1200000
2023-04-27 12:30:18.015000,1.33507,1.33485,1800000,3220000
2023-04-27 12:30:18.069000,1.33531,1.33512,3600000,3220000
2023-04-27 12:30:18.121000,1.33543,1.33532,1200000,3220000
2023-04-27 12:30:18.172000,1.33566,1.33543,1200000,1350000
2023-04-27 12:30:18.223000,1.33566,1.33552,1200000,1200000
2023-04-27 12:30:18.275000,1.33593,1.3357,4500000,4120000
2023-04-27 12:30:18.326000,1.33593,1.33588,4500000,900000
2023-04-27 12:30:18.377000,1.33601,1.33569,1200000,1200000
2023-04-27 12:30:18.428000,1.3359,1.33569,3600000,1200000
2023-04-27 12:30:18.479000,1.33587,1.33562,3600000,1200000
2023-04-27 12:30:18.530000,1.33581,1.33565,3600000,1200000
2023-04-27 12:30:18.632000,1.3358,1.33564,3600000,3220000
2023-04-27 12:30:18.785000,1.3358,1.33565,3600000,2250000
2023-04-27 12:30:18.887000,1.33588,1.3357,3600000,3220000
2023-04-27 12:30:18.939000,1.33582,1.33564,3600000,3280000
2023-04-27 12:30:18.990000,1.33588,1.33564,3600000,3220000
2023-04-27 12:30:19.041000,1.33588,1.3357,3600000,3220000
2023-04-27 12:30:19.092000,1.33595,1.33574,1200000,1200000
2023-04-27 12:30:19.143000,1.33595,1.33579,1200000,1200000
2023-04-27 12:30:19.194000,1.33604,1.33584,1200000,3220000
2023-04-27 12:30:19.246000,1.33603,1.33582,3600000,1800000
2023-04-27 12:30:19.348000,1.33603,1.33581,3600000,3220000
2023-04-27 12:30:19.400000,1.33594,1.33578,3600000,3220000
2023-04-27 12:30:19.452000,1.33593,1.33576,3600000,1200000
2023-04-27 12:30:19.503000,1.33598,1.33582,1200000,3220000
2023-04-27 12:30:19.605000,1.33604,1.33582,1800000,3220000
2023-04-27 12:30:19.707000,1.33593,1.33577,3600000,1200000
2023-04-27 12:30:19.810000,1.33593,1.33573,4500000,3220000
2023-04-27 12:30:19.996000,1.33594,1.33582,1200000,3220000
2023-04-27 12:30:20.099000,1.3361,1.3359,3600000,3220000
2023-04-27 12:30:20.151000,1.33611,1.33588,1200000,1800000
2023-04-27 12:30:20.254000,1.33611,1.33589,1200000,1200000
2023-04-27 12:30:20.305000,1.33617,1.33604,1200000,1200000
2023-04-27 12:30:20.407000,1.33619,1.33599,3600000,3220000
2023-04-27 12:30:20.559000,1.3362,1.336,1200000,3220000
2023-04-27 12:30:20.610000,1.33628,1.33612,1200000,3220000
2023-04-27 12:30:20.714000,1.33616,1.33592,1350000,1350000
2023-04-27 12:30:20.766000,1.33627,1.33611,3600000,1200000
2023-04-27 12:30:20.868000,1.33633,1.33618,900000,1200000
2023-04-27 12:30:20.919000,1.33644,1.33623,1350000,4120000
2023-04-27 12:30:20.971000,1.33675,1.33646,1350000,1800000
2023-04-27 12:30:21.022000,1.33681,1.33663,1800000,3220000
2023-04-27 12:30:21.125000,1.33741,1.33679,1200000,3220000
2023-04-27 12:30:21.176000,1.33741,1.33733,1200000,1200000
2023-04-27 12:30:21.228000,1.33754,1.33741,970000,1350000
2023-04-27 12:30:21.279000,1.3377,1.33739,3600000,3220000
2023-04-27 12:30:21.330000,1.33771,1.33729,3600000,1600000
2023-04-27 12:30:21.432000,1.33766,1.33732,1200000,3220000
2023-04-27 12:30:21.534000,1.33754,1.33727,1200000,1720000
2023-04-27 12:30:21.586000,1.33729,1.33705,3600000,1200000
2023-04-27 12:30:21.638000,1.3371,1.33707,1200000,900000
2023-04-27 12:30:21.690000,1.33717,1.33707,1200000,900000
2023-04-27 12:30:21.741000,1.33706,1.33694,2250000,3220000
2023-04-27 12:30:21.793000,1.33709,1.33701,2250000,1200000
2023-04-27 12:30:21.844000,1.33727,1.33704,1200000,3220000
2023-04-27 12:30:21.895000,1.33727,1.33707,4500000,3220000
2023-04-27 12:30:21.998000,1.33718,1.33695,1800000,1200000
2023-04-27 12:30:22.100000,1.33716,1.33701,3600000,1200000
2023-04-27 12:30:22.202000,1.33699,1.33693,1200000,3220000
2023-04-27 12:30:22.253000,1.33699,1.33687,1200000,3220000
2023-04-27 12:30:22.304000,1.33671,1.33659,3600000,1100000
2023-04-27 12:30:22.406000,1.33672,1.33655,3600000,3280000
2023-04-27 12:30:22.508000,1.33661,1.33641,3600000,3220000
2023-04-27 12:30:22.560000,1.3366,1.33649,3600000,3220000
2023-04-27 12:30:22.611000,1.33667,1.3365,3600000,1200000
2023-04-27 12:30:22.662000,1.33657,1.33649,3600000,900000
2023-04-27 12:30:22.713000,1.33662,1.33641,4350000,1200000
2023-04-27 12:30:22.764000,1.33649,1.33641,3600000,1200000
2023-04-27 12:30:22.816000,1.33646,1.33625,3600000,4120000
2023-04-27 12:30:22.867000,1.33647,1.33637,1200000,3220000
2023-04-27 12:30:22.918000,1.33655,1.33649,1200000,1350000
2023-04-27 12:30:22.969000,1.33655,1.33647,1200000,3220000
2023-04-27 12:30:23.021000,1.33666,1.33652,3600000,3220000
2023-04-27 12:30:23.072000,1.33667,1.33658,1200000,3220000
2023-04-27 12:30:23.124000,1.33668,1.33656,3600000,3220000
2023-04-27 12:30:23.276000,1.33654,1.33649,3600000,2700000
2023-04-27 12:30:23.327000,1.33662,1.33647,1200000,1200000
2023-04-27 12:30:23.379000,1.33651,1.33647,1600000,3220000
2023-04-27 12:30:23.430000,1.33655,1.3365,3600000,1200000
2023-04-27 12:30:23.532000,1.33657,1.33653,900000,3220000
2023-04-27 12:30:23.583000,1.33652,1.33642,3600000,5020000
2023-04-27 12:30:23.635000,1.33656,1.33645,3600000,3220000
2023-04-27 12:30:23.687000,1.33652,1.33641,3600000,3220000
2023-04-27 12:30:23.790000,1.33651,1.33641,1200000,3220000
2023-04-27 12:30:23.841000,1.33648,1.33637,3600000,3220000
2023-04-27 12:30:23.893000,1.3365,1.33643,3600000,3220000
2023-04-27 12:30:23.945000,1.33663,1.33646,3600000,3220000
2023-04-27 12:30:23.996000,1.33657,1.33644,3600000,3220000
2023-04-27 12:30:24.098000,1.33657,1.33649,3600000,3220000
2023-04-27 12:30:24.150000,1.33662,1.33648,3600000,5920000
2023-04-27 12:30:24.253000,1.33665,1.33654,1200000,3220000
2023-04-27 12:30:24.355000,1.33659,1.33647,1200000,3220000
2023-04-27 12:30:24.407000,1.33652,1.33647,1350000,3220000
2023-04-27 12:30:24.510000,1.33641,1.33633,1350000,3220000
2023-04-27 12:30:24.561000,1.33641,1.33614,1600000,2480000
2023-04-27 12:30:24.613000,1.33632,1.33623,1200000,3220000
2023-04-27 12:30:24.716000,1.33629,1.33617,1200000,3220000
2023-04-27 12:30:24.818000,1.33639,1.3363,1200000,1350000
2023-04-27 12:30:24.869000,1.33639,1.33627,1200000,1720000
2023-04-27 12:30:24.920000,1.33634,1.33623,1200000,1200000
2023-04-27 12:30:24.971000,1.33636,1.33623,1200000,1200000
2023-04-27 12:30:25.023000,1.33638,1.33632,1800000,3220000
2023-04-27 12:30:25.074000,1.33635,1.33629,1200000,3220000
2023-04-27 12:30:25.125000,1.33621,1.33612,1600000,3220000
2023-04-27 12:30:25.177000,1.33617,1.33602,1200000,1200000
2023-04-27 12:30:25.228000,1.33611,1.33605,1200000,1200000
2023-04-27 12:30:25.279000,1.3362,1.33611,3600000,1200000
2023-04-27 12:30:25.330000,1.33647,1.3363,1800000,1200000
2023-04-27 12:30:25.433000,1.33654,1.33638,1200000,1720000
2023-04-27 12:30:25.536000,1.33653,1.33641,3600000,1200000
2023-04-27 12:30:25.638000,1.33652,1.33638,1200000,3220000
2023-04-27 12:30:25.740000,1.33654,1.33641,3600000,1200000
2023-04-27 12:30:25.792000,1.33657,1.33641,1200000,1200000
2023-04-27 12:30:25.894000,1.33657,1.3364,1200000,1200000
2023-04-27 12:30:25.996000,1.33655,1.33641,1200000,1200000
2023-04-27 12:30:26.048000,1.33656,1.33643,1200000,3220000
2023-04-27 12:30:26.150000,1.33654,1.33637,1200000,3220000
2023-04-27 12:30:26.252000,1.33653,1.33641,1200000,1200000
2023-04-27 12:30:26.354000,1.33655,1.33639,1200000,3220000
2023-04-27 12:30:26.406000,1.33648,1.3364,1200000,3220000
2023-04-27 12:30:26.458000,1.33644,1.33631,3600000,3220000
2023-04-27 12:30:26.510000,1.33638,1.33628,3600000,1200000
2023-04-27 12:30:26.613000,1.33636,1.33629,3600000,2250000
2023-04-27 12:30:26.664000,1.33636,1.33625,3600000,3220000
2023-04-27 12:30:26.767000,1.33638,1.33634,1200000,1200000
2023-04-27 12:30:26.818000,1.33638,1.33632,1200000,4120000
2023-04-27 12:30:26.869000,1.33646,1.3363,3600000,1200000
2023-04-27 12:30:26.920000,1.33643,1.33629,3600000,3220000
2023-04-27 12:30:27.022000,1.33643,1.3363,3600000,3220000
2023-04-27 12:30:27.074000,1.33648,1.33633,3600000,1200000
2023-04-27 12:30:27.125000,1.33665,1.33652,3600000,3220000
2023-04-27 12:30:27.227000,1.33669,1.3365,3600000,4120000
2023-04-27 12:30:27.279000,1.33667,1.33659,1200000,1200000
2023-04-27 12:30:27.331000,1.33666,1.33655,1200000,3220000
2023-04-27 12:30:27.383000,1.3366,1.3365,4500000,1200000
2023-04-27 12:30:27.519000,1.33656,1.33641,1200000,4120000
2023-04-27 12:30:27.579000,1.33647,1.33641,3600000,1200000
2023-04-27 12:30:27.681000,1.33655,1.33651,1800000,3220000
2023-04-27 12:30:27.733000,1.33655,1.33646,1800000,3220000
2023-04-27 12:30:27.784000,1.33664,1.33652,1200000,4120000
2023-04-27 12:30:27.835000,1.33668,1.33652,1200000,4410000
2023-04-27 12:30:27.937000,1.33671,1.33658,1200000,3220000
2023-04-27 12:30:27.988000,1.33665,1.33657,1200000,1200000
2023-04-27 12:30:28.040000,1.3366,1.33648,1200000,3220000
2023-04-27 12:30:28.091000,1.33661,1.33644,1200000,1200000
2023-04-27 12:30:28.193000,1.3366,1.33641,4500000,1200000
2023-04-27 12:30:28.295000,1.33652,1.33643,1200000,3220000
2023-04-27 12:30:28.346000,1.33659,1.33641,3600000,1350000
2023-04-27 12:30:28.397000,1.33662,1.33646,3600000,4120000
2023-04-27 12:30:28.499000,1.33663,1.33649,3600000,3220000
2023-04-27 12:30:28.811000,1.33654,1.33647,4500000,1840000
2023-04-27 12:30:28.913000,1.33656,1.33648,900000,1200000
2023-04-27 12:30:28.965000,1.33673,1.33662,1350000,1350000
2023-04-27 12:30:29.017000,1.33673,1.33664,1350000,3220000
2023-04-27 12:30:29.068000,1.33674,1.33662,1200000,1350000
2023-04-27 12:30:29.120000,1.33676,1.33664,1200000,3220000
2023-04-27 12:30:29.222000,1.33669,1.33663,1200000,1200000
2023-04-27 12:30:29.273000,1.3367,1.33661,1200000,3220000
2023-04-27 12:30:29.324000,1.3367,1.33658,1200000,3220000
2023-04-27 12:30:29.426000,1.33668,1.33661,1200000,3220000
2023-04-27 12:30:29.478000,1.33669,1.33656,1200000,1720000
2023-04-27 12:30:29.530000,1.33672,1.33658,4500000,3670000
2023-04-27 12:30:29.583000,1.3368,1.33666,3600000,1600000
2023-04-27 12:30:29.686000,1.33695,1.33672,1200000,3220000
2023-04-27 12:30:29.737000,1.33698,1.33682,1200000,3220000
2023-04-27 12:30:29.890000,1.33694,1.33688,3600000,3220000
2023-04-27 12:30:29.992000,1.33703,1.33691,3600000,3220000
2023-04-27 12:30:30.043000,1.33706,1.33691,3600000,3220000
2023-04-27 12:30:30.095000,1.33706,1.33694,3600000,1200000
2023-04-27 12:30:30.198000,1.33714,1.33695,3600000,3220000
2023-04-27 12:30:30.249000,1.33713,1.33703,3600000,3220000
2023-04-27 12:30:30.301000,1.33718,1.33707,3600000,3220000
2023-04-27 12:30:30.352000,1.33723,1.33714,3600000,3220000
2023-04-27 12:30:30.403000,1.33723,1.33714,3600000,3220000
2023-04-27 12:30:30.454000,1.33726,1.33713,4500000,3220000
2023-04-27 12:30:30.556000,1.33723,1.33714,3600000,3220000
2023-04-27 12:30:30.608000,1.33722,1.33709,3600000,1800000
2023-04-27 12:30:30.659000,1.33721,1.33706,3600000,3220000
2023-04-27 12:30:30.812000,1.33728,1.3372,1350000,1350000
2023-04-27 12:30:30.864000,1.33738,1.33725,3600000,3220000
2023-04-27 12:30:30.916000,1.33731,1.33721,3600000,3280000
2023-04-27 12:30:30.968000,1.33727,1.33711,4500000,4120000
2023-04-27 12:30:31.020000,1.33726,1.33715,3600000,3220000
2023-04-27 12:30:31.072000,1.33729,1.33717,3600000,3220000
2023-04-27 12:30:31.123000,1.33735,1.33713,3600000,3220000
2023-04-27 12:30:31.175000,1.33726,1.33712,3600000,3220000
2023-04-27 12:30:31.279000,1.33721,1.33707,3600000,1350000
2023-04-27 12:30:31.381000,1.33722,1.33707,3600000,1800000
2023-04-27 12:30:31.432000,1.33722,1.3371,3600000,3220000
2023-04-27 12:30:31.534000,1.33722,1.33713,3600000,3220000
2023-04-27 12:30:31.636000,1.33734,1.33726,3600000,3220000
2023-04-27 12:30:31.687000,1.33737,1.33725,3600000,3220000
2023-04-27 12:30:31.739000,1.33729,1.3372,3600000,3600000
2023-04-27 12:30:31.790000,1.33729,1.33714,3600000,3220000
2023-04-27 12:30:31.892000,1.33719,1.33708,3600000,3220000
2023-04-27 12:30:31.995000,1.33711,1.337,3600000,3220000
2023-04-27 12:30:32.097000,1.33713,1.337,3600000,3220000
2023-04-27 12:30:32.148000,1.33711,1.33696,3600000,3220000
2023-04-27 12:30:32.201000,1.33713,1.33696,3600000,3220000
2023-04-27 12:30:32.252000,1.33711,1.33696,3600000,3220000
2023-04-27 12:30:32.354000,1.33711,1.33697,3600000,3220000
2023-04-27 12:30:32.457000,1.33705,1.33694,3600000,4120000
2023-04-27 12:30:32.508000,1.33705,1.33691,4950000,3220000
2023-04-27 12:30:32.610000,1.33705,1.33691,3600000,3220000
2023-04-27 12:30:32.661000,1.33704,1.33694,3600000,3220000
2023-04-27 12:30:32.712000,1.33703,1.33693,3600000,3220000
2023-04-27 12:30:32.814000,1.33704,1.33692,3600000,3220000
2023-04-27 12:30:32.916000,1.33703,1.33691,3600000,3220000
2023-04-27 12:30:32.967000,1.33705,1.33691,4050000,3220000
2023-04-27 12:30:33.083000,1.33704,1.33692,3600000,3220000
2023-04-27 12:30:33.188000,1.33704,1.33687,3600000,3220000
2023-04-27 12:30:33.437000,1.33705,1.33687,3600000,1200000
2023-04-27 12:30:33.488000,1.33717,1.33709,1720000,3220000
2023-04-27 12:30:33.540000,1.33717,1.3371,1200000,3220000
2023-04-27 12:30:33.591000,1.33721,1.33705,1200000,3220000
2023-04-27 12:30:33.699000,1.33721,1.3371,4500000,3220000
2023-04-27 12:30:33.751000,1.33716,1.33703,1200000,4120000
2023-04-27 12:30:33.802000,1.33713,1.33705,3600000,3220000
2023-04-27 12:30:33.904000,1.33714,1.33704,3600000,3220000
2023-04-27 12:30:34.006000,1.33715,1.33701,3600000,3160000
2023-04-27 12:30:34.108000,1.3372,1.33713,3600000,3220000
2023-04-27 12:30:34.312000,1.33719,1.33713,3600000,3220000
2023-04-27 12:30:34.363000,1.33729,1.33722,900000,1200000
2023-04-27 12:30:34.414000,1.33742,1.33729,4500000,1800000
2023-04-27 12:30:34.516000,1.33749,1.33729,4050000,1200000
2023-04-27 12:30:34.567000,1.3375,1.33731,2470000,3220000
2023-04-27 12:30:34.669000,1.33739,1.33729,3600000,1200000
2023-04-27 12:30:34.720000,1.3374,1.33722,3600000,3220000
2023-04-27 12:30:34.923000,1.3373,1.3372,1200000,1200000
2023-04-27 12:30:35.026000,1.33726,1.33712,3600000,3280000
2023-04-27 12:30:35.178000,1.33735,1.33713,1200000,3670000
2023-04-27 12:30:35.229000,1.33745,1.33729,3600000,3220000
2023-04-27 12:30:35.280000,1.33747,1.33727,3600000,3220000
2023-04-27 12:30:35.332000,1.33742,1.33729,3600000,1200000
2023-04-27 12:30:35.383000,1.33745,1.33731,3600000,3220000
2023-04-27 12:30:35.434000,1.33749,1.33729,2100000,1200000
2023-04-27 12:30:35.536000,1.33749,1.33729,5400000,1200000
2023-04-27 12:30:35.637000,1.33749,1.3373,4500000,3220000
2023-04-27 12:30:35.739000,1.33746,1.3373,1200000,3220000
2023-04-27 12:30:35.791000,1.33746,1.33728,1200000,1200000
2023-04-27 12:30:35.893000,1.3373,1.33727,3600000,1200000
2023-04-27 12:30:35.945000,1.3373,1.3372,3600000,1200000
2023-04-27 12:30:36.047000,1.33736,1.33718,1200000,1200000
2023-04-27 12:30:36.098000,1.33731,1.33718,3600000,1200000
2023-04-27 12:30:36.150000,1.33736,1.3372,1200000,1200000
2023-04-27 12:30:36.253000,1.33732,1.3372,1200000,1200000
2023-04-27 12:30:36.305000,1.33727,1.33711,1200000,1200000
2023-04-27 12:30:36.508000,1.33737,1.33719,4500000,1200000
2023-04-27 12:30:36.610000,1.33738,1.33729,3600000,1200000
2023-04-27 12:30:36.662000,1.33742,1.33729,1200000,1200000
2023-04-27 12:30:36.713000,1.33745,1.33729,1200000,1200000
2023-04-27 12:30:36.765000,1.3374,1.33729,3600000,1200000
2023-04-27 12:30:36.816000,1.33745,1.33729,1200000,1200000
2023-04-27 12:30:36.918000,1.33746,1.33736,3600000,900000
2023-04-27 12:30:37.177000,1.33741,1.33735,3600000,1200000
2023-04-27 12:30:37.228000,1.33741,1.33729,3600000,1200000
2023-04-27 12:30:37.537000,1.3374,1.33729,1200000,1200000
2023-04-27 12:30:37.589000,1.33747,1.3373,1200000,3220000
2023-04-27 12:30:37.641000,1.33746,1.33738,1200000,1200000
2023-04-27 12:30:37.693000,1.33749,1.33738,3600000,1200000
2023-04-27 12:30:37.745000,1.33754,1.33738,4050000,1200000
2023-04-27 12:30:37.796000,1.33749,1.33738,1200000,1200000
2023-04-27 12:30:37.898000,1.33739,1.33737,1200000,1200000
2023-04-27 12:30:37.951000,1.33731,1.33723,1200000,3220000
2023-04-27 12:30:38.002000,1.33745,1.33742,3600000,1200000
2023-04-27 12:30:38.053000,1.33751,1.33746,1100000,1200000
2023-04-27 12:30:38.105000,1.3375,1.3374,1100000,1200000
2023-04-27 12:30:38.156000,1.33755,1.33745,1200000,3220000
2023-04-27 12:30:38.208000,1.33752,1.33738,1200000,3420000
2023-04-27 12:30:38.259000,1.33755,1.33739,1200000,3040000
2023-04-27 12:30:38.361000,1.33755,1.33739,1200000,3040000
2023-04-27 12:30:38.616000,1.33755,1.33743,3600000,3220000
2023-04-27 12:30:38.869000,1.33756,1.33744,4500000,1200000
2023-04-27 12:30:38.921000,1.33768,1.33759,1100000,3220000
2023-04-27 12:30:38.973000,1.33766,1.33755,3600000,2700000
2023-04-27 12:30:39.025000,1.33768,1.33756,3600000,1200000
2023-04-27 12:30:39.076000,1.33773,1.33757,3600000,3220000
2023-04-27 12:30:39.178000,1.33774,1.33757,3600000,3220000
2023-04-27 12:30:39.280000,1.33773,1.33757,3600000,1200000
2023-04-27 12:30:39.332000,1.33784,1.33772,3600000,2110000
2023-04-27 12:30:39.434000,1.33782,1.3377,3600000,1100000
2023-04-27 12:30:39.486000,1.33782,1.33768,3600000,3490000
2023-04-27 12:30:39.538000,1.33782,1.33773,1200000,3220000
2023-04-27 12:30:39.640000,1.33786,1.33772,1200000,4030000
2023-04-27 12:30:39.793000,1.33784,1.33769,1200000,3040000
2023-04-27 12:30:39.844000,1.33773,1.33765,3600000,3280000
2023-04-27 12:30:39.896000,1.33775,1.33766,3600000,3220000
2023-04-27 12:30:39.948000,1.33773,1.33765,3600000,3220000
2023-04-27 12:30:40.051000,1.33776,1.33769,4500000,3220000
2023-04-27 12:30:40.154000,1.33783,1.33774,3600000,3220000
2023-04-27 12:30:40.257000,1.33774,1.33767,1200000,1100000
2023-04-27 12:30:40.359000,1.33775,1.3376,4500000,1100000
2023-04-27 12:30:40.461000,1.33765,1.33757,1200000,3220000
2023-04-27 12:30:40.563000,1.33758,1.33751,3600000,3220000
2023-04-27 12:30:40.665000,1.33762,1.33754,3600000,3220000
2023-04-27 12:30:40.717000,1.33766,1.33755,3600000,3220000
2023-04-27 12:30:40.818000,1.33765,1.33757,3600000,3220000
2023-04-27 12:30:40.921000,1.33766,1.3376,3600000,3220000
2023-04-27 12:30:41.023000,1.33771,1.33764,3600000,3220000
2023-04-27 12:30:41.075000,1.33776,1.33769,4050000,3220000
2023-04-27 12:30:41.177000,1.33778,1.33769,1200000,3220000
2023-04-27 12:30:41.228000,1.33771,1.33765,1200000,3220000
2023-04-27 12:30:41.331000,1.33767,1.33758,3600000,3040000
2023-04-27 12:30:41.382000,1.33766,1.33759,3600000,3220000
2023-04-27 12:30:41.485000,1.33765,1.33752,4500000,1100000
2023-04-27 12:30:41.537000,1.33762,1.33751,3600000,3280000
2023-04-27 12:30:41.589000,1.33763,1.33751,3600000,3220000
2023-04-27 12:30:41.641000,1.3376,1.33749,3600000,3220000
2023-04-27 12:30:41.744000,1.3376,1.33748,3600000,3220000
2023-04-27 12:30:41.846000,1.33761,1.33747,1200000,1200000
2023-04-27 12:30:41.949000,1.33764,1.33757,4500000,3220000
2023-04-27 12:30:42.102000,1.33758,1.33753,1200000,1200000
2023-04-27 12:30:42.153000,1.33756,1.33747,4500000,4570000
2023-04-27 12:30:42.205000,1.33753,1.33746,1200000,1200000
2023-04-27 12:30:42.256000,1.33749,1.33743,1200000,3220000
2023-04-27 12:30:42.307000,1.3375,1.33738,3600000,5020000
2023-04-27 12:30:42.409000,1.33753,1.33747,3600000,3220000
2023-04-27 12:30:42.512000,1.33758,1.33755,1200000,1200000
2023-04-27 12:30:42.564000,1.33765,1.33757,3600000,3450000
2023-04-27 12:30:42.615000,1.33763,1.33756,1200000,2980000
2023-04-27 12:30:42.667000,1.33767,1.33758,3600000,3220000
2023-04-27 12:30:42.718000,1.33765,1.33758,3600000,3220000
2023-04-27 12:30:42.820000,1.3376,1.33755,3600000,3150000
2023-04-27 12:30:42.872000,1.3376,1.33751,3600000,3220000
2023-04-27 12:30:43.126000,1.33762,1.33752,3600000,3220000
2023-04-27 12:30:43.177000,1.33758,1.33748,4500000,3670000
2023-04-27 12:30:43.279000,1.33757,1.33749,3600000,3220000
2023-04-27 12:30:43.381000,1.33752,1.33745,3600000,3220000
2023-04-27 12:30:43.483000,1.33752,1.33744,3600000,3220000
2023-04-27 12:30:43.637000,1.33755,1.33751,4500000,1350000
2023-04-27 12:30:43.689000,1.33759,1.33749,3600000,3220000
2023-04-27 12:30:43.740000,1.33755,1.33748,3600000,3220000
2023-04-27 12:30:43.843000,1.33753,1.33746,3600000,2200000
2023-04-27 12:30:43.894000,1.33757,1.33747,3600000,3220000
2023-04-27 12:30:43.946000,1.33753,1.33747,3600000,4120000
2023-04-27 12:30:43.997000,1.33751,1.33741,1200000,2470000
2023-04-27 12:30:44.049000,1.33749,1.33741,3600000,5020000
2023-04-27 12:30:44.151000,1.33754,1.33746,4500000,3220000
2023-04-27 12:30:44.254000,1.33746,1.33737,3600000,3640000
2023-04-27 12:30:44.356000,1.3374,1.3373,3600000,3220000
2023-04-27 12:30:44.408000,1.33744,1.33736,4500000,3220000
2023-04-27 12:30:44.542000,1.33741,1.33731,1200000,3280000
2023-04-27 12:30:44.593000,1.33734,1.33722,4500000,3220000
2023-04-27 12:30:44.644000,1.33733,1.33726,1200000,3220000
2023-04-27 12:30:44.746000,1.33723,1.33717,1200000,1100000
2023-04-27 12:30:44.798000,1.3372,1.33711,1200000,1200000
2023-04-27 12:30:44.849000,1.33719,1.3371,1200000,1200000
2023-04-27 12:30:44.901000,1.33722,1.33713,1200000,3220000
2023-04-27 12:30:44.952000,1.33722,1.33718,1200000,3220000
2023-04-27 12:30:45.004000,1.33726,1.3372,1350000,3220000
2023-04-27 12:30:45.055000,1.33726,1.33715,1200000,3220000
2023-04-27 12:30:45.107000,1.33726,1.33713,1200000,3220000
2023-04-27 12:30:45.158000,1.33726,1.33718,1200000,3220000
2023-04-27 12:30:45.312000,1.33723,1.33714,1200000,3220000
2023-04-27 12:30:45.414000,1.33725,1.33716,1200000,3220000
2023-04-27 12:30:45.517000,1.33724,1.33714,3600000,3220000
2023-04-27 12:30:45.620000,1.33723,1.33713,1200000,3220000
2023-04-27 12:30:45.671000,1.3372,1.33713,1200000,3220000
2023-04-27 12:30:45.773000,1.33721,1.33713,3600000,3220000
2023-04-27 12:30:45.926000,1.33723,1.33715,4500000,3220000
2023-04-27 12:30:46.027000,1.33715,1.3371,3600000,1800000
2023-04-27 12:30:46.079000,1.33712,1.33704,3600000,3220000
2023-04-27 12:30:46.130000,1.33711,1.33703,3600000,3220000
2023-04-27 12:30:46.182000,1.33713,1.33703,4500000,1200000
2023-04-27 12:30:46.233000,1.3371,1.33703,3600000,1200000
2023-04-27 12:30:46.285000,1.33713,1.33703,3600000,1200000
2023-04-27 12:30:46.387000,1.3371,1.33703,3600000,1200000
2023-04-27 12:30:46.611000,1.33713,1.33703,3600000,1200000
2023-04-27 12:30:46.662000,1.3371,1.33703,3600000,1200000
2023-04-27 12:30:46.713000,1.33719,1.3371,1200000,1200000
2023-04-27 12:30:46.815000,1.3372,1.33711,3600000,1200000
2023-04-27 12:30:46.917000,1.33725,1.33713,3600000,3220000
2023-04-27 12:30:46.969000,1.33722,1.33716,3600000,3220000
2023-04-27 12:30:47.020000,1.33726,1.33718,3600000,3220000
2023-04-27 12:30:47.072000,1.33721,1.33717,3690000,1800000
2023-04-27 12:30:47.123000,1.33719,1.33711,3600000,1200000
2023-04-27 12:30:47.175000,1.33706,1.33696,1200000,3670000
2023-04-27 12:30:47.226000,1.33707,1.33703,3600000,1200000
2023-04-27 12:30:47.328000,1.33711,1.33703,3600000,1200000
2023-04-27 12:30:47.430000,1.3371,1.33703,3600000,1200000
2023-04-27 12:30:47.481000,1.33714,1.33703,3600000,1200000
2023-04-27 12:30:47.707000,1.33715,1.33703,3600000,1200000
2023-04-27 12:30:47.759000,1.33717,1.33707,3600000,1200000
2023-04-27 12:30:47.861000,1.33719,1.33711,3600000,4120000
2023-04-27 12:30:47.912000,1.33721,1.33711,3690000,1200000
2023-04-27 12:30:48.065000,1.33718,1.33711,4500000,1200000
2023-04-27 12:30:48.117000,1.33713,1.33703,3600000,4120000
2023-04-27 12:30:48.168000,1.33709,1.33703,1200000,4120000
2023-04-27 12:30:48.220000,1.33706,1.33696,3600000,3670000
2023-04-27 12:30:48.272000,1.33703,1.33694,3600000,4120000
2023-04-27 12:30:48.526000,1.33701,1.33694,3600000,1200000
2023-04-27 12:30:48.628000,1.33698,1.33694,3600000,1200000
2023-04-27 12:30:48.730000,1.33697,1.33694,1200000,1200000
2023-04-27 12:30:48.781000,1.33705,1.33694,2120000,1200000
2023-04-27 12:30:48.832000,1.33695,1.33684,3600000,2250000
2023-04-27 12:30:48.883000,1.33696,1.33686,3600000,3220000
2023-04-27 12:30:48.934000,1.33698,1.33689,3600000,3220000
2023-04-27 12:30:48.985000,1.337,1.33689,3600000,3220000
2023-04-27 12:30:49.087000,1.33702,1.33695,3600000,3220000
2023-04-27 12:30:49.139000,1.33706,1.33697,3600000,3220000
2023-04-27 12:30:49.190000,1.33708,1.33698,3600000,3220000
2023-04-27 12:30:49.241000,1.33708,1.33701,3600000,1200000
2023-04-27 12:30:49.343000,1.33719,1.33712,3600000,3220000
2023-04-27 12:30:49.446000,1.33723,1.33714,1120000,3220000
2023-04-27 12:30:49.548000,1.33718,1.33711,3600000,4120000
2023-04-27 12:30:49.650000,1.33719,1.33713,3600000,3220000
2023-04-27 12:30:50.057000,1.33719,1.33712,3600000,3220000
2023-04-27 12:30:50.159000,1.33728,1.33722,1800000,3220000
2023-04-27 12:30:50.209000,1.33734,1.33721,3600000,3220000
2023-04-27 12:30:50.260000,1.33737,1.3373,3600000,3220000
2023-04-27 12:30:50.311000,1.33742,1.33731,3600000,1200000
2023-04-27 12:30:50.362000,1.33749,1.3374,1350000,3220000
2023-04-27 12:30:50.464000,1.33745,1.33739,4500000,3220000
2023-04-27 12:30:50.516000,1.33737,1.33731,3600000,3220000
2023-04-27 12:30:50.618000,1.33737,1.3373,3600000,3220000
2023-04-27 12:30:50.922000,1.33733,1.33729,3600000,1200000
2023-04-27 12:30:51.025000,1.33727,1.33721,3600000,3220000
2023-04-27 12:30:51.076000,1.3372,1.33717,3600000,1350000
2023-04-27 12:30:51.127000,1.3372,1.33711,3600000,4120000
2023-04-27 12:30:51.230000,1.33719,1.33712,3600000,3220000
2023-04-27 12:30:51.484000,1.33723,1.33716,3600000,3220000
2023-04-27 12:30:51.536000,1.33722,1.33712,3600000,4120000
2023-04-27 12:30:51.587000,1.33724,1.33714,3600000,3220000
2023-04-27 12:30:51.689000,1.33723,1.3372,1200000,4120000
2023-04-27 12:30:51.740000,1.33719,1.33712,3600000,3220000
2023-04-27 12:30:51.791000,1.33721,1.33714,4500000,3220000
2023-04-27 12:30:51.842000,1.33717,1.33705,1200000,1890000
2023-04-27 12:30:51.894000,1.33717,1.33712,1200000,3220000
2023-04-27 12:30:51.945000,1.33717,1.33708,3600000,3220000
2023-04-27 12:30:51.996000,1.33717,1.33711,1200000,3220000
2023-04-27 12:30:52.047000,1.33715,1.33708,1200000,3220000
2023-04-27 12:30:52.150000,1.33716,1.33709,1200000,3220000
2023-04-27 12:30:52.252000,1.33716,1.33708,1200000,3220000
2023-04-27 12:30:52.455000,1.33719,1.33711,3600000,3220000
2023-04-27 12:30:52.557000,1.33719,1.33713,1200000,3220000
2023-04-27 12:30:52.659000,1.33722,1.33714,3600000,4120000
2023-04-27 12:30:52.761000,1.33731,1.33722,1200000,3220000
2023-04-27 12:30:52.863000,1.33736,1.3373,3600000,3220000
2023-04-27 12:30:52.965000,1.33737,1.33731,1200000,3220000
2023-04-27 12:30:53.068000,1.33746,1.33739,3600000,3220000
2023-04-27 12:30:53.120000,1.33744,1.33738,1200000,1200000
2023-04-27 12:30:53.171000,1.33742,1.33734,3600000,3220000
2023-04-27 12:30:53.222000,1.33731,1.33729,1200000,1200000
2023-04-27 12:30:53.273000,1.33731,1.33723,1200000,3220000
2023-04-27 12:30:53.325000,1.33733,1.33721,4500000,3220000
2023-04-27 12:30:53.427000,1.33733,1.33721,3600000,4050000
2023-04-27 12:30:53.529000,1.33734,1.33727,3600000,3220000
2023-04-27 12:30:53.634000,1.33735,1.33728,4500000,3220000
2023-04-27 12:30:53.736000,1.33735,1.33727,3600000,3220000
2023-04-27 12:30:53.838000,1.33735,1.33728,3600000,3220000
2023-04-27 12:30:53.940000,1.33737,1.3373,4500000,3220000
2023-04-27 12:30:54.183000,1.33737,1.33729,1200000,3220000
2023-04-27 12:30:54.285000,1.33735,1.33728,3600000,3220000
2023-04-27 12:30:54.336000,1.33737,1.33729,4500000,3220000
2023-04-27 12:30:54.439000,1.33735,1.33729,3600000,1200000
2023-04-27 12:30:54.542000,1.33736,1.3373,4500000,3220000
2023-04-27 12:30:54.645000,1.33741,1.33736,1350000,1350000
2023-04-27 12:30:54.696000,1.33748,1.3374,4500000,3180000
2023-04-27 12:30:54.747000,1.33755,1.33748,1200000,3220000
2023-04-27 12:30:54.849000,1.3375,1.33741,1200000,3220000
2023-04-27 12:30:54.901000,1.33748,1.3374,1200000,3220000
2023-04-27 12:30:55.003000,1.33749,1.33739,3600000,3310000
2023-04-27 12:30:55.107000,1.33751,1.33741,4500000,3220000
2023-04-27 12:30:55.158000,1.33762,1.33758,1800000,1350000
2023-04-27 12:30:55.209000,1.33765,1.3376,3600000,1200000
2023-04-27 12:30:55.261000,1.33769,1.33757,4500000,3220000
2023-04-27 12:30:55.363000,1.33765,1.33757,1200000,3220000
2023-04-27 12:30:55.414000,1.33764,1.33755,1200000,4120000
2023-04-27 12:30:55.465000,1.33763,1.33755,3600000,3220000
2023-04-27 12:30:55.720000,1.33762,1.33756,3600000,3180000
2023-04-27 12:30:55.771000,1.33769,1.3376,4500000,3220000
2023-04-27 12:30:55.823000,1.3376,1.33758,1800000,1200000
2023-04-27 12:30:55.874000,1.33755,1.33747,1200000,1200000
2023-04-27 12:30:55.976000,1.33764,1.33755,4500000,1200000
2023-04-27 12:30:56.078000,1.33767,1.33757,1200000,3220000
2023-04-27 12:30:56.180000,1.33767,1.33756,1200000,3220000
2023-04-27 12:30:56.282000,1.33768,1.33756,1200000,3220000
2023-04-27 12:30:56.515000,1.33769,1.3376,3600000,1200000
2023-04-27 12:30:56.618000,1.33774,1.3377,1200000,1200000
2023-04-27 12:30:56.669000,1.3378,1.33773,3600000,3220000
2023-04-27 12:30:56.772000,1.33783,1.33779,1200000,3220000
2023-04-27 12:30:56.875000,1.33781,1.33778,4500000,1100000
2023-04-27 12:30:56.926000,1.33779,1.33773,3600000,4120000
2023-04-27 12:30:57.079000,1.3378,1.33767,1200000,1200000
2023-04-27 12:30:57.182000,1.3378,1.33773,1200000,1200000
2023-04-27 12:30:57.284000,1.33781,1.33773,4500000,3220000
2023-04-27 12:30:57.437000,1.33779,1.33773,3600000,4120000
2023-04-27 12:30:57.539000,1.3378,1.33773,4500000,1200000
2023-04-27 12:30:57.691000,1.33781,1.33777,1200000,3220000
2023-04-27 12:30:57.844000,1.33773,1.33761,1200000,1600000
2023-04-27 12:30:57.895000,1.33776,1.33767,4500000,3220000
2023-04-27 12:30:58.048000,1.33776,1.33766,1200000,3220000
2023-04-27 12:30:58.151000,1.3378,1.33771,1200000,3220000
2023-04-27 12:30:58.253000,1.33781,1.33774,4500000,3220000
2023-04-27 12:30:58.355000,1.33779,1.33773,3600000,4120000
2023-04-27 12:30:58.457000,1.33777,1.33772,1200000,1200000
2023-04-27 12:30:58.508000,1.33777,1.33767,1200000,3220000
2023-04-27 12:30:58.663000,1.33777,1.33766,4500000,3220000
2023-04-27 12:30:58.816000,1.33777,1.33772,1200000,3220000
2023-04-27 12:30:58.867000,1.33775,1.33765,3600000,3220000
2023-04-27 12:30:58.969000,1.33773,1.33765,1200000,3220000
2023-04-27 12:30:59.021000,1.33776,1.33765,1200000,3220000
2023-04-27 12:30:59.072000,1.33778,1.33769,1200000,3220000
2023-04-27 12:30:59.174000,1.33779,1.33773,1200000,3220000
2023-04-27 12:30:59.276000,1.33777,1.33773,3600000,1200000
2023-04-27 12:30:59.327000,1.33774,1.33767,1200000,3660000
2023-04-27 12:30:59.379000,1.33775,1.33767,1200000,3220000
2023-04-27 12:30:59.431000,1.33772,1.33764,3600000,1200000
2023-04-27 12:30:59.533000,1.33771,1.33764,4500000,3220000
2023-04-27 12:30:59.585000,1.33768,1.33758,4500000,3280000
2023-04-27 12:30:59.636000,1.33767,1.33756,3600000,3220000
2023-04-27 12:30:59.738000,1.3376,1.33754,1200000,4120000
2023-04-27 12:30:59.789000,1.33759,1.3375,1200000,3220000
2023-04-27 12:30:59.841000,1.33759,1.33748,1200000,3220000
2023-04-27 12:30:59.943000,1.33759,1.33749,1200000,3220000
