time,ask,bid,ask_volume,bid_volume
2022-09-30 12:25:00.026000,1.44651,1.44641,5210000,4500000
2022-09-30 12:25:00.128000,1.44649,1.4464,1440000,4940000
2022-09-30 12:25:00.290000,1.4465,1.4464,1880000,6260000
2022-09-30 12:25:00.392000,1.44653,1.44642,3640000,1200000
2022-09-30 12:25:00.443000,1.44652,1.44642,4540000,4500000
2022-09-30 12:25:01.043000,1.44652,1.44642,4540000,4800000
2022-09-30 12:25:01.145000,1.44653,1.44643,1920000,4270000
2022-09-30 12:25:01.348000,1.44653,1.44644,1920000,3600000
2022-09-30 12:25:01.450000,1.44651,1.44644,1440000,3600000
2022-09-30 12:25:01.553000,1.4465,1.44642,1320000,1940000
2022-09-30 12:25:02.004000,1.4465,1.44642,1320000,4040000
2022-09-30 12:25:02.217000,1.44651,1.44641,1320000,4040000
2022-09-30 12:25:02.319000,1.4465,1.44641,1320000,4040000
2022-09-30 12:25:02.421000,1.4465,1.44642,1320000,3600000
2022-09-30 12:25:02.573000,1.44652,1.44641,1320000,5040000
2022-09-30 12:25:02.675000,1.44652,1.44643,1920000,4040000
2022-09-30 12:25:02.929000,1.44651,1.44641,1320000,4040000
2022-09-30 12:25:04.108000,1.44651,1.44642,1440000,4730000
2022-09-30 12:25:04.514000,1.44652,1.44642,5650000,5540000
2022-09-30 12:25:05.408000,1.4465,1.44642,1320000,4040000
2022-09-30 12:25:05.741000,1.44653,1.44642,4980000,1200000
2022-09-30 12:25:05.854000,1.44652,1.44643,4980000,1200000
2022-09-30 12:25:06.052000,1.44652,1.44644,1920000,1200000
2022-09-30 12:25:06.246000,1.44653,1.44642,4080000,1800000
2022-09-30 12:25:06.347000,1.44652,1.44643,4080000,1340000
2022-09-30 12:25:07.110000,1.44652,1.44643,1320000,4500000
2022-09-30 12:25:07.212000,1.44651,1.44642,1920000,1340000
2022-09-30 12:25:07.314000,1.44651,1.44643,3850000,1200000
2022-09-30 12:25:07.770000,1.44652,1.44643,4980000,1500000
2022-09-30 12:25:07.872000,1.44651,1.44642,1440000,5240000
2022-09-30 12:25:08.641000,1.44652,1.44641,1920000,5540000
2022-09-30 12:25:08.743000,1.44649,1.44641,1440000,4040000
2022-09-30 12:25:08.997000,1.4465,1.44642,2340000,3600000
2022-09-30 12:25:09.559000,1.44649,1.44642,1320000,3600000
2022-09-30 12:25:09.712000,1.4465,1.44641,1320000,5480000
2022-09-30 12:25:09.915000,1.4465,1.44642,1320000,3600000
2022-09-30 12:25:10.615000,1.44652,1.44643,1920000,4640000
2022-09-30 12:25:10.940000,1.44652,1.44643,1440000,4640000
2022-09-30 12:25:11.042000,1.44653,1.44645,1320000,1200000
2022-09-30 12:25:11.144000,1.44653,1.44644,1320000,4640000
2022-09-30 12:25:11.453000,1.44651,1.44643,1440000,3600000
2022-09-30 12:25:12.358000,1.44653,1.44644,4540000,1200000
2022-09-30 12:25:13.181000,1.44652,1.44643,1320000,4500000
2022-09-30 12:25:13.817000,1.44651,1.44643,1920000,3600000
2022-09-30 12:25:13.918000,1.4465,1.44642,1320000,4500000
2022-09-30 12:25:14.071000,1.44649,1.44642,1200000,4500000
2022-09-30 12:25:14.912000,1.4465,1.44641,1440000,5540000
2022-09-30 12:25:15.115000,1.44649,1.44642,1200000,4040000
2022-09-30 12:25:16.209000,1.44649,1.44641,1200000,4040000
2022-09-30 12:25:16.310000,1.44649,1.44641,2360000,4760000
2022-09-30 12:25:17.719000,1.44651,1.44643,2290000,1320000
2022-09-30 12:25:17.771000,1.44644,1.4464,1920000,1200000
2022-09-30 12:25:17.873000,1.44652,1.44646,1200000,2520000
2022-09-30 12:25:17.924000,1.44654,1.44648,2960000,2100000
2022-09-30 12:25:18.026000,1.44654,1.44646,1920000,4390000
2022-09-30 12:25:18.128000,1.44655,1.44646,2060000,5220000
2022-09-30 12:25:18.281000,1.44653,1.44646,1320000,5450000
2022-09-30 12:25:18.383000,1.44655,1.44647,1920000,1460000
2022-09-30 12:25:18.484000,1.44656,1.44647,4980000,1460000
2022-09-30 12:25:18.868000,1.44656,1.44647,1920000,8660000
2022-09-30 12:25:19.226000,1.44656,1.44648,1920000,4160000
2022-09-30 12:25:19.430000,1.44655,1.44647,1320000,4760000
2022-09-30 12:25:19.532000,1.44654,1.44643,1440000,7020000
2022-09-30 12:25:19.836000,1.4465,1.44643,1320000,1320000
2022-09-30 12:25:19.887000,1.44651,1.44643,1320000,5060000
2022-09-30 12:25:19.989000,1.44653,1.44644,3260000,4760000
2022-09-30 12:25:20.739000,1.44652,1.44643,1320000,5660000
2022-09-30 12:25:21.887000,1.44654,1.44647,1200000,1920000
2022-09-30 12:25:21.990000,1.44656,1.44648,1920000,4320000
2022-09-30 12:25:22.599000,1.44655,1.44651,1200000,1320000
2022-09-30 12:25:22.650000,1.4466,1.44652,1440000,2060000
2022-09-30 12:25:22.854000,1.44662,1.44657,3000000,2400000
2022-09-30 12:25:22.956000,1.44662,1.44658,1500000,1920000
2022-09-30 12:25:23.109000,1.44665,1.44657,2110000,6120000
2022-09-30 12:25:23.211000,1.44665,1.44656,1920000,5520000
2022-09-30 12:25:23.313000,1.44665,1.44657,1440000,6560000
2022-09-30 12:25:23.815000,1.44666,1.4466,1200000,1320000
2022-09-30 12:25:23.866000,1.44669,1.44661,1740000,5220000
2022-09-30 12:25:23.968000,1.44668,1.44661,1740000,4140000
2022-09-30 12:25:24.121000,1.44668,1.4466,1670000,5660000
2022-09-30 12:25:24.863000,1.44667,1.4466,1200000,5220000
2022-09-30 12:25:25.297000,1.44668,1.44661,1440000,5480000
2022-09-30 12:25:25.399000,1.44667,1.4466,1440000,1440000
2022-09-30 12:25:25.703000,1.44667,1.44661,1200000,2060000
2022-09-30 12:25:25.754000,1.44671,1.44661,2060000,1320000
2022-09-30 12:25:26.256000,1.4467,1.44662,1880000,4760000
2022-09-30 12:25:26.383000,1.4467,1.44662,2060000,1320000
2022-09-30 12:25:26.780000,1.4467,1.44662,1880000,4760000
2022-09-30 12:25:26.882000,1.4467,1.44662,2480000,4760000
2022-09-30 12:25:26.986000,1.44669,1.44662,1320000,4580000
2022-09-30 12:25:27.144000,1.44668,1.44662,1200000,4580000
2022-09-30 12:25:27.348000,1.44668,1.44662,1200000,1320000
2022-09-30 12:25:27.474000,1.44668,1.44662,1200000,1320000
2022-09-30 12:25:27.525000,1.44667,1.4466,1320000,4200000
2022-09-30 12:25:27.576000,1.44665,1.44659,1800000,1320000
2022-09-30 12:25:27.729000,1.44664,1.44656,4730000,1200000
2022-09-30 12:25:27.780000,1.44661,1.44653,1200000,5480000
2022-09-30 12:25:27.882000,1.44662,1.44654,1200000,4140000
2022-09-30 12:25:27.984000,1.44661,1.44654,1200000,4370000
2022-09-30 12:25:28.146000,1.44663,1.44659,1200000,1200000
2022-09-30 12:25:28.197000,1.44663,1.44657,1200000,3830000
2022-09-30 12:25:28.350000,1.44661,1.44656,1200000,5400000
2022-09-30 12:25:28.452000,1.4466,1.44654,1200000,4760000
2022-09-30 12:25:28.554000,1.44661,1.44653,1200000,5660000
2022-09-30 12:25:29.111000,1.44662,1.44652,1940000,5520000
2022-09-30 12:25:29.213000,1.4466,1.44653,1200000,4040000
2022-09-30 12:25:29.772000,1.44659,1.44651,1200000,6540000
2022-09-30 12:25:30.145000,1.44658,1.44651,1200000,3600000
2022-09-30 12:25:30.247000,1.44657,1.4465,1200000,6740000
2022-09-30 12:25:30.349000,1.44658,1.44649,1200000,7320000
2022-09-30 12:25:31.767000,1.44657,1.44649,2630000,1340000
2022-09-30 12:25:31.818000,1.44652,1.44645,1200000,5940000
2022-09-30 12:25:31.971000,1.4465,1.44644,1200000,5660000
2022-09-30 12:25:33.981000,1.44649,1.44643,1200000,5520000
2022-09-30 12:25:34.133000,1.44649,1.44643,1200000,4580000
2022-09-30 12:25:34.609000,1.44648,1.44642,1200000,5520000
2022-09-30 12:25:34.711000,1.44652,1.44641,1500000,5480000
2022-09-30 12:25:35.037000,1.44651,1.44642,1500000,5660000
2022-09-30 12:25:35.207000,1.44653,1.44644,1800000,6420000
2022-09-30 12:25:35.309000,1.44654,1.44645,1340000,3680000
2022-09-30 12:25:35.640000,1.44655,1.44645,1340000,3600000
2022-09-30 12:25:35.741000,1.44654,1.44645,1800000,5480000
2022-09-30 12:25:36.045000,1.44654,1.44645,1200000,3680000
2022-09-30 12:25:36.642000,1.44654,1.44645,1200000,4320000
2022-09-30 12:25:36.795000,1.44654,1.44647,1200000,3600000
2022-09-30 12:25:36.897000,1.44655,1.44646,4260000,1200000
2022-09-30 12:25:36.999000,1.44655,1.44645,4260000,4580000
2022-09-30 12:25:37.151000,1.44654,1.44645,1200000,5040000
2022-09-30 12:25:37.810000,1.44655,1.44648,1200000,3680000
2022-09-30 12:25:37.912000,1.44655,1.44645,1340000,4500000
2022-09-30 12:25:38.376000,1.44656,1.44645,1200000,5220000
2022-09-30 12:25:38.478000,1.44656,1.44647,1500000,4140000
2022-09-30 12:25:38.580000,1.44658,1.44647,6430000,5180000
2022-09-30 12:25:38.834000,1.44658,1.44649,3960000,2040000
2022-09-30 12:25:38.886000,1.4466,1.44651,1920000,4040000
2022-09-30 12:25:39.089000,1.4466,1.44651,1500000,5640000
2022-09-30 12:25:39.191000,1.4466,1.44651,1570000,4580000
2022-09-30 12:25:39.293000,1.4466,1.44652,1200000,3600000
2022-09-30 12:25:39.719000,1.4466,1.4465,7200000,6000000
2022-09-30 12:25:39.973000,1.44659,1.4465,3520000,1800000
2022-09-30 12:25:40.177000,1.44658,1.4465,1800000,4940000
2022-09-30 12:25:40.228000,1.44659,1.4465,4420000,1200000
2022-09-30 12:25:40.330000,1.4466,1.44651,7420000,1320000
2022-09-30 12:25:40.534000,1.44658,1.4465,1200000,5100000
2022-09-30 12:25:40.635000,1.44659,1.4465,1500000,4940000
2022-09-30 12:25:40.839000,1.44657,1.44649,2960000,4040000
2022-09-30 12:25:40.941000,1.4466,1.44651,3440000,4580000
2022-09-30 12:25:41.043000,1.44659,1.4465,4720000,1200000
2022-09-30 12:25:41.145000,1.44657,1.44648,1200000,5400000
2022-09-30 12:25:41.247000,1.44658,1.44648,5700000,4640000
2022-09-30 12:25:41.349000,1.44658,1.4465,4360000,1200000
2022-09-30 12:25:41.451000,1.44658,1.44649,1740000,4640000
2022-09-30 12:25:41.502000,1.4466,1.44651,4040000,1320000
2022-09-30 12:25:41.554000,1.44659,1.44652,1500000,1920000
2022-09-30 12:25:41.656000,1.44658,1.44652,1500000,1320000
2022-09-30 12:25:41.758000,1.44659,1.44652,1500000,1920000
2022-09-30 12:25:42.114000,1.44659,1.44653,1500000,1200000
2022-09-30 12:25:42.317000,1.44663,1.44653,3600000,1200000
2022-09-30 12:25:42.709000,1.44663,1.44654,2400000,1320000
2022-09-30 12:25:42.872000,1.44663,1.44654,1340000,1440000
2022-09-30 12:25:43.075000,1.44663,1.44654,1640000,1320000
2022-09-30 12:25:43.177000,1.44663,1.44654,1500000,1440000
2022-09-30 12:25:43.469000,1.44663,1.44654,2100000,1440000
2022-09-30 12:25:43.631000,1.44663,1.44654,2100000,2480000
2022-09-30 12:25:43.835000,1.44665,1.44656,2100000,4040000
2022-09-30 12:25:43.937000,1.44663,1.44653,2220000,4640000
2022-09-30 12:25:44.039000,1.44664,1.44656,5440000,1200000
2022-09-30 12:25:44.091000,1.44664,1.44655,2360000,1200000
2022-09-30 12:25:44.395000,1.44664,1.44655,4720000,1200000
2022-09-30 12:25:44.447000,1.44665,1.44659,1800000,1320000
2022-09-30 12:25:44.498000,1.44666,1.44657,1940000,4040000
2022-09-30 12:25:44.600000,1.44664,1.44655,4570000,1200000
2022-09-30 12:25:44.702000,1.44665,1.44656,1800000,4040000
2022-09-30 12:25:44.804000,1.44666,1.44657,1500000,4040000
2022-09-30 12:25:45.008000,1.44665,1.44655,1800000,3420000
2022-09-30 12:25:45.110000,1.44666,1.44657,1200000,3600000
2022-09-30 12:25:45.263000,1.44664,1.44654,1200000,5040000
2022-09-30 12:25:45.365000,1.44665,1.44655,5530000,3600000
2022-09-30 12:25:45.467000,1.44665,1.44655,5160000,4500000
2022-09-30 12:25:45.518000,1.44665,1.44656,1340000,1920000
2022-09-30 12:25:45.569000,1.44667,1.44657,4720000,4500000
2022-09-30 12:25:45.749000,1.4467,1.44659,1500000,4580000
2022-09-30 12:25:45.852000,1.44668,1.44658,1810000,4640000
2022-09-30 12:25:46.207000,1.44669,1.4466,4730000,1200000
2022-09-30 12:25:46.258000,1.44672,1.4466,4260000,4640000
2022-09-30 12:25:46.310000,1.44671,1.44664,1320000,1200000
2022-09-30 12:25:46.361000,1.4467,1.4466,3460000,4820000
2022-09-30 12:25:46.412000,1.44668,1.4466,1200000,2040000
2022-09-30 12:25:46.514000,1.44666,1.44657,1340000,4800000
2022-09-30 12:25:46.617000,1.44666,1.44656,5320000,3600000
2022-09-30 12:25:46.719000,1.44665,1.44654,2920000,1200000
2022-09-30 12:25:46.821000,1.44662,1.44653,1200000,3600000
2022-09-30 12:25:47.478000,1.44664,1.44655,1500000,3600000
2022-09-30 12:25:47.580000,1.44664,1.44654,4260000,4580000
2022-09-30 12:25:47.733000,1.44664,1.44654,5160000,4940000
2022-09-30 12:25:48.231000,1.44665,1.44653,4860000,4940000
2022-09-30 12:25:48.619000,1.44663,1.44653,4860000,3600000
2022-09-30 12:25:48.721000,1.44661,1.44652,1200000,1200000
2022-09-30 12:25:48.823000,1.44661,1.44651,5400000,4940000
2022-09-30 12:25:49.612000,1.44662,1.4465,5700000,4940000
2022-09-30 12:25:49.765000,1.4466,1.44651,1500000,4500000
2022-09-30 12:25:49.867000,1.44661,1.44652,2100000,5480000
2022-09-30 12:25:50.070000,1.44654,1.44648,1800000,1200000
2022-09-30 12:25:50.223000,1.44652,1.44649,2340000,1200000
2022-09-30 12:25:50.275000,1.44651,1.44643,1800000,1500000
2022-09-30 12:25:50.680000,1.44651,1.44644,2240000,1500000
2022-09-30 12:25:50.732000,1.44651,1.4464,2700000,8660000
2022-09-30 12:25:50.783000,1.44651,1.4464,1800000,9420000
2022-09-30 12:25:50.834000,1.44651,1.4464,1800000,8450000
2022-09-30 12:25:50.936000,1.44651,1.4464,3140000,8220000
2022-09-30 12:25:51.037000,1.44651,1.4464,3140000,8220000
2022-09-30 12:25:51.139000,1.4465,1.4464,1320000,6740000
2022-09-30 12:25:51.190000,1.44649,1.4464,4960000,1340000
2022-09-30 12:25:51.292000,1.44652,1.44643,1500000,4500000
2022-09-30 12:25:51.394000,1.44652,1.44643,1740000,4640000
2022-09-30 12:25:51.496000,1.44651,1.44644,1500000,1200000
2022-09-30 12:25:51.598000,1.44653,1.44643,5160000,3600000
2022-09-30 12:25:51.751000,1.44652,1.44642,1620000,1200000
2022-09-30 12:25:51.802000,1.44651,1.44642,1500000,1200000
2022-09-30 12:25:51.921000,1.44651,1.44643,1500000,3600000
2022-09-30 12:25:52.023000,1.44652,1.44642,1320000,1200000
2022-09-30 12:25:52.074000,1.44652,1.44642,5160000,6120000
2022-09-30 12:25:52.125000,1.44652,1.44642,1200000,2340000
2022-09-30 12:25:52.177000,1.44648,1.44641,2240000,1940000
2022-09-30 12:25:52.278000,1.44648,1.44641,1800000,1200000
2022-09-30 12:25:52.380000,1.44647,1.44638,1200000,4340000
2022-09-30 12:25:52.483000,1.44648,1.44641,1200000,2060000
2022-09-30 12:25:52.534000,1.44648,1.4464,1320000,4200000
2022-09-30 12:25:52.585000,1.44649,1.44639,7240000,3600000
2022-09-30 12:25:52.687000,1.44648,1.44638,6300000,3600000
2022-09-30 12:25:52.840000,1.44648,1.4464,2100000,5660000
2022-09-30 12:25:52.942000,1.44651,1.44643,2100000,4040000
2022-09-30 12:25:52.993000,1.44651,1.44644,1500000,4280000
2022-09-30 12:25:53.044000,1.44653,1.44643,3960000,5060000
2022-09-30 12:25:53.146000,1.44648,1.44642,1500000,1320000
2022-09-30 12:25:53.198000,1.44648,1.44641,1500000,4940000
2022-09-30 12:25:53.300000,1.44647,1.44638,2920000,1880000
2022-09-30 12:25:53.402000,1.44649,1.4464,1500000,1320000
2022-09-30 12:25:53.504000,1.44652,1.44643,5460000,1200000
2022-09-30 12:25:53.555000,1.44653,1.44643,5990000,4040000
2022-09-30 12:25:53.657000,1.44653,1.44644,3900000,1200000
2022-09-30 12:25:53.759000,1.4465,1.44642,1320000,4500000
2022-09-30 12:25:53.861000,1.44646,1.44638,1320000,4640000
2022-09-30 12:25:53.912000,1.44645,1.44637,1200000,1200000
2022-09-30 12:25:54.014000,1.44644,1.44637,1800000,1500000
2022-09-30 12:25:54.116000,1.44644,1.44637,3360000,1640000
2022-09-30 12:25:54.167000,1.44644,1.44637,3360000,1340000
2022-09-30 12:25:54.320000,1.44644,1.44637,4420000,1200000
2022-09-30 12:25:54.777000,1.44644,1.44637,4490000,1200000
2022-09-30 12:25:54.879000,1.44641,1.44637,3900000,1200000
2022-09-30 12:25:54.981000,1.44642,1.44637,4260000,1200000
2022-09-30 12:25:55.134000,1.44642,1.44637,1500000,1200000
2022-09-30 12:25:55.286000,1.44641,1.44636,1500000,1200000
2022-09-30 12:25:55.388000,1.44642,1.44637,1340000,1200000
2022-09-30 12:25:55.491000,1.44644,1.44637,1500000,6420000
2022-09-30 12:25:55.593000,1.44644,1.44637,3360000,1200000
2022-09-30 12:25:55.695000,1.44643,1.44637,1500000,1200000
2022-09-30 12:25:55.797000,1.44651,1.44641,2750000,1920000
2022-09-30 12:25:55.908000,1.44645,1.4464,1500000,3380000
2022-09-30 12:25:55.961000,1.4465,1.4464,2920000,1340000
2022-09-30 12:25:56.013000,1.44648,1.44638,3130000,2040000
2022-09-30 12:25:56.064000,1.44647,1.44638,1500000,1440000
2022-09-30 12:25:56.166000,1.44647,1.44637,1500000,2340000
2022-09-30 12:25:56.318000,1.44646,1.44637,1500000,2340000
2022-09-30 12:25:56.420000,1.44646,1.44639,1200000,1200000
2022-09-30 12:25:56.522000,1.4465,1.44638,4500000,1920000
2022-09-30 12:25:56.624000,1.44649,1.44637,1940000,1620000
2022-09-30 12:25:56.726000,1.44647,1.44637,1320000,1340000
2022-09-30 12:25:56.930000,1.44647,1.44637,2040000,1200000
2022-09-30 12:25:57.032000,1.44647,1.4464,1200000,4760000
2022-09-30 12:25:57.134000,1.4465,1.4464,1640000,6560000
2022-09-30 12:25:57.287000,1.44648,1.4464,1500000,2960000
2022-09-30 12:25:57.338000,1.44651,1.44646,2030000,1440000
2022-09-30 12:25:57.389000,1.44655,1.44646,1920000,1440000
2022-09-30 12:25:57.491000,1.44656,1.44643,9230000,1800000
2022-09-30 12:25:57.542000,1.44648,1.44644,1500000,1800000
2022-09-30 12:25:57.746000,1.44656,1.44647,1200000,1340000
2022-09-30 12:25:57.848000,1.44655,1.44649,1200000,1320000
2022-09-30 12:25:57.900000,1.44655,1.44649,2100000,1320000
2022-09-30 12:25:58.001000,1.44655,1.44647,2540000,2060000
2022-09-30 12:25:58.104000,1.44655,1.44648,1500000,1200000
2022-09-30 12:25:58.235000,1.44655,1.4465,2100000,4940000
2022-09-30 12:25:58.339000,1.44655,1.44649,1200000,1440000
2022-09-30 12:25:58.390000,1.44655,1.4465,1200000,1920000
2022-09-30 12:25:58.492000,1.44655,1.44649,1200000,5100000
2022-09-30 12:25:58.594000,1.44655,1.44649,1200000,1200000
2022-09-30 12:25:58.900000,1.44655,1.44648,1200000,1200000
2022-09-30 12:25:58.951000,1.44656,1.44645,1800000,1800000
2022-09-30 12:25:59.256000,1.44654,1.44644,1200000,1320000
2022-09-30 12:25:59.357000,1.44653,1.44644,1200000,1320000
2022-09-30 12:25:59.459000,1.44653,1.44644,1200000,1320000
2022-09-30 12:25:59.510000,1.44654,1.44645,1200000,1320000
2022-09-30 12:25:59.612000,1.44653,1.44645,1200000,1320000
2022-09-30 12:25:59.714000,1.44652,1.44643,1200000,1320000
2022-09-30 12:25:59.816000,1.44653,1.44643,1200000,1320000
2022-09-30 12:25:59.918000,1.44651,1.44643,1200000,1320000
2022-09-30 12:26:00.071000,1.44652,1.44643,1200000,1320000
2022-09-30 12:26:00.172000,1.44651,1.44643,1200000,1320000
2022-09-30 12:26:00.376000,1.44649,1.44642,1200000,1340000
2022-09-30 12:26:00.478000,1.44643,1.4464,1200000,1200000
2022-09-30 12:26:00.529000,1.44643,1.44637,1200000,1500000
2022-09-30 12:26:00.659000,1.44645,1.44639,1200000,1200000
2022-09-30 12:26:00.761000,1.44643,1.44638,1200000,1500000
2022-09-30 12:26:01.020000,1.44644,1.44636,1200000,1200000
2022-09-30 12:26:01.072000,1.44645,1.44637,1880000,1200000
2022-09-30 12:26:01.123000,1.44646,1.44639,1570000,1320000
2022-09-30 12:26:01.225000,1.44648,1.44643,1500000,1200000
2022-09-30 12:26:01.276000,1.44648,1.44641,1500000,1880000
2022-09-30 12:26:01.327000,1.44653,1.44648,1200000,1800000
2022-09-30 12:26:01.378000,1.44655,1.44646,1340000,2400000
2022-09-30 12:26:01.582000,1.44653,1.44643,1200000,2040000
2022-09-30 12:26:01.633000,1.44655,1.44646,3200000,1200000
2022-09-30 12:26:01.684000,1.44654,1.44643,1340000,2480000
2022-09-30 12:26:01.786000,1.44654,1.44644,1640000,1340000
2022-09-30 12:26:01.888000,1.44653,1.44645,1500000,1800000
2022-09-30 12:26:01.939000,1.44655,1.44647,1200000,1320000
2022-09-30 12:26:01.991000,1.44655,1.44648,2100000,2040000
2022-09-30 12:26:02.042000,1.44655,1.44648,1200000,1200000
2022-09-30 12:26:02.144000,1.44654,1.44644,1640000,1940000
2022-09-30 12:26:02.246000,1.44654,1.44643,1640000,6540000
2022-09-30 12:26:02.348000,1.44655,1.44645,2540000,1320000
2022-09-30 12:26:02.399000,1.44655,1.44645,2240000,2480000
2022-09-30 12:26:02.501000,1.44656,1.44649,1800000,1320000
2022-09-30 12:26:02.603000,1.44658,1.44646,1800000,2340000
2022-09-30 12:26:02.704000,1.44655,1.44647,1500000,1440000
2022-09-30 12:26:02.807000,1.44658,1.44654,1500000,1340000
2022-09-30 12:26:02.909000,1.44659,1.44655,1570000,1200000
2022-09-30 12:26:03.011000,1.44664,1.44654,3370000,1200000
2022-09-30 12:26:03.062000,1.44657,1.44653,1500000,1880000
2022-09-30 12:26:03.181000,1.44658,1.44652,1500000,5640000
2022-09-30 12:26:03.288000,1.44659,1.44652,1500000,5940000
2022-09-30 12:26:03.389000,1.44662,1.44652,1200000,5040000
2022-09-30 12:26:03.441000,1.44661,1.44652,2040000,1200000
2022-09-30 12:26:03.492000,1.44662,1.44652,1200000,5960000
2022-09-30 12:26:03.594000,1.44661,1.44651,1200000,1940000
2022-09-30 12:26:03.645000,1.44659,1.44651,1800000,1200000
2022-09-30 12:26:03.747000,1.44658,1.44648,1200000,1320000
2022-09-30 12:26:03.849000,1.44659,1.44647,1940000,1320000
2022-09-30 12:26:03.951000,1.44658,1.44648,1200000,1440000
2022-09-30 12:26:04.053000,1.44656,1.44648,1200000,1440000
2022-09-30 12:26:04.104000,1.44658,1.44649,1200000,1500000
2022-09-30 12:26:04.156000,1.44656,1.44648,1200000,1670000
2022-09-30 12:26:04.359000,1.44659,1.44653,1500000,1200000
2022-09-30 12:26:04.512000,1.44663,1.44655,1960000,1200000
2022-09-30 12:26:04.563000,1.44661,1.44653,1640000,4500000
2022-09-30 12:26:04.665000,1.44659,1.44654,1500000,1200000
2022-09-30 12:26:04.767000,1.44658,1.44655,1500000,1200000
2022-09-30 12:26:04.818000,1.44658,1.44653,1500000,4940000
2022-09-30 12:26:04.920000,1.44661,1.44654,1200000,1200000
2022-09-30 12:26:04.971000,1.44658,1.44651,1200000,2470000
2022-09-30 12:26:05.073000,1.4466,1.44651,1200000,7200000
2022-09-30 12:26:05.175000,1.44662,1.44651,1200000,3190000
2022-09-30 12:26:05.379000,1.44662,1.44651,1940000,8590000
2022-09-30 12:26:05.531000,1.4466,1.44652,1200000,1340000
2022-09-30 12:26:05.633000,1.44661,1.44651,1200000,5400000
2022-09-30 12:26:05.685000,1.44662,1.44654,1500000,1800000
2022-09-30 12:26:05.788000,1.44661,1.44656,1500000,1800000
2022-09-30 12:26:05.890000,1.44658,1.44653,1200000,1460000
2022-09-30 12:26:05.975000,1.44661,1.44652,1200000,1920000
2022-09-30 12:26:06.027000,1.44662,1.44652,1200000,1440000
2022-09-30 12:26:06.129000,1.44662,1.44652,1200000,1920000
2022-09-30 12:26:06.332000,1.44661,1.44651,2100000,1920000
2022-09-30 12:26:06.434000,1.44661,1.44652,1500000,4040000
2022-09-30 12:26:06.536000,1.44655,1.44649,1200000,1500000
2022-09-30 12:26:06.639000,1.44653,1.44648,1200000,1200000
2022-09-30 12:26:06.690000,1.44652,1.44647,1200000,1200000
2022-09-30 12:26:06.792000,1.44644,1.44642,1200000,1200000
2022-09-30 12:26:06.843000,1.44649,1.44642,1320000,1500000
2022-09-30 12:26:06.945000,1.44653,1.44645,1200000,1500000
2022-09-30 12:26:06.996000,1.44653,1.44643,1320000,1640000
2022-09-30 12:26:07.098000,1.44655,1.44644,5400000,4500000
2022-09-30 12:26:07.251000,1.44655,1.44644,3960000,5940000
2022-09-30 12:26:07.353000,1.44653,1.44646,1800000,1500000
2022-09-30 12:26:07.455000,1.44651,1.44642,1200000,1200000
2022-09-30 12:26:07.557000,1.44652,1.44643,1440000,1200000
2022-09-30 12:26:07.659000,1.44653,1.44644,3660000,1200000
2022-09-30 12:26:07.761000,1.44653,1.44648,2920000,1200000
2022-09-30 12:26:07.863000,1.44656,1.44648,2570000,1200000
2022-09-30 12:26:07.915000,1.4465,1.44648,1500000,1200000
2022-09-30 12:26:08.017000,1.44654,1.44649,1500000,1200000
2022-09-30 12:26:08.119000,1.44656,1.4465,2640000,1200000
2022-09-30 12:26:08.170000,1.44655,1.44647,1500000,1200000
2022-09-30 12:26:08.272000,1.44655,1.44645,1200000,1200000
2022-09-30 12:26:08.374000,1.44654,1.44644,1200000,2240000
2022-09-30 12:26:08.476000,1.44654,1.44644,1800000,2220000
2022-09-30 12:26:08.578000,1.44654,1.44646,1200000,1200000
2022-09-30 12:26:08.696000,1.44653,1.44644,1200000,1320000
2022-09-30 12:26:08.798000,1.44653,1.44645,1200000,1200000
2022-09-30 12:26:08.849000,1.44655,1.44646,5390000,1200000
2022-09-30 12:26:08.951000,1.44655,1.44646,1640000,1440000
2022-09-30 12:26:09.053000,1.44653,1.44645,1800000,1200000
2022-09-30 12:26:09.155000,1.44653,1.44646,1200000,1200000
2022-09-30 12:26:09.257000,1.44653,1.44646,1200000,1200000
2022-09-30 12:26:09.359000,1.44643,1.44641,1200000,1340000
2022-09-30 12:26:09.461000,1.44647,1.44641,1200000,1500000
2022-09-30 12:26:09.564000,1.4465,1.44642,1200000,1320000
2022-09-30 12:26:09.615000,1.44651,1.44642,1800000,2520000
2022-09-30 12:26:09.666000,1.44651,1.44642,1500000,3240000
2022-09-30 12:26:09.718000,1.44645,1.44641,2700000,1800000
2022-09-30 12:26:09.820000,1.44645,1.44638,2540000,3240000
2022-09-30 12:26:09.871000,1.44647,1.44638,5020000,3240000
2022-09-30 12:26:09.973000,1.44647,1.44638,1340000,3260000
2022-09-30 12:26:10.075000,1.44647,1.44639,1200000,1620000
2022-09-30 12:26:10.177000,1.44647,1.44639,1200000,1620000
2022-09-30 12:26:10.279000,1.44647,1.44638,2920000,3720000
2022-09-30 12:26:10.482000,1.44647,1.44639,1200000,1320000
2022-09-30 12:26:10.787000,1.44646,1.44638,1880000,2700000
2022-09-30 12:26:11.041000,1.44647,1.44638,1340000,3260000
2022-09-30 12:26:11.144000,1.4465,1.44639,6160000,1920000
2022-09-30 12:26:11.246000,1.44645,1.44638,1200000,3680000
2022-09-30 12:26:11.399000,1.44646,1.44638,1340000,3010000
2022-09-30 12:26:11.603000,1.44646,1.44638,1200000,3490000
2022-09-30 12:26:11.656000,1.44648,1.44639,1800000,1460000
2022-09-30 12:26:11.759000,1.44649,1.44642,3820000,1880000
2022-09-30 12:26:11.861000,1.44649,1.44643,3520000,1200000
2022-09-30 12:26:11.963000,1.4465,1.44642,2700000,1320000
2022-09-30 12:26:12.066000,1.44649,1.44645,1200000,1200000
2022-09-30 12:26:12.117000,1.44651,1.44639,3080000,1920000
2022-09-30 12:26:12.219000,1.44648,1.44639,3360000,1620000
2022-09-30 12:26:12.270000,1.44646,1.44639,1200000,1620000
2022-09-30 12:26:12.372000,1.44644,1.44638,1800000,1500000
2022-09-30 12:26:12.475000,1.44646,1.44638,1200000,1500000
2022-09-30 12:26:12.577000,1.44645,1.44635,1800000,4620000
2022-09-30 12:26:12.679000,1.44646,1.44637,1800000,1320000
2022-09-30 12:26:12.730000,1.44647,1.44638,1200000,1460000
2022-09-30 12:26:12.833000,1.44648,1.44639,1500000,1320000
2022-09-30 12:26:12.935000,1.44647,1.44638,1200000,1920000
2022-09-30 12:26:13.037000,1.44648,1.44639,1200000,1320000
2022-09-30 12:26:13.088000,1.4465,1.4464,6060000,1920000
2022-09-30 12:26:13.190000,1.44648,1.4464,1200000,3420000
2022-09-30 12:26:13.292000,1.44647,1.44637,3820000,1500000
2022-09-30 12:26:13.394000,1.44644,1.44637,1200000,1500000
2022-09-30 12:26:13.496000,1.44641,1.44636,1200000,1500000
2022-09-30 12:26:13.700000,1.44643,1.44633,1940000,1620000
2022-09-30 12:26:13.802000,1.44637,1.44631,1340000,3900000
2022-09-30 12:26:13.904000,1.4464,1.4463,2240000,8340000
2022-09-30 12:26:14.006000,1.4464,1.44631,1200000,2750000
2022-09-30 12:26:14.109000,1.44635,1.4463,1200000,1640000
2022-09-30 12:26:14.160000,1.44636,1.4463,2920000,1640000
2022-09-30 12:26:14.262000,1.4464,1.44631,2240000,1200000
2022-09-30 12:26:14.314000,1.4464,1.44632,1340000,1920000
2022-09-30 12:26:14.416000,1.44644,1.44634,1800000,1200000
2022-09-30 12:26:14.518000,1.44643,1.44633,3590000,1200000
2022-09-30 12:26:14.620000,1.44637,1.44631,1640000,1200000
2022-09-30 12:26:14.671000,1.44639,1.4463,1920000,1200000
2022-09-30 12:26:14.774000,1.44628,1.44623,1940000,3910000
2022-09-30 12:26:14.876000,1.44633,1.44626,3820000,1500000
2022-09-30 12:26:14.978000,1.44634,1.44628,1200000,1500000
2022-09-30 12:26:15.080000,1.44641,1.44625,22360001,1500000
2022-09-30 12:26:15.132000,1.44626,1.44621,1800000,1200000
2022-09-30 12:26:15.234000,1.44629,1.44623,1320000,1500000
2022-09-30 12:26:15.336000,1.44629,1.44623,3820000,1500000
2022-09-30 12:26:15.387000,1.4463,1.44619,4420000,1440000
2022-09-30 12:26:15.642000,1.44629,1.44619,4420000,8660000
2022-09-30 12:26:15.744000,1.44628,1.4462,1440000,1740000
2022-09-30 12:26:15.846000,1.44629,1.44619,1620000,1440000
2022-09-30 12:26:15.948000,1.44628,1.4462,1320000,1440000
2022-09-30 12:26:16.151000,1.4463,1.4462,1620000,2060000
2022-09-30 12:26:16.354000,1.44623,1.4462,1880000,1200000
2022-09-30 12:26:16.456000,1.44623,1.44617,4540000,1200000
2022-09-30 12:26:16.508000,1.44623,1.44613,1920000,2340000
2022-09-30 12:26:16.559000,1.44623,1.44613,1920000,1620000
2022-09-30 12:26:16.661000,1.44625,1.44617,1200000,5660000
2022-09-30 12:26:16.712000,1.44628,1.4462,1210000,2360000
2022-09-30 12:26:16.844000,1.44624,1.44616,1210000,1440000
2022-09-30 12:26:16.996000,1.44626,1.44618,2660000,1200000
2022-09-30 12:26:17.098000,1.44626,1.44619,3120000,1200000
2022-09-30 12:26:17.302000,1.44629,1.44618,3260000,1800000
2022-09-30 12:26:17.404000,1.44628,1.44617,1920000,3860000
2022-09-30 12:26:17.455000,1.4463,1.44621,6040000,1320000
2022-09-30 12:26:17.507000,1.44632,1.44626,1620000,1200000
2022-09-30 12:26:17.609000,1.44638,1.44627,4980000,2480000
2022-09-30 12:26:17.711000,1.44637,1.44627,1440000,1200000
2022-09-30 12:26:17.813000,1.44637,1.44626,1620000,3380000
2022-09-30 12:26:17.916000,1.44633,1.44623,2920000,6380000
2022-09-30 12:26:18.018000,1.44634,1.44622,3360000,3170000
2022-09-30 12:26:18.120000,1.44634,1.44622,3360000,2480000
2022-09-30 12:26:18.222000,1.44633,1.44623,3360000,2340000
2022-09-30 12:26:18.375000,1.44633,1.44623,3360000,6080000
2022-09-30 12:26:18.477000,1.44633,1.44626,3460000,1200000
2022-09-30 12:26:18.579000,1.44633,1.44624,3360000,2240000
2022-09-30 12:26:18.681000,1.44635,1.44624,7960000,6000000
2022-09-30 12:26:18.732000,1.44635,1.44627,7060000,1200000
2022-09-30 12:26:18.783000,1.44636,1.44626,1500000,2820000
2022-09-30 12:26:18.885000,1.44638,1.44626,5160000,6120000
2022-09-30 12:26:18.987000,1.44636,1.44626,1640000,6120000
2022-09-30 12:26:19.140000,1.44637,1.44627,1500000,1920000
2022-09-30 12:26:19.191000,1.44637,1.44627,2100000,1920000
2022-09-30 12:26:19.293000,1.44638,1.44627,2100000,2520000
2022-09-30 12:26:19.344000,1.44639,1.44627,4500000,2060000
2022-09-30 12:26:19.548000,1.44638,1.44627,6060000,1320000
2022-09-30 12:26:19.599000,1.44634,1.44623,1340000,5520000
2022-09-30 12:26:19.728000,1.44637,1.44626,1340000,1920000
2022-09-30 12:26:19.830000,1.44638,1.44628,1200000,1920000
2022-09-30 12:26:19.933000,1.44642,1.44634,2100000,1800000
2022-09-30 12:26:20.035000,1.4464,1.44633,2100000,1200000
2022-09-30 12:26:20.087000,1.4464,1.44632,2100000,2240000
2022-09-30 12:26:20.138000,1.44638,1.44631,1500000,1800000
2022-09-30 12:26:20.241000,1.4464,1.4463,3900000,1200000
2022-09-30 12:26:20.292000,1.44641,1.4463,1200000,1460000
2022-09-30 12:26:20.343000,1.44643,1.44632,1200000,2290000
2022-09-30 12:26:20.395000,1.44644,1.44635,2920000,1320000
2022-09-30 12:26:20.497000,1.44644,1.44635,1500000,1320000
2022-09-30 12:26:20.598000,1.44642,1.44635,1500000,1880000
2022-09-30 12:26:20.700000,1.4464,1.44635,1500000,1440000
2022-09-30 12:26:20.853000,1.44643,1.44635,1500000,1200000
2022-09-30 12:26:20.904000,1.44641,1.44632,1800000,1200000
2022-09-30 12:26:20.956000,1.44641,1.4463,1940000,7990000
2022-09-30 12:26:21.007000,1.44641,1.4463,1940000,4460000
2022-09-30 12:26:21.058000,1.4464,1.4463,1200000,7550000
2022-09-30 12:26:21.110000,1.44641,1.4463,1800000,8060000
2022-09-30 12:26:21.212000,1.44645,1.44632,2100000,7020000
2022-09-30 12:26:21.314000,1.44643,1.44634,1500000,1880000
2022-09-30 12:26:21.416000,1.44643,1.44635,1500000,1200000
2022-09-30 12:26:21.518000,1.44643,1.44633,1640000,5480000
2022-09-30 12:26:21.620000,1.44644,1.44633,1200000,6840000
2022-09-30 12:26:21.722000,1.44646,1.44635,6460000,1200000
2022-09-30 12:26:21.773000,1.44644,1.44633,1320000,2470000
2022-09-30 12:26:21.825000,1.44643,1.44633,1200000,1340000
2022-09-30 12:26:21.977000,1.44643,1.44633,1200000,1340000
2022-09-30 12:26:22.130000,1.44644,1.44635,1200000,1200000
2022-09-30 12:26:22.232000,1.44644,1.44634,4030000,1320000
2022-09-30 12:26:22.334000,1.44643,1.44633,2630000,1200000
2022-09-30 12:26:22.436000,1.44642,1.44632,3360000,1320000
2022-09-30 12:26:22.538000,1.44643,1.44634,4030000,1320000
2022-09-30 12:26:22.640000,1.44645,1.44635,3820000,1940000
2022-09-30 12:26:22.756000,1.44644,1.44635,4560000,1340000
2022-09-30 12:26:22.858000,1.44643,1.44633,1500000,5540000
2022-09-30 12:26:22.960000,1.44643,1.44634,1500000,1200000
2022-09-30 12:26:23.011000,1.44644,1.44633,4030000,5640000
2022-09-30 12:26:23.214000,1.44644,1.44635,2920000,1200000
2022-09-30 12:26:23.316000,1.44645,1.44634,1340000,1920000
2022-09-30 12:26:23.418000,1.44641,1.44632,2920000,2220000
2022-09-30 12:26:23.520000,1.44642,1.44632,1200000,1320000
2022-09-30 12:26:23.622000,1.44641,1.44632,2920000,1440000
2022-09-30 12:26:23.724000,1.44643,1.44633,1200000,1440000
2022-09-30 12:26:23.826000,1.44643,1.44633,3590000,2480000
2022-09-30 12:26:23.928000,1.44644,1.44633,2240000,2480000
2022-09-30 12:26:24.030000,1.44642,1.44632,1640000,4500000
2022-09-30 12:26:24.132000,1.44641,1.44631,2920000,5870000
2022-09-30 12:26:24.235000,1.44643,1.44632,4030000,1320000
2022-09-30 12:26:24.337000,1.4464,1.4463,1200000,3070000
2022-09-30 12:26:24.439000,1.44638,1.4463,1340000,2060000
2022-09-30 12:26:24.541000,1.4464,1.44631,1200000,1320000
2022-09-30 12:26:24.694000,1.4464,1.4463,1200000,5480000
2022-09-30 12:26:24.796000,1.44643,1.4463,1500000,1920000
2022-09-30 12:26:24.847000,1.4464,1.4463,1200000,3680000
2022-09-30 12:26:24.949000,1.4464,1.4463,1500000,3380000
2022-09-30 12:26:25,1.44642,1.44631,6460000,1200000
2022-09-30 12:26:25.102000,1.4464,1.4463,4120000,6560000
2022-09-30 12:26:25.203000,1.4464,1.44631,3220000,1200000
2022-09-30 12:26:25.305000,1.44642,1.44631,2480000,1200000
2022-09-30 12:26:25.376000,1.44643,1.44633,4720000,2360000
2022-09-30 12:26:25.480000,1.44641,1.44635,1500000,1320000
2022-09-30 12:26:25.534000,1.44643,1.44636,4120000,1200000
2022-09-30 12:26:25.686000,1.44644,1.44636,1640000,1200000
2022-09-30 12:26:25.737000,1.44641,1.44634,1500000,1320000
2022-09-30 12:26:25.839000,1.44645,1.44633,2710000,5660000
2022-09-30 12:26:25.891000,1.44644,1.44633,3820000,1940000
2022-09-30 12:26:26.043000,1.44643,1.44632,1200000,3140000
2022-09-30 12:26:26.094000,1.44645,1.44632,5090000,2840000
2022-09-30 12:26:26.197000,1.44642,1.44632,1200000,5520000
2022-09-30 12:26:26.349000,1.44643,1.44632,4030000,1460000
2022-09-30 12:26:26.451000,1.44643,1.44632,1500000,5220000
2022-09-30 12:26:26.503000,1.44643,1.44632,1800000,4140000
2022-09-30 12:26:26.605000,1.44642,1.44632,2100000,4140000
2022-09-30 12:26:26.656000,1.44643,1.44634,2100000,1320000
2022-09-30 12:26:26.758000,1.44643,1.44632,1740000,6440000
2022-09-30 12:26:26.860000,1.44642,1.44632,1200000,3600000
2022-09-30 12:26:27.064000,1.44643,1.4463,1500000,5040000
2022-09-30 12:26:27.166000,1.44643,1.44631,3130000,1320000
2022-09-30 12:26:27.369000,1.44642,1.44634,1500000,1200000
2022-09-30 12:26:27.420000,1.44643,1.44632,2540000,5480000
2022-09-30 12:26:27.471000,1.44643,1.44633,1570000,3600000
2022-09-30 12:26:27.573000,1.44643,1.44636,1500000,1200000
2022-09-30 12:26:27.726000,1.44643,1.4464,1500000,1200000
2022-09-30 12:26:27.778000,1.44648,1.44643,1500000,1200000
2022-09-30 12:26:27.829000,1.44646,1.44643,1500000,1200000
2022-09-30 12:26:27.880000,1.44653,1.44643,3820000,4320000
2022-09-30 12:26:27.931000,1.44652,1.44642,1570000,7280000
2022-09-30 12:26:27.982000,1.44652,1.44644,1570000,1200000
2022-09-30 12:26:28.084000,1.44648,1.44642,1500000,6840000
2022-09-30 12:26:28.186000,1.4465,1.44643,1500000,1800000
2022-09-30 12:26:28.289000,1.44655,1.44647,4660000,1200000
2022-09-30 12:26:28.391000,1.44654,1.44646,1200000,1200000
2022-09-30 12:26:28.594000,1.44654,1.44645,1500000,1200000
2022-09-30 12:26:28.645000,1.44654,1.44647,4260000,1200000
2022-09-30 12:26:28.697000,1.44655,1.44649,1500000,1200000
2022-09-30 12:26:28.799000,1.44655,1.44651,2100000,1200000
2022-09-30 12:26:28.850000,1.44656,1.44648,2100000,1200000
2022-09-30 12:26:28.952000,1.44655,1.44647,1500000,1200000
2022-09-30 12:26:29.054000,1.44653,1.44644,1800000,1340000
2022-09-30 12:26:29.156000,1.44648,1.44641,1340000,1340000
2022-09-30 12:26:29.259000,1.44648,1.44639,2040000,1500000
2022-09-30 12:26:29.310000,1.44645,1.44639,1200000,1500000
2022-09-30 12:26:29.412000,1.44646,1.44637,1200000,1500000
2022-09-30 12:26:29.514000,1.44639,1.44637,1200000,2030000
2022-09-30 12:26:29.616000,1.44639,1.44633,1200000,1500000
2022-09-30 12:26:29.667000,1.44642,1.44631,1200000,1620000
2022-09-30 12:26:29.719000,1.44641,1.44632,1200000,1620000
2022-09-30 12:26:29.821000,1.44644,1.44632,1200000,1340000
2022-09-30 12:26:29.923000,1.44639,1.44633,1500000,1340000
2022-09-30 12:26:30.025000,1.4464,1.44633,1500000,2060000
2022-09-30 12:26:30.077000,1.44644,1.44634,1500000,1320000
2022-09-30 12:26:30.128000,1.44644,1.44642,1500000,1320000
2022-09-30 12:26:30.179000,1.44652,1.4464,3190000,1460000
2022-09-30 12:26:30.282000,1.44647,1.44642,1500000,1920000
2022-09-30 12:26:30.334000,1.44651,1.44641,2400000,1880000
2022-09-30 12:26:30.436000,1.44646,1.4464,1500000,3300000
2022-09-30 12:26:30.538000,1.44647,1.44638,1500000,1200000
2022-09-30 12:26:30.590000,1.44649,1.44639,1200000,1920000
2022-09-30 12:26:30.641000,1.4465,1.44642,1200000,1440000
2022-09-30 12:26:30.693000,1.44649,1.44643,1200000,1200000
2022-09-30 12:26:30.746000,1.44649,1.44641,1200000,1570000
2022-09-30 12:26:30.848000,1.44649,1.44641,1200000,1800000
2022-09-30 12:26:30.899000,1.44651,1.44641,1200000,1800000
2022-09-30 12:26:30.950000,1.4465,1.44642,1500000,1320000
2022-09-30 12:26:31.053000,1.4465,1.44642,1500000,2400000
2022-09-30 12:26:31.155000,1.4465,1.44642,1500000,1340000
2022-09-30 12:26:31.257000,1.44652,1.44642,1200000,1200000
2022-09-30 12:26:31.308000,1.44654,1.44644,5860000,1200000
2022-09-30 12:26:31.410000,1.44653,1.44644,1500000,1200000
2022-09-30 12:26:31.512000,1.44652,1.44643,1500000,2240000
2022-09-30 12:26:31.614000,1.44653,1.44643,1440000,1800000
2022-09-30 12:26:31.665000,1.4465,1.44643,1500000,1800000
2022-09-30 12:26:31.716000,1.44654,1.44644,2780000,1200000
2022-09-30 12:26:31.818000,1.44655,1.44643,1500000,1940000
2022-09-30 12:26:32.022000,1.44656,1.44648,1500000,1200000
2022-09-30 12:26:32.124000,1.44655,1.4465,1500000,1940000
2022-09-30 12:26:32.277000,1.44658,1.4465,2100000,2700000
2022-09-30 12:26:32.379000,1.44655,1.44647,1500000,6000000
2022-09-30 12:26:32.430000,1.44657,1.44647,1500000,1200000
2022-09-30 12:26:32.532000,1.44656,1.4465,1200000,1340000
2022-09-30 12:26:32.583000,1.44659,1.44649,4980000,5540000
2022-09-30 12:26:32.685000,1.44657,1.44649,1200000,1200000
2022-09-30 12:26:32.736000,1.44657,1.44647,1800000,2240000
2022-09-30 12:26:32.889000,1.44656,1.44646,1920000,1200000
2022-09-30 12:26:32.991000,1.44652,1.44644,1200000,1940000
2022-09-30 12:26:33.093000,1.44651,1.44643,1200000,2540000
2022-09-30 12:26:33.196000,1.44652,1.44643,1200000,2400000
2022-09-30 12:26:33.247000,1.44652,1.44645,1200000,1920000
2022-09-30 12:26:33.365000,1.44658,1.4465,2540000,6740000
2022-09-30 12:26:33.468000,1.44659,1.4465,1640000,1200000
2022-09-30 12:26:33.620000,1.44654,1.44649,2100000,1200000
2022-09-30 12:26:33.672000,1.44652,1.44648,1200000,1200000
2022-09-30 12:26:33.774000,1.44653,1.44645,1500000,1200000
2022-09-30 12:26:33.876000,1.44652,1.44644,1200000,1200000
2022-09-30 12:26:33.977000,1.44651,1.44644,1200000,1500000
2022-09-30 12:26:34.079000,1.44651,1.44643,1200000,1740000
2022-09-30 12:26:34.181000,1.44652,1.44644,1500000,1920000
2022-09-30 12:26:34.283000,1.44652,1.44645,1200000,1200000
2022-09-30 12:26:34.385000,1.44652,1.44648,1200000,1800000
2022-09-30 12:26:34.488000,1.44654,1.44647,1200000,1200000
2022-09-30 12:26:34.640000,1.44654,1.44646,2100000,2480000
2022-09-30 12:26:34.692000,1.44655,1.44647,1500000,1920000
2022-09-30 12:26:34.794000,1.44656,1.44648,2100000,1200000
2022-09-30 12:26:34.845000,1.44656,1.44648,1200000,1200000
2022-09-30 12:26:34.998000,1.44657,1.44647,2240000,1200000
2022-09-30 12:26:35.100000,1.44655,1.44648,1200000,1320000
2022-09-30 12:26:35.202000,1.44655,1.44645,4500000,1200000
2022-09-30 12:26:35.253000,1.44651,1.44644,1200000,1940000
2022-09-30 12:26:35.355000,1.44651,1.44644,1200000,1200000
2022-09-30 12:26:35.457000,1.44654,1.44644,1800000,1320000
2022-09-30 12:26:35.559000,1.44652,1.44643,1200000,1320000
2022-09-30 12:26:35.661000,1.4465,1.44643,1200000,1320000
2022-09-30 12:26:35.763000,1.44649,1.44642,1200000,2040000
2022-09-30 12:26:35.867000,1.44649,1.44641,1200000,1320000
2022-09-30 12:26:35.969000,1.4465,1.44641,1200000,1920000
2022-09-30 12:26:36.071000,1.44649,1.44641,1200000,1320000
2022-09-30 12:26:36.233000,1.44651,1.44641,1200000,2060000
2022-09-30 12:26:36.385000,1.44649,1.44641,1200000,1320000
2022-09-30 12:26:36.437000,1.44649,1.4464,1200000,5940000
2022-09-30 12:26:36.488000,1.44648,1.4464,1940000,4500000
2022-09-30 12:26:36.691000,1.44648,1.4464,1200000,7920000
2022-09-30 12:26:36.793000,1.44649,1.44641,1200000,1440000
2022-09-30 12:26:36.946000,1.44649,1.44641,1800000,1920000
2022-09-30 12:26:37.099000,1.44648,1.4464,1500000,8360000
2022-09-30 12:26:37.200000,1.4465,1.44639,1500000,8820000
2022-09-30 12:26:37.555000,1.4465,1.44639,1500000,8820000
2022-09-30 12:26:37.811000,1.4465,1.44641,10980000,1320000
2022-09-30 12:26:37.913000,1.4465,1.44641,1500000,1320000
2022-09-30 12:26:38.116000,1.4465,1.44641,2100000,5220000
2022-09-30 12:26:38.270000,1.44646,1.44639,1340000,1940000
2022-09-30 12:26:38.372000,1.44642,1.44636,1200000,3980000
2022-09-30 12:26:38.474000,1.44638,1.44634,1200000,1740000
2022-09-30 12:26:38.576000,1.44638,1.44633,1200000,1460000
2022-09-30 12:26:38.679000,1.44638,1.44633,1200000,2660000
2022-09-30 12:26:38.781000,1.44649,1.4464,10450000,1320000
2022-09-30 12:26:38.833000,1.44645,1.44637,1200000,6350000
2022-09-30 12:26:38.935000,1.4464,1.44637,1200000,1340000
2022-09-30 12:26:38.987000,1.44639,1.44635,1200000,2340000
2022-09-30 12:26:39.241000,1.44639,1.44635,1200000,1500000
2022-09-30 12:26:39.344000,1.44639,1.44634,1200000,1920000
2022-09-30 12:26:39.446000,1.44639,1.44634,1200000,1920000
2022-09-30 12:26:39.701000,1.44641,1.44636,1200000,1340000
2022-09-30 12:26:39.752000,1.44646,1.44638,8950000,2060000
2022-09-30 12:26:39.854000,1.44648,1.4464,1500000,4140000
2022-09-30 12:26:40.007000,1.44648,1.44641,1500000,1200000
2022-09-30 12:26:40.110000,1.44647,1.4464,1500000,1920000
2022-09-30 12:26:40.263000,1.44651,1.44641,2100000,1920000
2022-09-30 12:26:40.670000,1.4465,1.4464,2700000,9080000
2022-09-30 12:26:40.772000,1.44649,1.4464,1500000,2340000
2022-09-30 12:26:41.078000,1.4465,1.44641,10380000,1320000
2022-09-30 12:26:41.180000,1.4465,1.44641,9180000,2060000
2022-09-30 12:26:41.485000,1.44651,1.44642,1500000,1320000
2022-09-30 12:26:41.587000,1.44651,1.44642,1500000,1320000
2022-09-30 12:26:41.690000,1.44652,1.44645,1500000,1200000
2022-09-30 12:26:41.741000,1.44652,1.44643,2100000,1880000
2022-09-30 12:26:41.843000,1.44651,1.44642,2100000,1440000
2022-09-30 12:26:41.945000,1.4465,1.44642,1500000,1440000
2022-09-30 12:26:42.098000,1.4465,1.44641,1500000,2040000
2022-09-30 12:26:42.200000,1.4465,1.44641,1200000,1320000
2022-09-30 12:26:42.252000,1.44651,1.44644,8950000,2520000
2022-09-30 12:26:42.354000,1.44654,1.44645,1500000,1320000
2022-09-30 12:26:42.456000,1.44654,1.44644,2240000,1920000
2022-09-30 12:26:42.558000,1.44654,1.44644,10080000,1460000
2022-09-30 12:26:42.673000,1.44653,1.44643,2110000,1200000
2022-09-30 12:26:42.776000,1.44653,1.44644,1640000,1200000
2022-09-30 12:26:42.878000,1.44652,1.44644,1500000,1200000
2022-09-30 12:26:42.980000,1.44651,1.44642,1500000,2520000
2022-09-30 12:26:43.082000,1.44652,1.44642,2100000,2520000
2022-09-30 12:26:43.184000,1.44653,1.44643,10920000,1320000
2022-09-30 12:26:43.286000,1.44656,1.44648,12180000,1200000
2022-09-30 12:26:43.389000,1.44657,1.44647,8950000,1880000
2022-09-30 12:26:43.491000,1.44655,1.4465,2100000,1200000
2022-09-30 12:26:43.542000,1.44655,1.44645,2100000,2040000
2022-09-30 12:26:43.644000,1.44656,1.44644,2100000,1920000
2022-09-30 12:26:43.797000,1.44655,1.44645,1200000,1920000
2022-09-30 12:26:43.899000,1.44656,1.44644,1200000,2220000
2022-09-30 12:26:44.001000,1.44655,1.44646,1200000,1500000
2022-09-30 12:26:44.103000,1.44655,1.44645,2240000,2570000
2022-09-30 12:26:44.205000,1.44655,1.44645,1500000,2640000
2022-09-30 12:26:44.307000,1.44654,1.44645,1500000,1920000
2022-09-30 12:26:44.409000,1.44653,1.44643,9720000,6380000
2022-09-30 12:26:44.715000,1.44652,1.44645,1500000,1200000
2022-09-30 12:26:44.817000,1.44654,1.44647,1500000,2480000
2022-09-30 12:26:45.151000,1.44654,1.44646,1500000,1200000
2022-09-30 12:26:45.254000,1.44655,1.44649,1500000,1620000
2022-09-30 12:26:45.305000,1.44658,1.4465,1500000,1800000
2022-09-30 12:26:45.407000,1.44655,1.44651,1500000,2100000
2022-09-30 12:26:45.509000,1.44656,1.4465,1500000,2180000
2022-09-30 12:26:45.611000,1.44654,1.4465,1500000,1200000
2022-09-30 12:26:45.747000,1.44659,1.44654,1200000,1200000
2022-09-30 12:26:45.849000,1.44659,1.44652,1200000,5780000
2022-09-30 12:26:45.951000,1.44659,1.44652,1500000,4580000
2022-09-30 12:26:46.054000,1.44659,1.44652,1200000,4880000
2022-09-30 12:26:46.105000,1.44659,1.44652,1200000,4580000
2022-09-30 12:26:46.208000,1.44657,1.44652,1200000,4500000
2022-09-30 12:26:46.259000,1.44655,1.44647,1200000,2540000
2022-09-30 12:26:46.361000,1.44654,1.44646,1200000,4760000
2022-09-30 12:26:46.413000,1.44656,1.44648,1500000,1880000
2022-09-30 12:26:46.515000,1.44656,1.44646,1200000,6560000
2022-09-30 12:26:46.617000,1.44655,1.44647,1200000,1440000
2022-09-30 12:26:46.668000,1.44659,1.44648,9780000,1440000
2022-09-30 12:26:46.771000,1.44658,1.44649,1200000,3260000
2022-09-30 12:26:46.822000,1.44659,1.4465,1200000,1920000
2022-09-30 12:26:46.925000,1.4466,1.4465,5160000,2820000
2022-09-30 12:26:47.028000,1.4466,1.44652,1200000,1440000
2022-09-30 12:26:47.181000,1.44661,1.44653,1200000,1200000
2022-09-30 12:26:47.283000,1.44662,1.44652,12240000,2340000
2022-09-30 12:26:47.385000,1.44662,1.44652,1200000,1880000
2022-09-30 12:26:47.487000,1.44662,1.44651,1200000,4580000
2022-09-30 12:26:47.640000,1.44658,1.4465,1200000,1800000
2022-09-30 12:26:47.691000,1.44658,1.44651,1200000,1800000
2022-09-30 12:26:47.793000,1.4466,1.44652,1200000,1880000
2022-09-30 12:26:47.895000,1.44661,1.44651,1200000,2480000
2022-09-30 12:26:47.997000,1.44662,1.4465,1200000,2570000
2022-09-30 12:26:48.099000,1.4466,1.44651,1200000,1880000
2022-09-30 12:26:48.455000,1.44662,1.44652,9320000,1320000
2022-09-30 12:26:48.558000,1.44663,1.44655,10080000,1200000
2022-09-30 12:26:48.609000,1.44663,1.44653,10220000,1800000
2022-09-30 12:26:48.988000,1.44662,1.44652,9180000,1440000
2022-09-30 12:26:49.090000,1.44661,1.44652,2920000,1440000
2022-09-30 12:26:49.344000,1.44663,1.44653,11420000,5040000
2022-09-30 12:26:49.446000,1.44662,1.44652,1200000,1320000
2022-09-30 12:26:49.548000,1.44663,1.44652,10980000,2520000
2022-09-30 12:26:49.650000,1.44662,1.44652,1200000,1320000
2022-09-30 12:26:49.702000,1.4466,1.44651,1200000,2340000
2022-09-30 12:26:49.804000,1.44656,1.4465,4280000,2240000
2022-09-30 12:26:49.856000,1.44657,1.44649,9180000,1320000
2022-09-30 12:26:49.958000,1.44658,1.44649,1200000,1440000
2022-09-30 12:26:50.060000,1.44657,1.44647,1920000,5630000
2022-09-30 12:26:50.162000,1.44659,1.44649,9860000,1340000
2022-09-30 12:26:50.264000,1.44656,1.44647,1200000,6560000
2022-09-30 12:26:50.367000,1.44656,1.44646,1200000,1210000
2022-09-30 12:26:50.469000,1.44655,1.44648,9180000,1200000
2022-09-30 12:26:50.571000,1.44654,1.44647,1200000,3600000
2022-09-30 12:26:50.622000,1.44652,1.44645,1200000,1210000
2022-09-30 12:26:50.674000,1.44656,1.44648,8720000,2220000
2022-09-30 12:26:50.776000,1.44658,1.4465,9850000,5220000
2022-09-30 12:26:50.878000,1.44657,1.44651,1500000,1200000
2022-09-30 12:26:50.929000,1.44657,1.44649,1500000,1880000
2022-09-30 12:26:51.031000,1.44657,1.4465,1500000,1320000
2022-09-30 12:26:51.133000,1.44658,1.44651,1500000,1800000
2022-09-30 12:26:51.185000,1.44659,1.44652,9410000,1460000
2022-09-30 12:26:51.236000,1.44656,1.4465,1500000,7440000
2022-09-30 12:26:51.338000,1.44658,1.44652,1500000,1200000
2022-09-30 12:26:51.440000,1.44658,1.44651,1500000,1200000
2022-09-30 12:26:51.491000,1.4466,1.44651,1640000,1460000
2022-09-30 12:26:51.543000,1.44661,1.44651,9860000,1500000
2022-09-30 12:26:51.645000,1.4466,1.44651,1920000,1500000
2022-09-30 12:26:51.747000,1.4466,1.44652,1500000,1320000
2022-09-30 12:26:51.849000,1.44661,1.44652,1200000,1320000
2022-09-30 12:26:51.951000,1.4466,1.44651,1200000,1920000
2022-09-30 12:26:52.053000,1.4466,1.4465,2100000,6840000
2022-09-30 12:26:52.256000,1.44661,1.44652,9620000,2040000
2022-09-30 12:26:52.359000,1.44662,1.44653,10080000,1200000
2022-09-30 12:26:52.461000,1.44662,1.44653,8720000,1200000
2022-09-30 12:26:52.613000,1.44661,1.44652,1200000,1440000
2022-09-30 12:26:52.715000,1.44661,1.44652,1640000,1440000
2022-09-30 12:26:52.818000,1.44661,1.44652,1570000,1440000
2022-09-30 12:26:52.920000,1.44661,1.44652,9180000,2520000
2022-09-30 12:26:53.022000,1.4466,1.44652,1200000,1320000
2022-09-30 12:26:53.124000,1.44661,1.44652,1200000,1440000
2022-09-30 12:26:53.429000,1.44661,1.44652,1200000,2520000
2022-09-30 12:26:53.582000,1.44662,1.44653,9620000,1440000
2022-09-30 12:26:53.684000,1.44661,1.44652,1200000,1920000
2022-09-30 12:26:53.786000,1.44661,1.44652,1200000,1440000
2022-09-30 12:26:54.141000,1.44661,1.44651,1920000,1800000
2022-09-30 12:26:54.193000,1.44659,1.44649,1500000,3240000
2022-09-30 12:26:54.346000,1.44657,1.44647,3820000,6120000
2022-09-30 12:26:54.397000,1.44656,1.44647,1200000,1460000
2022-09-30 12:26:54.499000,1.44658,1.44649,2540000,1320000
2022-09-30 12:26:54.601000,1.44658,1.44649,1640000,1320000
2022-09-30 12:26:54.703000,1.44657,1.44647,1200000,1940000
2022-09-30 12:26:55.008000,1.44658,1.44648,1340000,1200000
2022-09-30 12:26:55.110000,1.44661,1.44651,11420000,1440000
2022-09-30 12:26:55.212000,1.44659,1.4465,2060000,1200000
2022-09-30 12:26:55.315000,1.44659,1.44648,9950000,1200000
2022-09-30 12:26:55.417000,1.44657,1.44647,1200000,2400000
2022-09-30 12:26:56.133000,1.44657,1.44647,1800000,1200000
2022-09-30 12:26:56.235000,1.44655,1.44647,1440000,1200000
2022-09-30 12:26:56.286000,1.44655,1.44643,1200000,2400000
2022-09-30 12:26:56.490000,1.44655,1.44645,1200000,1200000
2022-09-30 12:26:56.592000,1.44654,1.44646,1200000,1200000
2022-09-30 12:26:56.795000,1.44655,1.44646,9550000,3240000
2022-09-30 12:26:56.897000,1.44655,1.44648,1200000,1200000
2022-09-30 12:26:56.949000,1.44657,1.44648,9850000,5520000
2022-09-30 12:26:57.051000,1.44657,1.44648,8280000,1320000
2022-09-30 12:26:57.153000,1.44658,1.44649,9180000,1200000
2022-09-30 12:26:57.255000,1.44657,1.44653,8280000,1320000
2022-09-30 12:26:57.306000,1.44662,1.44653,9180000,1920000
2022-09-30 12:26:57.408000,1.44662,1.44654,8280000,2040000
2022-09-30 12:26:57.460000,1.44662,1.44659,8280000,1340000
2022-09-30 12:26:57.511000,1.44662,1.44657,8280000,1200000
2022-09-30 12:26:57.613000,1.44663,1.44657,8280000,1250000
2022-09-30 12:26:57.817000,1.44664,1.44658,1800000,1200000
2022-09-30 12:26:57.919000,1.44664,1.44657,1340000,1250000
2022-09-30 12:26:58.021000,1.44663,1.44657,1200000,1250000
2022-09-30 12:26:58.123000,1.44665,1.44657,10080000,1250000
2022-09-30 12:26:58.225000,1.44666,1.44657,1200000,2360000
2022-09-30 12:26:58.276000,1.44668,1.44659,8280000,2040000
2022-09-30 12:26:58.429000,1.44668,1.44661,8280000,2040000
2022-09-30 12:26:58.481000,1.4467,1.44661,8280000,6980000
2022-09-30 12:26:58.583000,1.4467,1.44663,8510000,1340000
2022-09-30 12:26:58.634000,1.4467,1.44664,7380000,4640000
2022-09-30 12:26:58.686000,1.44667,1.44659,1800000,1200000
2022-09-30 12:26:58.788000,1.44668,1.44656,2240000,1320000
2022-09-30 12:26:58.890000,1.44666,1.44656,1200000,2220000
2022-09-30 12:26:58.941000,1.44664,1.44655,1200000,1620000
2022-09-30 12:26:58.993000,1.44666,1.44654,1920000,1320000
2022-09-30 12:26:59.044000,1.44666,1.4466,9820000,1440000
2022-09-30 12:26:59.146000,1.44669,1.44659,1200000,1920000
2022-09-30 12:26:59.350000,1.44671,1.44661,10160000,6540000
2022-09-30 12:26:59.452000,1.44672,1.44663,8510000,1320000
2022-09-30 12:26:59.554000,1.44671,1.44662,1200000,1320000
2022-09-30 12:26:59.667000,1.44672,1.44663,8720000,1320000
2022-09-30 12:26:59.775000,1.44672,1.44664,7820000,1200000
2022-09-30 12:26:59.928000,1.44671,1.44664,1200000,1200000
2022-09-30 12:27:00.030000,1.44671,1.44664,1340000,1340000
2022-09-30 12:27:00.132000,1.44669,1.44662,9620000,1200000
2022-09-30 12:27:00.234000,1.44665,1.44658,1200000,1760000
2022-09-30 12:27:00.387000,1.44664,1.44656,1200000,2290000
2022-09-30 12:27:00.489000,1.44663,1.44656,1200000,2360000
2022-09-30 12:27:00.591000,1.44662,1.44657,8720000,2220000
2022-09-30 12:27:00.947000,1.44663,1.44656,9620000,1200000
2022-09-30 12:27:01.049000,1.44662,1.44656,9180000,1200000
2022-09-30 12:27:01.202000,1.44663,1.44656,8720000,4760000
2022-09-30 12:27:01.254000,1.44666,1.44658,9480000,1920000
2022-09-30 12:27:01.356000,1.44667,1.44663,1500000,1440000
2022-09-30 12:27:01.458000,1.44667,1.4466,1500000,2060000
2022-09-30 12:27:01.662000,1.44667,1.44661,1500000,5480000
2022-09-30 12:27:01.713000,1.4467,1.44661,1200000,5480000
2022-09-30 12:27:01.765000,1.44666,1.44661,1500000,1200000
2022-09-30 12:27:01.816000,1.44666,1.44658,1500000,1800000
2022-09-30 12:27:01.918000,1.44667,1.44659,2220000,1320000
2022-09-30 12:27:02.020000,1.44666,1.44656,12600000,1920000
2022-09-30 12:27:02.122000,1.44664,1.44656,1320000,1320000
2022-09-30 12:27:02.277000,1.44666,1.44657,10620000,2290000
2022-09-30 12:27:02.379000,1.44665,1.44657,1320000,1620000
2022-09-30 12:27:02.481000,1.44666,1.44657,2060000,2220000
2022-09-30 12:27:02.634000,1.44666,1.44657,1880000,1920000
2022-09-30 12:27:02.736000,1.44669,1.44661,1920000,5660000
2022-09-30 12:27:02.940000,1.44671,1.44662,11540000,1320000
2022-09-30 12:27:03.042000,1.4467,1.44663,1620000,1320000
2022-09-30 12:27:03.093000,1.44672,1.44662,8700000,1920000
2022-09-30 12:27:03.297000,1.44671,1.44664,1760000,1320000
2022-09-30 12:27:03.399000,1.44673,1.44664,11030000,1320000
2022-09-30 12:27:03.501000,1.44671,1.44662,2360000,1320000
2022-09-30 12:27:03.552000,1.44668,1.4466,10200000,1320000
2022-09-30 12:27:03.655000,1.44666,1.44659,8820000,2520000
2022-09-30 12:27:03.757000,1.44665,1.4466,8720000,1320000
2022-09-30 12:27:03.859000,1.44668,1.44661,8950000,1320000
2022-09-30 12:27:03.961000,1.44668,1.4466,8720000,1320000
2022-09-30 12:27:04.165000,1.44667,1.44661,8720000,2060000
2022-09-30 12:27:04.267000,1.44668,1.4466,9260000,1920000
2022-09-30 12:27:04.369000,1.44667,1.4466,8720000,1920000
2022-09-30 12:27:04.471000,1.44666,1.4466,8720000,1920000
2022-09-30 12:27:04.827000,1.44667,1.44661,8720000,1320000
2022-09-30 12:27:05.386000,1.44667,1.44663,8720000,1320000
2022-09-30 12:27:05.437000,1.4467,1.44664,7820000,1440000
2022-09-30 12:27:05.641000,1.44671,1.44664,8360000,1440000
2022-09-30 12:27:05.772000,1.44668,1.44663,8720000,1320000
2022-09-30 12:27:05.828000,1.44668,1.44661,9260000,2340000
2022-09-30 12:27:05.879000,1.44666,1.44661,8720000,1440000
2022-09-30 12:27:05.981000,1.44666,1.44661,8720000,1920000
2022-09-30 12:27:06.083000,1.4467,1.44664,7820000,1320000
2022-09-30 12:27:06.185000,1.44671,1.44664,8050000,1200000
2022-09-30 12:27:06.287000,1.44671,1.44664,7820000,1200000
2022-09-30 12:27:06.523000,1.44672,1.44661,8280000,1800000
2022-09-30 12:27:06.574000,1.44669,1.44664,8720000,1200000
2022-09-30 12:27:06.676000,1.4467,1.44663,7820000,1200000
2022-09-30 12:27:06.727000,1.4467,1.44661,10340000,1940000
2022-09-30 12:27:06.779000,1.44667,1.44659,8720000,1340000
2022-09-30 12:27:06.881000,1.44665,1.44659,8720000,1800000
2022-09-30 12:27:07.084000,1.44662,1.44654,1460000,5240000
2022-09-30 12:27:07.187000,1.44659,1.44652,8720000,3240000
2022-09-30 12:27:07.238000,1.44659,1.44653,8720000,1760000
2022-09-30 12:27:07.340000,1.4466,1.44652,8720000,1500000
2022-09-30 12:27:07.442000,1.44661,1.44652,1200000,1500000
2022-09-30 12:27:07.544000,1.44662,1.44651,1200000,1500000
2022-09-30 12:27:08.002000,1.44662,1.44653,2100000,1460000
2022-09-30 12:27:08.053000,1.44663,1.44654,9480000,2040000
2022-09-30 12:27:08.155000,1.44663,1.44653,1500000,1200000
2022-09-30 12:27:08.511000,1.44664,1.44654,9020000,1200000
2022-09-30 12:27:08.613000,1.44663,1.44657,1500000,1200000
2022-09-30 12:27:08.766000,1.44664,1.44657,1500000,1200000
2022-09-30 12:27:08.919000,1.44664,1.44656,1500000,2040000
2022-09-30 12:27:08.997000,1.44665,1.44656,8510000,2040000
2022-09-30 12:27:09.099000,1.44666,1.44657,11870000,1200000
2022-09-30 12:27:09.201000,1.44666,1.44659,8510000,1920000
2022-09-30 12:27:09.304000,1.44668,1.44662,1500000,1920000
2022-09-30 12:27:09.456000,1.44668,1.44662,1500000,1440000
2022-09-30 12:27:09.558000,1.44671,1.44662,8540000,5180000
2022-09-30 12:27:09.610000,1.44671,1.44663,7200000,1320000
2022-09-30 12:27:09.712000,1.44672,1.44663,7380000,1920000
2022-09-30 12:27:09.814000,1.44672,1.44665,7380000,1920000
2022-09-30 12:27:09.916000,1.44675,1.44669,1500000,1200000
2022-09-30 12:27:10.018000,1.44676,1.4467,8120000,1980000
2022-09-30 12:27:10.120000,1.44676,1.44671,7380000,2420000
2022-09-30 12:27:10.273000,1.44678,1.44667,8280000,5520000
2022-09-30 12:27:10.379000,1.44678,1.4467,9180000,1320000
2022-09-30 12:27:10.482000,1.44678,1.44672,1500000,1320000
2022-09-30 12:27:10.584000,1.44675,1.44667,1200000,5540000
2022-09-30 12:27:10.635000,1.44674,1.44665,1200000,3830000
2022-09-30 12:27:10.737000,1.44673,1.44663,1200000,2520000
2022-09-30 12:27:10.789000,1.44675,1.44665,1340000,1200000
2022-09-30 12:27:10.891000,1.44674,1.44663,1200000,1620000
2022-09-30 12:27:10.942000,1.44676,1.44665,1200000,1200000
2022-09-30 12:27:11.074000,1.44674,1.44665,8360000,4940000
2022-09-30 12:27:11.125000,1.44674,1.44668,7380000,1200000
2022-09-30 12:27:11.177000,1.44677,1.44668,7820000,1200000
2022-09-30 12:27:11.381000,1.44676,1.44669,8510000,1200000
2022-09-30 12:27:11.483000,1.44676,1.44667,10920000,5400000
2022-09-30 12:27:11.584000,1.44675,1.44667,7680000,1800000
2022-09-30 12:27:11.746000,1.44676,1.44667,11360000,4940000
2022-09-30 12:27:11.848000,1.44676,1.44667,11360000,4940000
2022-09-30 12:27:11.950000,1.44676,1.44667,10160000,4940000
2022-09-30 12:27:12.153000,1.44673,1.44667,1200000,4500000
2022-09-30 12:27:12.255000,1.44672,1.44664,1320000,1200000
2022-09-30 12:27:12.307000,1.44673,1.44663,8280000,1940000
2022-09-30 12:27:12.409000,1.44673,1.44663,8840000,1940000
2022-09-30 12:27:12.531000,1.44672,1.44663,7820000,1880000
2022-09-30 12:27:12.686000,1.44673,1.44663,3820000,2060000
2022-09-30 12:27:12.737000,1.44674,1.44665,1200000,1920000
2022-09-30 12:27:12.788000,1.44675,1.44665,1640000,1200000
2022-09-30 12:27:12.891000,1.44673,1.44664,1500000,2060000
2022-09-30 12:27:13.043000,1.44673,1.44664,8050000,2060000
2022-09-30 12:27:13.196000,1.44673,1.44665,7820000,1320000
2022-09-30 12:27:13.298000,1.44676,1.44664,8950000,1800000
2022-09-30 12:27:13.400000,1.44673,1.44665,7820000,1800000
2022-09-30 12:27:13.801000,1.44673,1.44664,8880000,1320000
2022-09-30 12:27:13.904000,1.44673,1.44663,2240000,1880000
2022-09-30 12:27:14.084000,1.44673,1.44665,2100000,1460000
2022-09-30 12:27:14.187000,1.44673,1.44666,1500000,1200000
2022-09-30 12:27:14.289000,1.44673,1.44666,1500000,1200000
2022-09-30 12:27:14.543000,1.44673,1.44663,8720000,2520000
2022-09-30 12:27:14.848000,1.44672,1.44663,1200000,1920000
2022-09-30 12:27:14.950000,1.44672,1.44663,1200000,1340000
2022-09-30 12:27:15.052000,1.44671,1.44663,1200000,1200000
2022-09-30 12:27:15.154000,1.4467,1.44663,1200000,1200000
2022-09-30 12:27:15.262000,1.44669,1.44663,1200000,1200000
2022-09-30 12:27:15.491000,1.4467,1.44663,1200000,1200000
2022-09-30 12:27:15.901000,1.44671,1.44663,1200000,1440000
2022-09-30 12:27:16.155000,1.44672,1.44663,1200000,1880000
2022-09-30 12:27:16.257000,1.44671,1.44663,1200000,1440000
2022-09-30 12:27:16.469000,1.44672,1.44663,1200000,1880000
2022-09-30 12:27:16.774000,1.44668,1.44661,1200000,2780000
2022-09-30 12:27:16.876000,1.4467,1.44661,1200000,6560000
2022-09-30 12:27:16.978000,1.44668,1.44661,1200000,2340000
2022-09-30 12:27:17.080000,1.44665,1.44658,1200000,1940000
2022-09-30 12:27:17.182000,1.44662,1.44654,1200000,1340000
2022-09-30 12:27:17.234000,1.44662,1.44652,1200000,2040000
2022-09-30 12:27:17.336000,1.4466,1.44652,1200000,1440000
2022-09-30 12:27:17.438000,1.44662,1.44652,9620000,1920000
2022-09-30 12:27:17.743000,1.4466,1.44652,1200000,1440000
2022-09-30 12:27:17.845000,1.4466,1.44651,2060000,1940000
2022-09-30 12:27:17.896000,1.44658,1.4465,1200000,1800000
2022-09-30 12:27:17.948000,1.44657,1.44647,1200000,6560000
2022-09-30 12:27:18.050000,1.44654,1.44646,1200000,1500000
2022-09-30 12:27:18.101000,1.44656,1.44647,10080000,1200000
2022-09-30 12:27:18.204000,1.44655,1.44646,1200000,1320000
2022-09-30 12:27:18.306000,1.44655,1.44646,2100000,1320000
2022-09-30 12:27:18.408000,1.44655,1.44649,1500000,1460000
2022-09-30 12:27:18.510000,1.44659,1.44649,1500000,5940000
2022-09-30 12:27:18.612000,1.44658,1.44652,1500000,1200000
2022-09-30 12:27:18.714000,1.44658,1.44651,1500000,1920000
2022-09-30 12:27:18.766000,1.44659,1.4465,1200000,7280000
2022-09-30 12:27:18.868000,1.44658,1.4465,1200000,1340000
2022-09-30 12:27:18.920000,1.4466,1.44651,9180000,1320000
2022-09-30 12:27:19.022000,1.44661,1.44652,10920000,1200000
2022-09-30 12:27:19.124000,1.44662,1.44651,10020000,1200000
2022-09-30 12:27:19.226000,1.44662,1.44653,9050000,1200000
2022-09-30 12:27:19.328000,1.44661,1.44652,8280000,1920000
2022-09-30 12:27:19.430000,1.44662,1.44653,8360000,1200000
2022-09-30 12:27:19.903000,1.44662,1.44652,10130000,1800000
2022-09-30 12:27:20.006000,1.44661,1.44653,8510000,1200000
2022-09-30 12:27:20.108000,1.44661,1.44652,9180000,1200000
2022-09-30 12:27:20.210000,1.44661,1.44654,8280000,1200000
2022-09-30 12:27:20.261000,1.44663,1.44653,1670000,1920000
2022-09-30 12:27:20.617000,1.44662,1.44652,1200000,1920000
2022-09-30 12:27:20.770000,1.4466,1.44652,1200000,1320000
2022-09-30 12:27:20.923000,1.44662,1.44652,9410000,1920000
2022-09-30 12:27:21.025000,1.44662,1.44654,8510000,1200000
2022-09-30 12:27:21.127000,1.44664,1.44653,10570000,1320000
2022-09-30 12:27:21.584000,1.44663,1.44652,1440000,2520000
2022-09-30 12:27:21.853000,1.44662,1.44652,1200000,2060000
2022-09-30 12:27:22.057000,1.44664,1.44653,2100000,1320000
2022-09-30 12:27:22.210000,1.44664,1.44656,9410000,1320000
2022-09-30 12:27:22.313000,1.44667,1.44654,2100000,1320000
2022-09-30 12:27:22.415000,1.44665,1.44654,4260000,2630000
2022-09-30 12:27:22.517000,1.44666,1.44654,11640000,1200000
2022-09-30 12:27:22.619000,1.44663,1.44656,8720000,1200000
2022-09-30 12:27:22.721000,1.44663,1.44653,8720000,1800000
2022-09-30 12:27:22.823000,1.44663,1.44653,9620000,1200000
2022-09-30 12:27:22.875000,1.44663,1.44654,8280000,1200000
2022-09-30 12:27:22.977000,1.4466,1.44653,8720000,1800000
2022-09-30 12:27:23.097000,1.44663,1.44653,1200000,1200000
2022-09-30 12:27:23.402000,1.44662,1.44653,1200000,2400000
2022-09-30 12:27:23.606000,1.44663,1.44654,1320000,1200000
2022-09-30 12:27:23.759000,1.44664,1.44654,10340000,1200000
2022-09-30 12:27:23.810000,1.44663,1.44653,1920000,1200000
2022-09-30 12:27:23.963000,1.44661,1.44652,1200000,1200000
2022-09-30 12:27:24.066000,1.4466,1.44651,1200000,1200000
2022-09-30 12:27:24.168000,1.44657,1.44648,1200000,1800000
2022-09-30 12:27:24.270000,1.44658,1.44649,1200000,1320000
2022-09-30 12:27:24.322000,1.44659,1.4465,8510000,6560000
2022-09-30 12:27:24.373000,1.44661,1.44652,9180000,1200000
2022-09-30 12:27:24.475000,1.44661,1.44652,8280000,2480000
2022-09-30 12:27:24.577000,1.44661,1.44652,1200000,1880000
2022-09-30 12:27:24.902000,1.44661,1.44652,8280000,1920000
2022-09-30 12:27:25.004000,1.44662,1.44652,9780000,1320000
2022-09-30 12:27:25.107000,1.44663,1.44652,9620000,1200000
2022-09-30 12:27:25.209000,1.44661,1.44652,1200000,1200000
2022-09-30 12:27:25.311000,1.44661,1.44651,1200000,1320000
2022-09-30 12:27:25.615000,1.44661,1.44651,9320000,1320000
2022-09-30 12:27:25.879000,1.44661,1.44651,9180000,1920000
2022-09-30 12:27:26.032000,1.44661,1.44654,8280000,1320000
2022-09-30 12:27:26.084000,1.44665,1.44654,9620000,1340000
2022-09-30 12:27:26.186000,1.44665,1.44657,4030000,1200000
2022-09-30 12:27:26.288000,1.44664,1.44655,1200000,6540000
2022-09-30 12:27:26.339000,1.44664,1.44655,2040000,1340000
2022-09-30 12:27:26.390000,1.4466,1.44654,8720000,1200000
2022-09-30 12:27:26.543000,1.4466,1.44652,8720000,1800000
2022-09-30 12:27:26.645000,1.44661,1.44652,10020000,1200000
2022-09-30 12:27:26.747000,1.4466,1.44652,8950000,1200000
2022-09-30 12:27:27.108000,1.44661,1.44654,8280000,1200000
2022-09-30 12:27:27.159000,1.44664,1.44653,9410000,1200000
2022-09-30 12:27:27.710000,1.44662,1.44652,1200000,5180000
2022-09-30 12:27:28.117000,1.44662,1.44654,8280000,1200000
2022-09-30 12:27:28.371000,1.44664,1.44654,8720000,1200000
2022-09-30 12:27:28.604000,1.44663,1.44654,9180000,1200000
2022-09-30 12:27:28.757000,1.44662,1.44652,3900000,1200000
2022-09-30 12:27:28.859000,1.44662,1.44652,10340000,1200000
2022-09-30 12:27:28.961000,1.44662,1.44651,8280000,1200000
2022-09-30 12:27:29.064000,1.44661,1.44654,9180000,1200000
2022-09-30 12:27:29.166000,1.44662,1.44654,1320000,1200000
2022-09-30 12:27:29.267000,1.44662,1.44653,9050000,1200000
2022-09-30 12:27:29.369000,1.44662,1.44653,8280000,1200000
2022-09-30 12:27:29.471000,1.44663,1.44653,1800000,1200000
2022-09-30 12:27:29.828000,1.44661,1.44651,1200000,1920000
2022-09-30 12:27:29.930000,1.44662,1.44652,9490000,1200000
2022-09-30 12:27:30.031000,1.44661,1.44652,8280000,1200000
2022-09-30 12:27:30.337000,1.44662,1.44653,9410000,1340000
2022-09-30 12:27:30.439000,1.44662,1.44652,9180000,1200000
2022-09-30 12:27:30.591000,1.4466,1.44653,1200000,1200000
2022-09-30 12:27:30.694000,1.44662,1.44652,8360000,1200000
2022-09-30 12:27:30.999000,1.4466,1.44652,1200000,1340000
2022-09-30 12:27:31.101000,1.44661,1.44652,11200000,1440000
2022-09-30 12:27:31.203000,1.44662,1.44654,1500000,1200000
2022-09-30 12:27:31.558000,1.44663,1.44656,8280000,1920000
2022-09-30 12:27:31.661000,1.44666,1.44659,9780000,1200000
2022-09-30 12:27:31.763000,1.44664,1.44659,1800000,1200000
2022-09-30 12:27:31.814000,1.44663,1.44656,9180000,1200000
2022-09-30 12:27:31.916000,1.44662,1.44656,1200000,1200000
2022-09-30 12:27:32.120000,1.44665,1.44656,1810000,1200000
2022-09-30 12:27:32.334000,1.44665,1.44655,13010000,1340000
2022-09-30 12:27:32.538000,1.44665,1.44655,11880000,1940000
2022-09-30 12:27:32.640000,1.44666,1.44656,1940000,1800000
2022-09-30 12:27:32.742000,1.44664,1.44656,1200000,1200000
2022-09-30 12:27:32.844000,1.44666,1.44656,11700000,1940000
2022-09-30 12:27:32.997000,1.44667,1.44657,3960000,1200000
2022-09-30 12:27:33.049000,1.44668,1.44658,8780000,1200000
2022-09-30 12:27:33.100000,1.44669,1.44661,1800000,1200000
2022-09-30 12:27:33.202000,1.44669,1.4466,1800000,1200000
2022-09-30 12:27:33.457000,1.44667,1.4466,1320000,1340000
2022-09-30 12:27:33.508000,1.44667,1.44655,9860000,1940000
2022-09-30 12:27:33.610000,1.44669,1.4466,12700000,1340000
2022-09-30 12:27:33.713000,1.44668,1.4466,1500000,1200000
2022-09-30 12:27:33.764000,1.44668,1.4466,1500000,1200000
2022-09-30 12:27:34.445000,1.44668,1.44657,8720000,1940000
2022-09-30 12:27:34.801000,1.44666,1.44659,5400000,1200000
2022-09-30 12:27:34.852000,1.44667,1.44655,10990000,1940000
2022-09-30 12:27:35.107000,1.44665,1.44657,9420000,1200000
2022-09-30 12:27:35.265000,1.44665,1.44656,2100000,1340000
2022-09-30 12:27:35.418000,1.44665,1.44654,1800000,1940000
2022-09-30 12:27:35.673000,1.44665,1.44655,9550000,2520000
2022-09-30 12:27:35.724000,1.44665,1.44659,1200000,1200000
2022-09-30 12:27:35.776000,1.44666,1.44659,9620000,1200000
2022-09-30 12:27:35.827000,1.44665,1.44656,9780000,1340000
2022-09-30 12:27:36.234000,1.44664,1.44655,1340000,1800000
2022-09-30 12:27:36.336000,1.44665,1.44655,1800000,2400000
2022-09-30 12:27:36.438000,1.44666,1.4466,1200000,1200000
2022-09-30 12:27:36.489000,1.44667,1.4466,9410000,1200000
2022-09-30 12:27:36.591000,1.44667,1.4466,10550000,1200000
2022-09-30 12:27:36.643000,1.44667,1.44658,9780000,1340000
2022-09-30 12:27:36.745000,1.44666,1.44659,8280000,1200000
2022-09-30 12:27:36.949000,1.44667,1.44659,8280000,1940000
2022-09-30 12:27:37.051000,1.44669,1.4466,1810000,1200000
2022-09-30 12:27:37.306000,1.44669,1.4466,11870000,1940000
2022-09-30 12:27:37.408000,1.44669,1.4466,4490000,1340000
2022-09-30 12:27:37.611000,1.44668,1.4466,1200000,1200000
2022-09-30 12:27:37.663000,1.44666,1.44659,1880000,1200000
2022-09-30 12:27:37.766000,1.44665,1.44657,1320000,1200000
2022-09-30 12:27:37.867000,1.44665,1.44656,1920000,1800000
2022-09-30 12:27:38.172000,1.44664,1.44655,1570000,1800000
2022-09-30 12:27:38.274000,1.44665,1.44656,1500000,1200000
2022-09-30 12:27:38.376000,1.44666,1.44657,1500000,1200000
2022-09-30 12:27:38.478000,1.44666,1.44657,4030000,1200000
2022-09-30 12:27:38.580000,1.44668,1.44661,1500000,1200000
2022-09-30 12:27:38.764000,1.44667,1.44661,1800000,1200000
2022-09-30 12:27:38.818000,1.44668,1.44659,1340000,1340000
2022-09-30 12:27:38.869000,1.44668,1.44661,1200000,1200000
2022-09-30 12:27:38.971000,1.44668,1.4466,1200000,1200000
2022-09-30 12:27:39.073000,1.44672,1.44664,1800000,1200000
2022-09-30 12:27:39.175000,1.44673,1.44666,1340000,1200000
2022-09-30 12:27:39.429000,1.44674,1.44665,1500000,1200000
2022-09-30 12:27:39.531000,1.44673,1.44664,2030000,1200000
2022-09-30 12:27:39.633000,1.44672,1.44664,3900000,1200000
2022-09-30 12:27:39.735000,1.4467,1.44661,1200000,1800000
2022-09-30 12:27:39.990000,1.4467,1.4466,2180000,1200000
2022-09-30 12:27:40.091000,1.4467,1.4466,2340000,1200000
2022-09-30 12:27:40.396000,1.44671,1.44661,2220000,1200000
2022-09-30 12:27:40.447000,1.44672,1.44662,2360000,1200000
2022-09-30 12:27:40.549000,1.44671,1.44661,1810000,1680000
2022-09-30 12:27:40.651000,1.44671,1.44661,1210000,1680000
2022-09-30 12:27:41.235000,1.44672,1.44662,1920000,1200000
2022-09-30 12:27:41.387000,1.44672,1.44662,1920000,1200000
2022-09-30 12:27:41.438000,1.44672,1.44662,2060000,1200000
2022-09-30 12:27:41.748000,1.44671,1.44659,2220000,1680000
2022-09-30 12:27:41.799000,1.4467,1.44661,3590000,1680000
2022-09-30 12:27:41.901000,1.44671,1.44661,1210000,1680000
2022-09-30 12:27:42.257000,1.44673,1.44663,4420000,1200000
2022-09-30 12:27:42.359000,1.44672,1.44662,1340000,1200000
2022-09-30 12:27:42.562000,1.44672,1.44662,2150000,1200000
2022-09-30 12:27:42.664000,1.4467,1.44658,3050000,1200000
2022-09-30 12:27:42.766000,1.44665,1.44656,1340000,1200000
2022-09-30 12:27:42.919000,1.44666,1.44656,4730000,1800000
2022-09-30 12:27:43.122000,1.44665,1.44656,1200000,1340000
2022-09-30 12:27:43.326000,1.44668,1.44658,3070000,1200000
2022-09-30 12:27:43.428000,1.44666,1.44657,1200000,1200000
2022-09-30 12:27:43.710000,1.44666,1.44656,1200000,2040000
2022-09-30 12:27:43.863000,1.44666,1.44657,1200000,1200000
2022-09-30 12:27:44.176000,1.44671,1.44662,4160000,1200000
2022-09-30 12:27:44.278000,1.4467,1.4466,1320000,1200000
2022-09-30 12:27:44.735000,1.44671,1.44661,2820000,1800000
2022-09-30 12:27:44.893000,1.44669,1.4466,1200000,1200000
2022-09-30 12:27:45.147000,1.44669,1.4466,1200000,1200000
2022-09-30 12:27:45.249000,1.44669,1.4466,2180000,1200000
2022-09-30 12:27:45.397000,1.44669,1.44659,1810000,1200000
2022-09-30 12:27:45.550000,1.44669,1.4466,1320000,1200000
2022-09-30 12:27:45.703000,1.44671,1.4466,1920000,1200000
2022-09-30 12:27:46.403000,1.4467,1.44661,1620000,1200000
2022-09-30 12:27:46.606000,1.44669,1.44659,1440000,1200000
2022-09-30 12:27:47.063000,1.4467,1.4466,1200000,1800000
2022-09-30 12:27:47.317000,1.44669,1.4466,1200000,1200000
2022-09-30 12:27:47.419000,1.44672,1.44662,1200000,1920000
2022-09-30 12:27:47.571000,1.44671,1.44662,1880000,1200000
2022-09-30 12:27:47.956000,1.44668,1.4466,1200000,1200000
2022-09-30 12:27:48.109000,1.44667,1.44658,1200000,5540000
2022-09-30 12:27:48.483000,1.44666,1.44658,1200000,1940000
2022-09-30 12:27:48.737000,1.44667,1.44656,1200000,6540000
2022-09-30 12:27:48.788000,1.44665,1.44657,1200000,2940000
2022-09-30 12:27:48.941000,1.44662,1.44656,1200000,1200000
2022-09-30 12:27:49.044000,1.44661,1.44654,1200000,1200000
2022-09-30 12:27:49.717000,1.44661,1.44653,1200000,1320000
2022-09-30 12:27:49.819000,1.44659,1.44653,1200000,1200000
2022-09-30 12:27:49.921000,1.44656,1.4465,1200000,6000000
2022-09-30 12:27:50.023000,1.44657,1.44647,1200000,1500000
2022-09-30 12:27:50.226000,1.44659,1.44651,1500000,1920000
2022-09-30 12:27:50.278000,1.4466,1.44651,1500000,2520000
2022-09-30 12:27:50.380000,1.44659,1.44651,1200000,2240000
2022-09-30 12:27:50.482000,1.44658,1.44651,1200000,2240000
2022-09-30 12:27:50.584000,1.44661,1.44651,1200000,2400000
2022-09-30 12:27:50.838000,1.44663,1.44653,2100000,1200000
2022-09-30 12:27:51.446000,1.44664,1.44654,2340000,1940000
2022-09-30 12:27:51.599000,1.44662,1.44653,1200000,1200000
2022-09-30 12:27:51.790000,1.44661,1.44652,1200000,1200000
2022-09-30 12:27:52.262000,1.44664,1.44654,2100000,1800000
2022-09-30 12:27:52.547000,1.44662,1.44653,1200000,1200000
2022-09-30 12:27:52.803000,1.44662,1.44651,1200000,1200000
2022-09-30 12:27:52.915000,1.44662,1.44653,1200000,1200000
2022-09-30 12:27:53.936000,1.44663,1.44653,1440000,1800000
2022-09-30 12:27:54.382000,1.44666,1.44654,2340000,1200000
2022-09-30 12:27:54.988000,1.44663,1.44653,2100000,1340000
2022-09-30 12:27:55.327000,1.44663,1.44654,1340000,4040000
2022-09-30 12:27:55.429000,1.44662,1.44652,1200000,1800000
2022-09-30 12:27:55.531000,1.44662,1.44653,1500000,1200000
2022-09-30 12:27:55.633000,1.44662,1.44651,1200000,1800000
2022-09-30 12:27:55.735000,1.44664,1.44652,1640000,1940000
2022-09-30 12:27:55.838000,1.44663,1.44653,2100000,1800000
2022-09-30 12:27:55.939000,1.44664,1.44654,2100000,1200000
2022-09-30 12:27:56.092000,1.44664,1.44656,2780000,1200000
2022-09-30 12:27:56.194000,1.44663,1.44654,1340000,1340000
2022-09-30 12:27:56.347000,1.44663,1.44654,1200000,1940000
2022-09-30 12:27:56.550000,1.44662,1.44655,1200000,1200000
2022-09-30 12:27:56.601000,1.44661,1.44653,1200000,1340000
2022-09-30 12:27:56.703000,1.44662,1.44655,1200000,1200000
2022-09-30 12:27:56.805000,1.44661,1.44654,1200000,1200000
2022-09-30 12:27:56.958000,1.44662,1.44654,1200000,1800000
2022-09-30 12:27:57.060000,1.44662,1.44655,1200000,1200000
2022-09-30 12:27:57.311000,1.44663,1.44655,1340000,1200000
2022-09-30 12:27:57.514000,1.44664,1.44656,2100000,1200000
2022-09-30 12:27:57.668000,1.44664,1.44655,1800000,1200000
2022-09-30 12:27:57.818000,1.44664,1.44656,2100000,1200000
2022-09-30 12:27:57.920000,1.44662,1.44655,1200000,1200000
2022-09-30 12:27:58.022000,1.44663,1.44655,1800000,1200000
2022-09-30 12:27:58.253000,1.44663,1.44655,1340000,1200000
2022-09-30 12:27:58.354000,1.44663,1.44656,1340000,1200000
2022-09-30 12:27:58.456000,1.44662,1.44655,1200000,1200000
2022-09-30 12:27:58.558000,1.44663,1.44654,1340000,1340000
2022-09-30 12:27:58.660000,1.44662,1.44654,1200000,1200000
2022-09-30 12:27:59.168000,1.44663,1.44654,1340000,1340000
2022-09-30 12:27:59.270000,1.44663,1.44655,1340000,1200000
2022-09-30 12:27:59.422000,1.44664,1.44655,1340000,1200000
2022-09-30 12:27:59.570000,1.44662,1.44656,1200000,1200000
2022-09-30 12:27:59.672000,1.44662,1.44655,1200000,1200000
2022-09-30 12:27:59.823000,1.44661,1.44654,1200000,1200000
2022-09-30 12:28:00.077000,1.44663,1.44654,1800000,1340000
2022-09-30 12:28:00.179000,1.44662,1.44655,1200000,1200000
2022-09-30 12:28:00.456000,1.44664,1.44655,1800000,1340000
2022-09-30 12:28:00.558000,1.44664,1.44656,2060000,1200000
2022-09-30 12:28:00.837000,1.44662,1.44655,1200000,3600000
2022-09-30 12:28:00.938000,1.44662,1.44656,1200000,1200000
2022-09-30 12:28:01.294000,1.44663,1.44656,1200000,1200000
2022-09-30 12:28:01.416000,1.44663,1.44653,1200000,1200000
2022-09-30 12:28:01.670000,1.44664,1.44654,1200000,1200000
2022-09-30 12:28:02.391000,1.44663,1.44653,1200000,1340000
2022-09-30 12:28:02.493000,1.44661,1.44653,1200000,3600000
2022-09-30 12:28:02.595000,1.44661,1.44651,1200000,1200000
2022-09-30 12:28:02.900000,1.44664,1.44655,3520000,1200000
2022-09-30 12:28:02.951000,1.44664,1.44652,1340000,4640000
2022-09-30 12:28:03.359000,1.44665,1.44654,1920000,1200000
2022-09-30 12:28:03.461000,1.44662,1.44652,1200000,1200000
2022-09-30 12:28:03.563000,1.44661,1.44651,1200000,1200000
2022-09-30 12:28:03.716000,1.44661,1.44653,1200000,3600000
2022-09-30 12:28:03.818000,1.44661,1.44651,1200000,1920000
2022-09-30 12:28:04.021000,1.44661,1.4465,1200000,1200000
2022-09-30 12:28:04.072000,1.44658,1.44652,1200000,1800000
2022-09-30 12:28:04.174000,1.44658,1.44648,1800000,1340000
2022-09-30 12:28:04.479000,1.44656,1.44646,1200000,1880000
2022-09-30 12:28:04.581000,1.44661,1.44649,1200000,8780000
2022-09-30 12:28:04.734000,1.44658,1.4465,1200000,1200000
2022-09-30 12:28:04.938000,1.44659,1.44649,1800000,5400000
2022-09-30 12:28:05.040000,1.44657,1.44647,1340000,1940000
2022-09-30 12:28:05.243000,1.44657,1.44646,1800000,1940000
2022-09-30 12:28:05.345000,1.44656,1.44645,1200000,1340000
2022-09-30 12:28:05.498000,1.44658,1.44646,1800000,1200000
2022-09-30 12:28:05.650000,1.44655,1.44646,1200000,1800000
2022-09-30 12:28:05.752000,1.44656,1.44647,3070000,1200000
2022-09-30 12:28:06.158000,1.44657,1.44647,1640000,4640000
2022-09-30 12:28:06.260000,1.44657,1.44647,1570000,1200000
2022-09-30 12:28:06.514000,1.44658,1.44649,1200000,1200000
2022-09-30 12:28:06.616000,1.4466,1.44648,2100000,1200000
2022-09-30 12:28:06.769000,1.4466,1.4465,2340000,1200000
2022-09-30 12:28:06.871000,1.44659,1.44649,1800000,1200000
2022-09-30 12:28:07.176000,1.4466,1.44649,1460000,1200000
2022-09-30 12:28:07.379000,1.4466,1.44649,2290000,1200000
2022-09-30 12:28:07.910000,1.44661,1.4465,2290000,1200000
2022-09-30 12:28:08.012000,1.44661,1.44651,2360000,1200000
2022-09-30 12:28:08.216000,1.44661,1.4465,2060000,1200000
2022-09-30 12:28:08.267000,1.44663,1.44653,4140000,1200000
2022-09-30 12:28:08.420000,1.44663,1.44653,1320000,1200000
2022-09-30 12:28:08.521000,1.44663,1.44653,2340000,1200000
2022-09-30 12:28:08.623000,1.44664,1.44653,2340000,1200000
2022-09-30 12:28:08.895000,1.44663,1.44653,2100000,1200000
2022-09-30 12:28:09.047000,1.44665,1.44652,6160000,1200000
2022-09-30 12:28:09.433000,1.44664,1.44656,1500000,1200000
2022-09-30 12:28:09.637000,1.44665,1.44656,2220000,1200000
2022-09-30 12:28:09.739000,1.44665,1.44656,1620000,1200000
2022-09-30 12:28:09.891000,1.44663,1.44652,1440000,1200000
2022-09-30 12:28:10.145000,1.44663,1.44652,1740000,1200000
2022-09-30 12:28:10.551000,1.4466,1.44651,1200000,1340000
2022-09-30 12:28:10.653000,1.44661,1.44652,2100000,1200000
2022-09-30 12:28:10.755000,1.44662,1.44651,1500000,1200000
2022-09-30 12:28:10.897000,1.44662,1.44652,2630000,2040000
2022-09-30 12:28:11.003000,1.44664,1.44655,2220000,1200000
2022-09-30 12:28:11.105000,1.44666,1.44657,1200000,4640000
2022-09-30 12:28:11.207000,1.44666,1.44657,1500000,1200000
2022-09-30 12:28:11.359000,1.44665,1.44656,1500000,1440000
2022-09-30 12:28:11.461000,1.44667,1.44657,2400000,4500000
2022-09-30 12:28:12.008000,1.44665,1.44656,1200000,1200000
2022-09-30 12:28:12.110000,1.44667,1.44657,1800000,1200000
2022-09-30 12:28:12.313000,1.44667,1.44658,1800000,3600000
2022-09-30 12:28:12.415000,1.44669,1.44658,1200000,4500000
2022-09-30 12:28:12.517000,1.44669,1.44659,1800000,1200000
2022-09-30 12:28:12.670000,1.44668,1.44659,1200000,1200000
2022-09-30 12:28:13.279000,1.44667,1.44657,1200000,1200000
2022-09-30 12:28:13.330000,1.4467,1.44661,1200000,1200000
2022-09-30 12:28:13.381000,1.44668,1.44659,1200000,1200000
2022-09-30 12:28:13.483000,1.44668,1.44658,1800000,1200000
2022-09-30 12:28:14.041000,1.44668,1.44659,1200000,1200000
2022-09-30 12:28:14.143000,1.44668,1.4466,1200000,1440000
2022-09-30 12:28:14.194000,1.44671,1.44661,1800000,1200000
2022-09-30 12:28:14.296000,1.44673,1.44662,3960000,4640000
2022-09-30 12:28:14.398000,1.44671,1.44662,1320000,1500000
2022-09-30 12:28:14.501000,1.44669,1.4466,1320000,1500000
2022-09-30 12:28:14.603000,1.44667,1.44657,1200000,5240000
2022-09-30 12:28:14.705000,1.44665,1.44658,1200000,3600000
2022-09-30 12:28:14.807000,1.44666,1.44657,1200000,4500000
2022-09-30 12:28:14.909000,1.44666,1.44657,1200000,3600000
2022-09-30 12:28:15.112000,1.44666,1.44657,1200000,4040000
2022-09-30 12:28:15.316000,1.44667,1.44658,1200000,4040000
2022-09-30 12:28:15.519000,1.44667,1.44657,1200000,1200000
2022-09-30 12:28:15.954000,1.4467,1.44661,3360000,1200000
2022-09-30 12:28:16.056000,1.44671,1.44661,1200000,1500000
2022-09-30 12:28:16.159000,1.44673,1.44663,1340000,1200000
2022-09-30 12:28:16.311000,1.44673,1.44663,1920000,1200000
2022-09-30 12:28:16.413000,1.44673,1.44663,1340000,1200000
2022-09-30 12:28:16.526000,1.44675,1.44664,2040000,4500000
2022-09-30 12:28:16.700000,1.44675,1.44664,1440000,4500000
2022-09-30 12:28:16.953000,1.44672,1.44665,1200000,1200000
2022-09-30 12:28:17.055000,1.44674,1.44665,2040000,1200000
2022-09-30 12:28:17.259000,1.44675,1.44666,1200000,1200000
2022-09-30 12:28:17.462000,1.44677,1.44665,3840000,1200000
2022-09-30 12:28:17.513000,1.44676,1.44666,2780000,1200000
2022-09-30 12:28:17.615000,1.44676,1.44668,1320000,1200000
2022-09-30 12:28:17.717000,1.44676,1.44668,3420000,1200000
2022-09-30 12:28:18.022000,1.44675,1.44665,1200000,4640000
2022-09-30 12:28:18.073000,1.44677,1.44667,2040000,1200000
2022-09-30 12:28:18.276000,1.44677,1.44665,3300000,1200000
2022-09-30 12:28:18.378000,1.44676,1.44666,1200000,1200000
2022-09-30 12:28:18.481000,1.44676,1.44667,3140000,1340000
2022-09-30 12:28:18.583000,1.44676,1.44669,1200000,1200000
2022-09-30 12:28:18.685000,1.44675,1.44669,1340000,4940000
2022-09-30 12:28:18.787000,1.44675,1.44667,1340000,1200000
2022-09-30 12:28:18.990000,1.44675,1.44665,1200000,5840000
2022-09-30 12:28:19.092000,1.44676,1.44668,2110000,1200000
2022-09-30 12:28:19.194000,1.44674,1.44668,1200000,1200000
2022-09-30 12:28:19.296000,1.44674,1.44666,1440000,1200000
2022-09-30 12:28:19.398000,1.44674,1.44665,1880000,1200000
2022-09-30 12:28:19.652000,1.44674,1.44664,2940000,1200000
2022-09-30 12:28:19.754000,1.44673,1.44663,1200000,1800000
2022-09-30 12:28:19.856000,1.44674,1.44664,3240000,1200000
2022-09-30 12:28:19.967000,1.44675,1.44663,3380000,1200000
2022-09-30 12:28:20.430000,1.44674,1.44664,1880000,1200000
2022-09-30 12:28:21.024000,1.44674,1.44662,1200000,1200000
2022-09-30 12:28:21.076000,1.44673,1.44663,1920000,1200000
2022-09-30 12:28:21.177000,1.44671,1.44662,1320000,1800000
2022-09-30 12:28:21.330000,1.44669,1.44661,1320000,5170000
2022-09-30 12:28:21.432000,1.44665,1.44658,1200000,1200000
2022-09-30 12:28:21.534000,1.44666,1.44656,1920000,2100000
2022-09-30 12:28:21.636000,1.44666,1.44656,1920000,1570000
2022-09-30 12:28:21.870000,1.44666,1.44659,1920000,3600000
2022-09-30 12:28:22.327000,1.44664,1.44656,1200000,1320000
2022-09-30 12:28:22.429000,1.44661,1.44651,2360000,2060000
2022-09-30 12:28:22.531000,1.44661,1.44651,1920000,1320000
2022-09-30 12:28:22.633000,1.44661,1.44651,1440000,3190000
2022-09-30 12:28:23.011000,1.44664,1.44652,1920000,1320000
2022-09-30 12:28:23.645000,1.44664,1.44655,1920000,1320000
2022-09-30 12:28:23.696000,1.44665,1.44658,1920000,1320000
2022-09-30 12:28:23.747000,1.44666,1.44657,1320000,1320000
2022-09-30 12:28:23.849000,1.44666,1.44658,1320000,1320000
2022-09-30 12:28:24.256000,1.44664,1.44656,1320000,1200000
2022-09-30 12:28:24.358000,1.44664,1.44655,1320000,1320000
2022-09-30 12:28:24.764000,1.44661,1.44652,1320000,1920000
2022-09-30 12:28:24.866000,1.44663,1.44655,1320000,1200000
2022-09-30 12:28:24.968000,1.44664,1.44655,1320000,1200000
2022-09-30 12:28:25.293000,1.44664,1.44655,1320000,1440000
2022-09-30 12:28:25.497000,1.44664,1.44655,1320000,1920000
2022-09-30 12:28:25.598000,1.44664,1.44657,1320000,1200000
2022-09-30 12:28:25.751000,1.44664,1.44657,1320000,1200000
2022-09-30 12:28:25.853000,1.44667,1.4466,1320000,1200000
2022-09-30 12:28:25.955000,1.44666,1.44657,1320000,1320000
2022-09-30 12:28:26.062000,1.44667,1.4466,1320000,1200000
2022-09-30 12:28:26.164000,1.44667,1.44659,1320000,1440000
2022-09-30 12:28:26.267000,1.44667,1.4466,1320000,1200000
2022-09-30 12:28:26.369000,1.4467,1.44663,1320000,1200000
2022-09-30 12:28:26.471000,1.4467,1.44662,1320000,1200000
2022-09-30 12:28:26.877000,1.44671,1.44663,1320000,1200000
2022-09-30 12:28:27.131000,1.44671,1.44663,2960000,1200000
2022-09-30 12:28:27.234000,1.44671,1.44663,2960000,1200000
2022-09-30 12:28:27.386000,1.44671,1.44664,2060000,1200000
2022-09-30 12:28:27.488000,1.44671,1.44664,1320000,1200000
2022-09-30 12:28:27.590000,1.44673,1.44664,1620000,1320000
2022-09-30 12:28:27.693000,1.44673,1.44664,1620000,1920000
2022-09-30 12:28:27.794000,1.44673,1.44664,3260000,1200000
2022-09-30 12:28:27.896000,1.44673,1.44663,3190000,1920000
2022-09-30 12:28:28.780000,1.44671,1.44663,1320000,1200000
2022-09-30 12:28:28.882000,1.4467,1.44662,1320000,1200000
2022-09-30 12:28:28.933000,1.4467,1.4466,1320000,1320000
2022-09-30 12:28:29.441000,1.44669,1.44661,1320000,1320000
2022-09-30 12:28:29.492000,1.44669,1.4466,1920000,1320000
2022-09-30 12:28:29.645000,1.44668,1.44659,1320000,1320000
2022-09-30 12:28:29.798000,1.44667,1.44657,1880000,1320000
2022-09-30 12:28:30.459000,1.44668,1.44659,1320000,1320000
2022-09-30 12:28:30.662000,1.44667,1.44658,1320000,1320000
2022-09-30 12:28:31.207000,1.44668,1.44658,1440000,1320000
2022-09-30 12:28:31.417000,1.44668,1.44658,1920000,1320000
2022-09-30 12:28:31.519000,1.44669,1.44659,1320000,3420000
2022-09-30 12:28:31.791000,1.44673,1.44663,1920000,1440000
2022-09-30 12:28:31.943000,1.44672,1.44662,1920000,1320000
2022-09-30 12:28:32.248000,1.44673,1.44663,2060000,1320000
2022-09-30 12:28:32.350000,1.44673,1.44663,2960000,1320000
2022-09-30 12:28:32.452000,1.44673,1.44664,1320000,1320000
2022-09-30 12:28:33.759000,1.44673,1.44663,1920000,1440000
2022-09-30 12:28:33.912000,1.44673,1.44664,1920000,1320000
2022-09-30 12:28:34.352000,1.44672,1.44661,1200000,6900000
2022-09-30 12:28:34.528000,1.44671,1.44661,1200000,1800000
2022-09-30 12:28:34.731000,1.44672,1.44662,1200000,3600000
2022-09-30 12:28:34.833000,1.44672,1.44663,1200000,3600000
2022-09-30 12:28:34.935000,1.44672,1.44661,1200000,6000000
2022-09-30 12:28:35.037000,1.44672,1.44661,1200000,1940000
2022-09-30 12:28:35.243000,1.44675,1.44664,1920000,1200000
2022-09-30 12:28:35.447000,1.44676,1.44665,2290000,1200000
2022-09-30 12:28:35.549000,1.44675,1.44664,1920000,1200000
2022-09-30 12:28:36.279000,1.44674,1.44664,1320000,1200000
2022-09-30 12:28:36.382000,1.44673,1.44662,1320000,1200000
2022-09-30 12:28:36.483000,1.44673,1.44664,1320000,1200000
2022-09-30 12:28:36.885000,1.44676,1.44665,3240000,4640000
2022-09-30 12:28:36.936000,1.44674,1.44664,1340000,4500000
2022-09-30 12:28:37.055000,1.44672,1.44662,1200000,1800000
2022-09-30 12:28:37.157000,1.44672,1.44662,1340000,1200000
2022-09-30 12:28:37.259000,1.44671,1.44661,1200000,1200000
2022-09-30 12:28:37.564000,1.44669,1.4466,1200000,1200000
2022-09-30 12:28:37.616000,1.44668,1.44658,1200000,1200000
2022-09-30 12:28:37.718000,1.44667,1.44656,1340000,5330000
2022-09-30 12:28:37.820000,1.44666,1.44656,1200000,1200000
2022-09-30 12:28:37.922000,1.44664,1.44655,2040000,1200000
2022-09-30 12:28:38.024000,1.44661,1.44654,1200000,1200000
2022-09-30 12:28:38.126000,1.4466,1.44654,1200000,1200000
2022-09-30 12:28:38.178000,1.44661,1.4465,1200000,6770000
2022-09-30 12:28:38.280000,1.44662,1.44652,1200000,1320000
2022-09-30 12:28:38.729000,1.44661,1.44652,1200000,1320000
2022-09-30 12:28:39.186000,1.44661,1.44653,1200000,3600000
2022-09-30 12:28:39.287000,1.44661,1.44652,1200000,1320000
2022-09-30 12:28:39.725000,1.44663,1.44652,1880000,1800000
2022-09-30 12:28:39.826000,1.44663,1.44653,1320000,1200000
2022-09-30 12:28:40.338000,1.44664,1.44654,1320000,1200000
2022-09-30 12:28:40.440000,1.44665,1.44655,1920000,1200000
2022-09-30 12:28:40.542000,1.44666,1.44655,1800000,1200000
2022-09-30 12:28:41.286000,1.44664,1.44654,1340000,1800000
2022-09-30 12:28:41.547000,1.44664,1.44654,1920000,1200000
2022-09-30 12:28:42.216000,1.44665,1.44662,1340000,1440000
2022-09-30 12:28:42.267000,1.44668,1.44663,1200000,4500000
2022-09-30 12:28:42.369000,1.44669,1.44659,1320000,1940000
2022-09-30 12:28:42.725000,1.44669,1.44661,1200000,1200000
2022-09-30 12:28:42.776000,1.44672,1.44662,2060000,1200000
2022-09-30 12:28:42.878000,1.44672,1.44661,2960000,1200000
2022-09-30 12:28:43.385000,1.44671,1.44663,1920000,3600000
2022-09-30 12:28:43.436000,1.44671,1.44662,1340000,1200000
2022-09-30 12:28:43.691000,1.44669,1.44659,1920000,5100000
2022-09-30 12:28:43.742000,1.44669,1.44659,1920000,1200000
2022-09-30 12:28:43.867000,1.44669,1.44659,1200000,1200000
2022-09-30 12:28:44.020000,1.44669,1.44658,1340000,1200000
2022-09-30 12:28:44.071000,1.44669,1.44658,2060000,1200000
2022-09-30 12:28:44.571000,1.44667,1.44657,1320000,1200000
2022-09-30 12:28:44.673000,1.44667,1.44657,1320000,1200000
2022-09-30 12:28:44.775000,1.44669,1.44659,1320000,4500000
2022-09-30 12:28:44.877000,1.44669,1.44658,1200000,1200000
2022-09-30 12:28:44.979000,1.44669,1.44658,1920000,1200000
2022-09-30 12:28:45.081000,1.44669,1.44656,1320000,1200000
2022-09-30 12:28:45.183000,1.44668,1.44658,1320000,1200000
2022-09-30 12:28:45.302000,1.44668,1.44658,1200000,1200000
2022-09-30 12:28:45.454000,1.44669,1.44658,2040000,1200000
2022-09-30 12:28:45.556000,1.44668,1.44658,1200000,1200000
2022-09-30 12:28:45.921000,1.44666,1.44656,1320000,1200000
2022-09-30 12:28:45.972000,1.44666,1.44654,1200000,1320000
2022-09-30 12:28:46.074000,1.44669,1.44658,1200000,1200000
2022-09-30 12:28:46.125000,1.4467,1.44658,1620000,1200000
2022-09-30 12:28:46.227000,1.44669,1.44656,1920000,1340000
2022-09-30 12:28:46.329000,1.44666,1.44655,1440000,1200000
2022-09-30 12:28:46.482000,1.44667,1.44656,1340000,1320000
2022-09-30 12:28:46.584000,1.44668,1.44658,1320000,1200000
2022-09-30 12:28:46.685000,1.44667,1.44656,2060000,1500000
2022-09-30 12:28:46.787000,1.44666,1.44655,1440000,1500000
2022-09-30 12:28:47.122000,1.44667,1.44657,1200000,1200000
2022-09-30 12:28:47.224000,1.44666,1.44655,1460000,1800000
2022-09-30 12:28:47.538000,1.44668,1.44656,1920000,1800000
2022-09-30 12:28:47.640000,1.4467,1.44659,1920000,1200000
2022-09-30 12:28:47.692000,1.4467,1.4466,1440000,3600000
2022-09-30 12:28:47.794000,1.44669,1.44659,1320000,1200000
2022-09-30 12:28:47.896000,1.44668,1.44659,1320000,1200000
2022-09-30 12:28:47.998000,1.44668,1.4466,1320000,1200000
2022-09-30 12:28:48.202000,1.44669,1.44661,1320000,1320000
2022-09-30 12:28:48.304000,1.4467,1.4466,1320000,1440000
2022-09-30 12:28:48.406000,1.44668,1.44659,1320000,1320000
2022-09-30 12:28:48.508000,1.44668,1.44659,1320000,1920000
2022-09-30 12:28:48.660000,1.44668,1.44659,1320000,1920000
2022-09-30 12:28:48.711000,1.44668,1.44659,1320000,1320000
2022-09-30 12:28:48.763000,1.44666,1.44657,1320000,1320000
2022-09-30 12:28:48.865000,1.44666,1.44658,1320000,1320000
2022-09-30 12:28:49.119000,1.44666,1.44657,1320000,1320000
2022-09-30 12:28:49.221000,1.44666,1.44658,1320000,1320000
2022-09-30 12:28:49.323000,1.44668,1.44659,1320000,4580000
2022-09-30 12:28:49.425000,1.44666,1.44656,1320000,6560000
2022-09-30 12:28:49.527000,1.44666,1.44657,1320000,1440000
2022-09-30 12:28:49.629000,1.44667,1.44656,1320000,1920000
2022-09-30 12:28:49.782000,1.44668,1.4466,1320000,1200000
2022-09-30 12:28:49.833000,1.4467,1.44659,1500000,1200000
2022-09-30 12:28:49.935000,1.44669,1.44661,1320000,3600000
2022-09-30 12:28:50.037000,1.44669,1.44659,1320000,1440000
2022-09-30 12:28:50.342000,1.44669,1.4466,1320000,1320000
2022-09-30 12:28:50.393000,1.44668,1.44656,1320000,1920000
2022-09-30 12:28:51.437000,1.44667,1.44658,1320000,1920000
2022-09-30 12:28:51.539000,1.44669,1.4466,1320000,1920000
2022-09-30 12:28:51.641000,1.44669,1.4466,1320000,1440000
2022-09-30 12:28:51.744000,1.44667,1.44659,1320000,1200000
2022-09-30 12:28:51.947000,1.44667,1.4466,1320000,1200000
2022-09-30 12:28:52.049000,1.44669,1.4466,1320000,1440000
2022-09-30 12:28:52.151000,1.44669,1.44659,1320000,1320000
2022-09-30 12:28:52.304000,1.4467,1.44659,2060000,1320000
2022-09-30 12:28:52.456000,1.4467,1.44659,1320000,1920000
2022-09-30 12:28:52.711000,1.4467,1.44659,2220000,1920000
2022-09-30 12:28:53.168000,1.4467,1.44659,2290000,1320000
2022-09-30 12:28:53.219000,1.44669,1.44658,1320000,1920000
2022-09-30 12:28:53.422000,1.44666,1.44655,2040000,1920000
2022-09-30 12:28:53.474000,1.44666,1.44655,4510000,1440000
2022-09-30 12:28:53.576000,1.44666,1.44656,2270000,4040000
2022-09-30 12:28:53.829000,1.44666,1.44655,1810000,1440000
2022-09-30 12:28:54.139000,1.44661,1.44651,1440000,4870000
2022-09-30 12:28:54.241000,1.44658,1.44649,1200000,1620000
2022-09-30 12:28:54.343000,1.44658,1.4465,1200000,3600000
2022-09-30 12:28:54.445000,1.44658,1.44648,1200000,1920000
2022-09-30 12:28:54.648000,1.44658,1.44648,1200000,2060000
2022-09-30 12:28:54.929000,1.4466,1.44649,2240000,1920000
2022-09-30 12:28:55.132000,1.4466,1.44649,1800000,1320000
2022-09-30 12:28:55.287000,1.44661,1.4465,2400000,1320000
2022-09-30 12:28:55.542000,1.44661,1.4465,1920000,1440000
2022-09-30 12:28:56.152000,1.44661,1.4465,1320000,1920000
2022-09-30 12:28:56.869000,1.4466,1.4465,1340000,1320000
2022-09-30 12:28:56.920000,1.4466,1.4465,1940000,1320000
2022-09-30 12:28:57.022000,1.4466,1.44649,2750000,1440000
2022-09-30 12:28:57.124000,1.44658,1.44648,1320000,1200000
2022-09-30 12:28:57.226000,1.44657,1.44649,1800000,1200000
2022-09-30 12:28:57.430000,1.44658,1.4465,2240000,1200000
2022-09-30 12:28:57.532000,1.44664,1.44655,1320000,1200000
2022-09-30 12:28:57.634000,1.44664,1.44653,2040000,1200000
2022-09-30 12:28:58.395000,1.44665,1.44653,2480000,1940000
2022-09-30 12:28:58.446000,1.44665,1.44655,1320000,1200000
2022-09-30 12:28:58.548000,1.44666,1.44655,1320000,1200000
2022-09-30 12:28:59.415000,1.44666,1.44657,2100000,1340000
2022-09-30 12:28:59.568000,1.44666,1.44657,2960000,1940000
2022-09-30 12:28:59.670000,1.44663,1.44657,1320000,1200000
2022-09-30 12:28:59.772000,1.44663,1.44656,1320000,1200000
2022-09-30 12:29:00.063000,1.44665,1.44656,1620000,1200000
2022-09-30 12:29:00.165000,1.44666,1.44656,1620000,1940000
2022-09-30 12:29:00.267000,1.44666,1.44656,1620000,1940000
2022-09-30 12:29:00.594000,1.44666,1.44656,1620000,1940000
2022-09-30 12:29:00.798000,1.44667,1.44657,1620000,1200000
2022-09-30 12:29:00.900000,1.44667,1.44658,1620000,1200000
2022-09-30 12:29:01.560000,1.44667,1.44659,1320000,1940000
2022-09-30 12:29:05.694000,1.44668,1.4466,4270000,1200000
2022-09-30 12:29:06.212000,1.44667,1.4466,2920000,1200000
2022-09-30 12:29:07.899000,1.44667,1.4466,2920000,1200000
2022-09-30 12:29:08.051000,1.44668,1.4466,3670000,1200000
2022-09-30 12:29:08.621000,1.44669,1.4466,4620000,1200000
2022-09-30 12:29:09.927000,1.44668,1.44657,2270000,1200000
2022-09-30 12:29:09.979000,1.44668,1.44658,2220000,1200000
2022-09-30 12:29:11.474000,1.44667,1.44656,2290000,1200000
2022-09-30 12:29:12.132000,1.44664,1.44653,1200000,1800000
2022-09-30 12:29:12.183000,1.44665,1.44654,1500000,1200000
2022-09-30 12:29:12.285000,1.44667,1.44656,3260000,1200000
2022-09-30 12:29:12.389000,1.44667,1.44658,2220000,1200000
2022-09-30 12:29:12.593000,1.44666,1.44657,1440000,1200000
2022-09-30 12:29:12.644000,1.44666,1.44655,4960000,1200000
2022-09-30 12:29:12.746000,1.44666,1.44657,1320000,1200000
2022-09-30 12:29:13.304000,1.44668,1.44658,5280000,1200000
2022-09-30 12:29:13.710000,1.44666,1.44658,1460000,1200000
2022-09-30 12:29:13.762000,1.44662,1.44654,1200000,1200000
2022-09-30 12:29:13.864000,1.44664,1.44654,1200000,1200000
2022-09-30 12:29:13.915000,1.44665,1.44654,2630000,1200000
2022-09-30 12:29:14.017000,1.44665,1.44654,2100000,1200000
2022-09-30 12:29:14.119000,1.44665,1.44654,2100000,1200000
2022-09-30 12:29:14.221000,1.44665,1.44654,2100000,1200000
2022-09-30 12:29:14.323000,1.44666,1.44654,1500000,1200000
2022-09-30 12:29:14.425000,1.44666,1.44656,2780000,1200000
2022-09-30 12:29:14.527000,1.44665,1.44655,1500000,1200000
2022-09-30 12:29:15.190000,1.44665,1.44654,1500000,1200000
2022-09-30 12:29:15.393000,1.44664,1.44653,1200000,1200000
2022-09-30 12:29:15.546000,1.44664,1.44653,1200000,1200000
2022-09-30 12:29:15.812000,1.44664,1.44653,1200000,1200000
2022-09-30 12:29:16.066000,1.44664,1.44653,1200000,1200000
2022-09-30 12:29:16.472000,1.44665,1.44654,1500000,1200000
2022-09-30 12:29:16.574000,1.44666,1.44655,1620000,1200000
2022-09-30 12:29:16.916000,1.44663,1.44654,1200000,1200000
2022-09-30 12:29:17.102000,1.44665,1.44653,1200000,1200000
2022-09-30 12:29:18.477000,1.44664,1.44654,4120000,1200000
2022-09-30 12:29:18.991000,1.44665,1.44655,1800000,1200000
2022-09-30 12:29:20.852000,1.44664,1.44655,1800000,1200000
2022-09-30 12:29:20.953000,1.44665,1.44654,1500000,1200000
2022-09-30 12:29:21.998000,1.44659,1.44649,1440000,1800000
2022-09-30 12:29:22.101000,1.44652,1.44645,1200000,1920000
2022-09-30 12:29:22.203000,1.44654,1.44645,1200000,1320000
2022-09-30 12:29:22.305000,1.44655,1.44643,1940000,2060000
2022-09-30 12:29:22.457000,1.44656,1.44646,1500000,1200000
2022-09-30 12:29:22.711000,1.44658,1.44647,5950000,1200000
2022-09-30 12:29:23.024000,1.44658,1.44647,2520000,1200000
2022-09-30 12:29:23.126000,1.44658,1.4465,1500000,1200000
2022-09-30 12:29:23.228000,1.4466,1.4465,1800000,1200000
2022-09-30 12:29:23.330000,1.44662,1.44651,4860000,1440000
2022-09-30 12:29:23.432000,1.44661,1.4465,1800000,1440000
2022-09-30 12:29:23.990000,1.44659,1.4465,1800000,1920000
2022-09-30 12:29:24.042000,1.44661,1.4465,1920000,1920000
2022-09-30 12:29:24.391000,1.44659,1.4465,1320000,1200000
2022-09-30 12:29:24.544000,1.44661,1.4465,5950000,1200000
2022-09-30 12:29:24.646000,1.44662,1.4465,6640000,1200000
2022-09-30 12:29:24.747000,1.4466,1.4465,5050000,1200000
2022-09-30 12:29:25.049000,1.44661,1.4465,7310000,1200000
2022-09-30 12:29:25.151000,1.4466,1.44649,1320000,1200000
2022-09-30 12:29:25.304000,1.44662,1.44649,7310000,1200000
2022-09-30 12:29:25.512000,1.44659,1.44649,2520000,1200000
2022-09-30 12:29:25.564000,1.4466,1.44649,3940000,1200000
2022-09-30 12:29:25.665000,1.44659,1.44647,2220000,4640000
2022-09-30 12:29:26.017000,1.44659,1.44647,2220000,1200000
2022-09-30 12:29:26.119000,1.44659,1.44647,2220000,1200000
2022-09-30 12:29:26.223000,1.44658,1.44647,1320000,1200000
2022-09-30 12:29:26.641000,1.44659,1.44647,2220000,1200000
2022-09-30 12:29:26.794000,1.44659,1.44647,2820000,1200000
2022-09-30 12:29:26.896000,1.44659,1.44647,2220000,1200000
2022-09-30 12:29:27.125000,1.44658,1.44647,1620000,1200000
2022-09-30 12:29:27.259000,1.44657,1.44646,1210000,1200000
2022-09-30 12:29:27.513000,1.44657,1.44646,1210000,3420000
2022-09-30 12:29:27.876000,1.44657,1.44646,1620000,3420000
2022-09-30 12:29:27.978000,1.44658,1.44651,1800000,5040000
2022-09-30 12:29:28.081000,1.4466,1.44651,5050000,1320000
2022-09-30 12:29:28.182000,1.4466,1.4465,1320000,4580000
2022-09-30 12:29:28.629000,1.44659,1.44651,1320000,5040000
2022-09-30 12:29:28.731000,1.44659,1.44651,1320000,5040000
2022-09-30 12:29:28.833000,1.4466,1.44652,1320000,1320000
2022-09-30 12:29:29.036000,1.44661,1.44652,1320000,1320000
2022-09-30 12:29:29.138000,1.4466,1.44652,1970000,1320000
2022-09-30 12:29:29.727000,1.44663,1.44654,2270000,1320000
2022-09-30 12:29:29.829000,1.44664,1.44654,1320000,1920000
2022-09-30 12:29:30.185000,1.44665,1.44655,2290000,1920000
2022-09-30 12:29:30.236000,1.44663,1.44653,1440000,1920000
2022-09-30 12:29:30.338000,1.44663,1.44653,2340000,1320000
2022-09-30 12:29:30.450000,1.44663,1.44652,2480000,1920000
2022-09-30 12:29:30.501000,1.44663,1.44653,1340000,3860000
2022-09-30 12:29:30.603000,1.44664,1.44655,1320000,1440000
2022-09-30 12:29:30.756000,1.44663,1.44655,1200000,2290000
2022-09-30 12:29:30.858000,1.44666,1.44656,1320000,1440000
2022-09-30 12:29:31.112000,1.44665,1.44655,1320000,1500000
2022-09-30 12:29:31.214000,1.44664,1.44654,1320000,1440000
2022-09-30 12:29:31.823000,1.44664,1.44654,1320000,1920000
2022-09-30 12:29:32,1.44665,1.44654,1920000,1920000
2022-09-30 12:29:32.305000,1.44666,1.44655,1920000,1320000
2022-09-30 12:29:32.610000,1.44666,1.44653,1320000,1880000
2022-09-30 12:29:32.661000,1.44666,1.44655,1920000,1320000
2022-09-30 12:29:34.931000,1.44666,1.44655,4160000,1320000
2022-09-30 12:29:35.033000,1.44664,1.44653,1620000,1880000
2022-09-30 12:29:35.134000,1.44664,1.44653,2520000,1880000
2022-09-30 12:29:35.287000,1.44664,1.44653,1620000,1880000
2022-09-30 12:29:35.389000,1.44664,1.44653,2220000,5660000
2022-09-30 12:29:35.592000,1.44663,1.44653,1810000,1320000
2022-09-30 12:29:36.596000,1.44664,1.44652,1440000,1320000
2022-09-30 12:29:37.063000,1.44662,1.44652,1500000,1320000
2022-09-30 12:29:38.628000,1.44661,1.44651,1920000,1320000
2022-09-30 12:29:38.730000,1.44661,1.44651,1320000,2060000
2022-09-30 12:29:38.875000,1.44661,1.44651,1320000,1920000
2022-09-30 12:29:39.281000,1.44659,1.44651,1920000,4580000
2022-09-30 12:29:39.383000,1.44657,1.44649,1670000,1320000
2022-09-30 12:29:39.485000,1.44655,1.44649,1200000,4200000
2022-09-30 12:29:39.587000,1.44657,1.44648,1740000,4200000
2022-09-30 12:29:40.712000,1.4466,1.44651,3900000,1620000
2022-09-30 12:29:40.764000,1.44659,1.44651,1320000,1320000
2022-09-30 12:29:40.917000,1.44656,1.44648,1920000,4200000
2022-09-30 12:29:41.019000,1.44656,1.44647,2820000,7280000
2022-09-30 12:29:41.070000,1.44652,1.44648,1320000,1200000
