time,ask,bid,ask_volume,bid_volume
2019-05-15 12:25:00.088000,1.09297,1.09295,4160000,1250000
2019-05-15 12:25:00.190000,1.09298,1.09295,5140000,2870000
2019-05-15 12:25:00.843000,1.09299,1.09298,2250000,1250000
2019-05-15 12:25:01.017000,1.093,1.09298,1250000,2440000
2019-05-15 12:25:01.475000,1.093,1.09298,1000000,1750000
2019-05-15 12:25:01.855000,1.09301,1.09298,2250000,3700000
2019-05-15 12:25:02.845000,1.09301,1.09298,2370000,3320000
2019-05-15 12:25:03.939000,1.09301,1.09298,4060000,1760000
2019-05-15 12:25:07.927000,1.09301,1.09298,3940000,1690000
2019-05-15 12:25:08.857000,1.093,1.09298,1000000,1690000
2019-05-15 12:25:09.618000,1.09301,1.093,1690000,2620000
2019-05-15 12:25:09.670000,1.09303,1.09301,1690000,1250000
2019-05-15 12:25:09.772000,1.09303,1.09301,1000000,4000000
2019-05-15 12:25:10.251000,1.09304,1.09302,1000000,1750000
2019-05-15 12:25:10.353000,1.09304,1.09302,1250000,1690000
2019-05-15 12:25:11.524000,1.09309,1.09307,1690000,1540000
2019-05-15 12:25:11.627000,1.09312,1.0931,3190000,2560000
2019-05-15 12:25:11.729000,1.09313,1.09311,3070000,1370000
2019-05-15 12:25:11.831000,1.09313,1.09312,1000000,1250000
2019-05-15 12:25:11.934000,1.09312,1.09311,1000000,2440000
2019-05-15 12:25:12.075000,1.0931,1.09308,1810000,2890000
2019-05-15 12:25:12.179000,1.0931,1.09308,1250000,3190000
2019-05-15 12:25:12.535000,1.09311,1.0931,1250000,1000000
2019-05-15 12:25:13.147000,1.09311,1.0931,1000000,1250000
2019-05-15 12:25:14.106000,1.09312,1.0931,1690000,1250000
2019-05-15 12:25:14.866000,1.09312,1.0931,1000000,4000000
2019-05-15 12:25:14.968000,1.09313,1.09311,2810000,1250000
2019-05-15 12:25:15.817000,1.09312,1.09311,1000000,1250000
2019-05-15 12:25:15.971000,1.09313,1.09311,4310000,1250000
2019-05-15 12:25:16.814000,1.09312,1.09311,1000000,1250000
2019-05-15 12:25:16.916000,1.09311,1.0931,1310000,1000000
2019-05-15 12:25:17.018000,1.09311,1.09309,3560000,1690000
2019-05-15 12:25:17.222000,1.0931,1.09308,1250000,1690000
2019-05-15 12:25:17.366000,1.0931,1.09308,1000000,1750000
2019-05-15 12:25:18.922000,1.09311,1.09308,3370000,3250000
2019-05-15 12:25:20.125000,1.0931,1.09308,1000000,2500000
2019-05-15 12:25:22.132000,1.0931,1.09307,1870000,3620000
2019-05-15 12:25:23.378000,1.09308,1.09307,2250000,1250000
2019-05-15 12:25:23.481000,1.09306,1.09304,1000000,3620000
2019-05-15 12:25:23.952000,1.09306,1.09303,1570000,3620000
2019-05-15 12:25:24.328000,1.09305,1.09303,1000000,2870000
2019-05-15 12:25:24.430000,1.09304,1.09302,2620000,2500000
2019-05-15 12:25:24.481000,1.09304,1.09301,3370000,3190000
2019-05-15 12:25:24.583000,1.09304,1.09301,4390000,1690000
2019-05-15 12:25:24.728000,1.09303,1.09301,1500000,1750000
2019-05-15 12:25:27.184000,1.09303,1.09301,2060000,1250000
2019-05-15 12:25:29.019000,1.09303,1.09301,1000000,1750000
2019-05-15 12:25:29.172000,1.09304,1.09301,3450000,2500000
2019-05-15 12:25:30.028000,1.09305,1.09302,5510000,1690000
2019-05-15 12:25:30.498000,1.09305,1.09302,5200000,1690000
2019-05-15 12:25:31.538000,1.09304,1.09301,5260000,1750000
2019-05-15 12:25:34.754000,1.09304,1.09301,2510000,4310000
2019-05-15 12:25:34.856000,1.09304,1.09302,1250000,1120000
2019-05-15 12:25:35.060000,1.09304,1.09302,1000000,2120000
2019-05-15 12:25:35.211000,1.09305,1.09303,1250000,1250000
2019-05-15 12:25:36.232000,1.09306,1.09303,2810000,2500000
2019-05-15 12:25:46.325000,1.09307,1.09305,4120000,1250000
2019-05-15 12:25:46.427000,1.09309,1.09307,3370000,1250000
2019-05-15 12:25:46.529000,1.09309,1.09307,1120000,2120000
2019-05-15 12:25:47.048000,1.09309,1.09306,1870000,4000000
2019-05-15 12:25:50.641000,1.0931,1.09308,2260000,1250000
2019-05-15 12:25:55.313000,1.09308,1.09307,1120000,1250000
2019-05-15 12:25:55.518000,1.09308,1.09306,2510000,1690000
2019-05-15 12:25:55.620000,1.09307,1.09305,2620000,2250000
2019-05-15 12:25:55.722000,1.09306,1.09304,1500000,2440000
2019-05-15 12:25:55.875000,1.09306,1.09304,2820000,1250000
2019-05-15 12:25:56.681000,1.09306,1.09304,1950000,1250000
2019-05-15 12:26:01.497000,1.09306,1.09304,1870000,2500000
2019-05-15 12:26:15.561000,1.09306,1.09304,1000000,2440000
2019-05-15 12:26:21.538000,1.09307,1.09305,2810000,1250000
2019-05-15 12:26:21.692000,1.09308,1.09306,1000000,2500000
2019-05-15 12:26:21.808000,1.09308,1.09307,1000000,1310000
2019-05-15 12:26:21.910000,1.09309,1.09307,1000000,1310000
2019-05-15 12:26:25.639000,1.0931,1.09307,2060000,2060000
2019-05-15 12:26:26.187000,1.0931,1.09307,2140000,1750000
2019-05-15 12:26:26.289000,1.09309,1.09307,2440000,1250000
2019-05-15 12:26:26.414000,1.09308,1.09307,1000000,1250000
2019-05-15 12:26:32.708000,1.09307,1.09306,1500000,1250000
2019-05-15 12:26:32.811000,1.09307,1.09305,1870000,1690000
2019-05-15 12:26:36.263000,1.09307,1.09304,2440000,1690000
2019-05-15 12:26:37.259000,1.09307,1.09304,3560000,1750000
2019-05-15 12:26:37.361000,1.09307,1.09304,2620000,3250000
2019-05-15 12:26:38.630000,1.09307,1.09305,1120000,1690000
2019-05-15 12:26:38.777000,1.09306,1.09304,1000000,1690000
2019-05-15 12:26:40.895000,1.09306,1.09303,1690000,2810000
2019-05-15 12:26:40.997000,1.09305,1.09303,1500000,1500000
2019-05-15 12:26:41.100000,1.09304,1.09301,3940000,5120000
2019-05-15 12:26:41.202000,1.09304,1.09302,2750000,1000000
2019-05-15 12:26:41.304000,1.09304,1.09302,1870000,1000000
2019-05-15 12:26:41.702000,1.09304,1.09301,4120000,2810000
2019-05-15 12:26:41.805000,1.09304,1.09301,4370000,1310000
2019-05-15 12:26:43.947000,1.09302,1.093,1000000,2250000
2019-05-15 12:26:44.050000,1.093,1.09298,2560000,1250000
2019-05-15 12:26:44.437000,1.093,1.09297,4870000,2440000
2019-05-15 12:26:48.106000,1.09303,1.093,3000000,2620000
2019-05-15 12:26:48.209000,1.09306,1.09304,2250000,1250000
2019-05-15 12:26:48.387000,1.09305,1.09303,1000000,4120000
2019-05-15 12:26:52.032000,1.09306,1.09303,1500000,5120000
2019-05-15 12:26:52.585000,1.09307,1.09304,3820000,3560000
2019-05-15 12:26:52.687000,1.09306,1.09304,1870000,1500000
2019-05-15 12:26:52.790000,1.09304,1.09303,1000000,1000000
2019-05-15 12:26:52.892000,1.09302,1.093,1000000,4690000
2019-05-15 12:26:52.994000,1.09302,1.09301,1000000,1000000
2019-05-15 12:26:53.096000,1.09303,1.09301,1100000,1500000
2019-05-15 12:27:01.838000,1.09302,1.09301,1000000,1250000
2019-05-15 12:27:01.890000,1.09302,1.093,1870000,1310000
2019-05-15 12:27:04.215000,1.09303,1.09301,2250000,1750000
2019-05-15 12:27:04.327000,1.09304,1.09301,6560000,2500000
2019-05-15 12:27:04.736000,1.09303,1.09301,1000000,1250000
2019-05-15 12:27:04.838000,1.09303,1.093,1000000,5440000
2019-05-15 12:27:09.728000,1.09303,1.093,1000000,4750000
2019-05-15 12:27:15.164000,1.09305,1.09302,7010000,1690000
2019-05-15 12:27:15.215000,1.09305,1.09303,7570000,1750000
2019-05-15 12:27:15.371000,1.09305,1.09303,2810000,1250000
2019-05-15 12:27:15.678000,1.09304,1.09302,1500000,2500000
2019-05-15 12:27:17.634000,1.09305,1.09303,1570000,2500000
2019-05-15 12:27:17.737000,1.09306,1.09303,6310000,4000000
2019-05-15 12:27:17.839000,1.09305,1.09303,2060000,1690000
2019-05-15 12:27:19.445000,1.09305,1.09303,1120000,1250000
2019-05-15 12:27:19.877000,1.09305,1.09302,3560000,4200000
2019-05-15 12:27:21.141000,1.09305,1.09303,1120000,1250000
2019-05-15 12:27:21.244000,1.09305,1.09302,2120000,3940000
2019-05-15 12:27:29.386000,1.09305,1.09302,1000000,5570000
2019-05-15 12:27:29.488000,1.09306,1.09303,2620000,2500000
2019-05-15 12:27:29.590000,1.09306,1.09303,2810000,1500000
2019-05-15 12:27:32.058000,1.09306,1.09303,4120000,2500000
2019-05-15 12:27:33.186000,1.09306,1.09303,4370000,1250000
2019-05-15 12:27:35.813000,1.09305,1.09303,1000000,1370000
2019-05-15 12:27:35.916000,1.09306,1.09303,3750000,3620000
2019-05-15 12:27:39.739000,1.09306,1.09303,1690000,2810000
2019-05-15 12:27:40.148000,1.09306,1.09303,5250000,1250000
2019-05-15 12:27:53.574000,1.09304,1.09303,1000000,1250000
2019-05-15 12:27:57.211000,1.09304,1.09302,1000000,1500000
2019-05-15 12:27:58.247000,1.09304,1.09302,1000000,2200000
2019-05-15 12:28:00.067000,1.09304,1.09302,1000000,2250000
2019-05-15 12:28:00.168000,1.09304,1.09302,1000000,4000000
2019-05-15 12:28:00.271000,1.09305,1.09303,1000000,1250000
2019-05-15 12:28:05.815000,1.09305,1.09302,1000000,3750000
2019-05-15 12:28:05.929000,1.09305,1.09302,1500000,5200000
2019-05-15 12:28:06.031000,1.09305,1.09302,1000000,4390000
2019-05-15 12:28:06.335000,1.09305,1.09303,1000000,1250000
2019-05-15 12:28:06.387000,1.09305,1.09302,1000000,3940000
2019-05-15 12:28:06.438000,1.09306,1.09303,2620000,3700000
2019-05-15 12:28:08.258000,1.09306,1.09303,2440000,2060000
2019-05-15 12:28:09.336000,1.09305,1.09303,1000000,1310000
2019-05-15 12:28:28.301000,1.09305,1.09302,1000000,5140000
2019-05-15 12:28:28.783000,1.09305,1.09302,1000000,4750000
2019-05-15 12:28:37.399000,1.09305,1.09302,2810000,3560000
2019-05-15 12:28:37.552000,1.09304,1.09302,1000000,1760000
2019-05-15 12:28:37.686000,1.09304,1.09301,1690000,3190000
2019-05-15 12:28:41.680000,1.09304,1.09301,1500000,3320000
2019-05-15 12:28:43.336000,1.09305,1.09302,2810000,1690000
2019-05-15 12:28:43.783000,1.09305,1.09302,1870000,3700000
2019-05-15 12:28:50.614000,1.09306,1.09302,1690000,4750000
2019-05-15 12:28:53.390000,1.09305,1.09303,1000000,1310000
2019-05-15 12:28:55.293000,1.09305,1.09302,1310000,1690000
2019-05-15 12:28:55.987000,1.09304,1.09302,1000000,1690000
2019-05-15 12:28:57.473000,1.09303,1.09302,2620000,1500000
2019-05-15 12:28:57.576000,1.09301,1.093,1000000,2440000
2019-05-15 12:28:57.678000,1.09301,1.09299,1000000,1750000
2019-05-15 12:28:57.984000,1.093,1.09298,1000000,2440000
2019-05-15 12:29:01.231000,1.093,1.09297,1870000,1870000
2019-05-15 12:29:01.437000,1.09301,1.09299,2250000,2620000
2019-05-15 12:29:01.540000,1.09302,1.093,1000000,1120000
2019-05-15 12:29:01.642000,1.09302,1.093,1500000,1370000
2019-05-15 12:29:02.861000,1.09302,1.09299,2440000,1690000
2019-05-15 12:29:02.912000,1.09301,1.093,1000000,1250000
2019-05-15 12:29:02.963000,1.09301,1.09298,1000000,5620000
2019-05-15 12:29:03.014000,1.09302,1.093,2250000,1250000
2019-05-15 12:29:03.199000,1.09302,1.093,1500000,1750000
2019-05-15 12:29:04.226000,1.09302,1.09301,1000000,1250000
2019-05-15 12:29:04.938000,1.09304,1.093,4810000,4870000
2019-05-15 12:29:05.298000,1.09304,1.09303,1500000,1000000
2019-05-15 12:29:05.350000,1.09307,1.09305,1250000,1310000
2019-05-15 12:29:05.401000,1.09308,1.09306,1000000,1370000
2019-05-15 12:29:05.503000,1.09309,1.09307,2250000,1250000
2019-05-15 12:29:07.314000,1.09308,1.09306,1500000,1250000
2019-05-15 12:29:07.416000,1.09308,1.09306,1690000,1000000
2019-05-15 12:29:07.519000,1.09306,1.09303,1690000,4890000
2019-05-15 12:29:07.621000,1.09305,1.09303,1250000,1500000
2019-05-15 12:29:07.724000,1.09304,1.09302,2500000,1000000
2019-05-15 12:29:07.826000,1.09304,1.09301,4870000,1310000
2019-05-15 12:29:09.188000,1.09302,1.093,1000000,1250000
2019-05-15 12:29:09.420000,1.09303,1.093,2440000,2120000
2019-05-15 12:29:15.677000,1.09302,1.09299,1250000,2810000
2019-05-15 12:29:15.865000,1.09302,1.09299,1750000,1000000
2019-05-15 12:29:15.967000,1.09301,1.09298,1250000,4390000
2019-05-15 12:29:17.434000,1.09302,1.09299,1750000,1120000
2019-05-15 12:29:19.337000,1.09303,1.093,3190000,1750000
2019-05-15 12:29:19.440000,1.09303,1.093,1690000,1120000
2019-05-15 12:29:19.544000,1.09303,1.093,2120000,1120000
2019-05-15 12:29:19.801000,1.09302,1.093,1750000,1000000
2019-05-15 12:29:20.146000,1.09302,1.09299,2250000,2720000
2019-05-15 12:29:20.250000,1.09304,1.09301,1310000,2440000
2019-05-15 12:29:21.038000,1.09304,1.09301,3310000,1250000
2019-05-15 12:29:22.361000,1.09303,1.093,1310000,1310000
2019-05-15 12:29:23.882000,1.09301,1.09298,1250000,5590000
2019-05-15 12:29:24.657000,1.09301,1.09298,1250000,3640000
2019-05-15 12:29:24.846000,1.093,1.09298,1250000,1000000
2019-05-15 12:29:24.948000,1.09299,1.09297,1250000,1000000
2019-05-15 12:29:25.051000,1.09298,1.09296,1310000,2700000
2019-05-15 12:29:26.904000,1.09298,1.09295,2060000,2440000
2019-05-15 12:29:27.006000,1.09297,1.09295,1250000,3450000
2019-05-15 12:29:27.735000,1.09297,1.09294,1690000,1250000
2019-05-15 12:29:27.935000,1.09298,1.09295,2500000,1000000
2019-05-15 12:29:28.840000,1.09298,1.09296,1250000,1000000
2019-05-15 12:29:30.157000,1.093,1.09296,1370000,1250000
2019-05-15 12:29:31.689000,1.09299,1.09295,2120000,1570000
2019-05-15 12:29:31.741000,1.09299,1.09294,3070000,1250000
2019-05-15 12:29:31.793000,1.09297,1.09293,1250000,2250000
2019-05-15 12:29:31.845000,1.09296,1.09291,1250000,1990000
2019-05-15 12:29:32.555000,1.09295,1.09291,1250000,1250000
2019-05-15 12:29:41.350000,1.09295,1.09291,1370000,1250000
2019-05-15 12:29:41.503000,1.09294,1.09291,1250000,1690000
2019-05-15 12:29:41.970000,1.09294,1.09289,1250000,2440000
2019-05-15 12:29:42.631000,1.09295,1.09289,1750000,1750000
2019-05-15 12:29:42.770000,1.09295,1.09289,1250000,1750000
2019-05-15 12:29:42.872000,1.09295,1.0929,1000000,1250000
2019-05-15 12:29:43.126000,1.09297,1.0929,2190000,1250000
2019-05-15 12:29:43.979000,1.09296,1.09289,1870000,1500000
2019-05-15 12:29:45.451000,1.09295,1.09289,1000000,1870000
2019-05-15 12:29:45.618000,1.09296,1.09289,2620000,1120000
2019-05-15 12:29:46.881000,1.09293,1.09288,1000000,1500000
2019-05-15 12:29:47.035000,1.09295,1.09288,4250000,1120000
2019-05-15 12:29:47.143000,1.09296,1.0929,1000000,1500000
2019-05-15 12:29:47.246000,1.09297,1.09289,1870000,1000000
2019-05-15 12:29:47.348000,1.09296,1.09289,1000000,1000000
2019-05-15 12:29:47.450000,1.09295,1.09289,1000000,1000000
2019-05-15 12:29:47.708000,1.09295,1.09289,1000000,1500000
2019-05-15 12:29:47.861000,1.09299,1.0929,1160000,1120000
2019-05-15 12:29:48.014000,1.09299,1.0929,1540000,1620000
2019-05-15 12:29:48.116000,1.09298,1.0929,1000000,1000000
2019-05-15 12:29:48.517000,1.09298,1.0929,1000000,1000000
2019-05-15 12:29:48.619000,1.09296,1.0929,1000000,1000000
2019-05-15 12:29:48.723000,1.09297,1.09287,1000000,5820000
2019-05-15 12:29:48.825000,1.09296,1.09287,1000000,5070000
2019-05-15 12:29:49.174000,1.09297,1.09287,1000000,5070000
2019-05-15 12:29:49.276000,1.09295,1.09287,1000000,5070000
2019-05-15 12:29:49.378000,1.09299,1.09289,1870000,1620000
2019-05-15 12:29:49.899000,1.09299,1.0929,1540000,1000000
2019-05-15 12:29:50.125000,1.09299,1.0929,2290000,1000000
2019-05-15 12:29:50.228000,1.09299,1.09289,2100000,1000000
2019-05-15 12:29:51.399000,1.09299,1.09291,1200000,1000000
2019-05-15 12:29:51.952000,1.09299,1.09292,1200000,1000000
2019-05-15 12:29:52.125000,1.093,1.09291,1800000,1000000
2019-05-15 12:29:52.176000,1.093,1.09289,1800000,1000000
2019-05-15 12:29:52.279000,1.09304,1.0929,4020000,1000000
2019-05-15 12:29:52.331000,1.09304,1.09294,1100000,3000000
2019-05-15 12:29:52.434000,1.09302,1.09297,1000000,1000000
2019-05-15 12:29:52.537000,1.09301,1.09297,1000000,1500000
2019-05-15 12:29:52.792000,1.09302,1.09295,1500000,1000000
2019-05-15 12:29:52.894000,1.09302,1.09291,1500000,1000000
2019-05-15 12:29:53.097000,1.09301,1.0929,1000000,1000000
2019-05-15 12:29:53.590000,1.09302,1.0929,1000000,1250000
2019-05-15 12:29:53.692000,1.09301,1.09286,1000000,1750000
2019-05-15 12:29:53.998000,1.09302,1.09289,1900000,1000000
2019-05-15 12:29:54.822000,1.09299,1.09287,1050000,2620000
2019-05-15 12:29:55.131000,1.09303,1.09289,1500000,1000000
2019-05-15 12:29:55.409000,1.09303,1.09288,1500000,1000000
2019-05-15 12:29:56.041000,1.09303,1.09287,1500000,1870000
2019-05-15 12:29:56.326000,1.09303,1.09289,1000000,4500000
2019-05-15 12:29:56.428000,1.09303,1.09287,1500000,1200000
2019-05-15 12:29:56.659000,1.09302,1.09287,1000000,1200000
2019-05-15 12:29:56.914000,1.09303,1.09287,1500000,1200000
2019-05-15 12:29:57.067000,1.09302,1.09288,2250000,1000000
2019-05-15 12:29:57.267000,1.09303,1.09288,1000000,1000000
2019-05-15 12:29:57.499000,1.09301,1.09288,1500000,1000000
2019-05-15 12:29:57.601000,1.09298,1.09289,1000000,3000000
2019-05-15 12:29:57.652000,1.09305,1.09291,1870000,1000000
2019-05-15 12:29:58.053000,1.09306,1.09293,1750000,1000000
2019-05-15 12:29:59.658000,1.09306,1.09293,2440000,1000000
2019-05-15 12:29:59.984000,1.09306,1.09295,2440000,1000000
2019-05-15 12:30:00.085000,1.09305,1.09303,1000000,1000000
2019-05-15 12:30:00.136000,1.09305,1.09298,1000000,1000000
2019-05-15 12:30:00.187000,1.09306,1.093,1000000,1500000
2019-05-15 12:30:00.791000,1.09292,1.09283,1500000,1000000
2019-05-15 12:30:00.924000,1.09282,1.09279,1000000,2250000
2019-05-15 12:30:00.976000,1.09251,1.09241,1000000,1500000
2019-05-15 12:30:01.077000,1.09252,1.09246,1000000,1000000
2019-05-15 12:30:01.128000,1.09255,1.09245,1000000,2250000
2019-05-15 12:30:01.179000,1.09249,1.0924,1000000,1000000
2019-05-15 12:30:01.288000,1.09247,1.09242,1000000,1000000
2019-05-15 12:30:01.389000,1.0925,1.09242,1000000,1000000
2019-05-15 12:30:01.584000,1.0925,1.09239,1750000,1120000
2019-05-15 12:30:01.686000,1.09248,1.09238,1250000,1000000
2019-05-15 12:30:01.787000,1.09241,1.09236,1410000,1750000
2019-05-15 12:30:01.882000,1.0924,1.09233,1250000,1000000
2019-05-15 12:30:01.933000,1.0924,1.09229,1750000,3600000
2019-05-15 12:30:02.034000,1.09241,1.09233,1250000,1000000
2019-05-15 12:30:02.085000,1.09239,1.0923,2440000,2890000
2019-05-15 12:30:02.136000,1.09241,1.09233,5140000,1510000
2019-05-15 12:30:02.244000,1.09237,1.0923,1000000,1500000
2019-05-15 12:30:02.345000,1.09236,1.0923,1000000,1500000
2019-05-15 12:30:02.448000,1.09241,1.0923,1000000,1500000
2019-05-15 12:30:02.552000,1.09247,1.09242,3000000,1000000
2019-05-15 12:30:02.604000,1.09241,1.09235,1000000,1880000
2019-05-15 12:30:02.725000,1.09238,1.09233,1000000,1250000
2019-05-15 12:30:02.827000,1.09238,1.09227,1000000,2960000
2019-05-15 12:30:03.124000,1.09239,1.09229,1000000,3000000
2019-05-15 12:30:03.226000,1.09238,1.09232,1000000,1010000
2019-05-15 12:30:03.328000,1.09236,1.0923,1000000,2610000
2019-05-15 12:30:03.480000,1.09235,1.09228,1000000,3370000
2019-05-15 12:30:03.619000,1.09234,1.09228,1000000,3250000
2019-05-15 12:30:03.674000,1.09237,1.09229,1000000,1250000
2019-05-15 12:30:03.725000,1.09234,1.0923,1000000,1000000
2019-05-15 12:30:03.826000,1.09233,1.0923,1000000,1000000
2019-05-15 12:30:03.928000,1.09231,1.09227,1000000,1200000
2019-05-15 12:30:04.350000,1.09232,1.09224,1000000,3500000
2019-05-15 12:30:04.603000,1.09233,1.09227,1500000,3440000
2019-05-15 12:30:04.705000,1.09229,1.09226,1000000,3250000
2019-05-15 12:30:04.770000,1.09229,1.09224,1000000,2240000
2019-05-15 12:30:04.821000,1.09232,1.09226,1000000,2000000
2019-05-15 12:30:04.922000,1.09235,1.09227,1500000,3440000
2019-05-15 12:30:05.024000,1.09233,1.0923,1000000,1000000
2019-05-15 12:30:05.075000,1.09235,1.0923,4690000,1000000
2019-05-15 12:30:05.176000,1.09231,1.09224,1000000,2770000
2019-05-15 12:30:05.278000,1.0923,1.09224,1000000,2250000
2019-05-15 12:30:05.380000,1.09228,1.09224,1500000,1000000
2019-05-15 12:30:05.481000,1.09226,1.09224,1000000,1000000
2019-05-15 12:30:05.532000,1.0923,1.09224,1000000,1000000
2019-05-15 12:30:05.684000,1.09232,1.09224,2440000,1000000
2019-05-15 12:30:05.837000,1.09232,1.09225,1000000,1000000
2019-05-15 12:30:05.938000,1.09232,1.09224,1000000,2250000
2019-05-15 12:30:06.041000,1.09235,1.09233,1000000,1000000
2019-05-15 12:30:06.144000,1.09236,1.09233,1610000,1500000
2019-05-15 12:30:06.309000,1.09235,1.09233,1000000,1500000
2019-05-15 12:30:06.410000,1.09236,1.09233,1250000,1500000
2019-05-15 12:30:06.615000,1.09237,1.09233,1000000,1500000
2019-05-15 12:30:06.734000,1.09245,1.09239,1120000,1250000
2019-05-15 12:30:06.836000,1.09246,1.09242,1250000,1300000
2019-05-15 12:30:06.941000,1.09246,1.09242,1100000,1000000
2019-05-15 12:30:07.043000,1.09246,1.09239,1250000,2900000
2019-05-15 12:30:07.249000,1.09246,1.09242,1250000,1000000
2019-05-15 12:30:07.351000,1.09248,1.09245,1500000,1500000
2019-05-15 12:30:07.455000,1.09249,1.09248,1500000,1000000
2019-05-15 12:30:07.557000,1.09248,1.09242,1000000,1750000
2019-05-15 12:30:07.823000,1.0925,1.09242,1250000,1750000
2019-05-15 12:30:08.231000,1.09251,1.09242,1250000,2120000
2019-05-15 12:30:08.789000,1.09253,1.09242,1250000,2870000
2019-05-15 12:30:08.840000,1.09253,1.09243,1750000,1250000
2019-05-15 12:30:08.942000,1.09251,1.09242,1250000,2870000
2019-05-15 12:30:09.456000,1.09253,1.09243,1250000,1250000
2019-05-15 12:30:09.558000,1.09249,1.09242,1000000,2500000
2019-05-15 12:30:09.764000,1.09248,1.09244,1000000,1250000
2019-05-15 12:30:09.865000,1.09252,1.09246,1250000,1000000
2019-05-15 12:30:09.968000,1.09251,1.09245,1750000,1250000
2019-05-15 12:30:10.175000,1.09243,1.09241,1000000,1870000
2019-05-15 12:30:10.226000,1.09241,1.09237,1750000,1310000
2019-05-15 12:30:10.278000,1.09236,1.09234,1250000,1000000
2019-05-15 12:30:10.329000,1.09235,1.09231,1250000,1250000
2019-05-15 12:30:10.381000,1.09232,1.09228,1250000,1000000
2019-05-15 12:30:10.434000,1.09226,1.09222,1250000,1500000
2019-05-15 12:30:10.537000,1.09224,1.09221,1250000,1000000
2019-05-15 12:30:10.588000,1.09228,1.09223,2250000,1250000
2019-05-15 12:30:10.639000,1.09229,1.09226,1250000,1000000
2019-05-15 12:30:10.741000,1.09233,1.0923,5870000,1000000
2019-05-15 12:30:10.843000,1.09236,1.09233,1250000,1000000
2019-05-15 12:30:10.948000,1.09237,1.09234,1000000,1690000
2019-05-15 12:30:11,1.09244,1.0924,3000000,1250000
2019-05-15 12:30:11.053000,1.09247,1.09239,1250000,2500000
2019-05-15 12:30:11.258000,1.09245,1.0924,1250000,1570000
2019-05-15 12:30:11.360000,1.0924,1.09235,1250000,1120000
2019-05-15 12:30:11.462000,1.09239,1.09233,1250000,1000000
2019-05-15 12:30:11.563000,1.0924,1.09233,1250000,1250000
2019-05-15 12:30:11.665000,1.0924,1.09233,1250000,1250000
2019-05-15 12:30:11.767000,1.0924,1.09233,1250000,1250000
2019-05-15 12:30:11.869000,1.09239,1.09233,1250000,1000000
2019-05-15 12:30:12.264000,1.09239,1.09233,1250000,1250000
2019-05-15 12:30:12.366000,1.0924,1.09236,1250000,1000000
2019-05-15 12:30:12.469000,1.09239,1.09233,2500000,1150000
2019-05-15 12:30:12.613000,1.0923,1.09228,1250000,1120000
2019-05-15 12:30:12.665000,1.0923,1.09224,1250000,1250000
2019-05-15 12:30:12.768000,1.09229,1.09223,1250000,1250000
2019-05-15 12:30:12.869000,1.09229,1.09223,1250000,1250000
2019-05-15 12:30:13.163000,1.09231,1.09225,1250000,1250000
2019-05-15 12:30:13.265000,1.09233,1.09227,1250000,1250000
2019-05-15 12:30:13.623000,1.09233,1.09227,1250000,1250000
2019-05-15 12:30:13.852000,1.09231,1.09227,1500000,1250000
2019-05-15 12:30:14.004000,1.09233,1.09227,1750000,1250000
2019-05-15 12:30:14.107000,1.09233,1.09229,1750000,1000000
2019-05-15 12:30:14.209000,1.09233,1.0923,1250000,1120000
2019-05-15 12:30:14.845000,1.09239,1.09235,3000000,1000000
2019-05-15 12:30:14.976000,1.09239,1.09234,1000000,1000000
2019-05-15 12:30:15.080000,1.0924,1.09235,4500000,1120000
2019-05-15 12:30:15.131000,1.0924,1.09237,1000000,11220000
2019-05-15 12:30:15.183000,1.09246,1.09243,1000000,1000000
2019-05-15 12:30:15.234000,1.09251,1.09247,1120000,2250000
2019-05-15 12:30:15.330000,1.09251,1.09249,1000000,1000000
2019-05-15 12:30:15.382000,1.09254,1.09249,3000000,1500000
2019-05-15 12:30:15.585000,1.09256,1.09251,6370000,1000000
2019-05-15 12:30:15.709000,1.09256,1.0925,3000000,1000000
2019-05-15 12:30:15.811000,1.09256,1.09251,2250000,1000000
2019-05-15 12:30:16.016000,1.09258,1.09253,1000000,1000000
2019-05-15 12:30:16.120000,1.09258,1.09254,1000000,1120000
2019-05-15 12:30:16.256000,1.0926,1.09254,3750000,1120000
2019-05-15 12:30:16.359000,1.0926,1.09251,3000000,5670000
2019-05-15 12:30:16.461000,1.09259,1.09253,1000000,1000000
2019-05-15 12:30:16.788000,1.09259,1.09254,1500000,1000000
2019-05-15 12:30:16.942000,1.09258,1.09254,1000000,1870000
2019-05-15 12:30:17.044000,1.0926,1.09254,1500000,1870000
2019-05-15 12:30:17.095000,1.09259,1.09254,1250000,2060000
2019-05-15 12:30:17.198000,1.09259,1.09255,1750000,1000000
2019-05-15 12:30:18.497000,1.09259,1.09255,1250000,1250000
2019-05-15 12:30:19.064000,1.09259,1.09255,1250000,1500000
2019-05-15 12:30:19.167000,1.0925,1.09249,1250000,1000000
2019-05-15 12:30:19.269000,1.0925,1.09247,1250000,2200000
2019-05-15 12:30:20.956000,1.09249,1.09248,1000000,1870000
2019-05-15 12:30:21.059000,1.09247,1.09244,1250000,1250000
2019-05-15 12:30:21.400000,1.09247,1.09243,1750000,1250000
2019-05-15 12:30:21.964000,1.09247,1.09242,1750000,2060000
2019-05-15 12:30:22.066000,1.09246,1.09241,1250000,1690000
2019-05-15 12:30:22.168000,1.09247,1.09242,1750000,1250000
2019-05-15 12:30:22.673000,1.09248,1.09243,3250000,1710000
2019-05-15 12:30:22.775000,1.09248,1.09243,1690000,2990000
2019-05-15 12:30:22.877000,1.09248,1.09243,1690000,2720000
2019-05-15 12:30:23.281000,1.09246,1.09243,1500000,1970000
2019-05-15 12:30:23.383000,1.09242,1.0924,1250000,1570000
2019-05-15 12:30:23.485000,1.09241,1.09239,1000000,1000000
2019-05-15 12:30:23.603000,1.09241,1.09237,1000000,1820000
2019-05-15 12:30:24.626000,1.09243,1.09238,1750000,1250000
2019-05-15 12:30:24.779000,1.09244,1.09241,1000000,1750000
2019-05-15 12:30:24.932000,1.09246,1.09241,1250000,3100000
2019-05-15 12:30:24.984000,1.0925,1.09247,3750000,1750000
2019-05-15 12:30:25.105000,1.0925,1.09248,1000000,2500000
2019-05-15 12:30:25.592000,1.09248,1.09244,1850000,1250000
2019-05-15 12:30:25.696000,1.09247,1.09243,1850000,1250000
2019-05-15 12:30:25.798000,1.09247,1.09243,1600000,1250000
2019-05-15 12:30:26.462000,1.09249,1.09246,1000000,1250000
2019-05-15 12:30:26.565000,1.09253,1.09249,1600000,1750000
2019-05-15 12:30:26.667000,1.09253,1.09248,2500000,1250000
2019-05-15 12:30:26.771000,1.09253,1.09249,2250000,1250000
2019-05-15 12:30:26.873000,1.09252,1.09248,1600000,1750000
2019-05-15 12:30:27.031000,1.09252,1.09248,1200000,2500000
2019-05-15 12:30:27.156000,1.09252,1.09248,1600000,2500000
2019-05-15 12:30:27.258000,1.09253,1.09248,1690000,1250000
2019-05-15 12:30:27.361000,1.09252,1.09248,1000000,1250000
2019-05-15 12:30:27.463000,1.09252,1.09248,1600000,2500000
2019-05-15 12:30:28.189000,1.09253,1.09249,2500000,1000000
2019-05-15 12:30:28.270000,1.09252,1.09248,1970000,1000000
2019-05-15 12:30:28.977000,1.09252,1.09248,2600000,1120000
2019-05-15 12:30:29.081000,1.09252,1.09249,2600000,1000000
2019-05-15 12:30:29.444000,1.09248,1.09247,1250000,2250000
2019-05-15 12:30:29.546000,1.09248,1.09247,1250000,1000000
2019-05-15 12:30:30.028000,1.09249,1.09246,2600000,1500000
2019-05-15 12:30:30.079000,1.09248,1.09245,1350000,2250000
2019-05-15 12:30:30.249000,1.09247,1.09244,2510000,1690000
2019-05-15 12:30:30.453000,1.09248,1.09247,1250000,1500000
2019-05-15 12:30:30.556000,1.09249,1.09248,1000000,1250000
2019-05-15 12:30:30.659000,1.0925,1.09248,3040000,1250000
2019-05-15 12:30:30.817000,1.09248,1.09247,1000000,2620000
2019-05-15 12:30:30.919000,1.09249,1.09248,1200000,1500000
2019-05-15 12:30:31.122000,1.09248,1.09247,1000000,1000000
2019-05-15 12:30:31.222000,1.09246,1.09243,1250000,1690000
2019-05-15 12:30:31.325000,1.09244,1.09242,2440000,2250000
2019-05-15 12:30:31.429000,1.09241,1.09239,2440000,1000000
2019-05-15 12:30:31.481000,1.0924,1.09237,1500000,1370000
2019-05-15 12:30:31.583000,1.0924,1.09237,1950000,1250000
2019-05-15 12:30:31.672000,1.09239,1.09236,1100000,2810000
2019-05-15 12:30:31.774000,1.09239,1.09236,1310000,2870000
2019-05-15 12:30:31.825000,1.09237,1.09236,2250000,2060000
2019-05-15 12:30:31.877000,1.09236,1.09234,1000000,1250000
2019-05-15 12:30:31.928000,1.09237,1.09235,1000000,1250000
2019-05-15 12:30:32.030000,1.09238,1.09236,1120000,1120000
2019-05-15 12:30:32.132000,1.09238,1.09236,1850000,1690000
2019-05-15 12:30:32.235000,1.09238,1.09236,1250000,1120000
2019-05-15 12:30:32.390000,1.09237,1.09235,1390000,1000000
2019-05-15 12:30:32.442000,1.09234,1.09231,1690000,2440000
2019-05-15 12:30:32.538000,1.0923,1.09229,1000000,3000000
2019-05-15 12:30:32.596000,1.09227,1.09225,1250000,1000000
2019-05-15 12:30:32.698000,1.09227,1.09223,3310000,1750000
2019-05-15 12:30:32.902000,1.09224,1.09222,1000000,2620000
2019-05-15 12:30:33.045000,1.09224,1.09219,1690000,1690000
2019-05-15 12:30:33.147000,1.09223,1.0922,1690000,1550000
2019-05-15 12:30:33.250000,1.09224,1.09219,2810000,1670000
2019-05-15 12:30:33.302000,1.09224,1.0922,4970000,1550000
2019-05-15 12:30:33.607000,1.09221,1.0922,1000000,1160000
2019-05-15 12:30:33.710000,1.09221,1.09217,3600000,2250000
2019-05-15 12:30:33.762000,1.09221,1.09217,4950000,3000000
2019-05-15 12:30:33.830000,1.09221,1.09218,5140000,1250000
2019-05-15 12:30:33.933000,1.09221,1.09218,1220000,1500000
2019-05-15 12:30:34.036000,1.09221,1.09219,1200000,1250000
2019-05-15 12:30:34.139000,1.09222,1.09219,1950000,1250000
2019-05-15 12:30:34.313000,1.0922,1.09218,1250000,1500000
2019-05-15 12:30:34.416000,1.0922,1.09217,1250000,1000000
2019-05-15 12:30:34.518000,1.0922,1.09217,1000000,1250000
2019-05-15 12:30:34.651000,1.09223,1.09219,5070000,1390000
2019-05-15 12:30:34.754000,1.09223,1.0922,1000000,1250000
2019-05-15 12:30:34.806000,1.09225,1.09221,1000000,1250000
2019-05-15 12:30:35.010000,1.09225,1.0922,2100000,1250000
2019-05-15 12:30:35.429000,1.09221,1.09219,1250000,1000000
2019-05-15 12:30:35.566000,1.0922,1.09219,1000000,1250000
2019-05-15 12:30:35.668000,1.09221,1.09218,1010000,1250000
2019-05-15 12:30:35.771000,1.0922,1.09217,1250000,1250000
2019-05-15 12:30:35.873000,1.09218,1.09216,1200000,1250000
2019-05-15 12:30:35.978000,1.09218,1.09215,1600000,1300000
2019-05-15 12:30:36.081000,1.09218,1.09215,1390000,1240000
2019-05-15 12:30:36.183000,1.09218,1.09215,1850000,1990000
2019-05-15 12:30:36.337000,1.09217,1.09214,1220000,1900000
2019-05-15 12:30:36.488000,1.09217,1.09214,1200000,1900000
2019-05-15 12:30:36.641000,1.09217,1.09213,2350000,1610000
2019-05-15 12:30:36.693000,1.09216,1.09212,1100000,1250000
2019-05-15 12:30:36.843000,1.09215,1.09211,1850000,2120000
2019-05-15 12:30:36.945000,1.09214,1.09211,1850000,1250000
2019-05-15 12:30:37.047000,1.09214,1.09211,1100000,1250000
2019-05-15 12:30:37.149000,1.09214,1.09211,1600000,1250000
2019-05-15 12:30:37.361000,1.09214,1.09211,1850000,1250000
2019-05-15 12:30:37.463000,1.09213,1.0921,2660000,1250000
2019-05-15 12:30:38.019000,1.09211,1.09208,2960000,1690000
2019-05-15 12:30:38.070000,1.09211,1.09209,2020000,1250000
2019-05-15 12:30:38.121000,1.09212,1.09208,1600000,2620000
2019-05-15 12:30:38.173000,1.09212,1.0921,1200000,1250000
2019-05-15 12:30:38.530000,1.09213,1.09211,1250000,1250000
2019-05-15 12:30:38.632000,1.09213,1.0921,2160000,1250000
2019-05-15 12:30:38.734000,1.09212,1.09208,1390000,1250000
2019-05-15 12:30:38.836000,1.09212,1.09209,1500000,1250000
2019-05-15 12:30:39.195000,1.0921,1.09208,1000000,1250000
2019-05-15 12:30:39.298000,1.0921,1.09207,1760000,1690000
2019-05-15 12:30:39.400000,1.0921,1.09208,1000000,1000000
2019-05-15 12:30:40.214000,1.0921,1.09207,1820000,1000000
2019-05-15 12:30:40.370000,1.09211,1.09206,2350000,3560000
2019-05-15 12:30:40.523000,1.09211,1.09208,3320000,1000000
2019-05-15 12:30:40.625000,1.09211,1.09208,2570000,1000000
2019-05-15 12:30:40.727000,1.09211,1.09206,2200000,3620000
2019-05-15 12:30:40.830000,1.0921,1.09206,1000000,4750000
2019-05-15 12:30:41.243000,1.0921,1.09207,1690000,1000000
2019-05-15 12:30:41.346000,1.09208,1.09206,1000000,1250000
2019-05-15 12:30:41.652000,1.09208,1.09206,1200000,1250000
2019-05-15 12:30:41.757000,1.09209,1.09206,3190000,1250000
2019-05-15 12:30:41.859000,1.09208,1.09206,1200000,1250000
2019-05-15 12:30:41.961000,1.09208,1.09205,1500000,1750000
2019-05-15 12:30:42.157000,1.09206,1.09203,1310000,2060000
2019-05-15 12:30:42.261000,1.09205,1.09202,1310000,1250000
2019-05-15 12:30:42.363000,1.09205,1.09202,1910000,1250000
2019-05-15 12:30:42.772000,1.09205,1.09202,1970000,1250000
2019-05-15 12:30:43.430000,1.09204,1.09202,3940000,1250000
2019-05-15 12:30:43.894000,1.09204,1.09201,1600000,1250000
2019-05-15 12:30:43.996000,1.09204,1.09201,1850000,1000000
2019-05-15 12:30:44.098000,1.09205,1.09201,6850000,1690000
2019-05-15 12:30:44.252000,1.09205,1.09201,2850000,1000000
2019-05-15 12:30:44.378000,1.09208,1.09203,2850000,1870000
2019-05-15 12:30:44.480000,1.09208,1.09203,3790000,2120000
2019-05-15 12:30:44.532000,1.09208,1.09203,4690000,5810000
2019-05-15 12:30:44.634000,1.09209,1.09206,3190000,2060000
2019-05-15 12:30:44.745000,1.09209,1.09206,1500000,4250000
2019-05-15 12:30:44.847000,1.09208,1.09206,1000000,4250000
2019-05-15 12:30:44.951000,1.09209,1.09206,1200000,4000000
2019-05-15 12:30:45.680000,1.09209,1.09206,1410000,1250000
2019-05-15 12:30:45.783000,1.09207,1.09204,1500000,1250000
2019-05-15 12:30:45.886000,1.09206,1.09204,1600000,1250000
2019-05-15 12:30:46.037000,1.09208,1.09204,3000000,3620000
2019-05-15 12:30:46.139000,1.09208,1.09204,1000000,2750000
2019-05-15 12:30:46.241000,1.09209,1.09206,1390000,1870000
2019-05-15 12:30:47.221000,1.0921,1.09206,1250000,4370000
2019-05-15 12:30:47.325000,1.09211,1.09206,1570000,4750000
2019-05-15 12:30:47.529000,1.09212,1.09209,1500000,5620000
2019-05-15 12:30:47.631000,1.09216,1.09211,4200000,1500000
2019-05-15 12:30:47.744000,1.09217,1.09212,2250000,1120000
2019-05-15 12:30:48.049000,1.09217,1.09212,2100000,3500000
2019-05-15 12:30:48.623000,1.09217,1.09215,1000000,1250000
2019-05-15 12:30:48.782000,1.0922,1.09218,1000000,2500000
2019-05-15 12:30:48.885000,1.09222,1.0922,3750000,1250000
2019-05-15 12:30:48.987000,1.09223,1.09221,2160000,1250000
2019-05-15 12:30:49.140000,1.09223,1.0922,1950000,2500000
2019-05-15 12:30:49.308000,1.09223,1.09221,1500000,1250000
2019-05-15 12:30:49.511000,1.09223,1.0922,1950000,1750000
2019-05-15 12:30:49.613000,1.09223,1.09221,1950000,1250000
2019-05-15 12:30:50.682000,1.09223,1.09221,2070000,1250000
2019-05-15 12:30:50.937000,1.09224,1.09222,1910000,1690000
2019-05-15 12:30:51.039000,1.09225,1.09223,1470000,1000000
2019-05-15 12:30:51.203000,1.09228,1.09225,1500000,1000000
2019-05-15 12:30:51.254000,1.09229,1.09226,3450000,1750000
2019-05-15 12:30:51.356000,1.09229,1.09227,1000000,1250000
2019-05-15 12:30:51.509000,1.09229,1.09226,1570000,1250000
2019-05-15 12:30:51.764000,1.09228,1.09227,1000000,1000000
2019-05-15 12:30:52.813000,1.09226,1.09225,1000000,1000000
2019-05-15 12:30:52.915000,1.09223,1.09222,1000000,1250000
2019-05-15 12:30:53.652000,1.09222,1.09219,3870000,3550000
2019-05-15 12:30:53.754000,1.09221,1.09219,1000000,1250000
2019-05-15 12:30:54.551000,1.09221,1.0922,1000000,1000000
2019-05-15 12:30:54.687000,1.09218,1.09216,1100000,1750000
2019-05-15 12:30:54.790000,1.09219,1.09217,1570000,1750000
2019-05-15 12:30:55.149000,1.09217,1.09215,1000000,1750000
2019-05-15 12:30:55.545000,1.09217,1.09214,1500000,1250000
2019-05-15 12:30:55.845000,1.09215,1.09213,1000000,1250000
2019-05-15 12:30:55.947000,1.09212,1.09209,1000000,2870000
2019-05-15 12:30:56.049000,1.09211,1.09209,1000000,1750000
2019-05-15 12:30:56.151000,1.09211,1.09208,2370000,1250000
2019-05-15 12:30:56.337000,1.09211,1.09208,1870000,1750000
2019-05-15 12:30:56.439000,1.09214,1.09212,3750000,1250000
2019-05-15 12:30:56.592000,1.09215,1.09212,1100000,1750000
2019-05-15 12:30:57.207000,1.09216,1.09212,1390000,1250000
2019-05-15 12:30:57.314000,1.09216,1.09212,1200000,1250000
2019-05-15 12:30:57.671000,1.09217,1.09216,1200000,1000000
2019-05-15 12:30:57.774000,1.09221,1.0922,1000000,1250000
2019-05-15 12:30:57.944000,1.09223,1.0922,1250000,1250000
2019-05-15 12:30:58.047000,1.09223,1.09221,1000000,1250000
2019-05-15 12:30:58.150000,1.09225,1.09223,1200000,1250000
2019-05-15 12:30:58.252000,1.09227,1.09223,1350000,2500000
2019-05-15 12:30:58.354000,1.09227,1.09226,1100000,1250000
2019-05-15 12:30:58.507000,1.09229,1.09226,2100000,1750000
2019-05-15 12:30:58.610000,1.09232,1.0923,1000000,3620000
2019-05-15 12:30:58.661000,1.09234,1.0923,1500000,4750000
2019-05-15 12:30:58.814000,1.09235,1.09232,2470000,1250000
2019-05-15 12:30:58.952000,1.09235,1.09231,1310000,1370000
2019-05-15 12:30:59.054000,1.09235,1.09232,1200000,1250000
2019-05-15 12:30:59.156000,1.09235,1.09231,1310000,1370000
2019-05-15 12:31:00.319000,1.09234,1.09231,1760000,1750000
2019-05-15 12:31:00.523000,1.09239,1.09236,1500000,1370000
2019-05-15 12:31:00.731000,1.09238,1.09235,1100000,2120000
2019-05-15 12:31:00.834000,1.09236,1.09234,1250000,1500000
2019-05-15 12:31:00.936000,1.09236,1.09232,1390000,2620000
2019-05-15 12:31:01.306000,1.09236,1.09232,1200000,3370000
2019-05-15 12:31:01.408000,1.09239,1.09237,1750000,1000000
2019-05-15 12:31:01.779000,1.09239,1.09237,1000000,1500000
2019-05-15 12:31:01.881000,1.0924,1.09238,1760000,1000000
2019-05-15 12:31:02.237000,1.0924,1.09238,1820000,1000000
2019-05-15 12:31:02.340000,1.09237,1.09236,1000000,1000000
2019-05-15 12:31:02.459000,1.09237,1.09236,1000000,1000000
2019-05-15 12:31:02.562000,1.09237,1.09235,1100000,1310000
2019-05-15 12:31:02.969000,1.09235,1.09234,1690000,1000000
2019-05-15 12:31:03.076000,1.09234,1.09232,1690000,4540000
2019-05-15 12:31:03.331000,1.09232,1.09229,4200000,2170000
2019-05-15 12:31:03.433000,1.09229,1.09228,1000000,1250000
2019-05-15 12:31:03.550000,1.09229,1.09227,1690000,1310000
2019-05-15 12:31:03.906000,1.09228,1.09226,1250000,1000000
2019-05-15 12:31:04.452000,1.09229,1.09228,1000000,1690000
2019-05-15 12:31:04.503000,1.0923,1.09229,1200000,1500000
2019-05-15 12:31:04.596000,1.09233,1.09231,1000000,1250000
2019-05-15 12:31:04.700000,1.09234,1.09232,1010000,1250000
2019-05-15 12:31:04.903000,1.09242,1.0924,1620000,1250000
2019-05-15 12:31:04.955000,1.09242,1.09238,1850000,2250000
2019-05-15 12:31:05.006000,1.09242,1.09239,1100000,1370000
2019-05-15 12:31:05.057000,1.09239,1.09238,1250000,1000000
2019-05-15 12:31:05.185000,1.09241,1.09237,1390000,2120000
2019-05-15 12:31:05.679000,1.09241,1.09239,1000000,1000000
2019-05-15 12:31:05.803000,1.09242,1.09239,1100000,1500000
2019-05-15 12:31:05.860000,1.09244,1.09242,2850000,1250000
2019-05-15 12:31:05.911000,1.09246,1.09242,1690000,1870000
2019-05-15 12:31:06.064000,1.09246,1.09242,1500000,1310000
2019-05-15 12:31:06.564000,1.09246,1.09243,1000000,1750000
2019-05-15 12:31:06.761000,1.09248,1.09246,2700000,1620000
2019-05-15 12:31:06.866000,1.0925,1.09247,3000000,1250000
2019-05-15 12:31:06.968000,1.09252,1.09249,1570000,1750000
2019-05-15 12:31:07.070000,1.09253,1.09249,2440000,3620000
2019-05-15 12:31:07.274000,1.09251,1.0925,2060000,1200000
2019-05-15 12:31:07.377000,1.09249,1.09247,1250000,2250000
2019-05-15 12:31:07.479000,1.09247,1.09246,1000000,1000000
2019-05-15 12:31:07.577000,1.09246,1.09244,1000000,1250000
2019-05-15 12:31:07.681000,1.09251,1.09249,2250000,1250000
2019-05-15 12:31:07.734000,1.09249,1.09247,1000000,1050000
2019-05-15 12:31:07.786000,1.09248,1.09245,1000000,2120000
2019-05-15 12:31:07.889000,1.09248,1.09245,1000000,1750000
2019-05-15 12:31:07.992000,1.09247,1.09245,1000000,1250000
2019-05-15 12:31:08.911000,1.09247,1.09244,1250000,1250000
2019-05-15 12:31:09.014000,1.0925,1.09245,4410000,4120000
2019-05-15 12:31:09.116000,1.09251,1.09247,2950000,1250000
2019-05-15 12:31:09.218000,1.09252,1.0925,2700000,1250000
2019-05-15 12:31:09.321000,1.09254,1.0925,2260000,2500000
2019-05-15 12:31:09.431000,1.09255,1.09252,1100000,2120000
2019-05-15 12:31:09.636000,1.09254,1.09251,1250000,1250000
2019-05-15 12:31:09.740000,1.09253,1.0925,1250000,2250000
2019-05-15 12:31:09.844000,1.09254,1.09249,3390000,2440000
2019-05-15 12:31:10.678000,1.09253,1.0925,1870000,1000000
2019-05-15 12:31:11.499000,1.09251,1.0925,1000000,1250000
2019-05-15 12:31:11.612000,1.09252,1.0925,1000000,1250000
2019-05-15 12:31:12.517000,1.09253,1.09249,5250000,1000000
2019-05-15 12:31:12.621000,1.09253,1.09251,1000000,1370000
2019-05-15 12:31:12.723000,1.09255,1.09252,3190000,1250000
2019-05-15 12:31:13.477000,1.09255,1.09252,1500000,2120000
2019-05-15 12:31:13.677000,1.09256,1.09253,1690000,1250000
2019-05-15 12:31:13.729000,1.09254,1.09252,1310000,1000000
2019-05-15 12:31:13.831000,1.09253,1.09251,1500000,1250000
2019-05-15 12:31:13.933000,1.09249,1.09247,1250000,1690000
2019-05-15 12:31:14.035000,1.0925,1.09247,2370000,4000000
2019-05-15 12:31:14.138000,1.0925,1.09248,1000000,3560000
2019-05-15 12:31:14.353000,1.0925,1.09248,1000000,3250000
2019-05-15 12:31:15.043000,1.09252,1.09248,1750000,3250000
2019-05-15 12:31:15.690000,1.09251,1.09248,1250000,1250000
2019-05-15 12:31:15.792000,1.09243,1.09242,1000000,1250000
2019-05-15 12:31:15.895000,1.09243,1.09241,2370000,1250000
2019-05-15 12:31:16.004000,1.09241,1.09239,1000000,2060000
2019-05-15 12:31:16.106000,1.09242,1.0924,1950000,1250000
2019-05-15 12:31:16.157000,1.0924,1.09239,1310000,1000000
2019-05-15 12:31:16.401000,1.09239,1.09238,1250000,1000000
2019-05-15 12:31:16.503000,1.09239,1.09237,1250000,1000000
2019-05-15 12:31:16.554000,1.0924,1.09239,4200000,1250000
2019-05-15 12:31:16.656000,1.09243,1.09242,3820000,1870000
2019-05-15 12:31:16.759000,1.09244,1.0924,1690000,1250000
2019-05-15 12:31:16.861000,1.09244,1.0924,2500000,1810000
2019-05-15 12:31:16.962000,1.09244,1.09241,1000000,1370000
2019-05-15 12:31:17.433000,1.09247,1.09244,3450000,2620000
2019-05-15 12:31:17.535000,1.09248,1.09245,2250000,1750000
2019-05-15 12:31:18.422000,1.09248,1.09245,1500000,1750000
2019-05-15 12:31:18.900000,1.09249,1.09247,3000000,5850000
2019-05-15 12:31:19.003000,1.09252,1.09249,1690000,4750000
2019-05-15 12:31:19.156000,1.09252,1.09249,1370000,2440000
2019-05-15 12:31:19.667000,1.09254,1.09252,2700000,1250000
2019-05-15 12:31:19.770000,1.0926,1.09257,3000000,1000000
2019-05-15 12:31:19.821000,1.09258,1.09256,3560000,1000000
2019-05-15 12:31:19.872000,1.09258,1.09255,3190000,2060000
2019-05-15 12:31:20.127000,1.09255,1.09254,1250000,1870000
2019-05-15 12:31:20.229000,1.09255,1.09251,4000000,2060000
2019-05-15 12:31:21.016000,1.09255,1.09251,1690000,1250000
2019-05-15 12:31:21.119000,1.09256,1.09253,1000000,1250000
2019-05-15 12:31:21.318000,1.09257,1.09254,2700000,1000000
2019-05-15 12:31:22.301000,1.09257,1.09255,1000000,1250000
2019-05-15 12:31:22.352000,1.0926,1.09257,8660000,1000000
2019-05-15 12:31:22.454000,1.0926,1.09257,5140000,2060000
2019-05-15 12:31:22.607000,1.09261,1.09258,2510000,1250000
2019-05-15 12:31:22.735000,1.0926,1.09258,1250000,1000000
2019-05-15 12:31:22.838000,1.0926,1.09257,1250000,3310000
2019-05-15 12:31:22.940000,1.09259,1.09257,1250000,1000000
2019-05-15 12:31:23.042000,1.09259,1.09256,1310000,1250000
2019-05-15 12:31:29.650000,1.09258,1.09255,1000000,3250000
2019-05-15 12:31:29.754000,1.09257,1.09255,1100000,1250000
2019-05-15 12:31:29.857000,1.09256,1.09255,1000000,1250000
2019-05-15 12:31:30.051000,1.09253,1.09252,1120000,1000000
2019-05-15 12:31:30.102000,1.09252,1.09249,2600000,2250000
2019-05-15 12:31:30.205000,1.09251,1.0925,1000000,1000000
2019-05-15 12:31:30.319000,1.09251,1.09249,1000000,2250000
2019-05-15 12:31:30.982000,1.0925,1.09248,1250000,1000000
2019-05-15 12:31:31.137000,1.0925,1.09246,2570000,2060000
2019-05-15 12:31:31.445000,1.0925,1.09247,1750000,1690000
2019-05-15 12:31:31.584000,1.09248,1.09245,1000000,1750000
2019-05-15 12:31:31.890000,1.09245,1.09244,1000000,1310000
2019-05-15 12:31:31.992000,1.09242,1.09241,1000000,1250000
2019-05-15 12:31:32.043000,1.09242,1.09239,1500000,2870000
2019-05-15 12:31:32.436000,1.09241,1.09239,2500000,1000000
2019-05-15 12:31:32.538000,1.09241,1.09238,2500000,1310000
2019-05-15 12:31:32.759000,1.09242,1.09239,3370000,1000000
2019-05-15 12:31:33.374000,1.0924,1.09238,1250000,1250000
2019-05-15 12:31:33.578000,1.09239,1.09237,1250000,1500000
2019-05-15 12:31:33.893000,1.09239,1.09236,1690000,1690000
2019-05-15 12:31:34.097000,1.09238,1.09235,1000000,2120000
2019-05-15 12:31:34.148000,1.09235,1.09233,1250000,4870000
2019-05-15 12:31:34.250000,1.09235,1.09232,1370000,1760000
2019-05-15 12:31:34.565000,1.09236,1.09231,2810000,4370000
2019-05-15 12:31:34.875000,1.09235,1.09231,2870000,2440000
2019-05-15 12:31:35.171000,1.09234,1.09229,1750000,3370000
2019-05-15 12:31:35.587000,1.09232,1.09229,1000000,2120000
2019-05-15 12:31:35.689000,1.09229,1.09227,2190000,2440000
2019-05-15 12:31:35.792000,1.09226,1.09224,1000000,1250000
2019-05-15 12:31:35.894000,1.09227,1.09225,4870000,1500000
2019-05-15 12:31:36.143000,1.09227,1.09224,3370000,1000000
2019-05-15 12:31:36.245000,1.09226,1.09223,1000000,1250000
2019-05-15 12:31:36.620000,1.09224,1.09223,1250000,1000000
2019-05-15 12:31:36.773000,1.09224,1.09221,3560000,2500000
2019-05-15 12:31:36.876000,1.09223,1.0922,1310000,1690000
2019-05-15 12:31:37.181000,1.09221,1.09219,1750000,1000000
2019-05-15 12:31:37.283000,1.0922,1.09217,1390000,1120000
2019-05-15 12:31:37.388000,1.09219,1.09216,1120000,2560000
2019-05-15 12:31:37.490000,1.09219,1.09216,1870000,2060000
2019-05-15 12:31:37.592000,1.09219,1.09216,2370000,2060000
2019-05-15 12:31:37.694000,1.0922,1.09217,1010000,1310000
2019-05-15 12:31:38.262000,1.09221,1.09218,3720000,1000000
2019-05-15 12:31:38.768000,1.09221,1.09218,1760000,1000000
2019-05-15 12:31:38.972000,1.09221,1.09218,2500000,1000000
2019-05-15 12:31:39.075000,1.09223,1.09221,2440000,1620000
2019-05-15 12:31:39.177000,1.09225,1.09222,3310000,1310000
2019-05-15 12:31:39.279000,1.09226,1.09223,1950000,1250000
2019-05-15 12:31:39.432000,1.09227,1.09224,2060000,1250000
2019-05-15 12:31:39.839000,1.09224,1.09223,1250000,1000000
2019-05-15 12:31:39.941000,1.09225,1.09222,1690000,1690000
2019-05-15 12:31:40.094000,1.09225,1.09222,1000000,2120000
2019-05-15 12:31:40.229000,1.09227,1.09222,3940000,2060000
2019-05-15 12:31:40.795000,1.09224,1.09222,1000000,1000000
2019-05-15 12:31:40.913000,1.09223,1.09221,1000000,1370000
2019-05-15 12:31:41.015000,1.09221,1.09219,1370000,1870000
2019-05-15 12:31:41.066000,1.09222,1.0922,1000000,1690000
2019-05-15 12:31:41.219000,1.09221,1.09219,1370000,1120000
2019-05-15 12:31:41.373000,1.0922,1.09217,1370000,2810000
2019-05-15 12:31:42.428000,1.0922,1.09218,1220000,1870000
2019-05-15 12:31:42.531000,1.09221,1.09219,1000000,1750000
2019-05-15 12:31:42.634000,1.09222,1.09219,1200000,2500000
2019-05-15 12:31:42.785000,1.09221,1.0922,1000000,1000000
2019-05-15 12:31:42.887000,1.09219,1.09218,1000000,1000000
2019-05-15 12:31:42.989000,1.0922,1.09218,2290000,1000000
2019-05-15 12:31:43.092000,1.09221,1.09219,1850000,2250000
2019-05-15 12:31:43.194000,1.09222,1.09219,2660000,1690000
2019-05-15 12:31:43.495000,1.09223,1.0922,4540000,1250000
2019-05-15 12:31:43.597000,1.09223,1.0922,3790000,1250000
2019-05-15 12:31:44.042000,1.09223,1.0922,3070000,2500000
2019-05-15 12:31:44.297000,1.09223,1.0922,1790000,1310000
2019-05-15 12:31:46.213000,1.09223,1.09221,1850000,1000000
2019-05-15 12:31:46.317000,1.09226,1.09224,1500000,1690000
2019-05-15 12:31:46.419000,1.09227,1.09224,3410000,1250000
2019-05-15 12:31:46.523000,1.09227,1.09224,2660000,1250000
2019-05-15 12:31:47.082000,1.09227,1.09224,1970000,2870000
2019-05-15 12:31:47.540000,1.09227,1.09224,1870000,3620000
2019-05-15 12:31:48.238000,1.09224,1.09223,1250000,1000000
2019-05-15 12:31:48.341000,1.09222,1.0922,1500000,4690000
2019-05-15 12:31:48.463000,1.09223,1.09221,1500000,1690000
2019-05-15 12:31:48.567000,1.09223,1.09221,1000000,1750000
2019-05-15 12:31:49.400000,1.09225,1.09224,1000000,1690000
2019-05-15 12:31:49.451000,1.09227,1.09225,1120000,1250000
2019-05-15 12:31:50.410000,1.09228,1.09226,1120000,1750000
2019-05-15 12:31:50.512000,1.09229,1.09226,2750000,1750000
2019-05-15 12:31:50.614000,1.09229,1.09226,3690000,1250000
2019-05-15 12:31:51.214000,1.09227,1.09224,2560000,4310000
2019-05-15 12:31:51.549000,1.09227,1.09225,1810000,1000000
2019-05-15 12:31:51.679000,1.09227,1.09225,1310000,1000000
2019-05-15 12:31:52.814000,1.09228,1.09225,1500000,2870000
2019-05-15 12:31:52.916000,1.09228,1.09225,1000000,2120000
2019-05-15 12:31:53.594000,1.09228,1.09225,1000000,3620000
2019-05-15 12:31:53.933000,1.09229,1.09225,3370000,2060000
2019-05-15 12:31:54.838000,1.09226,1.09224,1000000,1250000
2019-05-15 12:31:54.942000,1.09227,1.09224,1500000,1750000
2019-05-15 12:31:55.044000,1.09228,1.09225,3000000,1750000
2019-05-15 12:31:55.198000,1.09228,1.09225,2560000,1250000
2019-05-15 12:31:55.339000,1.09227,1.09224,1310000,2440000
2019-05-15 12:31:55.441000,1.09226,1.09224,1250000,1000000
2019-05-15 12:31:55.594000,1.09228,1.09225,4870000,1000000
2019-05-15 12:31:55.900000,1.09228,1.09226,1120000,1250000
2019-05-15 12:31:56.011000,1.09229,1.09226,4060000,1250000
2019-05-15 12:31:57.317000,1.09229,1.09226,3310000,1250000
2019-05-15 12:31:57.420000,1.09228,1.09226,1000000,1250000
2019-05-15 12:31:57.675000,1.09229,1.09226,4060000,1250000
2019-05-15 12:31:58.414000,1.09229,1.09227,2440000,1250000
2019-05-15 12:31:58.793000,1.0923,1.09229,2620000,1000000
2019-05-15 12:31:58.845000,1.09233,1.0923,1000000,4370000
2019-05-15 12:31:58.947000,1.09234,1.0923,2440000,3250000
2019-05-15 12:31:59.549000,1.09232,1.0923,1250000,1120000
2019-05-15 12:32:00.687000,1.09234,1.09231,6370000,1000000
2019-05-15 12:32:00.794000,1.09234,1.09231,4870000,1250000
2019-05-15 12:32:00.997000,1.09234,1.09232,2870000,1000000
2019-05-15 12:32:01.100000,1.09234,1.09231,2870000,1250000
2019-05-15 12:32:01.415000,1.09234,1.09231,1310000,3620000
2019-05-15 12:32:02.956000,1.09234,1.09231,1750000,2440000
2019-05-15 12:32:03.059000,1.09235,1.09233,2250000,1250000
2019-05-15 12:32:03.110000,1.09237,1.09235,3750000,1500000
2019-05-15 12:32:03.263000,1.09236,1.09233,1250000,4440000
2019-05-15 12:32:03.517000,1.09236,1.09233,1250000,3190000
2019-05-15 12:32:04.310000,1.09235,1.09232,1370000,3000000
2019-05-15 12:32:04.361000,1.09234,1.09231,2120000,4990000
2019-05-15 12:32:05.207000,1.09233,1.09231,2120000,1500000
2019-05-15 12:32:05.311000,1.09232,1.0923,1250000,3300000
2019-05-15 12:32:05.536000,1.09232,1.09229,1750000,1870000
2019-05-15 12:32:06.397000,1.09231,1.09228,1250000,7170000
2019-05-15 12:32:06.755000,1.09232,1.0923,1690000,1000000
2019-05-15 12:32:06.869000,1.09232,1.09231,1500000,1250000
2019-05-15 12:32:06.972000,1.09233,1.09231,1310000,1250000
2019-05-15 12:32:07.075000,1.09233,1.09232,1310000,1000000
2019-05-15 12:32:07.606000,1.09234,1.09232,1250000,1000000
2019-05-15 12:32:07.658000,1.09238,1.09235,2910000,2500000
2019-05-15 12:32:07.761000,1.09238,1.09236,1250000,1500000
2019-05-15 12:32:08.122000,1.09235,1.09233,1250000,1870000
2019-05-15 12:32:08.174000,1.09236,1.09233,2140000,2810000
2019-05-15 12:32:08.766000,1.09236,1.09235,1100000,1690000
2019-05-15 12:32:08.817000,1.09238,1.09236,3000000,1250000
2019-05-15 12:32:09.259000,1.09239,1.09236,4440000,2500000
2019-05-15 12:32:09.361000,1.09239,1.09236,3310000,2440000
2019-05-15 12:32:09.463000,1.09239,1.09236,3760000,4370000
2019-05-15 12:32:09.616000,1.09238,1.09235,1450000,2370000
2019-05-15 12:32:09.736000,1.09237,1.09234,2570000,1000000
2019-05-15 12:32:11.938000,1.09236,1.09233,1250000,2810000
2019-05-15 12:32:12.566000,1.09235,1.09233,1250000,1000000
2019-05-15 12:32:12.668000,1.09234,1.09232,1250000,2250000
2019-05-15 12:32:13.748000,1.09234,1.09231,2200000,2810000
2019-05-15 12:32:18.372000,1.09234,1.09232,3320000,1000000
2019-05-15 12:32:20.488000,1.09237,1.09235,2440000,1000000
2019-05-15 12:32:20.539000,1.09239,1.09236,1790000,2120000
2019-05-15 12:32:20.716000,1.09239,1.09236,2060000,4750000
2019-05-15 12:32:20.767000,1.09235,1.09232,2500000,1120000
2019-05-15 12:32:20.871000,1.09235,1.09233,1450000,1120000
2019-05-15 12:32:20.973000,1.09236,1.09234,2570000,1120000
2019-05-15 12:32:21.075000,1.09236,1.09233,3320000,1310000
2019-05-15 12:32:21.429000,1.09236,1.09235,1100000,1250000
2019-05-15 12:32:21.635000,1.09238,1.09234,2720000,1310000
2019-05-15 12:32:22.561000,1.09237,1.09233,3100000,2190000
2019-05-15 12:32:22.734000,1.09237,1.09234,2970000,1310000
2019-05-15 12:32:23.224000,1.09237,1.09234,3720000,1810000
2019-05-15 12:32:23.391000,1.09237,1.09236,1000000,1690000
2019-05-15 12:32:23.494000,1.09238,1.09236,1000000,4000000
2019-05-15 12:32:23.597000,1.09238,1.09236,1820000,2250000
2019-05-15 12:32:23.700000,1.09238,1.09235,2540000,1500000
2019-05-15 12:32:23.819000,1.09244,1.09242,1250000,1000000
2019-05-15 12:32:23.923000,1.09242,1.09241,1000000,1500000
2019-05-15 12:32:23.974000,1.09241,1.0924,1690000,1000000
2019-05-15 12:32:24.076000,1.09241,1.09239,1690000,1000000
2019-05-15 12:32:24.285000,1.09242,1.09239,1390000,1690000
2019-05-15 12:32:24.336000,1.09243,1.0924,4010000,1750000
2019-05-15 12:32:25.322000,1.09243,1.0924,2570000,1250000
2019-05-15 12:32:25.576000,1.09244,1.09243,1000000,1000000
2019-05-15 12:32:25.678000,1.09246,1.09243,4010000,2440000
2019-05-15 12:32:26.198000,1.09247,1.09244,4060000,2060000
2019-05-15 12:32:26.249000,1.0925,1.09248,1570000,1500000
2019-05-15 12:32:26.352000,1.09253,1.0925,7370000,1500000
2019-05-15 12:32:26.486000,1.09252,1.09251,1000000,1250000
2019-05-15 12:32:26.538000,1.09252,1.0925,1310000,1250000
2019-05-15 12:32:27.045000,1.09252,1.0925,1250000,1000000
2019-05-15 12:32:27.588000,1.09249,1.09248,1690000,1120000
2019-05-15 12:32:27.688000,1.09249,1.09246,2500000,2560000
2019-05-15 12:32:27.789000,1.09248,1.09245,1250000,4870000
2019-05-15 12:32:28.043000,1.09248,1.09245,2950000,2440000
2019-05-15 12:32:28.364000,1.09248,1.09245,3070000,1500000
2019-05-15 12:32:28.468000,1.0925,1.09248,1120000,1500000
2019-05-15 12:32:28.570000,1.09251,1.09249,1500000,1000000
2019-05-15 12:32:28.724000,1.09252,1.0925,1600000,1000000
2019-05-15 12:32:28.826000,1.09253,1.0925,3370000,1000000
2019-05-15 12:32:28.932000,1.09253,1.0925,2890000,2500000
2019-05-15 12:32:29.034000,1.09253,1.09252,2140000,1000000
2019-05-15 12:32:30.376000,1.09254,1.09253,1570000,1000000
2019-05-15 12:32:30.480000,1.09255,1.09254,1500000,1500000
2019-05-15 12:32:30.584000,1.09255,1.09254,1250000,1000000
2019-05-15 12:32:30.686000,1.09255,1.09252,2200000,2250000
2019-05-15 12:32:36.039000,1.09253,1.09251,4540000,1000000
2019-05-15 12:32:36.463000,1.0925,1.09249,1250000,2770000
2019-05-15 12:32:36.566000,1.09252,1.09249,5720000,3190000
2019-05-15 12:32:37.031000,1.09252,1.0925,1250000,1250000
2019-05-15 12:32:37.336000,1.09253,1.0925,2700000,1250000
2019-05-15 12:32:37.492000,1.09253,1.0925,1410000,1750000
2019-05-15 12:32:37.594000,1.09253,1.0925,1390000,1750000
2019-05-15 12:32:37.798000,1.09253,1.0925,2200000,1250000
2019-05-15 12:32:37.900000,1.09252,1.09249,1450000,2440000
2019-05-15 12:32:38.222000,1.0925,1.09248,1250000,3150000
2019-05-15 12:32:38.325000,1.09249,1.09247,2700000,2250000
2019-05-15 12:32:38.427000,1.09247,1.09246,1310000,1000000
2019-05-15 12:32:38.478000,1.09247,1.09244,2060000,1690000
2019-05-15 12:32:38.631000,1.09247,1.09244,2540000,1690000
2019-05-15 12:32:38.937000,1.09245,1.09243,1750000,2250000
2019-05-15 12:32:39.039000,1.09244,1.09241,2500000,3560000
2019-05-15 12:32:39.141000,1.09243,1.09241,1450000,1000000
2019-05-15 12:32:40.361000,1.09243,1.09241,1390000,1000000
2019-05-15 12:32:40.412000,1.09241,1.0924,1500000,1000000
2019-05-15 12:32:40.515000,1.0924,1.09237,1820000,3000000
2019-05-15 12:32:40.617000,1.09239,1.09236,1370000,2810000
2019-05-15 12:32:40.871000,1.09237,1.09235,1690000,1870000
2019-05-15 12:32:40.923000,1.09235,1.09234,1000000,1870000
2019-05-15 12:32:41.025000,1.09234,1.09232,1750000,1500000
2019-05-15 12:32:41.629000,1.09234,1.09231,2570000,2060000
2019-05-15 12:32:41.883000,1.09234,1.09231,1000000,2750000
2019-05-15 12:32:42.037000,1.09234,1.09231,1390000,2620000
2019-05-15 12:32:42.248000,1.09234,1.09231,3700000,2810000
2019-05-15 12:32:44.075000,1.09234,1.09231,3260000,2120000
2019-05-15 12:32:44.431000,1.09234,1.09232,1100000,2120000
2019-05-15 12:32:45.136000,1.09235,1.09232,2620000,2500000
2019-05-15 12:32:45.847000,1.09235,1.09232,3100000,2120000
2019-05-15 12:32:45.949000,1.09235,1.09232,3820000,1370000
2019-05-15 12:32:46.051000,1.09235,1.09232,3850000,1370000
2019-05-15 12:32:46.154000,1.09235,1.09232,3820000,1370000
2019-05-15 12:32:46.474000,1.09235,1.09232,3850000,1370000
2019-05-15 12:32:46.627000,1.09235,1.09232,3850000,1120000
2019-05-15 12:32:46.780000,1.09235,1.09232,3070000,1120000
2019-05-15 12:32:46.882000,1.09235,1.09232,4220000,1120000
2019-05-15 12:32:48.270000,1.09235,1.09231,2850000,3370000
2019-05-15 12:32:48.473000,1.09235,1.09231,2320000,3370000
2019-05-15 12:32:48.678000,1.09235,1.09232,1950000,1000000
2019-05-15 12:32:49.913000,1.09236,1.09233,3450000,1000000
2019-05-15 12:32:50.168000,1.09236,1.09234,2510000,1000000
2019-05-15 12:32:50.271000,1.09238,1.09237,2250000,1120000
2019-05-15 12:32:50.375000,1.0924,1.09237,1250000,4290000
2019-05-15 12:32:50.883000,1.09241,1.09237,2890000,5250000
2019-05-15 12:32:51.621000,1.09241,1.09237,2570000,2940000
2019-05-15 12:32:51.672000,1.09238,1.09237,1500000,1000000
2019-05-15 12:32:52.443000,1.09238,1.09235,3070000,1000000
2019-05-15 12:32:52.545000,1.09236,1.09234,1000000,2810000
2019-05-15 12:32:53.143000,1.09235,1.09233,1000000,3250000
2019-05-15 12:32:53.245000,1.09235,1.09233,1100000,1690000
2019-05-15 12:32:55.058000,1.09235,1.09232,1390000,5060000
2019-05-15 12:32:55.656000,1.09236,1.09233,4220000,1000000
2019-05-15 12:32:55.758000,1.09236,1.09234,2320000,1750000
2019-05-15 12:32:55.866000,1.09237,1.09235,1390000,1000000
2019-05-15 12:32:55.968000,1.09237,1.09234,1390000,3560000
2019-05-15 12:32:56.122000,1.09238,1.09235,3790000,1120000
2019-05-15 12:32:56.225000,1.09238,1.09235,2970000,2940000
2019-05-15 12:32:56.454000,1.09238,1.09235,3720000,2060000
2019-05-15 12:32:57.329000,1.09239,1.09237,6150000,2620000
2019-05-15 12:32:57.432000,1.09241,1.09238,1200000,2120000
2019-05-15 12:32:57.687000,1.09242,1.09239,3070000,1250000
2019-05-15 12:32:58.078000,1.09243,1.09241,1100000,2500000
2019-05-15 12:32:58.182000,1.09246,1.09244,1200000,7890000
2019-05-15 12:32:58.234000,1.09248,1.09245,2440000,1370000
2019-05-15 12:32:58.644000,1.09249,1.09247,3410000,1250000
2019-05-15 12:32:58.764000,1.0925,1.09247,1390000,4810000
2019-05-15 12:32:59.071000,1.09251,1.09248,2440000,1310000
2019-05-15 12:32:59.336000,1.09249,1.09246,1690000,2870000
2019-05-15 12:32:59.643000,1.09249,1.09245,6010000,2500000
2019-05-15 12:32:59.746000,1.09247,1.09244,1000000,2870000
2019-05-15 12:32:59.850000,1.09247,1.09244,2810000,2440000
2019-05-15 12:33:00.002000,1.09246,1.09243,1870000,4150000
2019-05-15 12:33:00.104000,1.09244,1.09242,1000000,1870000
2019-05-15 12:33:00.206000,1.09245,1.09242,1950000,1870000
2019-05-15 12:33:00.309000,1.09245,1.09243,2620000,1000000
2019-05-15 12:33:00.808000,1.09246,1.09243,1690000,2060000
2019-05-15 12:33:01.437000,1.09245,1.09242,1000000,5770000
2019-05-15 12:33:01.573000,1.09245,1.09242,4000000,1000000
2019-05-15 12:33:01.675000,1.09243,1.0924,1250000,5870000
2019-05-15 12:33:02.239000,1.09243,1.0924,2620000,3750000
2019-05-15 12:33:02.341000,1.09241,1.0924,1690000,1500000
2019-05-15 12:33:02.545000,1.09241,1.09238,1690000,2810000
2019-05-15 12:33:02.697000,1.09242,1.09239,5500000,1000000
2019-05-15 12:33:03.486000,1.09241,1.09238,1690000,2810000
2019-05-15 12:33:03.746000,1.09243,1.09241,3070000,1750000
2019-05-15 12:33:03.849000,1.09243,1.09242,1000000,1690000
2019-05-15 12:33:03.900000,1.09245,1.09242,1690000,1690000
2019-05-15 12:33:04.049000,1.09243,1.09241,1310000,1350000
2019-05-15 12:33:04.152000,1.09241,1.09239,1500000,1250000
2019-05-15 12:33:04.357000,1.0924,1.09238,1000000,1310000
2019-05-15 12:33:04.683000,1.0924,1.09237,3250000,1690000
2019-05-15 12:33:04.786000,1.09238,1.09236,1000000,1750000
2019-05-15 12:33:05.625000,1.09239,1.09238,1500000,1250000
2019-05-15 12:33:05.728000,1.09241,1.09238,1500000,2060000
2019-05-15 12:33:06.031000,1.09241,1.09239,1000000,2500000
2019-05-15 12:33:06.133000,1.09243,1.0924,4500000,1250000
2019-05-15 12:33:06.337000,1.09243,1.09241,2250000,1750000
2019-05-15 12:33:06.490000,1.09244,1.09242,1000000,2500000
2019-05-15 12:33:07.391000,1.09245,1.09242,1870000,2620000
2019-05-15 12:33:07.594000,1.09245,1.09242,2060000,1310000
2019-05-15 12:33:07.867000,1.09245,1.09242,1870000,2120000
2019-05-15 12:33:08.827000,1.09246,1.09243,2810000,1250000
2019-05-15 12:33:08.929000,1.09246,1.09244,1120000,2120000
2019-05-15 12:33:09.031000,1.09248,1.09246,2250000,3250000
2019-05-15 12:33:09.133000,1.09249,1.09247,3820000,2440000
2019-05-15 12:33:09.250000,1.0925,1.09247,1870000,1690000
2019-05-15 12:33:09.682000,1.0925,1.09248,1870000,1250000
2019-05-15 12:33:09.785000,1.09249,1.09247,1500000,1250000
2019-05-15 12:33:09.887000,1.09247,1.09244,4370000,3190000
2019-05-15 12:33:12.533000,1.09244,1.09243,1000000,1120000
2019-05-15 12:33:12.686000,1.09244,1.09241,3070000,1250000
2019-05-15 12:33:12.789000,1.09243,1.0924,1000000,2870000
2019-05-15 12:33:12.841000,1.09242,1.09239,1250000,3940000
2019-05-15 12:33:12.893000,1.09242,1.09239,1000000,2870000
2019-05-15 12:33:12.995000,1.09241,1.09239,1000000,2120000
2019-05-15 12:33:13.096000,1.09242,1.0924,3000000,1250000
2019-05-15 12:33:13.470000,1.09241,1.09239,1120000,1250000
2019-05-15 12:33:14.596000,1.09241,1.09238,1690000,1250000
2019-05-15 12:33:14.700000,1.0924,1.09237,1000000,2500000
2019-05-15 12:33:15.230000,1.09239,1.09237,4810000,1000000
2019-05-15 12:33:15.332000,1.09237,1.09236,1000000,1250000
2019-05-15 12:33:15.485000,1.09238,1.09235,4310000,2500000
2019-05-15 12:33:16.057000,1.09238,1.09237,1250000,1500000
2019-05-15 12:33:16.208000,1.09239,1.09238,1250000,3000000
2019-05-15 12:33:16.873000,1.09241,1.09238,1870000,3750000
2019-05-15 12:33:17.180000,1.09241,1.09239,1120000,2500000
2019-05-15 12:33:17.358000,1.09242,1.0924,1000000,2500000
2019-05-15 12:33:17.461000,1.09244,1.09242,1690000,1690000
2019-05-15 12:33:17.566000,1.09245,1.09242,3370000,3190000
2019-05-15 12:33:17.949000,1.09246,1.09243,2140000,1120000
2019-05-15 12:33:18.051000,1.09247,1.09244,3120000,2810000
2019-05-15 12:33:18.153000,1.09248,1.09246,2810000,1250000
2019-05-15 12:33:18.389000,1.09249,1.09248,1000000,1250000
2019-05-15 12:33:18.491000,1.0925,1.09248,1310000,3190000
2019-05-15 12:33:18.644000,1.09251,1.09249,3310000,1250000
2019-05-15 12:33:18.747000,1.09251,1.09249,1310000,1690000
2019-05-15 12:33:20.233000,1.0925,1.09248,1120000,4120000
2019-05-15 12:33:21.283000,1.0925,1.09248,1870000,1250000
2019-05-15 12:33:25.541000,1.09248,1.09246,1000000,2440000
2019-05-15 12:33:25.846000,1.09248,1.09245,2440000,1310000
2019-05-15 12:33:25.949000,1.09247,1.09244,1000000,4900000
2019-05-15 12:33:26.153000,1.09246,1.09244,1000000,1250000
2019-05-15 12:33:26.944000,1.09247,1.09244,6190000,1690000
2019-05-15 12:33:27.046000,1.09248,1.09246,2250000,1250000
2019-05-15 12:33:27.148000,1.09247,1.09245,1000000,3250000
2019-05-15 12:33:27.250000,1.09247,1.09244,1500000,3620000
2019-05-15 12:33:27.353000,1.09245,1.09243,1000000,2750000
2019-05-15 12:33:27.457000,1.09244,1.09243,1000000,1310000
2019-05-15 12:33:27.561000,1.09241,1.0924,1000000,3750000
2019-05-15 12:33:27.665000,1.09241,1.09239,1870000,1000000
2019-05-15 12:33:27.766000,1.09241,1.09238,1870000,3190000
2019-05-15 12:33:27.919000,1.09241,1.09238,2060000,3250000
2019-05-15 12:33:28.074000,1.09241,1.09238,2120000,1690000
2019-05-15 12:33:28.228000,1.09242,1.0924,2620000,1000000
2019-05-15 12:33:28.332000,1.09243,1.09242,1500000,1250000
2019-05-15 12:33:28.383000,1.09245,1.09242,2870000,2060000
2019-05-15 12:33:28.507000,1.09245,1.09243,1310000,1690000
2019-05-15 12:33:28.914000,1.09246,1.09244,2870000,1000000
2019-05-15 12:33:29.576000,1.09246,1.09244,2810000,1690000
2019-05-15 12:33:29.729000,1.09246,1.09244,2120000,1000000
2019-05-15 12:33:29.780000,1.09242,1.09241,1500000,1390000
2019-05-15 12:33:29.883000,1.0924,1.09239,1120000,1250000
2019-05-15 12:33:30.243000,1.09239,1.09237,2190000,4460000
2019-05-15 12:33:30.345000,1.09237,1.09235,1870000,1250000
2019-05-15 12:33:30.447000,1.09236,1.09235,1500000,1250000
2019-05-15 12:33:30.794000,1.09235,1.09234,1000000,1690000
2019-05-15 12:33:31.227000,1.09235,1.09233,1500000,1250000
2019-05-15 12:33:32.021000,1.09235,1.09232,1690000,2060000
2019-05-15 12:33:32.835000,1.09234,1.09232,1000000,1310000
2019-05-15 12:33:33.078000,1.09233,1.09231,1000000,1250000
2019-05-15 12:33:33.235000,1.09234,1.09231,1500000,1000000
2019-05-15 12:33:33.337000,1.09234,1.09231,2440000,1250000
2019-05-15 12:33:33.898000,1.09233,1.0923,1000000,4370000
2019-05-15 12:33:34.508000,1.09233,1.0923,1500000,2500000
2019-05-15 12:33:34.602000,1.09231,1.0923,1500000,1000000
2019-05-15 12:33:34.704000,1.0923,1.09228,1500000,1000000
2019-05-15 12:33:34.806000,1.0923,1.09227,1690000,2810000
2019-05-15 12:33:34.908000,1.0923,1.09228,1690000,1000000
2019-05-15 12:33:35.111000,1.0923,1.09227,1690000,2810000
2019-05-15 12:33:35.518000,1.0923,1.09228,1690000,1000000
2019-05-15 12:33:35.790000,1.0923,1.09227,1690000,2810000
2019-05-15 12:33:36.298000,1.09229,1.09228,1690000,1000000
2019-05-15 12:33:36.616000,1.09229,1.09227,1250000,2440000
2019-05-15 12:33:36.667000,1.09231,1.09229,1010000,1250000
2019-05-15 12:33:36.920000,1.0923,1.09228,1000000,3250000
2019-05-15 12:33:37.124000,1.0923,1.09228,1250000,2440000
2019-05-15 12:33:38.198000,1.09229,1.09228,2440000,1000000
2019-05-15 12:33:38.301000,1.09228,1.09226,1000000,1750000
2019-05-15 12:33:40.304000,1.09227,1.09225,1000000,3250000
2019-05-15 12:33:41.319000,1.09227,1.09225,2620000,1250000
2019-05-15 12:33:41.470000,1.09226,1.09225,1000000,1000000
2019-05-15 12:33:41.572000,1.09226,1.09224,1000000,1250000
2019-05-15 12:33:42.631000,1.09224,1.09223,1000000,1120000
2019-05-15 12:33:42.733000,1.09224,1.09222,1000000,1500000
2019-05-15 12:33:43.719000,1.09223,1.09221,1000000,1250000
2019-05-15 12:33:43.770000,1.09222,1.0922,3600000,2020000
2019-05-15 12:33:43.872000,1.09215,1.09214,1000000,1250000
2019-05-15 12:33:43.974000,1.09214,1.09212,1500000,1000000
2019-05-15 12:33:44.076000,1.09212,1.0921,1000000,1500000
2019-05-15 12:33:44.215000,1.09214,1.09211,3450000,2500000
2019-05-15 12:33:44.318000,1.09214,1.09212,1870000,1250000
2019-05-15 12:33:44.621000,1.09212,1.09211,1870000,1310000
2019-05-15 12:33:44.724000,1.09212,1.0921,1120000,1250000
2019-05-15 12:33:44.826000,1.09213,1.09211,1950000,1250000
2019-05-15 12:33:44.929000,1.09214,1.09212,2060000,1250000
2019-05-15 12:33:45.177000,1.09215,1.09213,3120000,1000000
2019-05-15 12:33:45.434000,1.09215,1.09213,2250000,1750000
2019-05-15 12:33:45.890000,1.09214,1.09211,1870000,3190000
2019-05-15 12:33:45.992000,1.09213,1.09211,1120000,1250000
2019-05-15 12:33:46.094000,1.09213,1.09211,1120000,1250000
2019-05-15 12:33:47.551000,1.09213,1.09211,1690000,1690000
2019-05-15 12:33:47.653000,1.09213,1.09212,1250000,1000000
2019-05-15 12:33:47.756000,1.09215,1.09213,1500000,1750000
2019-05-15 12:33:48.231000,1.09215,1.09214,1000000,1250000
2019-05-15 12:33:48.750000,1.09216,1.09213,2810000,3250000
2019-05-15 12:33:49.769000,1.09215,1.09214,1000000,1250000
2019-05-15 12:33:49.972000,1.09215,1.09213,1000000,2440000
2019-05-15 12:33:50.074000,1.09213,1.09212,2250000,1000000
2019-05-15 12:33:50.177000,1.09213,1.09211,3000000,1250000
2019-05-15 12:33:50.295000,1.09213,1.09212,1120000,1250000
2019-05-15 12:33:50.397000,1.09214,1.09212,3000000,1250000
2019-05-15 12:33:50.499000,1.09214,1.09212,2620000,1250000
2019-05-15 12:33:50.914000,1.09213,1.09212,1500000,1000000
2019-05-15 12:33:50.965000,1.09211,1.0921,1000000,1000000
2019-05-15 12:33:51.118000,1.09211,1.09208,2440000,2440000
2019-05-15 12:33:51.220000,1.09211,1.09209,2440000,1000000
2019-05-15 12:33:52.089000,1.09211,1.09208,4690000,2440000
2019-05-15 12:33:52.140000,1.09209,1.09208,2440000,1000000
2019-05-15 12:33:52.262000,1.09209,1.09207,4060000,1250000
2019-05-15 12:33:52.773000,1.09209,1.09208,1000000,1250000
2019-05-15 12:33:52.875000,1.0921,1.09208,1500000,1000000
2019-05-15 12:33:53.028000,1.09209,1.09207,2810000,3190000
2019-05-15 12:33:53.130000,1.09206,1.09205,1500000,1200000
2019-05-15 12:33:53.257000,1.09206,1.09204,5640000,3370000
2019-05-15 12:33:53.359000,1.09206,1.09203,5640000,2440000
2019-05-15 12:33:53.613000,1.09206,1.09204,5370000,1250000
2019-05-15 12:33:53.665000,1.09207,1.09205,2510000,1690000
2019-05-15 12:33:53.917000,1.09206,1.09204,1500000,2690000
2019-05-15 12:33:53.969000,1.09204,1.09203,2060000,1000000
2019-05-15 12:33:54.020000,1.09204,1.09201,4310000,3250000
2019-05-15 12:33:54.224000,1.09203,1.09201,1250000,2440000
2019-05-15 12:33:54.544000,1.09205,1.09202,3750000,1500000
2019-05-15 12:33:54.647000,1.09206,1.09204,1250000,1690000
2019-05-15 12:33:54.910000,1.09206,1.09203,2620000,1000000
2019-05-15 12:33:55.215000,1.09204,1.09202,1750000,2250000
2019-05-15 12:33:55.266000,1.09205,1.09202,3640000,1690000
2019-05-15 12:33:55.895000,1.09205,1.09202,4160000,2440000
2019-05-15 12:33:56.254000,1.09204,1.09201,5810000,2250000
2019-05-15 12:33:56.356000,1.09204,1.09201,6850000,2440000
2019-05-15 12:33:56.510000,1.09201,1.092,1310000,1000000
2019-05-15 12:33:56.562000,1.09201,1.09198,1310000,7000000
2019-05-15 12:33:56.685000,1.09201,1.09199,2570000,1000000
2019-05-15 12:33:57.088000,1.09201,1.09198,3320000,2810000
2019-05-15 12:33:57.906000,1.09201,1.09199,1250000,1000000
2019-05-15 12:33:57.958000,1.09201,1.09198,3370000,2060000
2019-05-15 12:33:58.369000,1.09201,1.09198,1250000,1000000
2019-05-15 12:33:58.781000,1.09201,1.09197,1250000,6340000
2019-05-15 12:33:59.691000,1.09201,1.09197,1250000,4510000
2019-05-15 12:34:00.050000,1.09201,1.09199,1250000,1310000
2019-05-15 12:34:00.152000,1.09201,1.09199,1000000,1750000
2019-05-15 12:34:00.203000,1.09203,1.092,5140000,2500000
2019-05-15 12:34:00.325000,1.09205,1.09204,5620000,1000000
2019-05-15 12:34:00.427000,1.09206,1.09204,1870000,2870000
2019-05-15 12:34:00.529000,1.09206,1.09204,3940000,1000000
2019-05-15 12:34:00.582000,1.09206,1.09204,1500000,1250000
2019-05-15 12:34:00.684000,1.09206,1.09203,5440000,2810000
2019-05-15 12:34:00.968000,1.09205,1.09203,1250000,1000000
2019-05-15 12:34:01.171000,1.09206,1.09203,2440000,2440000
2019-05-15 12:34:01.276000,1.09206,1.09203,2500000,2250000
2019-05-15 12:34:01.378000,1.09204,1.09201,1750000,2700000
2019-05-15 12:34:01.634000,1.09204,1.09202,1750000,1000000
2019-05-15 12:34:01.736000,1.09204,1.09203,1000000,1000000
2019-05-15 12:34:01.846000,1.09206,1.09205,3000000,1690000
2019-05-15 12:34:01.897000,1.09209,1.09206,3700000,1000000
2019-05-15 12:34:02.002000,1.09209,1.09207,1750000,1000000
2019-05-15 12:34:02.106000,1.0921,1.09207,7750000,1870000
2019-05-15 12:34:02.208000,1.0921,1.09209,3750000,1690000
2019-05-15 12:34:02.319000,1.09211,1.0921,5250000,1250000
2019-05-15 12:34:02.421000,1.09211,1.09208,2060000,3070000
2019-05-15 12:34:02.528000,1.09208,1.09207,2060000,2320000
2019-05-15 12:34:02.630000,1.09207,1.09205,1250000,1500000
2019-05-15 12:34:02.883000,1.09207,1.09206,1000000,1500000
2019-05-15 12:34:03.466000,1.09208,1.09205,1750000,5060000
2019-05-15 12:34:03.720000,1.09206,1.09204,1310000,1500000
2019-05-15 12:34:03.862000,1.09206,1.09203,1690000,1250000
2019-05-15 12:34:04.167000,1.09207,1.09204,2820000,1750000
2019-05-15 12:34:04.269000,1.09208,1.09205,4690000,1750000
2019-05-15 12:34:04.478000,1.09207,1.09205,3190000,1000000
2019-05-15 12:34:04.529000,1.09206,1.09204,1120000,1000000
2019-05-15 12:34:05.349000,1.09207,1.09206,1000000,1250000
2019-05-15 12:34:05.451000,1.09208,1.09206,2440000,1250000
2019-05-15 12:34:05.594000,1.09206,1.09203,2620000,3260000
2019-05-15 12:34:08.440000,1.09204,1.09202,1000000,2250000
2019-05-15 12:34:08.593000,1.09203,1.09201,1500000,4270000
2019-05-15 12:34:08.739000,1.09203,1.09201,1500000,2500000
2019-05-15 12:34:08.841000,1.09204,1.09203,1000000,1000000
2019-05-15 12:34:08.943000,1.09205,1.09203,2250000,2440000
2019-05-15 12:34:09.323000,1.09208,1.09206,3820000,1690000
2019-05-15 12:34:09.425000,1.09209,1.09207,1000000,1690000
2019-05-15 12:34:09.528000,1.09209,1.09207,2500000,1000000
2019-05-15 12:34:09.630000,1.09209,1.09206,2500000,2810000
2019-05-15 12:34:09.889000,1.09209,1.09207,2440000,1250000
2019-05-15 12:34:09.991000,1.09209,1.09206,2500000,2810000
2019-05-15 12:34:10.296000,1.09209,1.09206,2250000,2870000
2019-05-15 12:34:10.431000,1.0921,1.09208,2250000,1250000
2019-05-15 12:34:10.636000,1.0921,1.09208,1500000,1750000
2019-05-15 12:34:10.738000,1.09212,1.0921,2250000,1250000
2019-05-15 12:34:10.840000,1.09212,1.0921,1000000,1690000
2019-05-15 12:34:10.971000,1.09213,1.0921,4310000,1750000
2019-05-15 12:34:11.073000,1.09212,1.0921,1000000,1000000
2019-05-15 12:34:11.277000,1.09211,1.0921,1000000,1000000
2019-05-15 12:34:11.867000,1.09211,1.09209,1000000,1690000
2019-05-15 12:34:12.223000,1.09212,1.09211,1000000,1690000
2019-05-15 12:34:12.326000,1.09213,1.09212,1000000,1250000
2019-05-15 12:34:12.377000,1.09215,1.09213,1250000,1500000
2019-05-15 12:34:12.480000,1.09216,1.09213,2190000,2440000
2019-05-15 12:34:12.627000,1.09216,1.09213,2370000,1750000
2019-05-15 12:34:13.415000,1.09216,1.09214,1000000,1250000
2019-05-15 12:34:13.685000,1.09215,1.09212,2500000,3410000
2019-05-15 12:34:13.787000,1.09212,1.09211,1250000,1000000
2019-05-15 12:34:13.838000,1.09211,1.09209,1500000,1690000
2019-05-15 12:34:14.237000,1.09212,1.09209,2250000,3250000
2019-05-15 12:34:14.340000,1.09213,1.0921,2620000,1750000
2019-05-15 12:34:14.971000,1.09212,1.0921,1000000,1250000
2019-05-15 12:34:15.226000,1.09213,1.0921,3560000,1250000
2019-05-15 12:34:15.384000,1.0921,1.09209,1500000,1200000
2019-05-15 12:34:15.487000,1.09208,1.09207,1120000,2250000
2019-05-15 12:34:15.589000,1.09207,1.09206,3750000,1250000
2019-05-15 12:34:15.700000,1.09205,1.09203,1000000,3190000
2019-05-15 12:34:15.804000,1.09205,1.09204,1250000,1000000
2019-05-15 12:34:16.248000,1.09207,1.09205,3000000,2500000
2019-05-15 12:34:16.350000,1.09208,1.09206,1250000,1690000
2019-05-15 12:34:16.452000,1.09208,1.09207,1250000,1000000
2019-05-15 12:34:16.554000,1.09208,1.09206,1250000,1690000
2019-05-15 12:34:17.990000,1.09209,1.09207,3000000,1000000
2019-05-15 12:34:18.330000,1.0921,1.09208,1870000,2500000
2019-05-15 12:34:18.434000,1.09211,1.0921,1570000,1120000
2019-05-15 12:34:18.486000,1.09213,1.09211,2440000,1690000
2019-05-15 12:34:20.493000,1.09215,1.09213,2440000,1250000
2019-05-15 12:34:20.596000,1.09215,1.09214,1000000,1690000
2019-05-15 12:34:20.730000,1.09216,1.09213,6190000,3560000
2019-05-15 12:34:20.832000,1.09214,1.09211,3190000,1750000
2019-05-15 12:34:21.509000,1.09214,1.09213,1000000,1250000
2019-05-15 12:34:21.612000,1.09215,1.09213,1000000,1750000
2019-05-15 12:34:21.714000,1.09216,1.09215,4500000,1500000
2019-05-15 12:34:21.823000,1.0922,1.09218,1000000,1750000
2019-05-15 12:34:21.925000,1.09222,1.0922,1120000,1250000
2019-05-15 12:34:21.976000,1.09223,1.0922,3000000,2500000
2019-05-15 12:34:22.079000,1.09224,1.09222,1000000,1250000
2019-05-15 12:34:22.638000,1.09225,1.09222,1690000,1690000
2019-05-15 12:34:22.740000,1.09226,1.09225,3750000,1500000
2019-05-15 12:34:22.891000,1.09227,1.09225,1120000,1500000
2019-05-15 12:34:23.097000,1.09228,1.09225,2560000,2500000
2019-05-15 12:34:23.462000,1.09227,1.09225,1000000,1690000
2019-05-15 12:34:23.564000,1.09227,1.09225,1000000,2060000
2019-05-15 12:34:23.867000,1.09226,1.09224,1690000,1870000
2019-05-15 12:34:23.969000,1.09225,1.09223,1000000,1250000
2019-05-15 12:34:24.072000,1.09225,1.09222,2620000,1690000
2019-05-15 12:34:24.174000,1.09224,1.09222,1810000,1690000
2019-05-15 12:34:24.794000,1.09222,1.0922,1690000,1100000
2019-05-15 12:34:24.898000,1.09219,1.09217,1000000,5140000
2019-05-15 12:34:25,1.09218,1.09217,1000000,1250000
2019-05-15 12:34:25.256000,1.09219,1.09217,1250000,3190000
2019-05-15 12:34:25.359000,1.0922,1.09218,1250000,1690000
2019-05-15 12:34:25.513000,1.09219,1.09217,1250000,2590000
2019-05-15 12:34:25.616000,1.09219,1.09216,3310000,2120000
2019-05-15 12:34:25.727000,1.09217,1.09216,1000000,1690000
2019-05-15 12:34:25.830000,1.09217,1.09215,1500000,1310000
2019-05-15 12:34:26.377000,1.09217,1.09214,1500000,1310000
2019-05-15 12:34:26.479000,1.09214,1.09213,1000000,1250000
2019-05-15 12:34:26.582000,1.09214,1.09211,3190000,6170000
2019-05-15 12:34:26.713000,1.09215,1.09213,1000000,1690000
2019-05-15 12:34:26.815000,1.09215,1.09214,1000000,1000000
2019-05-15 12:34:27.639000,1.09215,1.09213,1750000,1870000
2019-05-15 12:34:27.690000,1.09216,1.09213,2250000,2060000
2019-05-15 12:34:29.089000,1.09215,1.09213,1250000,1870000
2019-05-15 12:34:29.191000,1.09214,1.09212,1250000,3790000
2019-05-15 12:34:30.713000,1.09216,1.09214,1000000,2060000
2019-05-15 12:34:30.920000,1.09216,1.09214,1000000,2120000
2019-05-15 12:34:31.022000,1.09218,1.09217,1000000,1690000
2019-05-15 12:34:31.138000,1.09219,1.09217,1310000,1690000
2019-05-15 12:34:31.342000,1.0922,1.09218,2560000,1250000
2019-05-15 12:34:31.444000,1.09219,1.09217,1310000,1690000
2019-05-15 12:34:32.232000,1.09219,1.09218,1690000,1000000
2019-05-15 12:34:32.334000,1.09222,1.09221,1200000,1120000
2019-05-15 12:34:32.436000,1.09224,1.09222,1500000,2120000
2019-05-15 12:34:32.539000,1.09225,1.09222,3190000,1690000
2019-05-15 12:34:33.357000,1.09225,1.09222,1810000,1250000
2019-05-15 12:34:34.755000,1.09225,1.09223,1500000,1000000
2019-05-15 12:34:34.878000,1.09226,1.09224,2250000,1750000
2019-05-15 12:34:34.981000,1.09227,1.09225,1000000,1750000
2019-05-15 12:34:35.134000,1.09228,1.09225,1500000,2120000
2019-05-15 12:34:35.236000,1.09229,1.09227,1500000,1120000
2019-05-15 12:34:35.338000,1.0923,1.09228,2440000,1250000
2019-05-15 12:34:35.450000,1.09229,1.09228,1250000,1500000
2019-05-15 12:34:35.552000,1.0923,1.09228,2440000,1250000
2019-05-15 12:34:35.654000,1.09229,1.09227,1250000,1690000
2019-05-15 12:34:37.396000,1.09228,1.09225,1500000,2870000
2019-05-15 12:34:37.447000,1.09225,1.09224,1690000,1500000
2019-05-15 12:34:37.498000,1.09224,1.09223,1000000,1000000
2019-05-15 12:34:37.550000,1.09223,1.09221,1000000,6190000
2019-05-15 12:34:37.703000,1.09221,1.09219,1000000,3250000
2019-05-15 12:34:38.089000,1.09221,1.09219,1000000,1690000
2019-05-15 12:34:41.230000,1.0922,1.09219,1000000,1000000
2019-05-15 12:34:41.333000,1.09219,1.09217,1250000,1310000
2019-05-15 12:34:41.435000,1.09218,1.09216,1000000,2120000
2019-05-15 12:34:42.465000,1.09218,1.09216,1690000,1310000
2019-05-15 12:34:42.567000,1.09217,1.09216,1000000,1000000
2019-05-15 12:34:42.669000,1.09217,1.09214,1690000,3310000
2019-05-15 12:34:43.392000,1.09217,1.09213,3250000,2060000
2019-05-15 12:34:43.443000,1.09214,1.09213,1690000,1000000
2019-05-15 12:34:43.566000,1.09214,1.09211,3250000,1250000
2019-05-15 12:34:43.670000,1.09212,1.0921,1500000,2120000
2019-05-15 12:34:43.772000,1.09211,1.09209,1690000,1250000
2019-05-15 12:34:43.871000,1.09212,1.09209,2620000,3250000
2019-05-15 12:34:43.922000,1.09211,1.09209,1250000,1690000
2019-05-15 12:34:44.075000,1.09211,1.09209,1000000,1750000
2019-05-15 12:34:44.176000,1.09212,1.09209,2700000,1750000
2019-05-15 12:34:44.249000,1.09211,1.09209,1690000,1250000
2019-05-15 12:34:44.403000,1.09211,1.09209,2500000,1000000
2019-05-15 12:34:44.505000,1.09209,1.09208,2440000,1000000
2019-05-15 12:34:44.556000,1.09208,1.09206,1000000,3710000
2019-05-15 12:34:44.708000,1.09207,1.09205,1000000,3370000
2019-05-15 12:34:44.860000,1.09208,1.09206,1250000,1310000
2019-05-15 12:34:45.013000,1.09209,1.09208,1000000,1000000
2019-05-15 12:34:45.175000,1.09209,1.09208,1000000,1000000
2019-05-15 12:34:45.277000,1.0921,1.09208,1310000,1000000
2019-05-15 12:34:45.589000,1.0921,1.09207,2060000,2810000
2019-05-15 12:34:45.692000,1.09208,1.09207,1000000,1250000
2019-05-15 12:34:45.847000,1.09207,1.09206,1250000,1000000
2019-05-15 12:34:45.950000,1.09206,1.09205,1250000,1500000
2019-05-15 12:34:46.436000,1.09206,1.09204,1250000,1120000
2019-05-15 12:34:46.640000,1.09205,1.09203,1750000,1500000
2019-05-15 12:34:46.793000,1.09204,1.09201,1690000,2150000
2019-05-15 12:34:47.213000,1.09205,1.09203,2890000,1000000
2019-05-15 12:34:47.377000,1.09205,1.09203,2260000,1000000
2019-05-15 12:34:47.479000,1.09205,1.09203,1250000,1000000
2019-05-15 12:34:48.355000,1.09204,1.09202,1250000,1690000
2019-05-15 12:34:48.508000,1.09203,1.09201,1000000,2500000
2019-05-15 12:34:48.711000,1.09203,1.09201,2870000,1000000
2019-05-15 12:34:48.813000,1.09203,1.09201,1250000,1690000
2019-05-15 12:34:48.918000,1.09204,1.09202,1690000,1000000
2019-05-15 12:34:49.020000,1.09206,1.09204,3000000,1000000
2019-05-15 12:34:49.122000,1.09207,1.09205,1120000,1250000
2019-05-15 12:34:49.224000,1.09208,1.09205,3640000,1750000
2019-05-15 12:34:49.326000,1.09208,1.09205,2250000,1500000
2019-05-15 12:34:49.463000,1.09208,1.09205,2510000,2500000
2019-05-15 12:34:49.767000,1.09208,1.09205,2440000,1690000
2019-05-15 12:34:49.869000,1.09207,1.09205,1000000,1690000
2019-05-15 12:34:49.972000,1.09206,1.09204,2440000,1470000
2019-05-15 12:34:50.125000,1.09207,1.09205,1810000,1250000
2019-05-15 12:34:50.478000,1.09206,1.09204,1120000,1250000
2019-05-15 12:34:50.529000,1.09205,1.09203,1000000,3190000
2019-05-15 12:34:50.631000,1.09206,1.09203,3190000,1420000
2019-05-15 12:34:50.681000,1.09206,1.09203,3260000,1250000
2019-05-15 12:34:51.779000,1.09205,1.09203,1500000,1250000
2019-05-15 12:34:52.134000,1.09205,1.09202,2440000,1690000
2019-05-15 12:34:52.233000,1.09204,1.09201,2500000,2810000
2019-05-15 12:34:52.388000,1.09204,1.09202,1750000,1500000
2019-05-15 12:34:52.490000,1.09204,1.09202,1000000,2440000
2019-05-15 12:34:52.592000,1.09205,1.09203,1690000,1000000
2019-05-15 12:34:52.694000,1.09205,1.09202,2440000,2810000
2019-05-15 12:34:56.671000,1.09204,1.09202,1250000,1870000
2019-05-15 12:34:56.824000,1.09204,1.09202,1250000,1120000
2019-05-15 12:34:57.074000,1.09204,1.09202,1750000,1120000
2019-05-15 12:34:58.071000,1.09204,1.09201,3250000,3190000
2019-05-15 12:34:58.906000,1.09204,1.09202,2500000,1000000
2019-05-15 12:34:59.458000,1.09204,1.09201,3250000,3560000
2019-05-15 12:34:59.917000,1.092,1.09199,1500000,3450000
2019-05-15 12:35:00.020000,1.09197,1.09195,1000000,1690000
2019-05-15 12:35:00.173000,1.09198,1.09197,1000000,1840000
2019-05-15 12:35:00.325000,1.09199,1.09197,1000000,4310000
2019-05-15 12:35:00.428000,1.092,1.09198,2440000,1000000
2019-05-15 12:35:00.633000,1.092,1.09197,2440000,2060000
2019-05-15 12:35:01.011000,1.09199,1.09197,1250000,1870000
2019-05-15 12:35:01.927000,1.092,1.09199,1570000,1120000
2019-05-15 12:35:02.036000,1.09204,1.09202,2500000,1000000
2019-05-15 12:35:02.139000,1.09204,1.09203,1000000,1000000
2019-05-15 12:35:02.241000,1.09205,1.09203,1000000,1250000
2019-05-15 12:35:02.444000,1.09206,1.09204,1120000,1750000
2019-05-15 12:35:02.597000,1.09207,1.09204,2810000,4000000
2019-05-15 12:35:03.263000,1.09207,1.09206,1000000,1250000
2019-05-15 12:35:03.366000,1.09206,1.09204,1250000,1500000
2019-05-15 12:35:03.624000,1.09206,1.09204,1000000,3250000
2019-05-15 12:35:03.727000,1.09206,1.09204,1000000,1500000
2019-05-15 12:35:03.829000,1.09206,1.09203,1120000,1000000
2019-05-15 12:35:03.982000,1.09206,1.09202,1120000,5440000
2019-05-15 12:35:04.773000,1.09206,1.09202,1500000,4760000
2019-05-15 12:35:04.969000,1.09206,1.09202,2190000,4450000
2019-05-15 12:35:05.899000,1.09206,1.09204,2000000,1250000
2019-05-15 12:35:06.001000,1.09206,1.09203,2940000,2440000
2019-05-15 12:35:06.140000,1.09206,1.09203,2750000,1750000
2019-05-15 12:35:06.801000,1.09206,1.09203,2620000,2500000
2019-05-15 12:35:06.853000,1.09207,1.09205,1000000,1750000
2019-05-15 12:35:07.271000,1.09208,1.09206,2440000,1310000
2019-05-15 12:35:07.989000,1.09208,1.09206,1500000,1370000
2019-05-15 12:35:08.221000,1.09207,1.09205,2440000,1000000
2019-05-15 12:35:08.323000,1.09206,1.09204,1500000,4010000
2019-05-15 12:35:08.425000,1.09204,1.09203,1250000,1000000
2019-05-15 12:35:08.580000,1.09204,1.09201,2440000,4120000
2019-05-15 12:35:08.686000,1.09202,1.09201,1000000,1310000
2019-05-15 12:35:08.788000,1.09202,1.09201,1870000,1000000
2019-05-15 12:35:08.890000,1.09201,1.092,1000000,1690000
2019-05-15 12:35:09.096000,1.09201,1.09198,3250000,2810000
2019-05-15 12:35:09.299000,1.09201,1.09198,2250000,2620000
2019-05-15 12:35:09.350000,1.09199,1.09198,2440000,1000000
2019-05-15 12:35:09.452000,1.09199,1.09196,3190000,1250000
2019-05-15 12:35:09.614000,1.09198,1.09195,2250000,2870000
2019-05-15 12:35:09.767000,1.09197,1.09195,1000000,3560000
2019-05-15 12:35:10.073000,1.09195,1.09192,2440000,4330000
2019-05-15 12:35:10.175000,1.09194,1.09192,1370000,1870000
2019-05-15 12:35:10.375000,1.09194,1.09192,2060000,1310000
2019-05-15 12:35:12.519000,1.09195,1.09194,1000000,1000000
2019-05-15 12:35:12.734000,1.09196,1.09194,1310000,1250000
2019-05-15 12:35:13.351000,1.09195,1.09193,3250000,1000000
2019-05-15 12:35:13.454000,1.09194,1.09191,2440000,6850000
2019-05-15 12:35:15.133000,1.09195,1.09193,1000000,1250000
2019-05-15 12:35:15.308000,1.09197,1.09195,3560000,1000000
2019-05-15 12:35:15.837000,1.09196,1.09194,1000000,1750000
2019-05-15 12:35:16.040000,1.09197,1.09194,3370000,4370000
2019-05-15 12:35:16.457000,1.09198,1.09196,1250000,1250000
2019-05-15 12:35:18.403000,1.09199,1.09197,1870000,1250000
2019-05-15 12:35:18.506000,1.092,1.09199,1000000,1500000
2019-05-15 12:35:18.608000,1.09202,1.092,3750000,4870000
2019-05-15 12:35:18.659000,1.09203,1.09201,4500000,1250000
2019-05-15 12:35:18.858000,1.09204,1.09201,2060000,2500000
2019-05-15 12:35:18.961000,1.09203,1.092,2440000,2890000
2019-05-15 12:35:19.063000,1.09202,1.092,1500000,1250000
2019-05-15 12:35:20.035000,1.09201,1.09199,1500000,1000000
2019-05-15 12:35:20.137000,1.09201,1.09198,1500000,3560000
2019-05-15 12:35:20.980000,1.092,1.09198,1000000,3560000
2019-05-15 12:35:21.237000,1.09201,1.09199,2250000,1000000
2019-05-15 12:35:21.440000,1.09202,1.09201,2250000,1250000
2019-05-15 12:35:21.646000,1.09203,1.09201,1250000,2440000
2019-05-15 12:35:22.257000,1.09204,1.09202,1250000,1000000
2019-05-15 12:35:22.361000,1.09205,1.09203,3000000,2870000
2019-05-15 12:35:22.580000,1.09203,1.09202,1250000,1570000
2019-05-15 12:35:22.683000,1.09201,1.09199,2250000,1250000
2019-05-15 12:35:22.786000,1.09202,1.09201,1000000,1250000
2019-05-15 12:35:22.889000,1.09203,1.09202,1000000,1250000
2019-05-15 12:35:23.041000,1.09205,1.09203,4310000,1250000
2019-05-15 12:35:23.448000,1.09206,1.09204,2620000,1250000
2019-05-15 12:35:24.120000,1.09208,1.09206,2320000,2500000
2019-05-15 12:35:24.223000,1.09209,1.09207,2250000,2120000
2019-05-15 12:35:24.377000,1.09208,1.09206,1500000,4000000
2019-05-15 12:35:24.527000,1.09205,1.09203,2690000,2510000
2019-05-15 12:35:24.630000,1.09203,1.09201,1000000,2510000
2019-05-15 12:35:24.783000,1.09202,1.092,1000000,3190000
2019-05-15 12:35:24.885000,1.09201,1.09199,1620000,3560000
2019-05-15 12:35:25.091000,1.092,1.09198,1500000,1690000
2019-05-15 12:35:25.143000,1.09198,1.09197,1000000,1880000
2019-05-15 12:35:25.245000,1.09198,1.09196,1500000,1370000
2019-05-15 12:35:25.348000,1.09198,1.09195,2440000,5120000
2019-05-15 12:35:25.674000,1.09198,1.09196,1500000,1250000
2019-05-15 12:35:25.777000,1.09199,1.09196,1500000,3620000
2019-05-15 12:35:25.980000,1.092,1.09197,3000000,1690000
2019-05-15 12:35:26.593000,1.09201,1.09198,2250000,1350000
2019-05-15 12:35:26.644000,1.09203,1.09201,1120000,1000000
2019-05-15 12:35:27.103000,1.09202,1.092,1250000,2250000
2019-05-15 12:35:27.208000,1.09201,1.09199,1000000,3560000
2019-05-15 12:35:27.355000,1.09202,1.092,1500000,2120000
2019-05-15 12:35:27.458000,1.09202,1.09201,1000000,1690000
2019-05-15 12:35:27.560000,1.09204,1.09201,3620000,1690000
2019-05-15 12:35:28.452000,1.09204,1.09202,1500000,1310000
2019-05-15 12:35:28.554000,1.09205,1.09203,1000000,2870000
2019-05-15 12:35:28.658000,1.09207,1.09204,2510000,1310000
2019-05-15 12:35:28.760000,1.09206,1.09204,1000000,1310000
2019-05-15 12:35:28.926000,1.09207,1.09205,1000000,1750000
2019-05-15 12:35:29.028000,1.09208,1.09206,1690000,1250000
2019-05-15 12:35:30.193000,1.09207,1.09205,1250000,3560000
2019-05-15 12:35:30.296000,1.09206,1.09204,1500000,3640000
2019-05-15 12:35:30.398000,1.09205,1.09203,1500000,1810000
2019-05-15 12:35:30.531000,1.09205,1.09203,2250000,1250000
2019-05-15 12:35:32.062000,1.09205,1.09203,3250000,1000000
2019-05-15 12:35:32.164000,1.09203,1.09201,1690000,2140000
2019-05-15 12:35:32.266000,1.09202,1.092,1000000,4120000
2019-05-15 12:35:32.628000,1.09202,1.09199,2500000,4060000
2019-05-15 12:35:32.730000,1.09202,1.09199,2500000,2060000
2019-05-15 12:35:34.145000,1.09202,1.092,1250000,1500000
2019-05-15 12:35:34.196000,1.09203,1.092,5060000,1750000
2019-05-15 12:35:34.349000,1.09203,1.09202,1500000,1250000
2019-05-15 12:35:34.451000,1.09204,1.09202,1250000,2440000
2019-05-15 12:35:36.590000,1.09205,1.09203,1370000,1000000
2019-05-15 12:35:36.954000,1.09205,1.09202,5120000,1690000
2019-05-15 12:35:37.819000,1.09202,1.09201,1250000,1100000
2019-05-15 12:35:37.921000,1.09201,1.09199,2750000,5620000
2019-05-15 12:35:38.023000,1.09202,1.09199,2250000,2200000
2019-05-15 12:35:38.133000,1.09202,1.09199,2440000,1690000
2019-05-15 12:35:38.235000,1.09201,1.09199,1000000,1250000
2019-05-15 12:35:38.701000,1.09201,1.09198,1500000,5570000
2019-05-15 12:35:38.803000,1.09204,1.09202,1000000,1690000
2019-05-15 12:35:38.854000,1.09205,1.09202,2060000,2440000
2019-05-15 12:35:38.956000,1.09205,1.09202,2620000,4000000
2019-05-15 12:35:39.466000,1.09205,1.09203,1000000,2870000
2019-05-15 12:35:39.568000,1.09206,1.09203,2250000,5200000
2019-05-15 12:35:39.900000,1.09206,1.09204,1500000,1250000
2019-05-15 12:35:40.749000,1.09207,1.09204,3370000,2500000
2019-05-15 12:35:41.004000,1.09208,1.09206,1120000,2870000
2019-05-15 12:35:41.070000,1.09209,1.09206,2810000,2870000
2019-05-15 12:35:41.173000,1.0921,1.09207,2440000,2500000
2019-05-15 12:35:41.681000,1.0921,1.09208,2250000,1250000
2019-05-15 12:35:42.422000,1.09211,1.09209,3370000,1250000
2019-05-15 12:35:42.676000,1.09212,1.0921,1500000,1750000
2019-05-15 12:35:42.993000,1.09213,1.0921,3000000,1750000
2019-05-15 12:35:43.197000,1.09212,1.09209,3310000,2500000
2019-05-15 12:35:43.299000,1.09212,1.09211,1000000,1310000
2019-05-15 12:35:44.476000,1.09211,1.09209,1500000,1750000
2019-05-15 12:35:44.730000,1.09211,1.09209,1250000,1690000
2019-05-15 12:35:45.069000,1.09211,1.09209,1500000,1750000
2019-05-15 12:35:45.171000,1.09209,1.09207,1500000,1000000
2019-05-15 12:35:45.273000,1.0921,1.09207,2940000,2500000
2019-05-15 12:35:45.958000,1.09212,1.09209,3940000,1250000
2019-05-15 12:35:46.060000,1.09212,1.09211,1500000,1250000
2019-05-15 12:35:46.420000,1.09212,1.0921,1000000,2510000
2019-05-15 12:35:46.573000,1.09212,1.09211,1000000,1250000
2019-05-15 12:35:50.407000,1.09214,1.09212,2500000,1000000
2019-05-15 12:35:50.459000,1.09215,1.09214,2250000,1690000
2019-05-15 12:35:50.510000,1.09217,1.09214,4320000,3370000
2019-05-15 12:35:51.045000,1.09218,1.09216,1690000,1690000
2019-05-15 12:35:51.410000,1.09219,1.09217,1250000,1000000
2019-05-15 12:35:51.462000,1.0922,1.09218,3000000,1870000
2019-05-15 12:35:51.566000,1.09221,1.0922,1500000,2250000
2019-05-15 12:35:51.619000,1.09223,1.09221,2250000,1250000
2019-05-15 12:35:51.671000,1.0922,1.09218,3750000,1220000
2019-05-15 12:35:51.723000,1.09219,1.09217,1250000,1690000
2019-05-15 12:35:51.834000,1.09219,1.09217,1750000,1120000
2019-05-15 12:35:51.987000,1.09221,1.09219,1120000,3250000
2019-05-15 12:35:52.140000,1.09222,1.09219,2060000,2870000
2019-05-15 12:35:52.301000,1.09222,1.09219,2060000,2060000
2019-05-15 12:35:52.403000,1.09222,1.09219,1870000,2870000
2019-05-15 12:35:52.557000,1.09222,1.09219,2060000,2060000
2019-05-15 12:35:52.660000,1.09223,1.0922,2890000,3250000
2019-05-15 12:35:52.816000,1.09225,1.09222,1000000,2810000
2019-05-15 12:35:52.918000,1.09225,1.09223,1000000,1120000
2019-05-15 12:35:54.147000,1.09225,1.09222,1000000,8250000
2019-05-15 12:35:54.351000,1.09226,1.09223,1870000,2810000
2019-05-15 12:35:54.402000,1.09227,1.09226,1880000,1690000
2019-05-15 12:35:54.465000,1.09229,1.09227,1250000,2810000
2019-05-15 12:35:54.567000,1.0923,1.09228,2440000,3310000
2019-05-15 12:35:55.310000,1.0923,1.09228,1250000,2250000
2019-05-15 12:35:55.565000,1.09231,1.09228,2500000,3000000
2019-05-15 12:35:56.233000,1.0923,1.09227,2870000,2440000
2019-05-15 12:35:57.344000,1.09228,1.09226,1000000,3560000
2019-05-15 12:35:57.451000,1.09226,1.09223,2870000,3450000
2019-05-15 12:35:57.555000,1.09226,1.09223,5120000,2250000
2019-05-15 12:35:57.811000,1.09224,1.09222,1250000,1310000
2019-05-15 12:35:58.218000,1.09225,1.09222,1310000,2870000
2019-05-15 12:35:58.321000,1.09226,1.09224,1450000,1870000
2019-05-15 12:35:58.423000,1.09227,1.09224,2870000,1310000
2019-05-15 12:35:58.529000,1.09227,1.09225,2120000,1000000
2019-05-15 12:35:58.631000,1.09227,1.09224,2060000,2060000
2019-05-15 12:35:58.958000,1.09228,1.09225,2890000,2870000
2019-05-15 12:35:59.061000,1.09229,1.09227,3720000,1000000
2019-05-15 12:35:59.221000,1.09229,1.09228,1250000,1000000
2019-05-15 12:35:59.323000,1.09229,1.09227,1250000,2810000
2019-05-15 12:35:59.869000,1.09229,1.09227,1820000,1000000
2019-05-15 12:36:00.139000,1.09228,1.09226,1690000,1000000
2019-05-15 12:36:00.756000,1.09227,1.09224,1500000,5250000
2019-05-15 12:36:00.858000,1.09224,1.09222,1250000,2910000
2019-05-15 12:36:00.961000,1.09232,1.09229,41169998,3040000
2019-05-15 12:36:01.012000,1.09231,1.0923,1000000,1690000
2019-05-15 12:36:01.134000,1.09237,1.09236,4570000,1250000
2019-05-15 12:36:01.389000,1.09237,1.09235,1690000,1250000
2019-05-15 12:36:01.651000,1.09237,1.09234,2120000,3190000
2019-05-15 12:36:02.010000,1.09237,1.09235,1120000,1250000
2019-05-15 12:36:02.112000,1.09237,1.09235,1370000,1500000
2019-05-15 12:36:02.215000,1.09236,1.09234,1250000,3000000
2019-05-15 12:36:02.419000,1.09235,1.09233,1250000,2810000
2019-05-15 12:36:02.522000,1.09235,1.09233,1750000,2250000
2019-05-15 12:36:02.632000,1.09235,1.09232,1750000,1690000
2019-05-15 12:36:02.734000,1.09236,1.09233,4500000,1000000
2019-05-15 12:36:03.289000,1.09236,1.09234,3750000,1000000
2019-05-15 12:36:03.340000,1.09236,1.09234,2440000,1000000
2019-05-15 12:36:03.492000,1.09237,1.09234,1250000,4370000
2019-05-15 12:36:03.594000,1.09237,1.09235,2500000,1000000
2019-05-15 12:36:03.698000,1.09236,1.09234,1690000,1010000
2019-05-15 12:36:04.649000,1.09236,1.09233,2500000,3560000
2019-05-15 12:36:05.609000,1.09236,1.09233,1690000,2890000
2019-05-15 12:36:06.572000,1.09235,1.09233,1000000,1000000
2019-05-15 12:36:07.617000,1.09236,1.09233,2440000,1500000
2019-05-15 12:36:08.295000,1.09235,1.09233,1000000,1000000
2019-05-15 12:36:08.436000,1.09234,1.09233,1250000,1000000
2019-05-15 12:36:08.538000,1.09235,1.09233,1690000,1000000
2019-05-15 12:36:08.843000,1.09232,1.09231,1500000,1500000
2019-05-15 12:36:08.946000,1.09231,1.09229,4120000,2250000
2019-05-15 12:36:09.102000,1.09231,1.09228,4120000,3000000
2019-05-15 12:36:09.307000,1.09229,1.09227,2060000,1250000
2019-05-15 12:36:09.473000,1.09228,1.09226,1000000,2870000
2019-05-15 12:36:09.575000,1.09229,1.09226,4310000,2500000
2019-05-15 12:36:10.932000,1.09228,1.09226,1000000,1250000
2019-05-15 12:36:13.013000,1.09229,1.09227,2060000,1250000
2019-05-15 12:36:13.168000,1.09229,1.09228,1000000,1000000
2019-05-15 12:36:13.301000,1.0923,1.09228,1120000,1500000
2019-05-15 12:36:13.759000,1.09231,1.09229,1750000,1250000
2019-05-15 12:36:13.863000,1.09231,1.09228,3750000,2250000
2019-05-15 12:36:15.057000,1.0923,1.09228,1750000,1500000
2019-05-15 12:36:15.468000,1.09231,1.0923,1120000,1250000
2019-05-15 12:36:15.577000,1.09232,1.09231,4870000,1690000
2019-05-15 12:36:15.730000,1.09233,1.0923,3250000,1760000
2019-05-15 12:36:15.833000,1.09233,1.0923,3560000,2500000
2019-05-15 12:36:16.081000,1.09232,1.0923,1000000,1250000
2019-05-15 12:36:16.183000,1.09232,1.09229,3750000,1500000
2019-05-15 12:36:16.285000,1.09231,1.09228,1310000,3640000
2019-05-15 12:36:17.003000,1.09231,1.09228,3620000,2250000
2019-05-15 12:36:18.398000,1.09231,1.09229,2500000,1000000
2019-05-15 12:36:18.449000,1.09232,1.09229,5810000,1750000
2019-05-15 12:36:18.601000,1.09231,1.09229,1750000,1500000
2019-05-15 12:36:19.571000,1.0923,1.09227,1250000,3370000
2019-05-15 12:36:19.673000,1.0923,1.09227,2500000,1310000
2019-05-15 12:36:20.002000,1.09231,1.09228,4500000,1250000
2019-05-15 12:36:22.328000,1.09229,1.09227,1250000,2510000
2019-05-15 12:36:22.473000,1.09226,1.09224,2250000,2620000
2019-05-15 12:36:22.779000,1.09226,1.09223,1750000,3390000
2019-05-15 12:36:22.881000,1.09225,1.09222,2500000,3260000
2019-05-15 12:36:22.983000,1.09224,1.09221,2120000,1690000
2019-05-15 12:36:23.085000,1.09224,1.09222,2120000,1500000
2019-05-15 12:36:24.363000,1.09224,1.09222,1250000,2440000
2019-05-15 12:36:25.440000,1.09225,1.09222,3250000,2320000
2019-05-15 12:36:26.616000,1.09226,1.09224,3190000,1000000
2019-05-15 12:36:26.718000,1.09226,1.09224,1250000,1500000
2019-05-15 12:36:26.872000,1.09225,1.09223,1250000,2320000
2019-05-15 12:36:27.179000,1.09225,1.09222,1750000,3450000
2019-05-15 12:36:27.563000,1.09226,1.09223,6070000,2250000
2019-05-15 12:36:28.915000,1.09227,1.09226,1250000,1500000
2019-05-15 12:36:29.119000,1.09228,1.09226,1250000,1690000
2019-05-15 12:36:29.221000,1.09228,1.09227,1250000,1000000
2019-05-15 12:36:30.436000,1.0923,1.09227,4870000,1500000
2019-05-15 12:36:30.585000,1.0923,1.09228,1120000,1000000
2019-05-15 12:36:30.942000,1.09231,1.09229,4060000,1000000
2019-05-15 12:36:31.070000,1.09231,1.09228,3620000,1500000
2019-05-15 12:36:31.173000,1.09231,1.09228,4370000,1500000
2019-05-15 12:36:32.277000,1.09229,1.09227,1250000,2620000
2019-05-15 12:36:32.511000,1.09226,1.09225,1000000,1500000
2019-05-15 12:36:32.612000,1.09226,1.09224,1250000,3000000
2019-05-15 12:36:32.714000,1.09226,1.09224,1250000,3000000
2019-05-15 12:36:34.610000,1.09225,1.09223,1250000,1690000
2019-05-15 12:36:34.712000,1.09224,1.09222,3560000,1250000
2019-05-15 12:36:35.119000,1.09223,1.09221,1500000,1250000
2019-05-15 12:36:35.272000,1.09223,1.09221,2500000,1000000
2019-05-15 12:36:36.263000,1.09223,1.09221,1310000,1250000
2019-05-15 12:36:36.568000,1.09225,1.09222,3320000,1000000
2019-05-15 12:36:37.534000,1.09226,1.09224,4070000,1500000
2019-05-15 12:36:37.674000,1.09227,1.09225,3750000,1000000
2019-05-15 12:36:37.725000,1.09228,1.09226,2060000,1000000
2019-05-15 12:36:39.535000,1.09226,1.09224,2120000,6370000
2019-05-15 12:36:41.246000,1.09227,1.09225,1310000,1250000
2019-05-15 12:36:41.384000,1.09228,1.09226,3700000,1500000
2019-05-15 12:36:41.946000,1.09228,1.09225,2950000,2810000
2019-05-15 12:36:42.456000,1.09227,1.09224,3310000,1690000
2019-05-15 12:36:42.558000,1.09226,1.09224,1370000,1500000
2019-05-15 12:36:42.660000,1.09225,1.09223,1310000,1500000
2019-05-15 12:36:42.762000,1.09225,1.09223,2120000,1500000
2019-05-15 12:36:42.864000,1.09225,1.09224,1120000,1690000
2019-05-15 12:36:42.993000,1.09226,1.09225,1000000,1250000
2019-05-15 12:36:43.146000,1.09228,1.09226,4820000,1000000
2019-05-15 12:36:43.299000,1.09228,1.09227,1000000,2440000
2019-05-15 12:36:43.403000,1.09231,1.09228,4220000,1000000
2019-05-15 12:36:43.658000,1.09231,1.09228,3070000,1690000
2019-05-15 12:36:44.070000,1.09231,1.09229,1500000,1750000
2019-05-15 12:36:44.199000,1.09233,1.0923,4890000,2500000
2019-05-15 12:36:47.095000,1.09232,1.0923,1310000,2440000
2019-05-15 12:36:47.503000,1.09233,1.0923,4140000,2500000
2019-05-15 12:36:47.871000,1.09231,1.0923,1120000,1000000
2019-05-15 12:36:47.973000,1.09231,1.09228,1870000,5620000
2019-05-15 12:36:48.075000,1.09231,1.09229,1120000,1250000
2019-05-15 12:36:48.126000,1.09231,1.09228,2320000,1250000
2019-05-15 12:36:48.229000,1.0923,1.09227,1750000,2440000
2019-05-15 12:36:48.992000,1.0923,1.09227,1690000,2500000
2019-05-15 12:36:52.251000,1.09231,1.0923,1200000,1000000
2019-05-15 12:36:52.401000,1.09231,1.09229,1250000,2060000
2019-05-15 12:36:53.738000,1.09231,1.09228,2120000,2440000
2019-05-15 12:36:54.582000,1.09231,1.09228,1310000,4000000
2019-05-15 12:36:57.452000,1.09232,1.09229,1870000,2500000
2019-05-15 12:36:57.554000,1.09232,1.09231,1500000,1000000
2019-05-15 12:36:57.676000,1.09233,1.09231,1120000,1000000
2019-05-15 12:36:57.779000,1.09235,1.09232,1370000,4690000
2019-05-15 12:36:58.580000,1.09233,1.09231,1870000,1870000
2019-05-15 12:36:58.682000,1.09232,1.0923,2870000,1000000
2019-05-15 12:36:58.734000,1.09232,1.09229,5250000,1690000
2019-05-15 12:36:58.785000,1.09232,1.09229,2620000,2500000
2019-05-15 12:36:58.887000,1.09232,1.0923,5190000,1000000
2019-05-15 12:36:58.989000,1.09231,1.09228,1310000,2440000
2019-05-15 12:36:59.501000,1.09233,1.0923,3820000,2440000
2019-05-15 12:36:59.603000,1.09234,1.09231,2890000,1500000
2019-05-15 12:37:00.344000,1.09234,1.09232,1250000,1870000
2019-05-15 12:37:00.455000,1.09235,1.09232,3750000,2870000
2019-05-15 12:37:00.930000,1.09235,1.09234,1500000,1000000
2019-05-15 12:37:01.033000,1.09236,1.09233,3070000,3620000
2019-05-15 12:37:01.160000,1.09237,1.09234,5700000,3250000
2019-05-15 12:37:01.569000,1.09237,1.09235,1120000,1250000
2019-05-15 12:37:03.931000,1.09238,1.09236,5440000,1250000
2019-05-15 12:37:04.033000,1.09238,1.09237,2250000,1250000
