time,ask,bid,ask_volume,bid_volume
2018-06-28 12:25:00.703000,1.10227,1.10223,3190000,4570000
2018-06-28 12:25:01.281000,1.10227,1.10223,3190000,4950000
2018-06-28 12:25:01.941000,1.10227,1.10223,3000000,4390000
2018-06-28 12:25:02.457000,1.10227,1.10223,3370000,4010000
2018-06-28 12:25:04.126000,1.10227,1.10224,2620000,1000000
2018-06-28 12:25:11.186000,1.10227,1.10225,1000000,1000000
2018-06-28 12:25:11.980000,1.1022,1.10218,1690000,1450000
2018-06-28 12:25:12.032000,1.1022,1.10216,3190000,1200000
2018-06-28 12:25:12.548000,1.10219,1.10216,2060000,1870000
2018-06-28 12:25:12.856000,1.10216,1.10215,1000000,1500000
2018-06-28 12:25:12.908000,1.10216,1.10213,1000000,2890000
2018-06-28 12:25:13.740000,1.10217,1.10213,1870000,5510000
2018-06-28 12:25:14.260000,1.10219,1.10215,3560000,2060000
2018-06-28 12:25:14.736000,1.1022,1.10217,1250000,1500000
2018-06-28 12:25:15.277000,1.10221,1.10217,1000000,5890000
2018-06-28 12:25:16.931000,1.10222,1.10219,2620000,1190000
2018-06-28 12:25:17.096000,1.10224,1.10221,1000000,2440000
2018-06-28 12:25:17.610000,1.10226,1.10222,3560000,3070000
2018-06-28 12:25:18.129000,1.10226,1.10222,2440000,3070000
2018-06-28 12:25:18.688000,1.10226,1.10222,2250000,3860000
2018-06-28 12:25:20.006000,1.10227,1.10223,3750000,4010000
2018-06-28 12:25:20.554000,1.10227,1.10224,2060000,1120000
2018-06-28 12:25:21.259000,1.10228,1.10224,3000000,2510000
2018-06-28 12:25:21.538000,1.10229,1.10227,1120000,5850000
2018-06-28 12:25:21.839000,1.10233,1.1023,1000000,4310000
2018-06-28 12:25:22.054000,1.10232,1.10228,2250000,4310000
2018-06-28 12:25:23.904000,1.10229,1.10228,1250000,1500000
2018-06-28 12:25:23.962000,1.10229,1.10226,2440000,2320000
2018-06-28 12:25:24.500000,1.10228,1.10224,2620000,4760000
2018-06-28 12:25:25.148000,1.10228,1.10227,1000000,2440000
2018-06-28 12:25:25.201000,1.1023,1.10228,1000000,2810000
2018-06-28 12:25:25.303000,1.10232,1.10228,3000000,4010000
2018-06-28 12:25:25.815000,1.10231,1.10229,1000000,1000000
2018-06-28 12:25:26.254000,1.10228,1.10225,2100000,1870000
2018-06-28 12:25:26.756000,1.10228,1.10225,1120000,1000000
2018-06-28 12:25:27.268000,1.10227,1.10223,1000000,5510000
2018-06-28 12:25:27.838000,1.10228,1.10224,3370000,1310000
2018-06-28 12:25:28.380000,1.10228,1.10225,2620000,1000000
2018-06-28 12:25:29.002000,1.1023,1.10227,1000000,3190000
2018-06-28 12:25:29.114000,1.10233,1.10229,2060000,3370000
2018-06-28 12:25:30.310000,1.10232,1.10229,1250000,1570000
2018-06-28 12:25:31.260000,1.10233,1.1023,1870000,1000000
2018-06-28 12:25:31.979000,1.10235,1.10231,4310000,1120000
2018-06-28 12:25:32.508000,1.10235,1.10231,3940000,1950000
2018-06-28 12:25:34.800000,1.10235,1.10233,1000000,1000000
2018-06-28 12:25:34.959000,1.10238,1.10235,1690000,1870000
2018-06-28 12:25:35.769000,1.10236,1.10234,1000000,1800000
2018-06-28 12:25:37.241000,1.10236,1.10232,1000000,2890000
2018-06-28 12:25:38.769000,1.10235,1.10231,1120000,6260000
2018-06-28 12:25:38.822000,1.10234,1.10231,1000000,2700000
2018-06-28 12:25:39.374000,1.10233,1.10229,1310000,3070000
2018-06-28 12:25:39.913000,1.10234,1.1023,4120000,1690000
2018-06-28 12:25:40.458000,1.10235,1.10231,3750000,1870000
2018-06-28 12:25:43.717000,1.10234,1.10231,1000000,1570000
2018-06-28 12:25:44.265000,1.10235,1.10231,3000000,2140000
2018-06-28 12:25:44.548000,1.10234,1.1023,2250000,1950000
2018-06-28 12:25:45.857000,1.10233,1.10229,1000000,5510000
2018-06-28 12:25:46.398000,1.10234,1.1023,3370000,1120000
2018-06-28 12:25:47.270000,1.10234,1.1023,3560000,1200000
2018-06-28 12:25:53.446000,1.10232,1.1023,1000000,1000000
2018-06-28 12:25:53.715000,1.10232,1.10228,3370000,3000000
2018-06-28 12:25:53.873000,1.10233,1.10229,3000000,2250000
2018-06-28 12:25:54.376000,1.10232,1.10229,1000000,2250000
2018-06-28 12:25:55.679000,1.10233,1.1023,2250000,1000000
2018-06-28 12:25:56.693000,1.10233,1.10229,1870000,2890000
2018-06-28 12:25:58.050000,1.10233,1.1023,1500000,1000000
2018-06-28 12:26:02.144000,1.10232,1.10229,1120000,1570000
2018-06-28 12:26:03.709000,1.10233,1.10229,2250000,1950000
2018-06-28 12:26:07.485000,1.10233,1.1023,1500000,1000000
2018-06-28 12:26:23.337000,1.10233,1.10229,1120000,4610000
2018-06-28 12:26:27.621000,1.10233,1.1023,2620000,1000000
2018-06-28 12:26:31.566000,1.10233,1.10229,3000000,1690000
2018-06-28 12:26:32.858000,1.10232,1.10229,1000000,1690000
2018-06-28 12:26:33.386000,1.10233,1.10229,3000000,1690000
2018-06-28 12:26:34.036000,1.10233,1.10229,3370000,1310000
2018-06-28 12:26:42.037000,1.10228,1.10226,2250000,2250000
2018-06-28 12:26:42.142000,1.10227,1.10223,2250000,2060000
2018-06-28 12:26:42.671000,1.10226,1.10222,2620000,2810000
2018-06-28 12:26:43.607000,1.10226,1.10223,1120000,1310000
2018-06-28 12:26:44.206000,1.10226,1.10222,1870000,2060000
2018-06-28 12:26:44.726000,1.10226,1.10222,1870000,2060000
2018-06-28 12:26:49.237000,1.10226,1.10222,1120000,2440000
2018-06-28 12:26:52.805000,1.10226,1.10222,1870000,1870000
2018-06-28 12:26:53.352000,1.10225,1.10221,1870000,1310000
2018-06-28 12:26:54.178000,1.10224,1.10221,1000000,5060000
2018-06-28 12:26:54.697000,1.10224,1.10222,1000000,1000000
2018-06-28 12:26:55.501000,1.10226,1.10222,3820000,1120000
2018-06-28 12:27:00.391000,1.10225,1.10221,1870000,1500000
2018-06-28 12:27:03.439000,1.10224,1.10221,1000000,3750000
2018-06-28 12:27:03.971000,1.10225,1.10221,1120000,4120000
2018-06-28 12:27:10.395000,1.10225,1.10222,1000000,2440000
2018-06-28 12:27:10.500000,1.10228,1.10225,1310000,2810000
2018-06-28 12:27:10.809000,1.10226,1.10222,1500000,3260000
2018-06-28 12:27:11.312000,1.10225,1.10222,1000000,2810000
2018-06-28 12:27:11.840000,1.10225,1.10222,1000000,1690000
2018-06-28 12:27:12.351000,1.10225,1.10222,1000000,1690000
2018-06-28 12:27:13.815000,1.10225,1.10222,1000000,1120000
2018-06-28 12:27:15.232000,1.10225,1.10223,1000000,1500000
2018-06-28 12:27:34.637000,1.10225,1.10222,1000000,1870000
2018-06-28 12:27:55.092000,1.10227,1.10224,3640000,1000000
2018-06-28 12:27:55.338000,1.10228,1.10224,2700000,2440000
2018-06-28 12:27:56.100000,1.10228,1.10224,3450000,1190000
2018-06-28 12:27:59.991000,1.10227,1.10224,2620000,1000000
2018-06-28 12:28:00.203000,1.10226,1.10222,2320000,2250000
2018-06-28 12:28:01.184000,1.10226,1.10223,1950000,1000000
2018-06-28 12:28:01.348000,1.10228,1.10227,1870000,1000000
2018-06-28 12:28:01.502000,1.10232,1.10229,2320000,1690000
2018-06-28 12:28:02.018000,1.10233,1.10231,1570000,1250000
2018-06-28 12:28:02.820000,1.10234,1.10233,1000000,1000000
2018-06-28 12:28:02.926000,1.10237,1.10233,3640000,3940000
2018-06-28 12:28:03.504000,1.10238,1.10235,3260000,1120000
2018-06-28 12:28:04.063000,1.10238,1.10235,2700000,1310000
2018-06-28 12:28:05.549000,1.10239,1.10237,3260000,1000000
2018-06-28 12:28:06.369000,1.10239,1.10237,2320000,1000000
2018-06-28 12:28:07.151000,1.10239,1.10236,1200000,1870000
2018-06-28 12:28:12.796000,1.10239,1.10236,1120000,2620000
2018-06-28 12:28:17.700000,1.10239,1.10236,1000000,2060000
2018-06-28 12:28:20.111000,1.10239,1.10237,1000000,1000000
2018-06-28 12:28:22.293000,1.10239,1.10236,1000000,2440000
2018-06-28 12:28:32.001000,1.10239,1.10235,1870000,3000000
2018-06-28 12:28:35.583000,1.10239,1.10235,1870000,3000000
2018-06-28 12:28:40.063000,1.10238,1.10236,1000000,1500000
2018-06-28 12:28:43.660000,1.10239,1.10238,1570000,1250000
2018-06-28 12:28:43.714000,1.10242,1.1024,1570000,2060000
2018-06-28 12:28:45.346000,1.10242,1.10239,2320000,1690000
2018-06-28 12:28:45.847000,1.10242,1.10239,2320000,1620000
2018-06-28 12:28:50.374000,1.10242,1.10239,1950000,1690000
2018-06-28 12:28:50.913000,1.10242,1.10239,1950000,1620000
2018-06-28 12:28:57.725000,1.10242,1.10239,1200000,1250000
2018-06-28 12:28:58.248000,1.10242,1.10239,1570000,1620000
2018-06-28 12:28:58.758000,1.10242,1.10239,1950000,1690000
2018-06-28 12:29:00.039000,1.10241,1.10239,1000000,1690000
2018-06-28 12:29:00.575000,1.10242,1.10239,2320000,1690000
2018-06-28 12:29:01.822000,1.10241,1.10239,1000000,1250000
2018-06-28 12:29:03.159000,1.10241,1.10239,1200000,1620000
2018-06-28 12:29:07.382000,1.10242,1.10239,2320000,1620000
2018-06-28 12:29:17.256000,1.10242,1.1024,2510000,1120000
2018-06-28 12:29:17.887000,1.10242,1.10239,3070000,1250000
2018-06-28 12:29:21.721000,1.1024,1.10238,1000000,1500000
2018-06-28 12:29:22.224000,1.1024,1.10237,1250000,1000000
2018-06-28 12:29:26.043000,1.10241,1.10237,3260000,1000000
2018-06-28 12:29:26.620000,1.1024,1.10237,1000000,1000000
2018-06-28 12:29:28.152000,1.10239,1.10237,1100000,1000000
2018-06-28 12:29:30.075000,1.10241,1.10237,2510000,1000000
2018-06-28 12:29:30.183000,1.10241,1.10239,1200000,1000000
2018-06-28 12:29:30.696000,1.10243,1.10239,2060000,1500000
2018-06-28 12:29:31.210000,1.10242,1.10238,1870000,1500000
2018-06-28 12:29:31.752000,1.10242,1.10239,1000000,1500000
2018-06-28 12:29:32.278000,1.10242,1.10238,1500000,2250000
2018-06-28 12:29:33.992000,1.10241,1.10238,1120000,1000000
2018-06-28 12:29:34.151000,1.1024,1.10236,1000000,1000000
2018-06-28 12:29:34.309000,1.10239,1.10234,1310000,1000000
2018-06-28 12:29:34.820000,1.10239,1.10235,1310000,1000000
2018-06-28 12:29:35.340000,1.10238,1.10235,1000000,1000000
2018-06-28 12:29:36.424000,1.10238,1.10234,1000000,1000000
2018-06-28 12:29:37.489000,1.10239,1.10234,2060000,1000000
2018-06-28 12:29:38.278000,1.10238,1.10234,1000000,1000000
2018-06-28 12:29:42.067000,1.10239,1.10233,3560000,2250000
2018-06-28 12:29:43.050000,1.10237,1.10234,1120000,1000000
2018-06-28 12:29:43.624000,1.10237,1.10233,1120000,3040000
2018-06-28 12:29:44.255000,1.10238,1.10233,1570000,2850000
2018-06-28 12:29:45.042000,1.10237,1.10233,1000000,2850000
2018-06-28 12:29:46.164000,1.10235,1.10232,1690000,1500000
2018-06-28 12:29:46.233000,1.10233,1.10228,1100000,1190000
2018-06-28 12:29:46.442000,1.10233,1.10227,1290000,1690000
2018-06-28 12:29:46.599000,1.1023,1.10227,1000000,1000000
2018-06-28 12:29:47.132000,1.10231,1.10225,1000000,3190000
2018-06-28 12:29:47.765000,1.10232,1.10226,1200000,2250000
2018-06-28 12:29:47.974000,1.10234,1.10227,1200000,1690000
2018-06-28 12:29:48.269000,1.1023,1.10226,2810000,1500000
2018-06-28 12:29:48.375000,1.10231,1.10225,1000000,1000000
2018-06-28 12:29:48.526000,1.10233,1.10225,1250000,3260000
2018-06-28 12:29:49.068000,1.10233,1.10226,1390000,1000000
2018-06-28 12:29:49.413000,1.10235,1.10228,1760000,1000000
2018-06-28 12:29:49.725000,1.10234,1.10228,1100000,1690000
2018-06-28 12:29:50.039000,1.10237,1.1023,1870000,1250000
2018-06-28 12:29:50.099000,1.10239,1.10232,1000000,1000000
2018-06-28 12:29:50.181000,1.10242,1.10232,2140000,1000000
2018-06-28 12:29:50.236000,1.10241,1.10232,2140000,1000000
2018-06-28 12:29:50.340000,1.10242,1.1023,2140000,1520000
2018-06-28 12:29:50.392000,1.10238,1.1023,1000000,1520000
2018-06-28 12:29:50.560000,1.10242,1.1023,2140000,1520000
2018-06-28 12:29:50.833000,1.10243,1.10232,1390000,2020000
2018-06-28 12:29:51.051000,1.10241,1.1023,1500000,1520000
2018-06-28 12:29:51.565000,1.10242,1.1023,1000000,1520000
2018-06-28 12:29:51.923000,1.1024,1.10226,1000000,1500000
2018-06-28 12:29:52.495000,1.10239,1.10226,1200000,1000000
2018-06-28 12:29:52.758000,1.10239,1.10225,1200000,1220000
2018-06-28 12:29:53.456000,1.10241,1.10225,1700000,2250000
2018-06-28 12:29:53.996000,1.10241,1.10229,1450000,1000000
2018-06-28 12:29:54.156000,1.10241,1.10225,1000000,1500000
2018-06-28 12:29:54.208000,1.1024,1.10225,1870000,1000000
2018-06-28 12:29:54.575000,1.10236,1.10225,1000000,1000000
2018-06-28 12:29:55.156000,1.10236,1.10225,1190000,1000000
2018-06-28 12:29:55.210000,1.10236,1.10225,1000000,1000000
2018-06-28 12:29:55.812000,1.10236,1.10227,1450000,1500000
2018-06-28 12:29:56.055000,1.10237,1.10225,1120000,1000000
2018-06-28 12:29:57.075000,1.10236,1.10225,1000000,1000000
2018-06-28 12:29:57.383000,1.10234,1.10222,1000000,1000000
2018-06-28 12:29:57.436000,1.10236,1.10222,1500000,2250000
2018-06-28 12:29:57.488000,1.10235,1.10224,1000000,1500000
2018-06-28 12:29:58.036000,1.10236,1.10224,1000000,1500000
2018-06-28 12:29:59.280000,1.10237,1.10224,1120000,1500000
2018-06-28 12:29:59.857000,1.10236,1.10224,1000000,1500000
2018-06-28 12:30:00.171000,1.1023,1.10214,1000000,1000000
2018-06-28 12:30:00.719000,1.10229,1.10214,1000000,1300000
2018-06-28 12:30:00.772000,1.10229,1.10216,1000000,1000000
2018-06-28 12:30:01.241000,1.1023,1.10215,5440000,1000000
2018-06-28 12:30:01.397000,1.1023,1.10215,5440000,1000000
2018-06-28 12:30:01.449000,1.10224,1.10214,2250000,1300000
2018-06-28 12:30:01.833000,1.10228,1.10218,1000000,1000000
2018-06-28 12:30:02.145000,1.1021,1.10205,1500000,1000000
2018-06-28 12:30:02.196000,1.10211,1.102,1560000,1000000
2018-06-28 12:30:02.247000,1.10211,1.10201,1370000,1450000
2018-06-28 12:30:02.402000,1.10212,1.10205,1000000,1000000
2018-06-28 12:30:02.575000,1.10214,1.10209,1000000,1500000
2018-06-28 12:30:02.685000,1.10212,1.102,2890000,3000000
2018-06-28 12:30:02.736000,1.10208,1.10204,1200000,1000000
2018-06-28 12:30:02.891000,1.10203,1.10198,1000000,1000000
2018-06-28 12:30:03.045000,1.10206,1.10191,2620000,1950000
2018-06-28 12:30:03.096000,1.10209,1.10191,1000000,1870000
2018-06-28 12:30:03.148000,1.10206,1.10191,1000000,2700000
2018-06-28 12:30:03.200000,1.10208,1.10191,1690000,1500000
2018-06-28 12:30:03.255000,1.10208,1.10191,1200000,2320000
2018-06-28 12:30:03.582000,1.10198,1.10187,1000000,2630000
2018-06-28 12:30:03.740000,1.10197,1.10185,1000000,1500000
2018-06-28 12:30:03.895000,1.10193,1.10185,1000000,1200000
2018-06-28 12:30:04.417000,1.10193,1.10183,1000000,1380000
2018-06-28 12:30:04.605000,1.10192,1.10182,1250000,1200000
2018-06-28 12:30:04.708000,1.10192,1.10179,1250000,3370000
2018-06-28 12:30:04.864000,1.10192,1.10179,1250000,4570000
2018-06-28 12:30:05.190000,1.10187,1.10178,1000000,2700000
2018-06-28 12:30:05.694000,1.10187,1.10178,1250000,2320000
2018-06-28 12:30:05.958000,1.10189,1.10179,1200000,1570000
2018-06-28 12:30:06.262000,1.10187,1.10179,1000000,2320000
2018-06-28 12:30:06.521000,1.10189,1.10179,1200000,2700000
2018-06-28 12:30:07.073000,1.10189,1.10179,1650000,1500000
2018-06-28 12:30:07.127000,1.10186,1.1018,1990000,1000000
2018-06-28 12:30:07.232000,1.10188,1.10179,1200000,1870000
2018-06-28 12:30:07.432000,1.10182,1.10174,1500000,2320000
2018-06-28 12:30:07.982000,1.10181,1.10174,1000000,1370000
2018-06-28 12:30:08.505000,1.1018,1.10173,1000000,1870000
2018-06-28 12:30:09.434000,1.10183,1.10176,1000000,2020000
2018-06-28 12:30:09.542000,1.10185,1.10177,1310000,1200000
2018-06-28 12:30:10.056000,1.10188,1.10184,2250000,1000000
2018-06-28 12:30:10.161000,1.10189,1.10185,1000000,1870000
2018-06-28 12:30:10.214000,1.10191,1.10185,1250000,1870000
2018-06-28 12:30:10.424000,1.10193,1.10188,2810000,1500000
2018-06-28 12:30:10.528000,1.10197,1.10188,1690000,1200000
2018-06-28 12:30:10.967000,1.10196,1.1019,1250000,1000000
2018-06-28 12:30:11.504000,1.10196,1.10189,1250000,1000000
2018-06-28 12:30:12.047000,1.10196,1.10188,1310000,2620000
2018-06-28 12:30:12.464000,1.10194,1.10187,1690000,1500000
2018-06-28 12:30:12.830000,1.10195,1.10187,2060000,2250000
2018-06-28 12:30:12.883000,1.10194,1.10187,1190000,1500000
2018-06-28 12:30:13.035000,1.10197,1.10189,2060000,1500000
2018-06-28 12:30:13.191000,1.10197,1.10192,2060000,1000000
2018-06-28 12:30:13.244000,1.10197,1.10192,1310000,1000000
2018-06-28 12:30:13.763000,1.10197,1.10193,1870000,1000000
2018-06-28 12:30:14.195000,1.10196,1.1019,1190000,2320000
2018-06-28 12:30:14.859000,1.10199,1.10195,1000000,1450000
2018-06-28 12:30:14.965000,1.10202,1.10197,1250000,1200000
2018-06-28 12:30:15.017000,1.10202,1.10199,1250000,1000000
2018-06-28 12:30:15.960000,1.10203,1.10198,2060000,1500000
2018-06-28 12:30:16.384000,1.10198,1.10194,1190000,2400000
2018-06-28 12:30:16.494000,1.10201,1.10195,1760000,1780000
2018-06-28 12:30:16.663000,1.10201,1.10196,1000000,2700000
2018-06-28 12:30:17.248000,1.10203,1.10198,2890000,1000000
2018-06-28 12:30:17.638000,1.10201,1.10197,2060000,1000000
2018-06-28 12:30:18.159000,1.10201,1.10195,1690000,1100000
2018-06-28 12:30:19.418000,1.10196,1.10193,1000000,1000000
2018-06-28 12:30:19.544000,1.10198,1.10194,1250000,1500000
2018-06-28 12:30:19.649000,1.102,1.10195,1010000,1000000
2018-06-28 12:30:20.155000,1.102,1.10194,1010000,1500000
2018-06-28 12:30:20.312000,1.10198,1.10194,1250000,1000000
2018-06-28 12:30:20.682000,1.10195,1.10192,1690000,1870000
2018-06-28 12:30:20.787000,1.10193,1.1019,1690000,1000000
2018-06-28 12:30:21.050000,1.1019,1.10188,1310000,1000000
2018-06-28 12:30:21.103000,1.1019,1.10186,1310000,1370000
2018-06-28 12:30:21.625000,1.1019,1.10187,1190000,1120000
2018-06-28 12:30:21.969000,1.10192,1.10188,6260000,1000000
2018-06-28 12:30:22.331000,1.10193,1.1019,1570000,1250000
2018-06-28 12:30:22.880000,1.10195,1.10191,2510000,1000000
2018-06-28 12:30:23.411000,1.10193,1.10189,1310000,1500000
2018-06-28 12:30:23.723000,1.10194,1.1019,2510000,1000000
2018-06-28 12:30:23.980000,1.10192,1.10189,1000000,1120000
2018-06-28 12:30:24.499000,1.10193,1.10189,1310000,1120000
2018-06-28 12:30:24.841000,1.10195,1.10192,2890000,1000000
2018-06-28 12:30:27.279000,1.10195,1.10192,3260000,1000000
2018-06-28 12:30:27.828000,1.10195,1.10192,2890000,1000000
2018-06-28 12:30:28.158000,1.10199,1.10198,1950000,1000000
2018-06-28 12:30:28.263000,1.10201,1.10197,4390000,2060000
2018-06-28 12:30:28.819000,1.10201,1.10198,2890000,1000000
2018-06-28 12:30:28.939000,1.10203,1.10199,3260000,1000000
2018-06-28 12:30:29.460000,1.10203,1.102,1760000,1000000
2018-06-28 12:30:30.234000,1.10206,1.10203,5320000,1000000
2018-06-28 12:30:30.343000,1.10215,1.10211,3640000,1000000
2018-06-28 12:30:30.848000,1.10215,1.10212,1760000,1000000
2018-06-28 12:30:33.795000,1.10215,1.10212,3260000,1000000
2018-06-28 12:30:34.532000,1.10214,1.10211,4760000,1120000
2018-06-28 12:30:34.587000,1.10211,1.10209,1250000,1500000
2018-06-28 12:30:34.832000,1.10208,1.10204,1190000,2250000
2018-06-28 12:30:35.368000,1.10205,1.10203,1000000,1500000
2018-06-28 12:30:35.887000,1.10205,1.10202,1000000,1870000
2018-06-28 12:30:36.393000,1.10206,1.10202,1010000,1500000
2018-06-28 12:30:37.007000,1.10205,1.10203,1000000,1120000
2018-06-28 12:30:37.651000,1.10204,1.10203,1000000,1120000
2018-06-28 12:30:37.983000,1.10206,1.10203,1690000,1120000
2018-06-28 12:30:42.200000,1.10207,1.10204,2140000,1000000
2018-06-28 12:30:42.411000,1.10204,1.10201,1190000,2170000
2018-06-28 12:30:42.515000,1.10204,1.102,1310000,1950000
2018-06-28 12:30:45.095000,1.10199,1.10195,2060000,3940000
2018-06-28 12:30:45.252000,1.102,1.10197,2320000,1000000
2018-06-28 12:30:45.559000,1.10202,1.10199,2140000,1000000
2018-06-28 12:30:46.495000,1.10203,1.10199,1310000,1120000
2018-06-28 12:30:47.030000,1.10203,1.102,1250000,1120000
2018-06-28 12:30:49.383000,1.10204,1.102,2140000,1500000
2018-06-28 12:30:51.434000,1.10203,1.102,1000000,1000000
2018-06-28 12:31:00.813000,1.10202,1.10198,1250000,2700000
2018-06-28 12:31:01.073000,1.102,1.10196,1690000,2620000
2018-06-28 12:31:01.781000,1.102,1.10196,1190000,1500000
2018-06-28 12:31:03.488000,1.102,1.10196,1760000,1750000
2018-06-28 12:31:03.541000,1.10201,1.10197,2140000,1500000
2018-06-28 12:31:04.085000,1.10202,1.10198,1690000,3000000
2018-06-28 12:31:04.729000,1.10202,1.10199,1690000,1870000
2018-06-28 12:31:05.251000,1.10203,1.102,1010000,1870000
2018-06-28 12:31:06.340000,1.10203,1.102,1190000,1120000
2018-06-28 12:31:10.058000,1.10198,1.10197,1250000,1000000
2018-06-28 12:31:10.472000,1.10197,1.10195,1190000,1000000
2018-06-28 12:31:11.247000,1.10196,1.10193,1250000,3750000
2018-06-28 12:31:12.315000,1.10196,1.10192,2140000,2620000
2018-06-28 12:31:12.833000,1.10194,1.10191,2060000,1120000
2018-06-28 12:31:13.293000,1.10192,1.10188,1010000,1500000
2018-06-28 12:31:13.803000,1.10192,1.10188,3260000,1120000
2018-06-28 12:31:14.327000,1.10191,1.10188,1760000,1120000
2018-06-28 12:31:14.886000,1.10189,1.10187,1250000,1500000
2018-06-28 12:31:15.576000,1.1019,1.10186,1760000,2620000
2018-06-28 12:31:21.006000,1.10191,1.10187,3260000,1000000
2018-06-28 12:31:21.213000,1.1019,1.10187,1310000,1000000
2018-06-28 12:31:21.538000,1.10195,1.10191,2440000,2250000
2018-06-28 12:31:21.591000,1.10195,1.10191,1190000,2250000
2018-06-28 12:31:22.581000,1.10196,1.10192,1310000,1870000
2018-06-28 12:31:23.099000,1.10197,1.10193,3560000,1120000
2018-06-28 12:31:25.884000,1.10197,1.10192,3560000,3070000
2018-06-28 12:31:26.387000,1.10197,1.10192,3260000,1500000
2018-06-28 12:31:27.517000,1.10197,1.10193,2510000,1120000
2018-06-28 12:31:27.620000,1.10197,1.10193,2060000,1500000
2018-06-28 12:31:29.837000,1.10196,1.10193,1940000,1000000
2018-06-28 12:31:30.365000,1.10195,1.10192,2140000,1000000
2018-06-28 12:31:33.310000,1.10193,1.10192,1000000,1000000
2018-06-28 12:31:33.834000,1.10196,1.10192,5140000,3000000
2018-06-28 12:31:34.673000,1.10195,1.10191,3940000,2620000
2018-06-28 12:31:34.998000,1.10194,1.10191,1000000,6070000
2018-06-28 12:31:43.890000,1.10194,1.10192,1000000,1500000
2018-06-28 12:31:44.205000,1.1019,1.10187,1500000,3370000
2018-06-28 12:31:44.797000,1.1019,1.10187,1500000,3000000
2018-06-28 12:31:45.885000,1.10189,1.10187,1500000,2250000
2018-06-28 12:31:52.824000,1.1019,1.10187,1120000,2470000
2018-06-28 12:31:53.220000,1.10189,1.10187,1500000,2250000
2018-06-28 12:31:55.827000,1.10191,1.10188,1120000,2440000
2018-06-28 12:31:56.441000,1.10192,1.10189,3190000,1000000
2018-06-28 12:31:57.092000,1.1019,1.10187,1120000,1500000
2018-06-28 12:31:57.596000,1.10191,1.10187,2510000,2250000
2018-06-28 12:31:59.445000,1.1019,1.10187,2440000,1500000
2018-06-28 12:32:00.990000,1.1019,1.10188,2440000,1000000
2018-06-28 12:32:02.768000,1.10187,1.10185,1870000,1250000
2018-06-28 12:32:02.820000,1.10185,1.10182,1190000,2700000
2018-06-28 12:32:02.872000,1.10186,1.10182,5060000,2250000
2018-06-28 12:32:03.412000,1.10184,1.10181,2000000,3000000
2018-06-28 12:32:08.105000,1.10181,1.10179,1250000,1200000
2018-06-28 12:32:08.266000,1.10183,1.1018,1120000,3750000
2018-06-28 12:32:08.318000,1.10184,1.1018,2510000,3750000
2018-06-28 12:32:10.277000,1.10184,1.10181,1500000,1000000
2018-06-28 12:32:15.848000,1.10184,1.1018,2140000,3000000
2018-06-28 12:32:16.613000,1.10184,1.1018,1950000,4120000
2018-06-28 12:32:16.926000,1.10183,1.1018,2000000,1870000
2018-06-28 12:32:17.513000,1.10183,1.1018,2440000,2250000
2018-06-28 12:32:19.092000,1.10182,1.10179,1500000,2440000
2018-06-28 12:32:19.403000,1.10183,1.1018,1870000,1000000
2018-06-28 12:32:20.069000,1.10183,1.1018,2440000,1500000
2018-06-28 12:32:20.732000,1.1018,1.10178,1000000,1640000
2018-06-28 12:32:20.785000,1.10179,1.10175,2810000,1500000
2018-06-28 12:32:21.068000,1.10173,1.10172,1000000,2700000
2018-06-28 12:32:21.123000,1.10175,1.10171,2890000,1500000
2018-06-28 12:32:21.333000,1.10175,1.10171,3260000,1370000
2018-06-28 12:32:21.679000,1.10171,1.10168,1500000,2620000
2018-06-28 12:32:22.345000,1.10171,1.10168,2000000,1500000
2018-06-28 12:32:23.108000,1.10169,1.10167,2440000,3000000
2018-06-28 12:32:23.345000,1.10167,1.10163,1620000,3820000
2018-06-28 12:32:23.397000,1.10167,1.10163,2060000,1500000
2018-06-28 12:32:24.402000,1.10165,1.10162,1120000,1500000
2018-06-28 12:32:24.560000,1.10167,1.10165,2250000,1000000
2018-06-28 12:32:24.948000,1.10165,1.10162,1000000,1570000
2018-06-28 12:32:25.472000,1.10165,1.10162,1310000,1120000
2018-06-28 12:32:26.986000,1.10165,1.10162,1310000,1370000
2018-06-28 12:32:30.113000,1.10165,1.10161,1690000,2620000
2018-06-28 12:32:32.104000,1.10166,1.10165,1000000,1000000
2018-06-28 12:32:32.326000,1.10166,1.10162,4870000,1370000
2018-06-28 12:32:32.787000,1.10167,1.10163,2700000,1560000
2018-06-28 12:32:33.105000,1.10166,1.10162,3190000,1370000
2018-06-28 12:32:33.623000,1.10165,1.10161,1690000,2620000
2018-06-28 12:32:33.896000,1.10165,1.10161,1690000,2620000
2018-06-28 12:32:36.697000,1.10163,1.10161,1470000,1870000
2018-06-28 12:32:36.890000,1.10158,1.10155,2320000,1250000
2018-06-28 12:32:37.466000,1.10159,1.10156,3450000,1500000
2018-06-28 12:32:37.570000,1.1016,1.10156,2310000,1500000
2018-06-28 12:32:38.072000,1.10159,1.10156,1100000,1120000
2018-06-28 12:32:38.586000,1.10158,1.10155,2060000,1870000
2018-06-28 12:32:38.639000,1.10153,1.1015,2060000,1120000
2018-06-28 12:32:38.990000,1.1015,1.10149,1000000,2620000
2018-06-28 12:32:39.967000,1.10152,1.10149,1760000,2620000
2018-06-28 12:32:40.613000,1.10152,1.10149,1760000,2620000
2018-06-28 12:32:41.817000,1.10153,1.1015,1950000,2620000
2018-06-28 12:32:41.919000,1.10155,1.10151,3260000,1370000
2018-06-28 12:32:42.426000,1.10155,1.10151,3640000,1370000
2018-06-28 12:32:42.685000,1.10154,1.1015,1250000,1500000
2018-06-28 12:32:43.265000,1.10155,1.10151,4010000,1120000
2018-06-28 12:32:43.786000,1.10155,1.10151,5140000,1120000
2018-06-28 12:32:44.578000,1.10154,1.1015,2510000,1120000
2018-06-28 12:32:45.593000,1.10154,1.1015,2140000,1370000
2018-06-28 12:32:46.107000,1.10155,1.10151,2890000,1370000
2018-06-28 12:32:46.209000,1.10155,1.1015,3260000,1500000
2018-06-28 12:32:46.724000,1.10154,1.1015,2140000,1500000
2018-06-28 12:32:47.186000,1.10153,1.10149,1000000,1500000
2018-06-28 12:32:47.693000,1.10153,1.10149,1570000,2620000
2018-06-28 12:32:50.807000,1.10153,1.1015,2890000,1370000
2018-06-28 12:32:51.915000,1.10153,1.1015,2510000,1120000
2018-06-28 12:32:52.231000,1.10146,1.10142,1940000,2700000
2018-06-28 12:32:52.788000,1.10144,1.1014,2060000,1500000
2018-06-28 12:32:53.152000,1.10142,1.1014,1000000,2510000
2018-06-28 12:32:53.464000,1.10141,1.10138,1500000,3560000
2018-06-28 12:32:55.203000,1.10142,1.10138,4690000,1950000
2018-06-28 12:32:55.717000,1.10142,1.10138,5440000,1570000
2018-06-28 12:32:56.152000,1.10141,1.10138,1250000,1570000
2018-06-28 12:32:56.257000,1.10142,1.1014,1870000,1500000
2018-06-28 12:32:56.796000,1.10142,1.10139,1870000,1250000
2018-06-28 12:32:57.306000,1.10142,1.10139,2810000,1000000
2018-06-28 12:32:57.836000,1.10142,1.10139,2250000,1690000
2018-06-28 12:32:58.354000,1.10142,1.1014,3190000,1000000
2018-06-28 12:32:58.862000,1.10142,1.10139,3190000,1120000
2018-06-28 12:32:59.890000,1.10142,1.10138,5510000,3750000
2018-06-28 12:33:00.510000,1.10145,1.10142,1560000,2250000
2018-06-28 12:33:00.869000,1.10145,1.10141,2510000,1500000
2018-06-28 12:33:01.711000,1.10145,1.10143,1200000,2850000
2018-06-28 12:33:02.033000,1.1015,1.10146,2700000,1500000
2018-06-28 12:33:02.296000,1.10151,1.1015,2700000,1000000
2018-06-28 12:33:02.400000,1.10154,1.10151,3640000,1000000
2018-06-28 12:33:02.953000,1.10153,1.10149,2320000,3190000
2018-06-28 12:33:03.007000,1.1015,1.10149,1250000,1500000
2018-06-28 12:33:03.193000,1.10148,1.10147,1000000,1000000
2018-06-28 12:33:03.246000,1.10148,1.10145,1000000,1120000
2018-06-28 12:33:03.751000,1.10147,1.10144,1200000,1500000
2018-06-28 12:33:04.252000,1.10146,1.10144,1200000,1500000
2018-06-28 12:33:04.800000,1.10146,1.10143,1010000,1120000
2018-06-28 12:33:05.315000,1.10146,1.10144,1570000,1000000
2018-06-28 12:33:05.841000,1.10146,1.10143,2810000,2250000
2018-06-28 12:33:06.348000,1.10147,1.10143,1390000,3000000
2018-06-28 12:33:06.859000,1.10149,1.10145,3640000,1500000
2018-06-28 12:33:07.756000,1.10149,1.10145,2510000,1870000
2018-06-28 12:33:08.282000,1.1015,1.10147,1760000,1000000
2018-06-28 12:33:08.806000,1.10148,1.10146,1000000,1000000
2018-06-28 12:33:09.330000,1.10149,1.10145,2890000,2620000
2018-06-28 12:33:09.892000,1.10149,1.10146,2510000,1000000
2018-06-28 12:33:10.159000,1.10146,1.10145,1870000,1000000
2018-06-28 12:33:10.722000,1.10148,1.10145,5510000,1000000
2018-06-28 12:33:12.296000,1.10146,1.10145,1120000,1000000
2018-06-28 12:33:12.454000,1.10145,1.10142,1310000,1000000
2018-06-28 12:33:12.604000,1.10146,1.10144,2510000,1000000
2018-06-28 12:33:13.140000,1.10147,1.10143,3260000,3370000
2018-06-28 12:33:14.439000,1.10147,1.10143,4390000,3000000
2018-06-28 12:33:15.371000,1.10144,1.10141,1250000,1120000
2018-06-28 12:33:15.805000,1.10143,1.1014,1470000,1310000
2018-06-28 12:33:16.458000,1.10143,1.1014,1200000,1310000
2018-06-28 12:33:17.004000,1.10144,1.10141,2510000,1000000
2018-06-28 12:33:17.199000,1.10145,1.10142,2510000,1120000
2018-06-28 12:33:17.425000,1.10147,1.10144,1390000,1120000
2018-06-28 12:33:17.942000,1.10147,1.10144,1010000,1000000
2018-06-28 12:33:18.462000,1.10148,1.10145,1760000,1000000
2018-06-28 12:33:18.969000,1.10147,1.10143,1390000,4870000
2018-06-28 12:33:19.280000,1.10145,1.10142,2140000,1000000
2018-06-28 12:33:19.806000,1.10145,1.10141,2890000,1500000
2018-06-28 12:33:20.448000,1.10145,1.10143,1310000,1000000
2018-06-28 12:33:22.432000,1.10145,1.10144,1000000,1000000
2018-06-28 12:33:22.535000,1.10148,1.10144,4390000,2620000
2018-06-28 12:33:22.792000,1.10149,1.10148,1500000,1000000
2018-06-28 12:33:22.983000,1.10151,1.10148,3260000,1000000
2018-06-28 12:33:23.302000,1.1015,1.10146,2510000,4870000
2018-06-28 12:33:23.930000,1.1015,1.10146,2890000,1500000
2018-06-28 12:33:24.482000,1.10148,1.10145,1250000,1000000
2018-06-28 12:33:24.640000,1.1015,1.10146,2440000,1500000
2018-06-28 12:33:24.749000,1.10151,1.10147,1690000,1870000
2018-06-28 12:33:25.528000,1.1015,1.10147,2060000,1120000
2018-06-28 12:33:25.724000,1.10148,1.10145,1310000,1000000
2018-06-28 12:33:26.243000,1.10148,1.10144,2060000,3370000
2018-06-28 12:33:27.067000,1.10148,1.10144,1310000,3000000
2018-06-28 12:33:27.621000,1.10148,1.10144,1250000,3000000
2018-06-28 12:33:28.140000,1.10148,1.10144,1310000,3000000
2018-06-28 12:33:31.146000,1.10148,1.10144,1310000,1500000
2018-06-28 12:33:31.944000,1.10148,1.10144,2890000,1500000
2018-06-28 12:33:32.256000,1.10149,1.10145,2140000,1870000
2018-06-28 12:33:32.576000,1.10152,1.10149,2440000,2620000
2018-06-28 12:33:33.080000,1.10152,1.10149,1690000,2620000
2018-06-28 12:33:33.407000,1.10144,1.1014,4910000,2810000
2018-06-28 12:33:33.877000,1.10144,1.1014,2320000,3190000
2018-06-28 12:33:34.046000,1.10147,1.10144,1000000,1500000
2018-06-28 12:33:34.150000,1.10148,1.10145,1500000,3190000
2018-06-28 12:33:34.305000,1.1015,1.10146,3370000,2440000
2018-06-28 12:33:35.295000,1.1015,1.10146,1250000,2440000
2018-06-28 12:33:35.917000,1.10149,1.10145,1000000,5140000
2018-06-28 12:33:36.443000,1.10148,1.10144,1000000,3190000
2018-06-28 12:33:36.966000,1.10148,1.10144,1500000,3640000
2018-06-28 12:33:37.564000,1.10148,1.10144,1500000,3190000
2018-06-28 12:33:39,1.10149,1.10145,1120000,3560000
2018-06-28 12:33:39.516000,1.10149,1.10145,1000000,2810000
2018-06-28 12:33:40.964000,1.10149,1.10145,1870000,2060000
2018-06-28 12:33:41.489000,1.1015,1.10146,2890000,1620000
2018-06-28 12:33:42.020000,1.10149,1.10146,1000000,1690000
2018-06-28 12:33:42.549000,1.10149,1.10145,1120000,2810000
2018-06-28 12:33:43.229000,1.10149,1.10145,1870000,2810000
2018-06-28 12:33:43.806000,1.10149,1.10146,1000000,1310000
2018-06-28 12:33:44.382000,1.10149,1.10146,1000000,1690000
2018-06-28 12:33:44.905000,1.1015,1.10146,1690000,1690000
2018-06-28 12:33:47.601000,1.1015,1.10146,1690000,2140000
2018-06-28 12:33:48.736000,1.1015,1.10146,1690000,1760000
2018-06-28 12:33:49.257000,1.1015,1.10146,2060000,1390000
2018-06-28 12:33:49.562000,1.10142,1.10138,2320000,3450000
2018-06-28 12:33:49.921000,1.10147,1.10144,1690000,1000000
2018-06-28 12:33:50.230000,1.10149,1.10145,2250000,4690000
2018-06-28 12:33:50.781000,1.1015,1.10146,3410000,2440000
2018-06-28 12:33:51.231000,1.1015,1.10146,3600000,1690000
2018-06-28 12:33:51.335000,1.1015,1.10146,3790000,1250000
2018-06-28 12:33:51.769000,1.1015,1.10146,3000000,4310000
2018-06-28 12:33:52.083000,1.1015,1.10146,3190000,2810000
2018-06-28 12:33:52.585000,1.10151,1.10147,3000000,2440000
2018-06-28 12:33:53.236000,1.1015,1.10147,1250000,1110000
2018-06-28 12:33:53.751000,1.10151,1.10147,2620000,3190000
2018-06-28 12:33:53.934000,1.10151,1.10147,2060000,1690000
2018-06-28 12:33:54.243000,1.10151,1.10147,2250000,2440000
2018-06-28 12:33:54.295000,1.10151,1.10147,2440000,1690000
2018-06-28 12:33:55.714000,1.10151,1.10148,1500000,1190000
2018-06-28 12:33:56.290000,1.10151,1.10148,1310000,1000000
2018-06-28 12:33:56.806000,1.10151,1.10147,2060000,1690000
2018-06-28 12:33:57.163000,1.10151,1.10147,1120000,3260000
2018-06-28 12:33:57.215000,1.10151,1.10147,1310000,2440000
2018-06-28 12:33:57.319000,1.10151,1.10147,1120000,3190000
2018-06-28 12:33:57.371000,1.10151,1.10147,1310000,2440000
2018-06-28 12:33:57.625000,1.10152,1.10149,4500000,1690000
2018-06-28 12:33:58.099000,1.10152,1.1015,2250000,1310000
2018-06-28 12:33:58.360000,1.10151,1.10148,1310000,1000000
2018-06-28 12:33:59.294000,1.10152,1.10148,5320000,1310000
2018-06-28 12:33:59.846000,1.10152,1.10148,6260000,1120000
2018-06-28 12:34:00.183000,1.10152,1.1015,1000000,1000000
2018-06-28 12:34:00.339000,1.10156,1.10152,1870000,2510000
2018-06-28 12:34:00.504000,1.10159,1.10155,4200000,2810000
2018-06-28 12:34:01.075000,1.10159,1.10156,1690000,1000000
2018-06-28 12:34:01.598000,1.1016,1.10156,6260000,1120000
2018-06-28 12:34:01.941000,1.1016,1.10156,3000000,2060000
2018-06-28 12:34:02.255000,1.10161,1.10158,1120000,2060000
2018-06-28 12:34:02.517000,1.10167,1.10163,1120000,5960000
2018-06-28 12:34:02.781000,1.10162,1.10161,1310000,1870000
2018-06-28 12:34:02.835000,1.10159,1.10158,1000000,1200000
2018-06-28 12:34:02.960000,1.10158,1.10155,1370000,1200000
2018-06-28 12:34:03.119000,1.10158,1.10157,1570000,1310000
2018-06-28 12:34:03.225000,1.1016,1.10157,1120000,1500000
2018-06-28 12:34:03.331000,1.10163,1.10159,5170000,2060000
2018-06-28 12:34:03.533000,1.10163,1.10159,1000000,2810000
2018-06-28 12:34:03.587000,1.10165,1.10162,1100000,1500000
2018-06-28 12:34:04.122000,1.10166,1.10162,1370000,2890000
2018-06-28 12:34:04.174000,1.10172,1.10167,2510000,4310000
2018-06-28 12:34:04.279000,1.10167,1.10165,1000000,2320000
2018-06-28 12:34:04.805000,1.10167,1.10163,1120000,2440000
2018-06-28 12:34:05.422000,1.10168,1.10164,1120000,2140000
2018-06-28 12:34:05.736000,1.10169,1.10168,1120000,1000000
2018-06-28 12:34:05.850000,1.10172,1.10168,4390000,1870000
2018-06-28 12:34:06.351000,1.10172,1.10168,3450000,1870000
2018-06-28 12:34:06.857000,1.10172,1.10168,1870000,1870000
2018-06-28 12:34:07.379000,1.10173,1.10169,1570000,2060000
2018-06-28 12:34:07.836000,1.10176,1.10172,3450000,1250000
2018-06-28 12:34:08.403000,1.10177,1.10173,1620000,1120000
2018-06-28 12:34:08.925000,1.10177,1.10173,1690000,1120000
2018-06-28 12:34:09.675000,1.10177,1.10174,1690000,1000000
2018-06-28 12:34:09.779000,1.10175,1.10171,1250000,4200000
2018-06-28 12:34:09.986000,1.10173,1.10171,1000000,1000000
2018-06-28 12:34:10.589000,1.10174,1.1017,2700000,1310000
2018-06-28 12:34:11.374000,1.10175,1.10172,4200000,1000000
2018-06-28 12:34:11.478000,1.10176,1.10173,1870000,1500000
2018-06-28 12:34:12.210000,1.10179,1.10175,2510000,1500000
2018-06-28 12:34:12.419000,1.1018,1.10176,2470000,1690000
2018-06-28 12:34:12.470000,1.1018,1.10175,3410000,1840000
2018-06-28 12:34:14.114000,1.10179,1.10174,1870000,5590000
2018-06-28 12:34:14.168000,1.10177,1.10174,1870000,1100000
2018-06-28 12:34:14.273000,1.10177,1.10173,1950000,1690000
2018-06-28 12:34:14.847000,1.10179,1.10175,2320000,1690000
2018-06-28 12:34:15.056000,1.1018,1.10176,2850000,1310000
2018-06-28 12:34:15.486000,1.10181,1.10177,1540000,1620000
2018-06-28 12:34:16.007000,1.10181,1.10177,1610000,1120000
2018-06-28 12:34:16.321000,1.10179,1.10176,1370000,1000000
2018-06-28 12:34:16.855000,1.10178,1.10173,2700000,5440000
2018-06-28 12:34:17.438000,1.10178,1.10175,1000000,1120000
2018-06-28 12:34:17.989000,1.10179,1.10175,1000000,2810000
2018-06-28 12:34:19.592000,1.1018,1.10176,2920000,1000000
2018-06-28 12:34:19.826000,1.10173,1.1017,1120000,1570000
2018-06-28 12:34:19.879000,1.10174,1.10171,1570000,2060000
2018-06-28 12:34:20.035000,1.10178,1.10175,2320000,1000000
2018-06-28 12:34:20.552000,1.10177,1.10173,1120000,2890000
2018-06-28 12:34:20.913000,1.10175,1.10173,1500000,1200000
2018-06-28 12:34:21.069000,1.10174,1.1017,1370000,2890000
2018-06-28 12:34:21.612000,1.10174,1.1017,1120000,2810000
2018-06-28 12:34:22.348000,1.10178,1.10174,3220000,1690000
2018-06-28 12:34:22.451000,1.10178,1.10175,2620000,1000000
2018-06-28 12:34:22.982000,1.10177,1.10174,1120000,2250000
2018-06-28 12:34:23.504000,1.10177,1.10173,1500000,2810000
2018-06-28 12:34:23.949000,1.10176,1.10172,1370000,2590000
2018-06-28 12:34:24.472000,1.10177,1.10173,4950000,1690000
2018-06-28 12:34:26.672000,1.10177,1.10173,1950000,2060000
2018-06-28 12:34:27.175000,1.10178,1.10175,2320000,1310000
2018-06-28 12:34:28.052000,1.10179,1.10175,4200000,1310000
2018-06-28 12:34:28.645000,1.10179,1.10176,1120000,1000000
2018-06-28 12:34:29.909000,1.10179,1.10176,1370000,1000000
2018-06-28 12:34:30.447000,1.10178,1.10175,1120000,1690000
2018-06-28 12:34:31.036000,1.10178,1.10175,1120000,1310000
2018-06-28 12:34:31.582000,1.10178,1.10175,1120000,1310000
2018-06-28 12:34:32.135000,1.10178,1.10175,1120000,1690000
2018-06-28 12:34:32.655000,1.10178,1.10175,1120000,1690000
2018-06-28 12:34:33.708000,1.10178,1.10175,1370000,1690000
2018-06-28 12:34:34.260000,1.10178,1.10174,4760000,1500000
2018-06-28 12:34:34.468000,1.10178,1.10174,2320000,2060000
2018-06-28 12:34:37.089000,1.10179,1.10175,1570000,3190000
2018-06-28 12:34:39.751000,1.10179,1.10175,1390000,3000000
2018-06-28 12:34:40.273000,1.1018,1.10177,2660000,1000000
2018-06-28 12:34:40.792000,1.1018,1.10176,2510000,1500000
2018-06-28 12:34:41.504000,1.1018,1.10176,2740000,1500000
2018-06-28 12:34:42.002000,1.10181,1.10179,1950000,1310000
2018-06-28 12:34:42.105000,1.10182,1.10179,1500000,4310000
2018-06-28 12:34:44.498000,1.10182,1.1018,1500000,2250000
2018-06-28 12:34:45.048000,1.10182,1.1018,1690000,1500000
2018-06-28 12:34:45.255000,1.10183,1.1018,3940000,1500000
2018-06-28 12:34:45.793000,1.10182,1.1018,1500000,1500000
2018-06-28 12:34:46.431000,1.10183,1.1018,3940000,1000000
2018-06-28 12:34:47.246000,1.10183,1.10182,1000000,2440000
2018-06-28 12:34:47.431000,1.10189,1.10186,1250000,3000000
2018-06-28 12:34:48.107000,1.1019,1.10187,1690000,1000000
2018-06-28 12:34:48.238000,1.1019,1.10187,1500000,1310000
2018-06-28 12:34:48.775000,1.10191,1.10187,1500000,3560000
2018-06-28 12:34:49.298000,1.10191,1.10187,1690000,4390000
2018-06-28 12:34:49.454000,1.1019,1.10187,1190000,2250000
2018-06-28 12:34:49.667000,1.10187,1.10184,1310000,1000000
2018-06-28 12:34:51.570000,1.10187,1.10184,1310000,1000000
2018-06-28 12:34:52.522000,1.10186,1.10183,1310000,1370000
2018-06-28 12:34:53.044000,1.10185,1.10183,1310000,1000000
2018-06-28 12:34:53.586000,1.10184,1.10181,1250000,2320000
2018-06-28 12:34:56.782000,1.10185,1.10182,1250000,1000000
2018-06-28 12:34:57.602000,1.10187,1.10185,1570000,1000000
2018-06-28 12:34:57.707000,1.10189,1.10186,1310000,1500000
2018-06-28 12:34:59,1.10188,1.10186,1120000,1500000
2018-06-28 12:34:59.313000,1.1019,1.10186,3940000,2810000
2018-06-28 12:34:59.905000,1.1019,1.10187,1000000,2060000
2018-06-28 12:35:00.068000,1.10191,1.1019,1500000,1250000
2018-06-28 12:35:00.409000,1.10196,1.10194,1310000,1000000
2018-06-28 12:35:00.671000,1.10198,1.10194,1500000,2440000
2018-06-28 12:35:01.197000,1.10197,1.10194,1120000,1120000
2018-06-28 12:35:01.795000,1.10196,1.10194,1250000,1500000
2018-06-28 12:35:02.299000,1.10197,1.10193,1690000,3070000
2018-06-28 12:35:02.709000,1.10195,1.10193,1250000,1000000
2018-06-28 12:35:03.020000,1.10197,1.10193,2440000,1870000
2018-06-28 12:35:03.371000,1.10197,1.10195,1000000,1000000
2018-06-28 12:35:03.879000,1.10197,1.10194,1120000,2440000
2018-06-28 12:35:04.641000,1.10198,1.10195,1500000,1000000
2018-06-28 12:35:04.948000,1.10202,1.10198,3260000,1500000
2018-06-28 12:35:05.301000,1.102,1.10197,1620000,3150000
2018-06-28 12:35:05.460000,1.10201,1.10198,1690000,1000000
2018-06-28 12:35:05.976000,1.10202,1.10199,1690000,1120000
2018-06-28 12:35:07.247000,1.10201,1.10199,1370000,1120000
2018-06-28 12:35:07.299000,1.102,1.10197,1310000,5400000
2018-06-28 12:35:07.680000,1.10198,1.10194,1120000,4010000
2018-06-28 12:35:08.202000,1.10197,1.10194,1120000,1570000
2018-06-28 12:35:08.747000,1.10196,1.10194,1000000,1000000
2018-06-28 12:35:09.289000,1.10197,1.10193,1310000,2700000
2018-06-28 12:35:10.067000,1.10196,1.10193,1000000,3260000
2018-06-28 12:35:10.603000,1.10197,1.10193,1310000,3070000
2018-06-28 12:35:11.438000,1.10198,1.10194,2440000,1500000
2018-06-28 12:35:13.110000,1.10199,1.10197,3370000,1000000
2018-06-28 12:35:13.269000,1.10202,1.10199,2060000,1000000
2018-06-28 12:35:15.600000,1.10199,1.10195,4690000,3070000
2018-06-28 12:35:16.135000,1.10197,1.10193,1120000,5140000
2018-06-28 12:35:20.288000,1.10195,1.10192,2470000,1570000
2018-06-28 12:35:20.615000,1.10192,1.10188,1370000,4310000
2018-06-28 12:35:20.719000,1.10193,1.10189,4310000,1870000
2018-06-28 12:35:21.078000,1.10194,1.10193,1870000,1000000
2018-06-28 12:35:21.203000,1.10196,1.10193,1310000,1500000
2018-06-28 12:35:21.705000,1.10196,1.10194,1250000,1000000
2018-06-28 12:35:22.115000,1.10195,1.10192,3190000,1200000
2018-06-28 12:35:22.236000,1.10192,1.10189,1500000,1570000
2018-06-28 12:35:22.492000,1.10194,1.1019,1870000,4310000
2018-06-28 12:35:22.982000,1.10194,1.10192,1000000,2060000
2018-06-28 12:35:23.088000,1.10196,1.10193,1120000,1870000
2018-06-28 12:35:23.776000,1.10197,1.10193,3000000,2810000
2018-06-28 12:35:25.230000,1.10197,1.10194,2060000,1000000
2018-06-28 12:35:26.799000,1.10198,1.10197,1870000,1000000
2018-06-28 12:35:26.907000,1.102,1.10198,2270000,1120000
2018-06-28 12:35:28.271000,1.10201,1.10197,2810000,3070000
2018-06-28 12:35:28.867000,1.102,1.10196,2060000,1690000
2018-06-28 12:35:29.370000,1.10199,1.10195,2250000,2810000
2018-06-28 12:35:30.373000,1.10199,1.10196,1500000,1310000
2018-06-28 12:35:30.912000,1.102,1.10196,2810000,2060000
2018-06-28 12:35:31.533000,1.10199,1.10196,1690000,1120000
2018-06-28 12:35:32.593000,1.10199,1.10196,1000000,3560000
2018-06-28 12:35:32.852000,1.10201,1.10198,3940000,1120000
2018-06-28 12:35:33.111000,1.102,1.10196,2810000,2620000
2018-06-28 12:35:33.164000,1.10199,1.10196,1250000,1500000
2018-06-28 12:35:33.719000,1.10199,1.10195,2440000,3000000
2018-06-28 12:35:33.826000,1.102,1.10197,1250000,2250000
2018-06-28 12:35:35.143000,1.10199,1.10197,2060000,1570000
2018-06-28 12:35:35.679000,1.102,1.10197,1000000,3260000
2018-06-28 12:35:36.190000,1.10201,1.10198,3560000,1000000
2018-06-28 12:35:36.740000,1.10201,1.10199,1000000,1690000
2018-06-28 12:35:37.280000,1.10202,1.102,1870000,1190000
2018-06-28 12:35:37.558000,1.10205,1.10201,3070000,1690000
2018-06-28 12:35:38.041000,1.10208,1.10204,2250000,1690000
2018-06-28 12:35:38.093000,1.10208,1.10204,1870000,2060000
2018-06-28 12:35:38.352000,1.10206,1.10204,1000000,2890000
2018-06-28 12:35:38.594000,1.10208,1.10204,3000000,2140000
2018-06-28 12:35:39.107000,1.10208,1.10205,1120000,1310000
2018-06-28 12:35:39.548000,1.1021,1.10206,2810000,2440000
2018-06-28 12:35:40.054000,1.1021,1.10207,1500000,2060000
2018-06-28 12:35:40.290000,1.10212,1.10209,1870000,1310000
2018-06-28 12:35:40.871000,1.10213,1.10209,3560000,1570000
2018-06-28 12:35:40.923000,1.10213,1.10209,3560000,1200000
2018-06-28 12:35:41.462000,1.10211,1.10207,2620000,2060000
2018-06-28 12:35:41.985000,1.10211,1.10206,4570000,1690000
2018-06-28 12:35:43.289000,1.10212,1.1021,1870000,2440000
2018-06-28 12:35:43.342000,1.10215,1.10212,1950000,1500000
2018-06-28 12:35:43.662000,1.10216,1.10214,1100000,1000000
2018-06-28 12:35:43.925000,1.10216,1.10212,1120000,4760000
2018-06-28 12:35:44.115000,1.10215,1.10212,1370000,1500000
2018-06-28 12:35:44.629000,1.10214,1.1021,1500000,1690000
2018-06-28 12:35:44.733000,1.10214,1.1021,1500000,2140000
2018-06-28 12:35:44.969000,1.10215,1.10211,1870000,3860000
2018-06-28 12:35:45.072000,1.10215,1.10211,2060000,3820000
2018-06-28 12:35:45.623000,1.10215,1.10211,1500000,2140000
2018-06-28 12:35:45.935000,1.10213,1.1021,1120000,1950000
2018-06-28 12:35:46.949000,1.10213,1.10209,1500000,2060000
2018-06-28 12:35:47.262000,1.10209,1.10205,1120000,3260000
2018-06-28 12:35:47.814000,1.10209,1.10205,1500000,2890000
2018-06-28 12:35:48.065000,1.1021,1.10206,2250000,1760000
2018-06-28 12:35:48.577000,1.10209,1.10205,1120000,2890000
2018-06-28 12:35:48.844000,1.10206,1.10203,1870000,7270000
2018-06-28 12:35:49.157000,1.10205,1.10202,3820000,1250000
2018-06-28 12:35:49.314000,1.10203,1.102,1000000,2060000
2018-06-28 12:35:50.130000,1.10204,1.10201,1200000,2060000
2018-06-28 12:35:50.544000,1.10206,1.10203,1100000,1250000
2018-06-28 12:35:50.719000,1.10207,1.10205,1100000,1190000
2018-06-28 12:35:50.877000,1.10209,1.10206,1200000,1250000
2018-06-28 12:35:51.391000,1.10209,1.10205,3450000,1310000
2018-06-28 12:35:52.045000,1.1021,1.10206,4200000,1310000
2018-06-28 12:35:52.583000,1.1021,1.10206,2620000,3190000
2018-06-28 12:35:52.947000,1.10209,1.10205,2620000,1690000
2018-06-28 12:35:53.102000,1.10208,1.10204,1370000,4010000
2018-06-28 12:35:53.439000,1.10209,1.10205,3370000,1310000
2018-06-28 12:35:53.886000,1.10209,1.10206,1500000,1310000
2018-06-28 12:35:54.400000,1.1021,1.10206,2620000,1390000
2018-06-28 12:35:54.940000,1.10209,1.10205,1500000,2320000
2018-06-28 12:35:55.266000,1.10207,1.10204,1120000,1690000
2018-06-28 12:35:55.805000,1.10205,1.10203,1000000,3150000
2018-06-28 12:35:55.857000,1.10204,1.102,2620000,2810000
2018-06-28 12:35:56.389000,1.10203,1.102,1120000,1690000
2018-06-28 12:35:56.697000,1.10203,1.10199,1500000,3260000
2018-06-28 12:35:57.267000,1.10203,1.10199,3370000,1620000
2018-06-28 12:35:59.195000,1.10202,1.10199,2620000,1250000
2018-06-28 12:35:59.247000,1.102,1.10197,1000000,3640000
2018-06-28 12:35:59.748000,1.102,1.10197,1500000,1250000
2018-06-28 12:36:00.277000,1.102,1.10196,2320000,1690000
2018-06-28 12:36:00.693000,1.10198,1.10194,2620000,2140000
2018-06-28 12:36:01.203000,1.10197,1.10193,2250000,2810000
2018-06-28 12:36:01.734000,1.10197,1.10193,2620000,2890000
2018-06-28 12:36:02.239000,1.10197,1.10193,4950000,1500000
2018-06-28 12:36:02.883000,1.10194,1.10192,1870000,1120000
2018-06-28 12:36:02.956000,1.10194,1.1019,3190000,1310000
2018-06-28 12:36:04.420000,1.10194,1.1019,2250000,2060000
2018-06-28 12:36:04.525000,1.10195,1.10192,1570000,1690000
2018-06-28 12:36:05.069000,1.10197,1.10193,6820000,1120000
2018-06-28 12:36:05.593000,1.10196,1.10192,1500000,2440000
2018-06-28 12:36:05.901000,1.10194,1.1019,1120000,4390000
2018-06-28 12:36:06.768000,1.10193,1.10189,1870000,3900000
2018-06-28 12:36:06.820000,1.10191,1.10189,1500000,1100000
2018-06-28 12:36:06.872000,1.10191,1.10187,2620000,2060000
2018-06-28 12:36:07.154000,1.10189,1.10185,2320000,3560000
2018-06-28 12:36:07.694000,1.10188,1.10185,2250000,1000000
2018-06-28 12:36:07.798000,1.10186,1.10182,1120000,4460000
2018-06-28 12:36:07.954000,1.10184,1.10181,1000000,2510000
2018-06-28 12:36:08.504000,1.10183,1.10179,1500000,4460000
2018-06-28 12:36:09.001000,1.10185,1.10182,1500000,1250000
2018-06-28 12:36:09.318000,1.10188,1.10185,1870000,1390000
2018-06-28 12:36:09.754000,1.10186,1.10184,1000000,1950000
2018-06-28 12:36:09.966000,1.10185,1.10181,3560000,4010000
2018-06-28 12:36:10.464000,1.10188,1.10185,3940000,1000000
2018-06-28 12:36:10.777000,1.10185,1.10182,1500000,1120000
2018-06-28 12:36:11.140000,1.10185,1.10183,1000000,1370000
2018-06-28 12:36:11.313000,1.10186,1.10182,2620000,1310000
2018-06-28 12:36:11.365000,1.10185,1.10181,3370000,3340000
2018-06-28 12:36:11.679000,1.10187,1.10183,2620000,1690000
2018-06-28 12:36:12.205000,1.10185,1.10181,1000000,4460000
2018-06-28 12:36:12.610000,1.10184,1.1018,2320000,1120000
2018-06-28 12:36:13.213000,1.10184,1.10181,1500000,1310000
2018-06-28 12:36:13.607000,1.10182,1.1018,1370000,1000000
2018-06-28 12:36:13.965000,1.10185,1.10181,4950000,1690000
2018-06-28 12:36:14.524000,1.10185,1.10182,3370000,1370000
2018-06-28 12:36:14.790000,1.10185,1.10181,3560000,1760000
2018-06-28 12:36:15.150000,1.10184,1.10181,2250000,1000000
2018-06-28 12:36:15.671000,1.10183,1.10181,1000000,1000000
2018-06-28 12:36:16.705000,1.10183,1.1018,1000000,1000000
2018-06-28 12:36:17.310000,1.1018,1.10179,1000000,1950000
2018-06-28 12:36:17.485000,1.10182,1.1018,1000000,1000000
2018-06-28 12:36:17.750000,1.10185,1.10182,2250000,1000000
2018-06-28 12:36:19.041000,1.10185,1.10183,1120000,1000000
2018-06-28 12:36:19.451000,1.10186,1.10185,1000000,1120000
2018-06-28 12:36:19.798000,1.10186,1.10183,3000000,1200000
2018-06-28 12:36:19.901000,1.10185,1.10181,5060000,1200000
2018-06-28 12:36:20.157000,1.10184,1.1018,2060000,1200000
2018-06-28 12:36:21.330000,1.10184,1.1018,1870000,1650000
2018-06-28 12:36:22.158000,1.10184,1.10181,2250000,1000000
2018-06-28 12:36:22.662000,1.10184,1.10181,2620000,1000000
2018-06-28 12:36:23.227000,1.10183,1.1018,1120000,1200000
2018-06-28 12:36:23.739000,1.10183,1.1018,1370000,1100000
2018-06-28 12:36:24.244000,1.10185,1.10181,2250000,1760000
2018-06-28 12:36:25.324000,1.10183,1.1018,1500000,1100000
2018-06-28 12:36:25.642000,1.1018,1.10176,1500000,3340000
2018-06-28 12:36:25.889000,1.10179,1.10175,2620000,2210000
2018-06-28 12:36:26.584000,1.10179,1.10175,2810000,1690000
2018-06-28 12:36:27,1.10179,1.10176,2250000,1370000
2018-06-28 12:36:27.223000,1.10179,1.10175,3190000,1760000
2018-06-28 12:36:27.750000,1.10178,1.10175,1120000,1690000
2018-06-28 12:36:28.301000,1.10178,1.10175,1120000,1690000
2018-06-28 12:36:28.804000,1.10175,1.10174,1690000,1100000
2018-06-28 12:36:28.909000,1.10174,1.10171,1870000,1690000
2018-06-28 12:36:29.575000,1.10173,1.10169,2250000,2510000
2018-06-28 12:36:29.912000,1.10171,1.10168,1310000,4650000
2018-06-28 12:36:30.329000,1.10169,1.10166,1500000,2060000
2018-06-28 12:36:30.441000,1.10173,1.10169,4690000,1370000
2018-06-28 12:36:30.705000,1.10171,1.10168,1120000,1500000
2018-06-28 12:36:30.888000,1.10168,1.10164,2250000,2890000
2018-06-28 12:36:31.428000,1.10168,1.10164,2250000,3710000
2018-06-28 12:36:31.979000,1.10167,1.10164,1000000,2060000
2018-06-28 12:36:32.634000,1.10168,1.10164,2620000,2810000
2018-06-28 12:36:33.177000,1.10167,1.10164,1000000,2890000
2018-06-28 12:36:33.514000,1.10172,1.10169,1690000,1120000
2018-06-28 12:36:34.073000,1.10171,1.10168,1120000,1200000
2018-06-28 12:36:34.387000,1.10173,1.10169,1310000,1870000
2018-06-28 12:36:34.929000,1.10172,1.10169,1120000,1120000
2018-06-28 12:36:36.135000,1.10171,1.10168,1000000,1120000
2018-06-28 12:36:36.681000,1.10172,1.10169,1120000,1000000
2018-06-28 12:36:37.637000,1.10172,1.10168,1500000,1500000
2018-06-28 12:36:38.154000,1.10171,1.10167,2250000,4270000
2018-06-28 12:36:38.480000,1.10167,1.10164,1000000,1000000
2018-06-28 12:36:38.857000,1.10169,1.10167,1000000,1570000
2018-06-28 12:36:39.376000,1.10171,1.10167,3750000,1500000
2018-06-28 12:36:39.920000,1.1017,1.10166,2060000,2510000
2018-06-28 12:36:40.469000,1.1017,1.10167,2620000,1000000
2018-06-28 12:36:40.997000,1.10171,1.10167,3940000,1120000
2018-06-28 12:36:41.558000,1.1017,1.10166,2060000,1690000
2018-06-28 12:36:42.075000,1.10168,1.10165,1000000,1190000
2018-06-28 12:36:42.677000,1.10167,1.10163,4160000,6900000
2018-06-28 12:36:43.198000,1.10166,1.10162,1690000,1870000
2018-06-28 12:36:43.614000,1.10164,1.10161,3940000,4650000
2018-06-28 12:36:43.913000,1.1016,1.10157,1370000,1500000
2018-06-28 12:36:44.459000,1.10161,1.10157,1870000,1570000
2018-06-28 12:36:44.983000,1.10162,1.10158,2620000,1120000
2018-06-28 12:36:45.366000,1.10159,1.10156,4310000,1570000
2018-06-28 12:36:45.886000,1.1016,1.10156,6190000,1120000
2018-06-28 12:36:46.199000,1.10156,1.10154,1250000,1070000
2018-06-28 12:36:46.253000,1.10156,1.10152,2440000,1500000
2018-06-28 12:36:46.893000,1.10156,1.10152,1690000,1950000
2018-06-28 12:36:47.449000,1.10157,1.10156,2620000,1100000
2018-06-28 12:36:47.501000,1.10159,1.10156,2620000,1250000
2018-06-28 12:36:48.116000,1.1016,1.10156,1870000,2320000
2018-06-28 12:36:48.628000,1.10161,1.10157,2250000,2960000
2018-06-28 12:36:50.570000,1.10161,1.10157,2250000,2140000
2018-06-28 12:36:51.101000,1.10161,1.10157,2250000,2210000
2018-06-28 12:36:51.637000,1.10161,1.10158,2250000,1000000
2018-06-28 12:36:52.549000,1.1016,1.10157,1000000,1200000
2018-06-28 12:36:53.781000,1.10161,1.10158,1000000,4310000
2018-06-28 12:36:54.106000,1.1016,1.10157,1000000,3070000
2018-06-28 12:36:57.083000,1.10162,1.10159,2620000,1500000
2018-06-28 12:36:57.603000,1.10164,1.10161,4120000,2810000
2018-06-28 12:36:57.827000,1.10168,1.10165,2620000,1190000
2018-06-28 12:36:58.038000,1.10169,1.10166,2250000,2250000
2018-06-28 12:36:58.279000,1.10165,1.10164,1000000,1000000
2018-06-28 12:36:58.386000,1.1016,1.10158,1690000,1950000
2018-06-28 12:36:58.438000,1.1016,1.10156,2660000,3260000
2018-06-28 12:36:58.594000,1.1016,1.10156,1870000,2510000
2018-06-28 12:36:59.430000,1.10161,1.10158,1000000,1120000
2018-06-28 12:37:01.884000,1.1016,1.10156,3190000,4650000
2018-06-28 12:37:02.095000,1.10157,1.10153,3190000,1570000
2018-06-28 12:37:02.495000,1.10158,1.10155,2250000,1620000
2018-06-28 12:37:02.548000,1.1016,1.10156,2320000,2140000
2018-06-28 12:37:03.671000,1.10161,1.10157,2620000,2890000
2018-06-28 12:37:04.194000,1.10161,1.10157,2440000,1870000
2018-06-28 12:37:04.945000,1.1016,1.10157,2060000,1100000
2018-06-28 12:37:05.103000,1.10154,1.10151,1000000,1100000
2018-06-28 12:37:05.157000,1.10152,1.1015,2850000,4270000
2018-06-28 12:37:05.303000,1.10151,1.10147,3410000,1100000
2018-06-28 12:37:05.855000,1.10151,1.10147,4500000,1390000
2018-06-28 12:37:06.369000,1.1015,1.10146,1870000,3710000
2018-06-28 12:37:07.342000,1.10151,1.10147,3750000,2510000
2018-06-28 12:37:07.446000,1.10151,1.10149,1500000,1000000
2018-06-28 12:37:07.755000,1.10153,1.1015,2440000,1000000
2018-06-28 12:37:08.415000,1.10151,1.1015,1000000,1000000
2018-06-28 12:37:08.522000,1.10151,1.10148,3000000,1310000
2018-06-28 12:37:08.627000,1.10152,1.1015,1000000,1120000
2018-06-28 12:37:09.158000,1.10153,1.1015,1120000,1200000
2018-06-28 12:37:09.526000,1.10155,1.10151,3190000,1950000
2018-06-28 12:37:10.559000,1.10155,1.10151,1310000,3900000
2018-06-28 12:37:11.230000,1.10156,1.10152,2060000,2700000
2018-06-28 12:37:11.797000,1.10156,1.10152,1870000,4010000
2018-06-28 12:37:11.849000,1.10157,1.10154,3000000,4310000
2018-06-28 12:37:12.050000,1.1016,1.10156,3190000,2890000
2018-06-28 12:37:12.595000,1.10158,1.10156,1690000,1570000
2018-06-28 12:37:12.648000,1.10156,1.10152,1370000,3070000
2018-06-28 12:37:13.166000,1.10156,1.10152,2620000,3070000
2018-06-28 12:37:13.562000,1.10154,1.1015,4160000,5590000
2018-06-28 12:37:15.774000,1.10153,1.1015,1250000,2320000
2018-06-28 12:37:16.587000,1.10151,1.10149,1690000,2020000
2018-06-28 12:37:16.691000,1.1015,1.10146,3560000,1840000
2018-06-28 12:37:17.204000,1.1015,1.10147,3000000,1120000
2018-06-28 12:37:18.933000,1.10149,1.10146,1000000,2320000
2018-06-28 12:37:19.836000,1.1015,1.10146,2620000,1950000
2018-06-28 12:37:21.932000,1.1015,1.10149,1000000,1000000
2018-06-28 12:37:21.985000,1.10152,1.10149,1000000,1120000
2018-06-28 12:37:22.396000,1.10154,1.10151,2250000,1000000
2018-06-28 12:37:22.618000,1.10155,1.10152,1000000,2140000
2018-06-28 12:37:23.127000,1.10156,1.10152,2620000,1950000
2018-06-28 12:37:23.645000,1.10155,1.10152,1120000,1570000
2018-06-28 12:37:23.921000,1.10155,1.10151,1690000,1950000
2018-06-28 12:37:24.288000,1.10153,1.10149,1870000,4950000
2018-06-28 12:37:25.354000,1.10154,1.1015,2250000,1570000
2018-06-28 12:37:25.870000,1.10154,1.1015,2250000,1570000
2018-06-28 12:37:26.396000,1.10153,1.1015,1500000,1100000
2018-06-28 12:37:26.905000,1.10153,1.10149,1870000,4200000
2018-06-28 12:37:27.408000,1.10151,1.10148,1000000,2700000
2018-06-28 12:37:27.942000,1.10151,1.10147,2250000,2960000
2018-06-28 12:37:28.257000,1.10153,1.1015,1870000,1120000
2018-06-28 12:37:28.780000,1.10152,1.10149,1120000,1500000
2018-06-28 12:37:29.331000,1.10154,1.1015,5320000,1500000
2018-06-28 12:37:29.889000,1.10154,1.10151,3750000,1000000
2018-06-28 12:37:30.418000,1.10154,1.10151,2620000,1000000
2018-06-28 12:37:31.153000,1.10153,1.1015,1870000,1870000
2018-06-28 12:37:31.682000,1.10154,1.1015,2620000,2320000
2018-06-28 12:37:32.053000,1.10153,1.1015,1870000,1870000
2018-06-28 12:37:32.698000,1.10154,1.10151,3370000,1000000
2018-06-28 12:37:33.214000,1.10153,1.1015,1870000,1120000
2018-06-28 12:37:33.758000,1.10153,1.1015,1500000,1500000
2018-06-28 12:37:34.310000,1.10153,1.1015,1000000,2140000
2018-06-28 12:37:34.890000,1.10154,1.1015,3000000,2510000
2018-06-28 12:37:35.393000,1.10154,1.1015,2620000,4760000
2018-06-28 12:37:35.906000,1.10154,1.1015,1120000,4310000
2018-06-28 12:37:36.245000,1.1015,1.10147,5100000,1000000
2018-06-28 12:37:36.348000,1.10152,1.10148,8170000,2060000
2018-06-28 12:37:36.401000,1.1015,1.10148,1870000,1500000
2018-06-28 12:37:36.453000,1.10151,1.10148,1950000,1500000
2018-06-28 12:37:36.666000,1.10157,1.10153,7500000,2060000
2018-06-28 12:37:36.977000,1.10156,1.10152,3370000,1100000
2018-06-28 12:37:37.113000,1.10155,1.10151,1370000,3640000
2018-06-28 12:37:37.478000,1.10156,1.10153,1500000,1760000
2018-06-28 12:37:37.673000,1.10158,1.10154,2250000,5890000
2018-06-28 12:37:37.727000,1.10156,1.10154,2440000,2700000
2018-06-28 12:37:37.779000,1.10154,1.1015,3600000,2510000
2018-06-28 12:37:37.831000,1.10152,1.1015,1300000,1390000
2018-06-28 12:37:37.986000,1.10152,1.10149,1000000,3560000
2018-06-28 12:37:38.163000,1.10152,1.10149,1000000,4010000
2018-06-28 12:37:38.266000,1.10151,1.10148,1000000,2140000
2018-06-28 12:37:38.421000,1.10154,1.1015,3450000,1760000
2018-06-28 12:37:39.022000,1.10154,1.1015,3070000,1760000
2018-06-28 12:37:39.381000,1.10152,1.1015,1120000,1310000
2018-06-28 12:37:39.684000,1.10154,1.10151,1120000,3190000
2018-06-28 12:37:40.209000,1.10155,1.10151,1570000,2440000
2018-06-28 12:37:40.711000,1.10155,1.10151,1500000,2250000
2018-06-28 12:37:40.968000,1.10153,1.1015,1000000,3000000
2018-06-28 12:37:41.483000,1.10154,1.1015,2400000,3000000
2018-06-28 12:37:42.583000,1.10154,1.1015,1950000,2620000
2018-06-28 12:37:42.891000,1.10151,1.10148,1000000,1870000
2018-06-28 12:37:43.200000,1.10148,1.10145,1000000,2060000
2018-06-28 12:37:43.382000,1.10148,1.10145,1000000,1310000
2018-06-28 12:37:43.898000,1.10148,1.10145,1000000,2060000
2018-06-28 12:37:44.510000,1.10148,1.10145,1570000,1000000
2018-06-28 12:37:45.280000,1.10148,1.10144,1950000,3000000
2018-06-28 12:37:45.578000,1.10145,1.10143,1000000,2250000
2018-06-28 12:37:45.687000,1.10142,1.1014,1720000,1000000
2018-06-28 12:37:46.214000,1.10143,1.1014,1120000,1310000
2018-06-28 12:37:47.392000,1.10142,1.10139,1000000,2060000
2018-06-28 12:37:49.704000,1.10142,1.10138,1870000,2810000
2018-06-28 12:37:50.406000,1.10142,1.10138,3070000,1620000
2018-06-28 12:37:52.460000,1.10142,1.10138,4200000,1620000
2018-06-28 12:37:53.155000,1.10141,1.10138,1000000,1620000
2018-06-28 12:37:53.208000,1.10139,1.10137,2850000,3000000
2018-06-28 12:37:53.543000,1.10136,1.10132,1570000,2440000
2018-06-28 12:37:54.277000,1.10135,1.10131,2440000,8440000
2018-06-28 12:37:54.329000,1.10135,1.10131,2890000,5060000
2018-06-28 12:37:54.798000,1.10135,1.10132,3640000,1750000
2018-06-28 12:37:55.340000,1.10135,1.10133,1200000,1000000
2018-06-28 12:37:55.885000,1.10135,1.10132,1200000,3190000
2018-06-28 12:37:56.622000,1.10136,1.10133,3450000,1000000
2018-06-28 12:37:58.348000,1.10136,1.10133,1950000,1250000
2018-06-28 12:37:58.873000,1.10135,1.10133,1100000,1250000
2018-06-28 12:37:59.424000,1.10136,1.10133,2320000,1000000
2018-06-28 12:38:00.140000,1.10137,1.10135,1200000,3560000
2018-06-28 12:38:00.244000,1.1014,1.10137,3810000,2620000
2018-06-28 12:38:00.501000,1.10138,1.10135,1000000,3190000
2018-06-28 12:38:00.974000,1.1014,1.10137,3810000,1120000
2018-06-28 12:38:01.524000,1.10141,1.10138,4180000,1000000
2018-06-28 12:38:02.200000,1.10139,1.10137,1000000,1500000
2018-06-28 12:38:02.252000,1.10137,1.10135,1000000,2910000
2018-06-28 12:38:02.606000,1.10136,1.10133,3110000,1250000
2018-06-28 12:38:03.347000,1.10136,1.10132,2320000,2440000
2018-06-28 12:38:03.451000,1.10135,1.10131,3410000,5440000
2018-06-28 12:38:03.503000,1.10135,1.10132,1000000,1310000
2018-06-28 12:38:03.555000,1.10135,1.10132,1200000,2440000
2018-06-28 12:38:05.138000,1.10135,1.10132,1230000,2060000
2018-06-28 12:38:05.639000,1.10136,1.10133,2870000,1250000
2018-06-28 12:38:06.141000,1.10136,1.10132,3250000,2060000
2018-06-28 12:38:07.693000,1.10136,1.10133,2870000,1000000
2018-06-28 12:38:08.212000,1.10137,1.10133,1870000,2440000
2018-06-28 12:38:08.367000,1.10138,1.10136,1950000,2440000
2018-06-28 12:38:08.723000,1.10141,1.10137,2850000,3750000
2018-06-28 12:38:09.359000,1.10141,1.10139,1870000,1370000
2018-06-28 12:38:09.872000,1.10142,1.10139,1000000,1620000
2018-06-28 12:38:10.739000,1.10143,1.10141,1000000,1310000
2018-06-28 12:38:10.921000,1.10147,1.10143,4870000,3370000
2018-06-28 12:38:12.241000,1.10145,1.10143,1000000,2250000
2018-06-28 12:38:12.360000,1.10143,1.1014,1000000,3940000
2018-06-28 12:38:12.883000,1.10142,1.10139,1000000,1370000
2018-06-28 12:38:13.420000,1.10137,1.10135,1000000,3000000
2018-06-28 12:38:13.474000,1.10136,1.10135,1500000,1870000
2018-06-28 12:38:13.991000,1.10136,1.10133,1000000,2810000
2018-06-28 12:38:14.152000,1.10133,1.10131,2700000,1500000
2018-06-28 12:38:14.206000,1.10131,1.10128,1870000,2810000
2018-06-28 12:38:14.313000,1.10129,1.10126,1120000,1690000
2018-06-28 12:38:14.625000,1.10126,1.10123,1000000,2060000
2018-06-28 12:38:15.088000,1.10128,1.10124,5700000,1690000
2018-06-28 12:38:15.140000,1.10128,1.10126,2700000,1250000
2018-06-28 12:38:15.317000,1.1013,1.10127,2700000,1000000
2018-06-28 12:38:16.040000,1.10131,1.10128,3450000,1000000
2018-06-28 12:38:16.194000,1.10132,1.10129,3820000,1310000
2018-06-28 12:38:16.538000,1.10132,1.10129,1370000,1310000
2018-06-28 12:38:16.851000,1.10128,1.10127,1000000,3070000
2018-06-28 12:38:16.956000,1.10124,1.10121,1000000,2140000
2018-06-28 12:38:17.154000,1.10122,1.10121,1000000,1000000
2018-06-28 12:38:17.261000,1.10121,1.10119,1000000,1250000
2018-06-28 12:38:17.314000,1.10119,1.10117,1000000,5510000
2018-06-28 12:38:17.421000,1.10121,1.10118,1950000,1500000
2018-06-28 12:38:17.528000,1.10119,1.10117,2100000,1100000
2018-06-28 12:38:18.069000,1.10119,1.10115,3410000,1120000
2018-06-28 12:38:18.767000,1.10117,1.10114,1120000,1500000
2018-06-28 12:38:18.821000,1.10115,1.10113,3410000,1100000
2018-06-28 12:38:19.094000,1.10117,1.10114,3000000,1310000
2018-06-28 12:38:19.198000,1.10118,1.10115,1870000,1310000
2018-06-28 12:38:19.558000,1.10118,1.10114,1870000,1760000
2018-06-28 12:38:19.745000,1.10118,1.10114,2250000,1120000
2018-06-28 12:38:20.279000,1.10117,1.10114,1500000,1000000
2018-06-28 12:38:20.793000,1.10117,1.10113,1690000,3450000
2018-06-28 12:38:21.117000,1.10114,1.10113,1000000,1000000
2018-06-28 12:38:21.234000,1.10113,1.10109,2250000,1570000
2018-06-28 12:38:21.610000,1.10114,1.10113,1870000,1000000
2018-06-28 12:38:21.715000,1.10117,1.10113,3750000,2250000
2018-06-28 12:38:23.600000,1.10117,1.10113,3560000,1950000
2018-06-28 12:38:24.105000,1.10117,1.10113,1870000,2700000
2018-06-28 12:38:24.470000,1.10115,1.10113,1000000,1500000
2018-06-28 12:38:25.179000,1.10115,1.10113,1000000,2250000
2018-06-28 12:38:25.335000,1.10117,1.10113,1500000,3070000
2018-06-28 12:38:27.121000,1.10117,1.10113,2060000,2250000
2018-06-28 12:38:27.227000,1.10113,1.10112,1120000,1120000
2018-06-28 12:38:27.280000,1.10112,1.10109,4540000,1200000
2018-06-28 12:38:28.653000,1.10111,1.10108,1500000,1000000
2018-06-28 12:38:29.176000,1.10112,1.10108,6190000,1000000
2018-06-28 12:38:29.728000,1.10111,1.10107,2810000,2320000
2018-06-28 12:38:30.504000,1.10112,1.10108,6190000,1120000
2018-06-28 12:38:31.274000,1.10111,1.10107,1690000,2620000
2018-06-28 12:38:31.435000,1.10108,1.10105,1120000,1570000
2018-06-28 12:38:31.667000,1.10107,1.10103,1120000,1570000
2018-06-28 12:38:32.204000,1.10106,1.10102,1120000,1870000
2018-06-28 12:38:32.746000,1.10107,1.10103,2200000,1500000
2018-06-28 12:38:33.058000,1.10108,1.10107,3000000,1000000
2018-06-28 12:38:33.110000,1.10111,1.10107,2320000,2250000
2018-06-28 12:38:33.215000,1.10111,1.10109,1100000,1310000
2018-06-28 12:38:33.394000,1.10113,1.1011,3070000,1250000
2018-06-28 12:38:33.912000,1.10113,1.10109,2620000,2060000
2018-06-28 12:38:34.782000,1.10112,1.10108,1870000,2550000
2018-06-28 12:38:35.380000,1.10112,1.10109,1870000,1310000
2018-06-28 12:38:35.916000,1.10112,1.1011,1120000,1190000
2018-06-28 12:38:36.457000,1.10113,1.10111,1120000,1310000
2018-06-28 12:38:36.616000,1.10115,1.10112,1200000,2620000
2018-06-28 12:38:36.927000,1.10116,1.10113,2250000,2250000
2018-06-28 12:38:37.032000,1.10116,1.10113,2620000,1870000
2018-06-28 12:38:37.539000,1.10117,1.10114,1120000,1120000
2018-06-28 12:38:38.211000,1.10117,1.10113,3000000,1870000
2018-06-28 12:38:38.265000,1.10114,1.10112,1000000,1100000
2018-06-28 12:38:38.822000,1.10115,1.10111,2620000,2720000
2018-06-28 12:38:39.132000,1.10117,1.10114,3370000,1120000
2018-06-28 12:38:40.089000,1.10116,1.10113,1370000,1500000
2018-06-28 12:38:40.564000,1.10114,1.10111,2250000,1000000
2018-06-28 12:38:41.105000,1.10115,1.10111,1870000,1500000
2018-06-28 12:38:41.562000,1.10116,1.10113,1000000,1120000
2018-06-28 12:38:42.111000,1.10116,1.10114,1000000,1000000
2018-06-28 12:38:42.638000,1.10117,1.10114,2620000,1000000
2018-06-28 12:38:43.664000,1.10116,1.10113,1120000,1870000
2018-06-28 12:38:44.201000,1.10117,1.10114,1870000,1000000
2018-06-28 12:38:45.097000,1.10118,1.10115,4120000,1000000
2018-06-28 12:38:45.438000,1.10118,1.10115,1000000,1690000
2018-06-28 12:38:45.543000,1.10119,1.10118,1500000,1120000
2018-06-28 12:38:45.598000,1.10121,1.10119,1870000,1000000
2018-06-28 12:38:46.134000,1.10122,1.10119,1120000,1870000
2018-06-28 12:38:46.187000,1.1012,1.10118,1500000,1000000
2018-06-28 12:38:46.498000,1.10121,1.10119,1000000,1340000
2018-06-28 12:38:46.603000,1.1012,1.10117,1000000,2440000
2018-06-28 12:38:46.902000,1.10117,1.10116,1000000,1500000
2018-06-28 12:38:47.007000,1.10116,1.10114,1000000,1500000
2018-06-28 12:38:48.313000,1.10115,1.10113,1000000,1870000
2018-06-28 12:38:48.478000,1.10113,1.10112,1870000,1120000
2018-06-28 12:38:48.532000,1.10112,1.10109,1000000,1750000
2018-06-28 12:38:49.138000,1.10113,1.10109,2250000,1870000
2018-06-28 12:38:49.659000,1.10114,1.10111,1500000,1500000
2018-06-28 12:38:50.160000,1.10115,1.10112,2440000,1120000
2018-06-28 12:38:51.314000,1.10115,1.10112,2440000,1120000
2018-06-28 12:38:51.534000,1.10113,1.1011,1500000,1000000
2018-06-28 12:38:56.253000,1.10112,1.10108,1870000,2510000
2018-06-28 12:38:56.810000,1.10111,1.10108,1120000,1390000
2018-06-28 12:38:56.966000,1.10109,1.10106,2810000,2700000
2018-06-28 12:38:57.382000,1.10111,1.10107,4500000,2440000
2018-06-28 12:38:57.610000,1.10112,1.10108,3000000,2140000
2018-06-28 12:38:58.020000,1.10112,1.10108,2810000,2510000
2018-06-28 12:38:58.196000,1.10111,1.10107,2060000,3260000
2018-06-28 12:38:58.300000,1.10109,1.10106,1000000,2440000
2018-06-28 12:38:58.731000,1.10107,1.10104,1120000,2890000
2018-06-28 12:38:59.255000,1.10108,1.10105,1370000,1310000
2018-06-28 12:38:59.772000,1.10107,1.10103,1120000,2890000
2018-06-28 12:39:01.120000,1.10107,1.10104,1000000,2140000
2018-06-28 12:39:01.174000,1.10111,1.10107,5320000,1690000
2018-06-28 12:39:01.685000,1.10111,1.10108,2250000,1310000
2018-06-28 12:39:01.891000,1.10112,1.10109,3070000,1310000
2018-06-28 12:39:02.409000,1.10112,1.10109,2250000,1310000
2018-06-28 12:39:03.359000,1.10112,1.10108,2250000,2140000
2018-06-28 12:39:03.722000,1.1011,1.10107,2250000,1950000
2018-06-28 12:39:03.942000,1.10111,1.10108,1000000,1690000
2018-06-28 12:39:04.103000,1.10113,1.10109,2250000,3640000
2018-06-28 12:39:06.380000,1.10112,1.10109,1000000,1690000
2018-06-28 12:39:06.889000,1.10113,1.10109,2620000,1690000
2018-06-28 12:39:07.433000,1.10112,1.10109,1000000,1250000
2018-06-28 12:39:07.970000,1.10113,1.10109,2620000,1690000
2018-06-28 12:39:08.501000,1.10113,1.1011,1500000,2440000
2018-06-28 12:39:09.032000,1.10112,1.10108,1120000,5140000
2018-06-28 12:39:09.600000,1.10113,1.10109,2620000,2890000
2018-06-28 12:39:09.776000,1.10114,1.10111,5620000,1190000
2018-06-28 12:39:09.828000,1.10116,1.10112,2250000,1390000
2018-06-28 12:39:11.548000,1.10114,1.10111,1000000,1390000
2018-06-28 12:39:12.080000,1.10115,1.10112,1000000,1310000
2018-06-28 12:39:12.235000,1.10116,1.10114,1000000,1000000
2018-06-28 12:39:15.647000,1.10117,1.10115,1870000,1000000
2018-06-28 12:39:15.750000,1.10118,1.10116,3370000,1000000
2018-06-28 12:39:16.279000,1.1012,1.10117,2250000,1000000
2018-06-28 12:39:16.785000,1.10119,1.10117,2250000,1000000
2018-06-28 12:39:17.684000,1.10119,1.10117,1870000,1250000
2018-06-28 12:39:18.103000,1.10121,1.1012,2250000,1250000
2018-06-28 12:39:18.227000,1.10123,1.10121,1000000,1000000
2018-06-28 12:39:18.774000,1.10124,1.10122,1870000,1000000
2018-06-28 12:39:20.347000,1.10125,1.10122,2620000,1690000
2018-06-28 12:39:20.712000,1.10125,1.10122,1500000,2060000
2018-06-28 12:39:21.189000,1.10125,1.10122,1870000,1390000
2018-06-28 12:39:21.700000,1.10125,1.10122,1870000,1690000
2018-06-28 12:39:22.815000,1.10124,1.10121,3560000,1100000
2018-06-28 12:39:23.363000,1.10124,1.10121,2620000,1250000
2018-06-28 12:39:24.759000,1.10123,1.1012,2620000,1200000
2018-06-28 12:39:25.640000,1.10121,1.10119,1310000,1000000
2018-06-28 12:39:26.580000,1.10122,1.1012,4120000,1000000
2018-06-28 12:39:26.824000,1.10124,1.10122,1500000,1250000
2018-06-28 12:39:29.229000,1.10125,1.10122,2250000,1690000
2018-06-28 12:39:29.769000,1.10125,1.10122,1500000,1690000
2018-06-28 12:39:30.298000,1.10124,1.10122,1000000,1250000
2018-06-28 12:39:31.081000,1.10123,1.10122,1000000,1000000
2018-06-28 12:39:31.594000,1.10124,1.10122,2250000,1000000
2018-06-28 12:39:32.239000,1.10124,1.10121,2250000,1310000
2018-06-28 12:39:32.771000,1.10123,1.1012,1120000,2060000
2018-06-28 12:39:33.706000,1.10123,1.1012,1120000,2810000
2018-06-28 12:39:34.115000,1.10121,1.10119,1500000,1200000
2018-06-28 12:39:34.308000,1.10119,1.10116,1870000,1310000
2018-06-28 12:39:36.324000,1.10118,1.10116,1000000,1560000
2018-06-28 12:39:36.480000,1.1012,1.10117,1120000,1690000
2018-06-28 12:39:37.005000,1.10121,1.10118,1120000,2440000
2018-06-28 12:39:37.836000,1.10121,1.10118,1120000,2440000
2018-06-28 12:39:37.890000,1.10123,1.1012,4200000,1310000
2018-06-28 12:39:38.581000,1.10122,1.10119,1120000,1690000
2018-06-28 12:39:39.381000,1.10121,1.10119,1570000,1120000
2018-06-28 12:39:39.434000,1.10118,1.10114,2250000,2140000
2018-06-28 12:39:39.542000,1.10116,1.10113,1000000,2440000
2018-06-28 12:39:40.105000,1.10115,1.10112,1000000,2810000
2018-06-28 12:39:40.638000,1.10116,1.10114,1870000,1310000
2018-06-28 12:39:40.856000,1.10118,1.10115,3070000,2810000
2018-06-28 12:39:40.963000,1.10119,1.10116,1870000,2060000
2018-06-28 12:39:41.465000,1.10119,1.10116,2060000,1120000
2018-06-28 12:39:43.440000,1.10118,1.10115,1690000,1570000
2018-06-28 12:39:43.954000,1.10118,1.10115,2620000,1290000
2018-06-28 12:39:44.615000,1.10117,1.10114,1000000,2890000
2018-06-28 12:39:44.670000,1.10115,1.10113,1000000,7200000
2018-06-28 12:39:44.833000,1.10114,1.10111,1120000,3190000
2018-06-28 12:39:45.095000,1.10112,1.1011,1000000,1200000
2018-06-28 12:39:45.625000,1.10111,1.10108,2250000,2620000
2018-06-28 12:39:46.160000,1.10111,1.10108,1000000,2620000
2018-06-28 12:39:46.711000,1.10112,1.10108,3750000,2810000
2018-06-28 12:39:47.279000,1.10111,1.10108,1500000,2510000
2018-06-28 12:39:47.799000,1.1011,1.10107,1500000,1000000
2018-06-28 12:39:48.317000,1.10109,1.10106,1500000,1000000
2018-06-28 12:39:48.851000,1.1011,1.10106,2440000,1950000
2018-06-28 12:39:49.242000,1.10112,1.10108,4120000,1390000
2018-06-28 12:39:49.680000,1.1011,1.10107,1870000,1570000
2018-06-28 12:39:50.653000,1.10111,1.10107,5620000,1620000
2018-06-28 12:39:51.217000,1.10111,1.10108,1000000,1620000
2018-06-28 12:39:51.815000,1.1011,1.10106,2250000,4390000
2018-06-28 12:39:52.152000,1.10108,1.10106,1500000,1000000
2018-06-28 12:39:52.469000,1.10106,1.10104,1000000,1000000
2018-06-28 12:39:54.152000,1.10108,1.10105,2250000,1310000
2018-06-28 12:39:54.309000,1.1011,1.10106,2250000,6640000
2018-06-28 12:39:56.807000,1.1011,1.10108,1000000,1000000
2018-06-28 12:39:56.865000,1.10112,1.10108,3370000,1390000
2018-06-28 12:39:57.377000,1.10112,1.10108,2620000,2510000
2018-06-28 12:39:57.970000,1.10113,1.10109,3370000,2890000
2018-06-28 12:39:58.526000,1.10113,1.10109,1370000,3640000
2018-06-28 12:40:00.265000,1.10113,1.10109,2620000,4010000
2018-06-28 12:40:01.035000,1.10113,1.10109,1370000,2510000
2018-06-28 12:40:01.588000,1.10112,1.10108,1370000,4390000
2018-06-28 12:40:01.641000,1.10111,1.10108,1120000,1310000
2018-06-28 12:40:02.077000,1.10109,1.10106,1000000,2060000
2018-06-28 12:40:02.400000,1.10108,1.10104,2620000,2060000
2018-06-28 12:40:02.709000,1.10106,1.10103,1620000,3070000
2018-06-28 12:40:02.927000,1.10104,1.10101,3220000,2440000
2018-06-28 12:40:07.465000,1.10104,1.10101,1370000,1310000
2018-06-28 12:40:07.625000,1.101,1.10098,1250000,2620000
2018-06-28 12:40:07.783000,1.10098,1.10095,1120000,1310000
2018-06-28 12:40:08.084000,1.10097,1.10093,1870000,2440000
2018-06-28 12:40:08.502000,1.10096,1.10094,1000000,1370000
2018-06-28 12:40:08.660000,1.10098,1.10095,1870000,1690000
2018-06-28 12:40:08.767000,1.10099,1.10096,1870000,2060000
2018-06-28 12:40:08.872000,1.101,1.10097,1870000,1190000
2018-06-28 12:40:09.400000,1.10101,1.10098,1870000,1250000
2018-06-28 12:40:09.717000,1.10104,1.10101,1000000,1760000
2018-06-28 12:40:12.216000,1.10103,1.101,1000000,2810000
2018-06-28 12:40:12.429000,1.10103,1.10099,2810000,5140000
2018-06-28 12:40:12.937000,1.10103,1.10099,2620000,5140000
2018-06-28 12:40:13.588000,1.10103,1.101,3000000,1690000
2018-06-28 12:40:14.048000,1.10102,1.10099,1000000,3640000
2018-06-28 12:40:14.557000,1.10103,1.10099,2440000,3260000
2018-06-28 12:40:15.069000,1.10103,1.101,2250000,1310000
2018-06-28 12:40:16.200000,1.10104,1.101,3370000,2060000
2018-06-28 12:40:18.637000,1.10104,1.10101,1500000,1620000
2018-06-28 12:40:19.166000,1.10105,1.10102,2440000,1120000
2018-06-28 12:40:22.438000,1.10105,1.10101,1760000,1690000
2018-06-28 12:40:22.987000,1.10104,1.101,2250000,5440000
2018-06-28 12:40:23.500000,1.10103,1.101,1120000,1310000
2018-06-28 12:40:24.005000,1.10104,1.10101,1200000,1310000
2018-06-28 12:40:24.509000,1.10105,1.10101,5700000,1690000
2018-06-28 12:40:25.033000,1.10105,1.10101,5510000,1690000
2018-06-28 12:40:26.121000,1.10104,1.101,1760000,4690000
2018-06-28 12:40:26.225000,1.10102,1.101,1000000,1870000
2018-06-28 12:40:26.559000,1.10106,1.10102,1000000,4870000
2018-06-28 12:40:32.437000,1.10109,1.10105,4200000,3560000
2018-06-28 12:40:32.774000,1.10112,1.10108,2140000,1870000
2018-06-28 12:40:33.315000,1.10112,1.10108,2510000,1870000
2018-06-28 12:40:33.859000,1.10112,1.10108,2320000,2810000
2018-06-28 12:40:34.409000,1.10112,1.10109,1120000,1120000
2018-06-28 12:40:35.162000,1.10113,1.1011,3640000,1000000
2018-06-28 12:40:35.675000,1.10112,1.10109,1500000,1500000
2018-06-28 12:40:36.178000,1.10111,1.10109,1000000,1000000
2018-06-28 12:40:36.926000,1.1011,1.10108,1690000,1000000
2018-06-28 12:40:37.233000,1.10108,1.10105,3820000,1080000
2018-06-28 12:40:37.656000,1.10107,1.10103,1690000,2250000
2018-06-28 12:40:38.201000,1.10107,1.10103,3640000,1500000
2018-06-28 12:40:38.716000,1.10107,1.10103,2890000,1870000
2018-06-28 12:40:39.545000,1.10107,1.10103,3640000,2250000
2018-06-28 12:40:40.405000,1.10107,1.10103,1950000,2440000
2018-06-28 12:40:40.866000,1.10107,1.10104,1000000,2060000
2018-06-28 12:40:41.138000,1.1011,1.10107,2440000,1000000
2018-06-28 12:40:41.821000,1.1011,1.10108,1500000,1000000
2018-06-28 12:40:42.276000,1.10113,1.1011,1690000,1000000
2018-06-28 12:40:43.417000,1.10112,1.10108,1500000,3000000
2018-06-28 12:40:44.836000,1.10112,1.10108,1500000,2250000
2018-06-28 12:40:44.993000,1.10108,1.10106,1000000,3070000
2018-06-28 12:40:45.047000,1.10108,1.10105,2250000,2620000
2018-06-28 12:40:45.577000,1.10107,1.10104,1870000,1000000
2018-06-28 12:40:47.987000,1.10108,1.10104,5250000,2440000
2018-06-28 12:40:48.536000,1.10107,1.10104,1120000,1870000
2018-06-28 12:40:50.338000,1.10107,1.10104,1000000,2440000
2018-06-28 12:40:50.599000,1.10107,1.10103,1000000,4010000
2018-06-28 12:40:51.706000,1.10107,1.10103,1870000,2620000
2018-06-28 12:40:52.257000,1.10107,1.10104,1870000,1000000
2018-06-28 12:40:53.846000,1.10108,1.10105,4120000,1000000
2018-06-28 12:40:54.360000,1.10108,1.10104,4720000,1870000
2018-06-28 12:41:01.139000,1.10107,1.10103,1870000,3940000
2018-06-28 12:41:01.242000,1.10107,1.10103,1500000,4390000
2018-06-28 12:41:01.973000,1.10107,1.10103,1870000,2620000
2018-06-28 12:41:02.791000,1.10107,1.10103,2250000,1870000
2018-06-28 12:41:06.031000,1.10107,1.10103,1500000,3560000
2018-06-28 12:41:06.583000,1.10106,1.10103,1000000,1870000
2018-06-28 12:41:06.636000,1.10104,1.10101,3220000,1760000
2018-06-28 12:41:06.739000,1.10104,1.10101,2250000,1250000
2018-06-28 12:41:07.260000,1.10106,1.10102,1500000,3560000
2018-06-28 12:41:07.847000,1.10106,1.10102,2250000,2810000
2018-06-28 12:41:11.707000,1.10105,1.10101,2810000,7010000
2018-06-28 12:41:12.527000,1.10103,1.101,1120000,2810000
2018-06-28 12:41:13.248000,1.10104,1.101,2620000,4690000
2018-06-28 12:41:14.665000,1.10102,1.101,1500000,1120000
2018-06-28 12:41:15.065000,1.10104,1.10101,3070000,1310000
2018-06-28 12:41:15.961000,1.10104,1.10101,1000000,4310000
2018-06-28 12:41:16.507000,1.10105,1.10102,1310000,1120000
2018-06-28 12:41:18.148000,1.10105,1.10102,2810000,1000000
2018-06-28 12:41:18.678000,1.10105,1.10101,2810000,4690000
2018-06-28 12:41:19.215000,1.10103,1.101,3190000,3070000
2018-06-28 12:41:19.390000,1.10102,1.10098,2440000,8890000
2018-06-28 12:41:19.601000,1.10102,1.10098,5440000,4870000
2018-06-28 12:41:19.920000,1.10098,1.10094,2810000,1500000
2018-06-28 12:41:20.375000,1.10098,1.10094,3940000,1500000
2018-06-28 12:41:20.884000,1.10097,1.10093,1690000,5320000
2018-06-28 12:41:21.770000,1.10096,1.10093,2060000,1000000
2018-06-28 12:41:22.272000,1.10097,1.10094,1690000,1500000
2018-06-28 12:41:22.886000,1.10098,1.10095,3940000,1000000
2018-06-28 12:41:25.517000,1.10098,1.10094,3190000,1870000
2018-06-28 12:41:26.143000,1.10095,1.10092,1000000,3000000
2018-06-28 12:41:26.401000,1.10097,1.10094,1620000,1000000
2018-06-28 12:41:26.920000,1.10098,1.10095,1870000,1690000
2018-06-28 12:41:27.198000,1.10099,1.10096,1120000,1620000
2018-06-28 12:41:27.409000,1.10101,1.10097,1500000,3560000
2018-06-28 12:41:27.942000,1.10102,1.10098,1120000,3640000
2018-06-28 12:41:28.865000,1.10103,1.101,3190000,1000000
2018-06-28 12:41:29.392000,1.10102,1.10099,1000000,1500000
2018-06-28 12:41:30.690000,1.10103,1.10099,2620000,2440000
2018-06-28 12:41:32.609000,1.10102,1.10099,1000000,1690000
2018-06-28 12:41:33.653000,1.10101,1.10098,2060000,1570000
2018-06-28 12:41:33.705000,1.101,1.10097,1870000,1870000
2018-06-28 12:41:34.254000,1.10101,1.10097,2810000,3070000
2018-06-28 12:41:34.797000,1.10101,1.10097,2250000,5140000
2018-06-28 12:41:36.284000,1.10101,1.10099,1000000,2060000
2018-06-28 12:41:36.836000,1.10103,1.10099,4870000,1620000
2018-06-28 12:41:37.831000,1.10101,1.10098,1500000,1250000
2018-06-28 12:41:38.343000,1.101,1.10097,1000000,3260000
2018-06-28 12:41:38.872000,1.101,1.10097,1000000,3260000
2018-06-28 12:41:40.730000,1.101,1.10096,6190000,3450000
2018-06-28 12:41:40.834000,1.10098,1.10096,2250000,1100000
2018-06-28 12:41:40.939000,1.10097,1.10094,2620000,1760000
2018-06-28 12:41:42.625000,1.10098,1.10094,6450000,2810000
2018-06-28 12:41:42.783000,1.10099,1.10096,1870000,3370000
2018-06-28 12:41:44.722000,1.10098,1.10096,2440000,1120000
2018-06-28 12:41:44.782000,1.10096,1.10094,1000000,1570000
2018-06-28 12:41:45.194000,1.10096,1.10092,2250000,5140000
2018-06-28 12:41:45.734000,1.10096,1.10092,2250000,4010000
2018-06-28 12:41:46.595000,1.10095,1.10092,1000000,1290000
2018-06-28 12:41:47.121000,1.10096,1.10092,1500000,3640000
2018-06-28 12:41:47.382000,1.10097,1.10094,4870000,1000000
2018-06-28 12:41:47.636000,1.10095,1.10091,3190000,2620000
2018-06-28 12:41:48.436000,1.10092,1.10091,1000000,1000000
2018-06-28 12:41:48.489000,1.10092,1.10089,3370000,2250000
2018-06-28 12:41:48.595000,1.10089,1.10087,1000000,2980000
2018-06-28 12:41:48.915000,1.10088,1.10086,1000000,1120000
2018-06-28 12:41:49.227000,1.10091,1.1009,4570000,1120000
2018-06-28 12:41:49.333000,1.10093,1.1009,3000000,1000000
2018-06-28 12:41:49.832000,1.10094,1.1009,3370000,2440000
2018-06-28 12:41:50.091000,1.10095,1.10091,3260000,1310000
2018-06-28 12:41:50.607000,1.10096,1.10091,6450000,1690000
2018-06-28 12:41:51.141000,1.10097,1.10093,3750000,1870000
2018-06-28 12:41:51.648000,1.10097,1.10093,1870000,2250000
2018-06-28 12:41:52.714000,1.10097,1.10093,1500000,4760000
2018-06-28 12:41:52.898000,1.10101,1.10097,4120000,1000000
2018-06-28 12:41:52.950000,1.10101,1.10098,1910000,1370000
2018-06-28 12:41:53.522000,1.10102,1.10098,3750000,2700000
2018-06-28 12:41:54.538000,1.10101,1.10097,3750000,3820000
2018-06-28 12:41:55.052000,1.10101,1.10097,3750000,3820000
2018-06-28 12:41:55.625000,1.10101,1.10098,1370000,1000000
2018-06-28 12:41:56.091000,1.10099,1.10096,1500000,2890000
2018-06-28 12:41:56.606000,1.10099,1.10095,2810000,2320000
2018-06-28 12:41:57.131000,1.10098,1.10094,3190000,2320000
2018-06-28 12:41:59.236000,1.10096,1.10093,1120000,1950000
2018-06-28 12:41:59.533000,1.10094,1.10091,1250000,1950000
2018-06-28 12:42:00.900000,1.10093,1.1009,1250000,3190000
2018-06-28 12:42:01.429000,1.10094,1.1009,5060000,1880000
2018-06-28 12:42:03.415000,1.10095,1.10092,2250000,1000000
2018-06-28 12:42:04.440000,1.10095,1.10091,2620000,2070000
2018-06-28 12:42:05.111000,1.10093,1.1009,1870000,3380000
2018-06-28 12:42:05.938000,1.10091,1.10089,1000000,1690000
2018-06-28 12:42:06.044000,1.10089,1.10087,1500000,1120000
2018-06-28 12:42:06.549000,1.10089,1.10085,5250000,1760000
2018-06-28 12:42:09.750000,1.10089,1.10085,5440000,1690000
2018-06-28 12:42:10.494000,1.10089,1.10085,5250000,1690000
2018-06-28 12:42:12.792000,1.10088,1.10084,2510000,3190000
2018-06-28 12:42:13.540000,1.10088,1.10084,3070000,2060000
2018-06-28 12:42:14.386000,1.10085,1.10083,2250000,2700000
2018-06-28 12:42:14.907000,1.10085,1.10081,5250000,3000000
2018-06-28 12:42:15.695000,1.10085,1.10081,2390000,3070000
2018-06-28 12:42:16.003000,1.10088,1.10084,2250000,1560000
2018-06-28 12:42:18.048000,1.10088,1.10086,1000000,1370000
2018-06-28 12:42:18.159000,1.1009,1.10086,3190000,1500000
2018-06-28 12:42:20.396000,1.1009,1.10086,3560000,1500000
2018-06-28 12:42:20.656000,1.10091,1.10088,2620000,1870000
2018-06-28 12:42:21.230000,1.10092,1.10089,1000000,1500000
2018-06-28 12:42:25.922000,1.10092,1.1009,1000000,1000000
2018-06-28 12:42:26.779000,1.10092,1.10089,1000000,2320000
2018-06-28 12:42:27.289000,1.10093,1.10089,4690000,1000000
2018-06-28 12:42:27.801000,1.10092,1.10088,3750000,4570000
2018-06-28 12:42:28.320000,1.10089,1.10086,1500000,2510000
2018-06-28 12:42:28.425000,1.10089,1.10085,2620000,2700000
2018-06-28 12:42:28.938000,1.10089,1.10086,1500000,1120000
2018-06-28 12:42:30.102000,1.10089,1.10087,1120000,1120000
2018-06-28 12:42:30.652000,1.1009,1.10086,1120000,2700000
2018-06-28 12:42:31.215000,1.1009,1.10086,1500000,5510000
2018-06-28 12:42:31.419000,1.10088,1.10086,1000000,1950000
2018-06-28 12:42:31.523000,1.10087,1.10084,1000000,2620000
2018-06-28 12:42:32.528000,1.10087,1.10084,3000000,1000000
2018-06-28 12:42:32.925000,1.10085,1.10082,2810000,1950000
2018-06-28 12:42:33.029000,1.10084,1.10082,2250000,1000000
2018-06-28 12:42:33.269000,1.10084,1.1008,4310000,3190000
2018-06-28 12:42:33.897000,1.10084,1.10081,2620000,1250000
2018-06-28 12:42:34.102000,1.10083,1.10079,3370000,3450000
2018-06-28 12:42:35.839000,1.10082,1.10079,1500000,1120000
2018-06-28 12:42:36.392000,1.10082,1.10078,2700000,1500000
2018-06-28 12:42:36.497000,1.10083,1.1008,2700000,1500000
2018-06-28 12:42:36.724000,1.10085,1.10081,3820000,1120000
2018-06-28 12:42:37.239000,1.10084,1.10081,1870000,1000000
2018-06-28 12:42:37.502000,1.10086,1.10083,1450000,1250000
2018-06-28 12:42:37.606000,1.10087,1.10084,2250000,1000000
2018-06-28 12:42:38.923000,1.10086,1.10084,1120000,1000000
2018-06-28 12:42:39.498000,1.10087,1.10084,2250000,1120000
2018-06-28 12:42:40.736000,1.10087,1.10084,3450000,1000000
2018-06-28 12:42:40.790000,1.10085,1.10081,3940000,3260000
2018-06-28 12:42:40.980000,1.10083,1.10081,1120000,1000000
2018-06-28 12:42:41.089000,1.10082,1.10079,1500000,1500000
2018-06-28 12:42:41.736000,1.10082,1.10078,2620000,2440000
2018-06-28 12:42:43.653000,1.10082,1.10079,2620000,1000000
2018-06-28 12:42:44.707000,1.10082,1.10078,1870000,1760000
2018-06-28 12:42:45.859000,1.10082,1.10079,1500000,1310000
2018-06-28 12:42:46.051000,1.10084,1.10082,1120000,1000000
2018-06-28 12:42:46.576000,1.10086,1.10083,1500000,1120000
2018-06-28 12:42:47.108000,1.10085,1.10082,1120000,1120000
2018-06-28 12:42:47.624000,1.10084,1.10081,1500000,2980000
2018-06-28 12:42:48.630000,1.10084,1.10082,1000000,1000000
2018-06-28 12:42:49.176000,1.10085,1.10082,2250000,1000000
2018-06-28 12:42:49.489000,1.10086,1.10084,1120000,1120000
2018-06-28 12:42:53.219000,1.10088,1.10084,3370000,1660000
2018-06-28 12:42:53.376000,1.1009,1.10086,2440000,4290000
2018-06-28 12:42:53.532000,1.1009,1.10089,1120000,1000000
2018-06-28 12:42:53.858000,1.10093,1.1009,3000000,2740000
2018-06-28 12:42:54.437000,1.10094,1.1009,3000000,5740000
2018-06-28 12:42:55.022000,1.10095,1.10091,3370000,3640000
2018-06-28 12:42:55.177000,1.10096,1.10094,1000000,2810000
2018-06-28 12:42:55.280000,1.10099,1.10096,2060000,3220000
2018-06-28 12:42:56.334000,1.10099,1.10095,1310000,6260000
2018-06-28 12:42:57.059000,1.10099,1.10096,1310000,2250000
2018-06-28 12:42:57.490000,1.10101,1.10098,2700000,2620000
2018-06-28 12:42:58.024000,1.10101,1.10098,1870000,1120000
2018-06-28 12:42:59.349000,1.10102,1.10098,2620000,1870000
2018-06-28 12:42:59.558000,1.101,1.10097,1000000,2700000
2018-06-28 12:42:59.818000,1.101,1.10096,2250000,1310000
2018-06-28 12:43:00.322000,1.10099,1.10096,1870000,1000000
2018-06-28 12:43:00.861000,1.10099,1.10096,1870000,1120000
2018-06-28 12:43:01.180000,1.10087,1.10082,2060000,1390000
2018-06-28 12:43:01.235000,1.10084,1.1008,2440000,3820000
2018-06-28 12:43:01.539000,1.10074,1.1007,3450000,5810000
2018-06-28 12:43:01.960000,1.10069,1.10067,1000000,2650000
2018-06-28 12:43:02.275000,1.1007,1.10068,1000000,2440000
2018-06-28 12:43:02.327000,1.1007,1.10068,1000000,1690000
2018-06-28 12:43:02.648000,1.10071,1.10069,1200000,1690000
2018-06-28 12:43:02.755000,1.10073,1.1007,1100000,2440000
2018-06-28 12:43:03.269000,1.10074,1.10071,2440000,1000000
2018-06-28 12:43:03.686000,1.10075,1.10073,1120000,1000000
2018-06-28 12:43:03.881000,1.10077,1.10074,1500000,1120000
2018-06-28 12:43:04.144000,1.10076,1.10073,1750000,1120000
2018-06-28 12:43:04.198000,1.10075,1.10072,1690000,1200000
2018-06-28 12:43:04.506000,1.10072,1.10071,1120000,1000000
2018-06-28 12:43:04.558000,1.10071,1.10069,1000000,1250000
2018-06-28 12:43:05.076000,1.10072,1.10068,4120000,4690000
2018-06-28 12:43:05.698000,1.10072,1.10068,1870000,4310000
2018-06-28 12:43:06.239000,1.10073,1.10069,3000000,1310000
2018-06-28 12:43:06.709000,1.10074,1.1007,2440000,2440000
2018-06-28 12:43:06.933000,1.10079,1.10075,1570000,4350000
2018-06-28 12:43:07.041000,1.1008,1.10076,1310000,2440000
2018-06-28 12:43:07.455000,1.10078,1.10076,2250000,2470000
2018-06-28 12:43:07.559000,1.10077,1.10073,1870000,1570000
2018-06-28 12:43:08.465000,1.10077,1.10074,1120000,1690000
2018-06-28 12:43:08.675000,1.10079,1.10075,2250000,1690000
2018-06-28 12:43:09.226000,1.10078,1.10074,1000000,5890000
2018-06-28 12:43:09.791000,1.10077,1.10074,1500000,1500000
2018-06-28 12:43:10.318000,1.10077,1.10073,1500000,1500000
2018-06-28 12:43:10.759000,1.10078,1.10075,1500000,1620000
2018-06-28 12:43:11.276000,1.1008,1.10076,3560000,2320000
2018-06-28 12:43:12.439000,1.1008,1.10076,2440000,4200000
2018-06-28 12:43:14.508000,1.10078,1.10074,3190000,4570000
2018-06-28 12:43:15.018000,1.10076,1.10073,1120000,1000000
2018-06-28 12:43:16.894000,1.10076,1.10073,1000000,1370000
2018-06-28 12:43:17.400000,1.10077,1.10073,1690000,1870000
2018-06-28 12:43:19.046000,1.10077,1.10074,1120000,1690000
2018-06-28 12:43:19.151000,1.10079,1.10076,4200000,3790000
2018-06-28 12:43:19.695000,1.10078,1.10075,1000000,2810000
2018-06-28 12:43:20.198000,1.10078,1.10074,2250000,1500000
2018-06-28 12:43:23.139000,1.10077,1.10074,2250000,1000000
2018-06-28 12:43:23.253000,1.10077,1.10073,3000000,2620000
2018-06-28 12:43:24.462000,1.10077,1.10073,2250000,3820000
2018-06-28 12:43:25.010000,1.10076,1.10073,1120000,2700000
2018-06-28 12:43:26.032000,1.10075,1.10071,3940000,4010000
2018-06-28 12:43:26.084000,1.10074,1.10071,1120000,1390000
2018-06-28 12:43:26.642000,1.10075,1.10072,1500000,1120000
2018-06-28 12:43:27.171000,1.10074,1.10072,1000000,1950000
2018-06-28 12:43:27.702000,1.10075,1.10072,2250000,1500000
2018-06-28 12:43:28.374000,1.10074,1.10071,1310000,1200000
2018-06-28 12:43:28.945000,1.10073,1.1007,1120000,1690000
2018-06-28 12:43:29.497000,1.10074,1.10071,1870000,1250000
2018-06-28 12:43:29.713000,1.10072,1.10069,1000000,5510000
2018-06-28 12:43:30.220000,1.10073,1.1007,3000000,2060000
2018-06-28 12:43:30.534000,1.10076,1.10072,5060000,1950000
2018-06-28 12:43:31.588000,1.10076,1.10072,2250000,1950000
2018-06-28 12:43:32.095000,1.10074,1.10071,1000000,4390000
2018-06-28 12:43:32.682000,1.10075,1.10071,1870000,4200000
2018-06-28 12:43:33.248000,1.10075,1.10071,1870000,4950000
2018-06-28 12:43:35.160000,1.10075,1.10072,1120000,1120000
2018-06-28 12:43:36.335000,1.10076,1.10072,4120000,1570000
2018-06-28 12:43:38.474000,1.10076,1.10072,3370000,2890000
2018-06-28 12:43:38.786000,1.10083,1.1008,2250000,1500000
2018-06-28 12:43:39.281000,1.10082,1.10078,1500000,8740000
2018-06-28 12:43:39.634000,1.10074,1.10071,1500000,2250000
2018-06-28 12:43:39.687000,1.10074,1.10071,1870000,1500000
2018-06-28 12:43:39.793000,1.10073,1.1007,6070000,1190000
2018-06-28 12:43:39.948000,1.10074,1.10071,3070000,1690000
2018-06-28 12:43:40.466000,1.10075,1.10072,1760000,1370000
2018-06-28 12:43:44.593000,1.10075,1.10071,2440000,3940000
2018-06-28 12:43:45.869000,1.10075,1.10072,2060000,1870000
2018-06-28 12:43:47.342000,1.10076,1.10075,1500000,1000000
2018-06-28 12:43:47.396000,1.1008,1.10077,1950000,1690000
2018-06-28 12:43:47.503000,1.10081,1.10078,1870000,1000000
2018-06-28 12:43:48.037000,1.1008,1.10078,1000000,1000000
2018-06-28 12:43:48.652000,1.10079,1.10076,2620000,1500000
2018-06-28 12:43:48.705000,1.10078,1.10074,4120000,1120000
2018-06-28 12:43:49.018000,1.10078,1.10075,2620000,1690000
2018-06-28 12:43:49.426000,1.10079,1.10075,3190000,3190000
2018-06-28 12:43:49.944000,1.1008,1.10076,6260000,1680000
2018-06-28 12:43:50.216000,1.10081,1.10078,5510000,1000000
2018-06-28 12:43:50.981000,1.10079,1.10076,1000000,3190000
2018-06-28 12:43:51.034000,1.10079,1.10076,2620000,1000000
2018-06-28 12:43:51.139000,1.10078,1.10075,2620000,1120000
2018-06-28 12:43:51.527000,1.10076,1.10072,2060000,5510000
2018-06-28 12:43:52.045000,1.10077,1.10073,3750000,2620000
2018-06-28 12:43:52.098000,1.10077,1.10076,3370000,1120000
2018-06-28 12:43:52.150000,1.10079,1.10077,1250000,1000000
2018-06-28 12:43:52.618000,1.10078,1.10074,2250000,3260000
2018-06-28 12:43:53.530000,1.10077,1.10074,1370000,1500000
2018-06-28 12:43:54.451000,1.10076,1.10073,1120000,1120000
2018-06-28 12:43:54.973000,1.10076,1.10072,1870000,1870000
2018-06-28 12:43:55.502000,1.10076,1.10072,1870000,2250000
2018-06-28 12:43:56.278000,1.10076,1.10072,2440000,1870000
2018-06-28 12:43:57.301000,1.10076,1.10073,2620000,1000000
2018-06-28 12:43:57.823000,1.10075,1.10073,1000000,1000000
2018-06-28 12:43:58.375000,1.10075,1.10072,1310000,1120000
2018-06-28 12:43:59.899000,1.10075,1.10071,2440000,2810000
2018-06-28 12:44:00.438000,1.10075,1.10071,2440000,2810000
2018-06-28 12:44:01.269000,1.10076,1.10072,3000000,1870000
2018-06-28 12:44:03.381000,1.10076,1.10075,1000000,1310000
2018-06-28 12:44:03.486000,1.10079,1.10075,3940000,3190000
2018-06-28 12:44:04.006000,1.10079,1.10076,1000000,2810000
2018-06-28 12:44:04.611000,1.10079,1.10075,3560000,4310000
2018-06-28 12:44:05.206000,1.10078,1.10075,1870000,3000000
2018-06-28 12:44:06.342000,1.10077,1.10074,2620000,1500000
2018-06-28 12:44:07.358000,1.10077,1.10073,2620000,2620000
2018-06-28 12:44:07.812000,1.10077,1.10073,3190000,2250000
2018-06-28 12:44:08.348000,1.10077,1.10073,2810000,3820000
2018-06-28 12:44:08.892000,1.10076,1.10072,3370000,3820000
2018-06-28 12:44:09.645000,1.10075,1.10072,1690000,3000000
2018-06-28 12:44:10.163000,1.10075,1.10072,1690000,2620000
2018-06-28 12:44:10.678000,1.10075,1.10072,1690000,2620000
2018-06-28 12:44:11.217000,1.10075,1.10072,1690000,2250000
2018-06-28 12:44:11.792000,1.10075,1.10072,1690000,2620000
2018-06-28 12:44:14.532000,1.10076,1.10072,4690000,2250000
2018-06-28 12:44:15.012000,1.10071,1.1007,1000000,1100000
2018-06-28 12:44:15.130000,1.1007,1.10067,3190000,1570000
2018-06-28 12:44:15.186000,1.10069,1.10066,1690000,1500000
2018-06-28 12:44:16.470000,1.1007,1.10067,4390000,1000000
2018-06-28 12:44:16.522000,1.1007,1.10067,3070000,2620000
2018-06-28 12:44:16.783000,1.10074,1.10071,1500000,2440000
2018-06-28 12:44:17.305000,1.10075,1.10072,1250000,1120000
2018-06-28 12:44:21.261000,1.10075,1.10071,2440000,1950000
2018-06-28 12:44:22.735000,1.10074,1.1007,2810000,1950000
2018-06-28 12:44:22.890000,1.10071,1.10069,1000000,1690000
2018-06-28 12:44:23.424000,1.10071,1.10068,1500000,2440000
2018-06-28 12:44:24.014000,1.1007,1.10067,1000000,2440000
2018-06-28 12:44:24.823000,1.10069,1.10067,1000000,2440000
2018-06-28 12:44:25.834000,1.10069,1.10066,1250000,3370000
2018-06-28 12:44:25.888000,1.10066,1.10064,1190000,1120000
2018-06-28 12:44:25.941000,1.10065,1.10062,2440000,1950000
2018-06-28 12:44:26.135000,1.10067,1.10065,3450000,1310000
2018-06-28 12:44:26.239000,1.10069,1.10066,4200000,1000000
2018-06-28 12:44:26.445000,1.10066,1.10063,2250000,1690000
2018-06-28 12:44:27.037000,1.10066,1.10062,1500000,2060000
2018-06-28 12:44:27.586000,1.10065,1.10062,1000000,1620000
2018-06-28 12:44:28.233000,1.10066,1.10063,3370000,1000000
2018-06-28 12:44:28.762000,1.10066,1.10062,1120000,2890000
2018-06-28 12:44:30.211000,1.10068,1.10066,2700000,1690000
2018-06-28 12:44:30.263000,1.10069,1.10066,1500000,2530000
2018-06-28 12:44:31.493000,1.10069,1.10065,2440000,1870000
2018-06-28 12:44:31.648000,1.10066,1.10064,1690000,1120000
2018-06-28 12:44:32.156000,1.10067,1.10064,6260000,1000000
2018-06-28 12:44:32.663000,1.10067,1.10064,3820000,1000000
2018-06-28 12:44:33.508000,1.10068,1.10064,2440000,4120000
2018-06-28 12:44:34.027000,1.1007,1.10066,4760000,2620000
2018-06-28 12:44:34.358000,1.1007,1.10067,1200000,1690000
2018-06-28 12:44:34.753000,1.10076,1.10072,3260000,2250000
2018-06-28 12:44:36.159000,1.10076,1.10073,1690000,1870000
2018-06-28 12:44:37.365000,1.10076,1.10073,1250000,3000000
2018-06-28 12:44:37.994000,1.10076,1.10072,2060000,4870000
2018-06-28 12:44:38.727000,1.10072,1.10071,1000000,1000000
2018-06-28 12:44:39.171000,1.10072,1.10068,2440000,3440000
2018-06-28 12:44:39.690000,1.10071,1.10068,1500000,2620000
2018-06-28 12:44:40.501000,1.10071,1.10067,2440000,4870000
2018-06-28 12:44:41.070000,1.10071,1.10068,2250000,1870000
2018-06-28 12:44:41.679000,1.10071,1.10067,2440000,4870000
2018-06-28 12:44:42.320000,1.10071,1.10068,2440000,1120000
2018-06-28 12:44:43.211000,1.10071,1.10068,1690000,1870000
2018-06-28 12:44:43.789000,1.10071,1.10068,1690000,1870000
2018-06-28 12:44:45.909000,1.1007,1.10066,1310000,3480000
2018-06-28 12:44:46.170000,1.10069,1.10065,3190000,1930000
2018-06-28 12:44:46.717000,1.10069,1.10065,4010000,2620000
2018-06-28 12:44:47.372000,1.10068,1.10065,1620000,2250000
2018-06-28 12:44:47.701000,1.10066,1.10063,3560000,3070000
2018-06-28 12:44:48.046000,1.10067,1.10063,3260000,1870000
2018-06-28 12:44:48.564000,1.10066,1.10062,2510000,3750000
2018-06-28 12:44:48.909000,1.10068,1.10064,3070000,3940000
2018-06-28 12:44:49.595000,1.10065,1.10063,1000000,2700000
2018-06-28 12:44:49.700000,1.10065,1.10062,4950000,1500000
2018-06-28 12:44:49.985000,1.10066,1.10063,1950000,1120000
2018-06-28 12:44:50.508000,1.10066,1.10062,2320000,2440000
2018-06-28 12:44:51.047000,1.10066,1.10062,1570000,2810000
2018-06-28 12:44:52.840000,1.10067,1.10065,4870000,2100000
2018-06-28 12:44:53.077000,1.10071,1.10068,1200000,1870000
2018-06-28 12:44:53.686000,1.1007,1.10067,1500000,1500000
2018-06-28 12:44:54.235000,1.1007,1.10067,1000000,1120000
2018-06-28 12:44:54.704000,1.10068,1.10066,1690000,1120000
2018-06-28 12:44:54.757000,1.10069,1.10066,2250000,1370000
2018-06-28 12:44:54.813000,1.10068,1.10065,1450000,3000000
2018-06-28 12:44:54.872000,1.10069,1.10065,6640000,2620000
2018-06-28 12:44:55.189000,1.10068,1.10064,1620000,3000000
2018-06-28 12:44:55.741000,1.10066,1.10063,1500000,1500000
2018-06-28 12:44:56.078000,1.10068,1.10064,1120000,2660000
2018-06-28 12:44:56.489000,1.10066,1.10063,1000000,2730000
2018-06-28 12:44:57.103000,1.10068,1.10064,1950000,1500000
2018-06-28 12:44:57.699000,1.10068,1.10064,2320000,1870000
2018-06-28 12:44:58.008000,1.10069,1.10065,1950000,2890000
2018-06-28 12:44:58.625000,1.1007,1.10066,3450000,1500000
2018-06-28 12:44:59.866000,1.10069,1.10065,1370000,3190000
2018-06-28 12:45:00.072000,1.1007,1.10066,2700000,2250000
