time,ask,bid,ask_volume,bid_volume
2020-03-19 12:25:00.689000,1.09881,1.09867,2350000,1850000
2020-03-19 12:25:00.740000,1.0988,1.09868,2200000,1200000
2020-03-19 12:25:00.891000,1.0988,1.09869,2200000,1000000
2020-03-19 12:25:01.566000,1.0988,1.09869,1390000,1000000
2020-03-19 12:25:02.998000,1.0988,1.09868,1250000,1000000
2020-03-19 12:25:03.200000,1.0988,1.09869,1250000,1000000
2020-03-19 12:25:03.503000,1.0988,1.09867,1010000,1850000
2020-03-19 12:25:03.554000,1.0988,1.09873,1000000,1250000
2020-03-19 12:25:03.605000,1.09881,1.09869,1350000,1200000
2020-03-19 12:25:03.706000,1.09882,1.09869,4320000,1200000
2020-03-19 12:25:05.112000,1.09881,1.09868,1350000,1200000
2020-03-19 12:25:05.365000,1.09881,1.09869,1350000,1000000
2020-03-19 12:25:05.416000,1.09881,1.09873,1450000,1000000
2020-03-19 12:25:05.466000,1.09882,1.09871,1950000,1000000
2020-03-19 12:25:05.517000,1.09881,1.09867,2210000,2120000
2020-03-19 12:25:05.568000,1.09881,1.09867,3020000,1120000
2020-03-19 12:25:05.720000,1.09881,1.09868,4270000,1000000
2020-03-19 12:25:05.826000,1.09881,1.09869,4270000,1000000
2020-03-19 12:25:06.029000,1.09881,1.09867,3150000,1120000
2020-03-19 12:25:06.130000,1.0988,1.09869,1820000,1000000
2020-03-19 12:25:06.413000,1.09881,1.09869,1770000,1000000
2020-03-19 12:25:06.564000,1.09881,1.09869,2700000,1000000
2020-03-19 12:25:07.005000,1.09881,1.09869,2260000,1000000
2020-03-19 12:25:07.157000,1.09881,1.09869,2770000,1000000
2020-03-19 12:25:07.969000,1.09881,1.09867,3570000,1200000
2020-03-19 12:25:08.070000,1.09881,1.09867,3050000,1600000
2020-03-19 12:25:08.172000,1.09881,1.09869,3050000,1000000
2020-03-19 12:25:09.102000,1.09881,1.09868,3070000,1200000
2020-03-19 12:25:09.203000,1.0988,1.09869,1450000,1000000
2020-03-19 12:25:09.406000,1.09874,1.09865,1350000,1620000
2020-03-19 12:25:09.457000,1.09877,1.09865,2950000,1000000
2020-03-19 12:25:09.558000,1.09875,1.09865,1450000,1000000
2020-03-19 12:25:09.710000,1.09877,1.09865,4670000,1000000
2020-03-19 12:25:10.114000,1.09876,1.09862,1850000,1010000
2020-03-19 12:25:10.266000,1.09876,1.09863,1850000,1000000
2020-03-19 12:25:10.431000,1.09878,1.09866,2710000,1100000
2020-03-19 12:25:10.532000,1.09879,1.09866,1350000,1100000
2020-03-19 12:25:10.785000,1.0988,1.09867,4320000,1000000
2020-03-19 12:25:10.987000,1.0988,1.09866,3450000,1200000
2020-03-19 12:25:11.811000,1.09877,1.09865,1250000,1200000
2020-03-19 12:25:12.295000,1.09877,1.09866,1350000,1000000
2020-03-19 12:25:12.710000,1.09877,1.09865,1350000,1100000
2020-03-19 12:25:12.811000,1.09872,1.09862,1250000,1620000
2020-03-19 12:25:12.862000,1.09877,1.09866,1200000,1250000
2020-03-19 12:25:12.913000,1.09875,1.09863,1250000,1200000
2020-03-19 12:25:13.115000,1.09871,1.09862,1250000,1200000
2020-03-19 12:25:13.216000,1.09873,1.09862,1250000,1200000
2020-03-19 12:25:13.468000,1.09873,1.09863,1250000,1000000
2020-03-19 12:25:13.923000,1.09875,1.09868,1120000,1000000
2020-03-19 12:25:14.024000,1.09875,1.09864,1000000,1390000
2020-03-19 12:25:14.075000,1.09874,1.09864,1250000,1000000
2020-03-19 12:25:14.630000,1.09874,1.09863,1350000,1000000
2020-03-19 12:25:14.731000,1.09867,1.09861,1250000,1620000
2020-03-19 12:25:14.782000,1.09871,1.09861,1950000,1620000
2020-03-19 12:25:14.833000,1.09871,1.09864,1100000,1250000
2020-03-19 12:25:14.934000,1.09876,1.09865,1850000,1690000
2020-03-19 12:25:15.035000,1.09874,1.09864,1250000,1000000
2020-03-19 12:25:15.137000,1.09876,1.09866,1510000,1350000
2020-03-19 12:25:15.188000,1.09877,1.09866,1970000,1350000
2020-03-19 12:25:15.592000,1.09876,1.09865,1100000,1250000
2020-03-19 12:25:15.693000,1.09876,1.09865,1010000,1520000
2020-03-19 12:25:15.895000,1.09876,1.09867,1350000,2440000
2020-03-19 12:25:16.047000,1.09876,1.09867,1010000,2500000
2020-03-19 12:25:16.236000,1.09876,1.09867,1350000,2440000
2020-03-19 12:25:16.590000,1.09876,1.09867,1350000,2500000
2020-03-19 12:25:16.742000,1.09876,1.09867,1350000,2500000
2020-03-19 12:25:16.944000,1.09876,1.09867,1010000,1250000
2020-03-19 12:25:16.995000,1.09876,1.09867,1350000,1250000
2020-03-19 12:25:17.097000,1.09876,1.09867,1350000,1250000
2020-03-19 12:25:17.249000,1.09876,1.09867,1790000,1250000
2020-03-19 12:25:17.351000,1.09876,1.09867,1850000,1250000
2020-03-19 12:25:17.453000,1.09875,1.09867,1350000,1000000
2020-03-19 12:25:17.555000,1.09874,1.09867,1820000,1000000
2020-03-19 12:25:17.657000,1.09871,1.09866,3100000,2500000
2020-03-19 12:25:17.708000,1.09869,1.09858,1350000,1000000
2020-03-19 12:25:17.759000,1.09868,1.09856,1350000,1120000
2020-03-19 12:25:17.861000,1.09868,1.09855,1850000,1250000
2020-03-19 12:25:18.266000,1.09869,1.09855,2720000,1750000
2020-03-19 12:25:18.367000,1.09866,1.09854,1250000,1200000
2020-03-19 12:25:18.468000,1.09868,1.09854,3550000,1250000
2020-03-19 12:25:19.124000,1.09868,1.09855,3950000,2440000
2020-03-19 12:25:19.477000,1.09862,1.09855,1450000,2250000
2020-03-19 12:25:19.578000,1.09858,1.09855,1000000,2250000
2020-03-19 12:25:19.629000,1.0986,1.0985,1470000,1250000
2020-03-19 12:25:19.731000,1.09859,1.0985,1350000,1000000
2020-03-19 12:25:19.882000,1.09857,1.0985,1110000,1000000
2020-03-19 12:25:19.983000,1.09857,1.0985,1450000,1000000
2020-03-19 12:25:20.085000,1.09856,1.0985,1270000,1000000
2020-03-19 12:25:20.388000,1.09856,1.0985,1700000,1000000
2020-03-19 12:25:20.489000,1.09855,1.0985,1250000,1000000
2020-03-19 12:25:20.540000,1.09851,1.09845,2100000,1000000
2020-03-19 12:25:20.591000,1.09846,1.09837,1850000,1120000
2020-03-19 12:25:20.894000,1.09842,1.09836,1250000,1000000
2020-03-19 12:25:20.945000,1.09844,1.09836,1350000,1000000
2020-03-19 12:25:20.996000,1.09841,1.09836,1350000,1000000
2020-03-19 12:25:21.097000,1.09839,1.09827,2420000,1000000
2020-03-19 12:25:21.148000,1.09837,1.09826,1250000,1000000
2020-03-19 12:25:21.400000,1.09837,1.09825,1250000,1200000
2020-03-19 12:25:21.502000,1.09838,1.09826,1450000,1200000
2020-03-19 12:25:21.755000,1.09837,1.09825,2070000,1000000
2020-03-19 12:25:21.856000,1.09834,1.09823,1450000,1000000
2020-03-19 12:25:21.957000,1.09834,1.09822,1920000,1000000
2020-03-19 12:25:22.413000,1.09834,1.09822,1920000,1600000
2020-03-19 12:25:22.869000,1.09834,1.09821,1450000,1600000
2020-03-19 12:25:23.068000,1.09834,1.09822,1200000,1850000
2020-03-19 12:25:23.169000,1.09835,1.09822,1390000,1850000
2020-03-19 12:25:23.270000,1.09834,1.09822,1200000,1850000
2020-03-19 12:25:23.523000,1.09836,1.09822,3050000,1850000
2020-03-19 12:25:23.625000,1.09836,1.09822,3770000,1600000
2020-03-19 12:25:24.079000,1.09836,1.09822,2670000,1850000
2020-03-19 12:25:24.180000,1.09836,1.09822,2800000,1850000
2020-03-19 12:25:24.432000,1.09835,1.09822,1250000,1850000
2020-03-19 12:25:24.735000,1.09835,1.09822,1110000,1850000
2020-03-19 12:25:24.837000,1.09836,1.09822,2050000,1850000
2020-03-19 12:25:25.322000,1.09836,1.09822,2050000,1850000
2020-03-19 12:25:25.473000,1.09836,1.09823,2800000,1250000
2020-03-19 12:25:25.575000,1.09836,1.09824,1950000,1000000
2020-03-19 12:25:25.676000,1.09836,1.09824,1450000,1750000
2020-03-19 12:25:26.836000,1.09838,1.09824,2320000,1850000
2020-03-19 12:25:27.429000,1.09837,1.09826,1460000,1450000
2020-03-19 12:25:28.044000,1.09837,1.09826,1490000,1450000
2020-03-19 12:25:28.599000,1.09838,1.09826,2320000,1450000
2020-03-19 12:25:29.382000,1.09838,1.09829,1570000,1000000
2020-03-19 12:25:29.484000,1.0984,1.0983,1200000,1250000
2020-03-19 12:25:29.586000,1.0984,1.09826,1920000,1690000
2020-03-19 12:25:29.839000,1.09839,1.09826,1200000,1250000
2020-03-19 12:25:29.942000,1.09841,1.0983,1720000,1010000
2020-03-19 12:25:29.993000,1.09841,1.0983,1200000,1850000
2020-03-19 12:25:30.044000,1.09845,1.09839,2350000,1000000
2020-03-19 12:25:30.095000,1.09847,1.09837,3850000,1500000
2020-03-19 12:25:30.146000,1.09847,1.0984,1100000,1120000
2020-03-19 12:25:30.197000,1.09847,1.09841,1100000,1250000
2020-03-19 12:25:30.248000,1.0985,1.09837,1100000,2140000
2020-03-19 12:25:30.349000,1.09851,1.09837,1000000,1410000
2020-03-19 12:25:30.450000,1.09852,1.09837,1800000,1250000
2020-03-19 12:25:30.501000,1.09852,1.09839,1600000,1000000
2020-03-19 12:25:30.603000,1.09852,1.09843,1200000,1250000
2020-03-19 12:25:30.704000,1.09861,1.09853,1600000,1750000
2020-03-19 12:25:30.755000,1.09868,1.09856,2940000,1250000
2020-03-19 12:25:30.856000,1.09868,1.09856,1000000,1250000
2020-03-19 12:25:30.907000,1.09868,1.09855,1000000,1120000
2020-03-19 12:25:30.958000,1.09869,1.09857,1000000,1000000
2020-03-19 12:25:31.059000,1.09871,1.09857,1500000,1000000
2020-03-19 12:25:31.261000,1.09871,1.09858,1000000,1250000
2020-03-19 12:25:31.363000,1.09873,1.09857,1000000,2500000
2020-03-19 12:25:31.465000,1.09872,1.09858,1000000,1250000
2020-03-19 12:25:32.030000,1.09872,1.09857,2000000,1250000
2020-03-19 12:25:32.283000,1.09871,1.09856,3600000,1250000
2020-03-19 12:25:32.333000,1.09869,1.09855,1220000,1000000
2020-03-19 12:25:32.384000,1.09867,1.09853,1250000,1000000
2020-03-19 12:25:32.435000,1.09866,1.09851,1570000,1000000
2020-03-19 12:25:32.536000,1.09865,1.09851,1000000,1000000
2020-03-19 12:25:32.788000,1.09866,1.09851,1950000,1000000
2020-03-19 12:25:32.890000,1.09866,1.09851,2100000,1000000
2020-03-19 12:25:32.996000,1.09863,1.09849,1200000,1000000
2020-03-19 12:25:33.845000,1.09864,1.09849,1820000,1750000
2020-03-19 12:25:33.947000,1.09863,1.09849,1600000,1100000
2020-03-19 12:25:34.150000,1.09865,1.09849,2450000,1950000
2020-03-19 12:25:34.829000,1.09865,1.09851,2570000,1000000
2020-03-19 12:25:34.930000,1.09865,1.09851,2020000,1500000
2020-03-19 12:25:35.183000,1.09865,1.09851,1700000,1000000
2020-03-19 12:25:35.284000,1.09864,1.0985,2700000,2250000
2020-03-19 12:25:35.794000,1.09864,1.09851,1950000,1000000
2020-03-19 12:25:35.895000,1.09865,1.09852,1200000,1000000
2020-03-19 12:25:36.516000,1.09865,1.09851,1200000,1500000
2020-03-19 12:25:36.820000,1.09865,1.09852,1200000,1000000
2020-03-19 12:25:36.971000,1.09865,1.09853,1200000,1000000
2020-03-19 12:25:37.072000,1.09865,1.09852,1200000,1250000
2020-03-19 12:25:37.375000,1.09866,1.09852,1200000,1000000
2020-03-19 12:25:37.476000,1.09865,1.09852,1100000,1000000
2020-03-19 12:25:38.401000,1.09865,1.09854,1000000,1100000
2020-03-19 12:25:38.452000,1.09869,1.09854,2820000,1000000
2020-03-19 12:25:38.553000,1.09869,1.09856,1570000,1000000
2020-03-19 12:25:38.654000,1.09869,1.09856,1120000,1220000
2020-03-19 12:25:38.756000,1.09869,1.09858,1120000,1000000
2020-03-19 12:25:38.858000,1.09873,1.09861,1000000,1000000
2020-03-19 12:25:38.959000,1.09875,1.09862,1200000,1000000
2020-03-19 12:25:39.011000,1.09874,1.0986,1220000,2250000
2020-03-19 12:25:39.112000,1.09874,1.09861,1100000,1000000
2020-03-19 12:25:39.316000,1.09874,1.09859,1450000,1950000
2020-03-19 12:25:39.367000,1.09871,1.09859,1000000,1200000
2020-03-19 12:25:39.469000,1.09871,1.09858,1000000,1000000
2020-03-19 12:25:39.570000,1.09873,1.09858,1860000,1000000
2020-03-19 12:25:39.672000,1.09877,1.09861,2350000,1200000
2020-03-19 12:25:39.774000,1.09877,1.0986,1000000,2250000
2020-03-19 12:25:39.875000,1.09877,1.0986,1200000,4350000
2020-03-19 12:25:40.027000,1.09877,1.09861,2450000,1220000
2020-03-19 12:25:40.129000,1.09874,1.09859,1000000,3600000
2020-03-19 12:25:40.434000,1.09876,1.0986,1500000,1500000
2020-03-19 12:25:40.536000,1.09875,1.0986,1100000,1000000
2020-03-19 12:25:40.587000,1.09873,1.09858,1000000,1000000
2020-03-19 12:25:40.688000,1.09873,1.09857,1500000,1500000
2020-03-19 12:25:40.790000,1.09875,1.09859,1500000,2250000
2020-03-19 12:25:40.891000,1.09875,1.09861,1000000,1000000
2020-03-19 12:25:40.992000,1.09876,1.0986,1120000,1500000
2020-03-19 12:25:41.093000,1.09874,1.0986,1000000,1000000
2020-03-19 12:25:41.245000,1.09876,1.09861,1000000,1500000
2020-03-19 12:25:41.346000,1.09877,1.09862,1500000,1000000
2020-03-19 12:25:41.820000,1.09878,1.09862,3100000,1000000
2020-03-19 12:25:41.921000,1.09873,1.09861,1000000,1000000
2020-03-19 12:25:42.022000,1.09873,1.09859,1390000,1000000
2020-03-19 12:25:42.124000,1.09872,1.09858,1000000,2250000
2020-03-19 12:25:42.225000,1.09874,1.09858,2720000,1500000
2020-03-19 12:25:42.888000,1.09874,1.09859,1750000,1200000
2020-03-19 12:25:42.938000,1.09875,1.09861,1250000,1000000
2020-03-19 12:25:42.989000,1.09878,1.09864,1250000,1000000
2020-03-19 12:25:43.040000,1.09878,1.09866,1000000,1000000
2020-03-19 12:25:43.141000,1.09883,1.0987,1000000,1000000
2020-03-19 12:25:43.242000,1.09883,1.09869,1000000,1000000
2020-03-19 12:25:43.343000,1.09883,1.09868,1200000,1870000
2020-03-19 12:25:43.992000,1.09883,1.09869,1200000,1000000
2020-03-19 12:25:44.043000,1.09887,1.09876,2570000,1250000
2020-03-19 12:25:44.144000,1.0989,1.09881,1250000,1450000
2020-03-19 12:25:44.296000,1.09892,1.09882,1250000,1010000
2020-03-19 12:25:44.346000,1.09894,1.09884,1690000,1450000
2020-03-19 12:25:44.447000,1.09893,1.09882,1250000,1350000
2020-03-19 12:25:44.548000,1.09891,1.09881,1250000,1350000
2020-03-19 12:25:44.649000,1.09893,1.09881,1450000,1950000
2020-03-19 12:25:44.750000,1.09891,1.09881,1250000,1890000
2020-03-19 12:25:44.851000,1.09892,1.0988,1250000,1970000
2020-03-19 12:25:45.255000,1.09894,1.09882,3160000,1370000
2020-03-19 12:25:45.356000,1.09893,1.09881,1350000,2700000
2020-03-19 12:25:45.407000,1.09894,1.09881,1470000,1950000
2020-03-19 12:25:45.457000,1.09894,1.09883,1010000,1250000
2020-03-19 12:25:45.558000,1.09893,1.09881,1350000,1950000
2020-03-19 12:25:45.659000,1.09896,1.09886,1850000,1250000
2020-03-19 12:25:45.761000,1.09896,1.09884,1850000,1470000
2020-03-19 12:25:45.912000,1.09894,1.09882,1350000,1850000
2020-03-19 12:25:46.013000,1.09894,1.09883,3290000,1370000
2020-03-19 12:25:46.114000,1.09893,1.09881,1450000,1950000
2020-03-19 12:25:46.165000,1.09894,1.09884,1850000,1250000
2020-03-19 12:25:46.215000,1.09893,1.09881,1450000,1450000
2020-03-19 12:25:46.316000,1.09892,1.0988,1250000,2720000
2020-03-19 12:25:46.417000,1.09894,1.09882,1820000,1450000
2020-03-19 12:25:46.519000,1.09892,1.09881,1250000,1790000
2020-03-19 12:25:46.569000,1.09894,1.09885,1450000,1250000
2020-03-19 12:25:46.620000,1.09892,1.0988,1250000,2600000
2020-03-19 12:25:46.721000,1.09895,1.09883,1950000,1450000
2020-03-19 12:25:46.822000,1.09893,1.09881,1250000,2220000
2020-03-19 12:25:46.923000,1.09894,1.09882,2200000,1350000
2020-03-19 12:25:47.024000,1.09895,1.09883,2720000,1250000
2020-03-19 12:25:47.277000,1.09894,1.09882,2200000,1350000
2020-03-19 12:25:47.378000,1.09896,1.09883,4220000,1250000
2020-03-19 12:25:47.429000,1.09893,1.09881,1250000,1850000
2020-03-19 12:25:47.530000,1.09895,1.09883,1450000,2200000
2020-03-19 12:25:47.631000,1.09896,1.09884,2720000,1250000
2020-03-19 12:25:47.732000,1.09897,1.09886,2350000,1250000
2020-03-19 12:25:47.833000,1.09896,1.09884,1820000,1450000
2020-03-19 12:25:47.984000,1.09894,1.09882,1850000,2320000
2020-03-19 12:25:48.086000,1.09895,1.09885,1350000,1250000
2020-03-19 12:25:48.137000,1.09895,1.09884,1450000,1250000
2020-03-19 12:25:48.289000,1.09896,1.09885,1370000,1250000
2020-03-19 12:25:48.390000,1.09895,1.09883,1250000,1450000
2020-03-19 12:25:48.491000,1.09896,1.09884,1370000,1250000
2020-03-19 12:25:48.745000,1.09897,1.09885,3170000,1250000
2020-03-19 12:25:48.913000,1.09897,1.09886,4840000,1250000
2020-03-19 12:25:49.015000,1.09897,1.09887,3410000,1250000
2020-03-19 12:25:49.065000,1.09896,1.09885,1450000,1250000
2020-03-19 12:25:49.167000,1.09896,1.09884,1850000,1750000
2020-03-19 12:25:49.319000,1.09895,1.09884,1920000,1250000
2020-03-19 12:25:49.420000,1.09895,1.09884,1410000,1250000
2020-03-19 12:25:49.521000,1.09897,1.0989,1220000,1250000
2020-03-19 12:25:49.623000,1.09897,1.09891,1000000,1250000
2020-03-19 12:25:49.673000,1.09898,1.09888,1760000,1470000
2020-03-19 12:25:49.724000,1.09896,1.09888,1000000,1250000
2020-03-19 12:25:49.825000,1.09897,1.0989,1200000,1250000
2020-03-19 12:25:49.926000,1.09897,1.0989,1200000,1750000
2020-03-19 12:25:50.028000,1.09897,1.0989,3140000,1000000
2020-03-19 12:25:50.179000,1.09897,1.0989,3450000,1000000
2020-03-19 12:25:50.281000,1.09897,1.0989,3110000,1000000
2020-03-19 12:25:50.584000,1.09896,1.0989,1350000,1000000
2020-03-19 12:25:50.786000,1.09896,1.09888,1450000,1000000
2020-03-19 12:25:50.887000,1.09897,1.09888,1840000,1250000
2020-03-19 12:25:51.039000,1.09898,1.09888,4860000,1000000
2020-03-19 12:25:51.140000,1.09897,1.09888,2350000,1000000
2020-03-19 12:25:51.343000,1.09897,1.09888,3640000,1000000
2020-03-19 12:25:51.394000,1.09897,1.09888,2670000,1000000
2020-03-19 12:25:51.495000,1.09897,1.09888,1950000,1250000
2020-03-19 12:25:51.596000,1.09897,1.09888,2670000,1000000
2020-03-19 12:25:51.777000,1.09897,1.09886,3450000,1250000
2020-03-19 12:25:52.133000,1.09896,1.09886,3050000,1000000
2020-03-19 12:25:52.487000,1.09895,1.09886,1350000,1000000
2020-03-19 12:25:52.588000,1.09896,1.09886,3610000,1000000
2020-03-19 12:25:52.689000,1.09896,1.09886,1550000,1250000
2020-03-19 12:25:52.790000,1.09896,1.09889,1120000,1250000
2020-03-19 12:25:52.891000,1.09898,1.09889,2320000,1250000
2020-03-19 12:25:52.993000,1.09898,1.09892,1490000,1250000
2020-03-19 12:25:53.094000,1.09901,1.09891,1950000,2160000
2020-03-19 12:25:53.145000,1.09901,1.09895,1000000,1250000
2020-03-19 12:25:53.195000,1.09908,1.09893,1000000,2010000
2020-03-19 12:25:53.246000,1.0991,1.09895,1000000,2570000
2020-03-19 12:25:53.347000,1.09911,1.09895,2170000,2320000
2020-03-19 12:25:53.448000,1.0991,1.09895,1100000,1270000
2020-03-19 12:25:53.549000,1.0991,1.09896,1500000,1000000
2020-03-19 12:25:53.651000,1.0991,1.09897,1000000,1250000
2020-03-19 12:25:53.904000,1.09912,1.09897,2770000,1450000
2020-03-19 12:25:53.954000,1.09912,1.09898,2920000,1000000
2020-03-19 12:25:54.005000,1.09912,1.09898,1950000,1690000
2020-03-19 12:25:54.056000,1.09912,1.09898,2100000,1850000
2020-03-19 12:25:54.157000,1.09911,1.09898,2100000,1600000
2020-03-19 12:25:54.258000,1.09911,1.09897,1600000,2850000
2020-03-19 12:25:54.553000,1.09912,1.09897,1600000,3490000
2020-03-19 12:25:54.654000,1.09912,1.09898,1600000,1600000
2020-03-19 12:25:54.705000,1.09912,1.09897,2570000,1250000
2020-03-19 12:25:54.755000,1.09912,1.09899,1670000,1250000
2020-03-19 12:25:54.856000,1.09913,1.09899,1650000,1750000
2020-03-19 12:25:54.907000,1.09913,1.09898,1800000,1760000
2020-03-19 12:25:55.109000,1.09914,1.09899,1600000,1000000
2020-03-19 12:25:55.311000,1.09914,1.09898,1820000,3340000
2020-03-19 12:25:55.413000,1.09913,1.09899,1570000,1200000
2020-03-19 12:25:55.464000,1.09913,1.09902,1200000,1000000
2020-03-19 12:25:55.566000,1.0992,1.09914,1700000,1250000
2020-03-19 12:25:55.617000,1.09924,1.09914,1250000,1310000
2020-03-19 12:25:55.668000,1.09927,1.09918,1600000,1250000
2020-03-19 12:25:55.820000,1.09928,1.09916,3360000,1250000
2020-03-19 12:25:55.871000,1.09927,1.09915,3290000,1100000
2020-03-19 12:25:55.973000,1.09925,1.09914,3290000,1600000
2020-03-19 12:25:56.075000,1.09926,1.09913,1000000,1850000
2020-03-19 12:25:56.176000,1.0993,1.09919,1600000,1250000
2020-03-19 12:25:56.277000,1.09931,1.09921,1000000,1250000
2020-03-19 12:25:56.378000,1.09936,1.0992,2850000,1750000
2020-03-19 12:25:56.479000,1.09936,1.09925,1950000,1000000
2020-03-19 12:25:56.580000,1.09941,1.09929,1220000,1000000
2020-03-19 12:25:56.681000,1.09943,1.0993,2470000,1000000
2020-03-19 12:25:56.782000,1.09943,1.09929,2470000,1000000
2020-03-19 12:25:56.883000,1.09943,1.09928,2470000,1250000
2020-03-19 12:25:57.035000,1.09943,1.0993,2470000,1000000
2020-03-19 12:25:57.136000,1.09943,1.09928,1720000,1250000
2020-03-19 12:25:57.237000,1.09943,1.09928,3220000,1250000
2020-03-19 12:25:57.338000,1.09938,1.09926,2190000,1000000
2020-03-19 12:25:57.439000,1.09936,1.09923,1910000,1250000
2020-03-19 12:25:57.641000,1.09936,1.09922,2470000,1000000
2020-03-19 12:25:57.742000,1.09935,1.09922,1720000,1600000
2020-03-19 12:25:57.843000,1.09934,1.09921,1220000,1220000
2020-03-19 12:25:57.944000,1.09934,1.09921,1220000,1250000
2020-03-19 12:25:58.147000,1.09935,1.0992,3410000,1000000
2020-03-19 12:25:58.248000,1.09935,1.09921,2470000,1250000
2020-03-19 12:25:58.299000,1.09936,1.09921,1250000,3600000
2020-03-19 12:25:58.350000,1.09938,1.09936,1200000,1000000
2020-03-19 12:25:58.401000,1.09945,1.09936,2100000,1000000
2020-03-19 12:25:58.502000,1.09946,1.09935,1000000,1000000
2020-03-19 12:25:58.603000,1.09948,1.09937,1000000,1000000
2020-03-19 12:25:58.654000,1.09948,1.09935,1000000,2250000
2020-03-19 12:25:58.705000,1.09953,1.09942,1120000,1000000
2020-03-19 12:25:58.806000,1.09965,1.09946,1000000,1000000
2020-03-19 12:25:58.907000,1.09966,1.09946,1500000,1000000
2020-03-19 12:25:59.008000,1.09971,1.09954,1850000,2850000
2020-03-19 12:25:59.059000,1.09972,1.09952,1250000,1120000
2020-03-19 12:25:59.110000,1.09969,1.09952,1000000,1870000
2020-03-19 12:25:59.211000,1.09962,1.09951,1000000,1000000
2020-03-19 12:25:59.261000,1.09963,1.09946,1600000,2000000
2020-03-19 12:25:59.312000,1.09959,1.09944,1200000,2250000
2020-03-19 12:25:59.413000,1.09965,1.09955,2660000,1250000
2020-03-19 12:25:59.514000,1.09966,1.09957,1000000,1000000
2020-03-19 12:25:59.635000,1.09966,1.09954,3290000,1150000
2020-03-19 12:25:59.686000,1.09963,1.09952,1600000,1250000
2020-03-19 12:25:59.788000,1.09964,1.0995,3100000,1000000
2020-03-19 12:25:59.889000,1.09964,1.09949,2350000,1250000
2020-03-19 12:25:59.990000,1.09962,1.09949,1850000,1000000
2020-03-19 12:26:00.041000,1.09964,1.09951,3320000,1000000
2020-03-19 12:26:00.143000,1.09963,1.0995,1970000,1000000
2020-03-19 12:26:00.245000,1.09963,1.0995,1950000,1000000
2020-03-19 12:26:00.397000,1.09962,1.09949,1000000,1000000
2020-03-19 12:26:00.700000,1.09961,1.09949,1000000,1750000
2020-03-19 12:26:00.801000,1.09961,1.09949,1000000,1000000
2020-03-19 12:26:01.205000,1.09961,1.09948,1000000,1000000
2020-03-19 12:26:01.306000,1.0996,1.09948,1000000,1000000
2020-03-19 12:26:01.659000,1.09953,1.09948,1000000,1000000
2020-03-19 12:26:01.760000,1.09952,1.09949,1000000,1000000
2020-03-19 12:26:01.811000,1.09954,1.09949,1000000,1000000
2020-03-19 12:26:02.366000,1.09956,1.09949,1000000,1000000
2020-03-19 12:26:02.467000,1.09953,1.09949,1000000,1000000
2020-03-19 12:26:02.574000,1.09953,1.09948,1000000,1000000
2020-03-19 12:26:02.675000,1.09953,1.09949,1000000,1000000
2020-03-19 12:26:03.233000,1.09953,1.09948,1000000,1000000
2020-03-19 12:26:03.334000,1.09953,1.09947,1000000,1100000
2020-03-19 12:26:03.486000,1.09952,1.09947,1000000,1000000
2020-03-19 12:26:03.587000,1.09952,1.09946,1000000,1200000
2020-03-19 12:26:04.344000,1.09954,1.09947,1000000,1600000
2020-03-19 12:26:04.394000,1.0995,1.09942,1000000,2620000
2020-03-19 12:26:04.445000,1.09948,1.09942,1000000,1000000
2020-03-19 12:26:04.547000,1.09946,1.0994,1000000,1000000
2020-03-19 12:26:04.597000,1.09946,1.09938,1000000,1500000
2020-03-19 12:26:04.648000,1.09944,1.09938,1000000,1500000
2020-03-19 12:26:04.749000,1.09941,1.09936,1000000,1000000
2020-03-19 12:26:04.800000,1.0994,1.09934,1000000,1000000
2020-03-19 12:26:04.850000,1.09938,1.09932,1000000,1000000
2020-03-19 12:26:04.951000,1.09938,1.09931,1000000,1000000
2020-03-19 12:26:05.053000,1.09937,1.09931,1000000,1200000
2020-03-19 12:26:05.155000,1.09938,1.09934,1000000,1000000
2020-03-19 12:26:05.205000,1.09941,1.09935,1000000,1000000
2020-03-19 12:26:05.256000,1.09942,1.09933,1000000,2060000
2020-03-19 12:26:05.357000,1.09942,1.09934,1000000,1000000
2020-03-19 12:26:05.408000,1.09939,1.09934,1000000,1000000
2020-03-19 12:26:05.509000,1.09939,1.09933,1000000,1000000
2020-03-19 12:26:05.711000,1.09939,1.09932,1000000,1500000
2020-03-19 12:26:05.812000,1.09937,1.0993,1000000,1200000
2020-03-19 12:26:05.913000,1.09935,1.09929,1000000,1000000
2020-03-19 12:26:06.014000,1.09935,1.09928,1000000,1500000
2020-03-19 12:26:06.115000,1.09935,1.09928,1000000,2100000
2020-03-19 12:26:06.216000,1.09934,1.09927,1000000,1200000
2020-03-19 12:26:06.468000,1.09934,1.09926,1000000,2700000
2020-03-19 12:26:06.620000,1.09932,1.09925,1000000,1970000
2020-03-19 12:26:06.721000,1.09933,1.09925,1000000,1220000
2020-03-19 12:26:06.822000,1.09932,1.09924,1000000,2100000
2020-03-19 12:26:07.074000,1.09932,1.09923,1000000,2440000
2020-03-19 12:26:07.125000,1.0993,1.09923,1000000,1690000
2020-03-19 12:26:07.377000,1.0993,1.09924,1000000,1000000
2020-03-19 12:26:07.478000,1.09932,1.09927,1000000,1000000
2020-03-19 12:26:07.580000,1.09931,1.09924,1000000,2100000
2020-03-19 12:26:07.631000,1.09929,1.09923,1000000,1500000
2020-03-19 12:26:07.733000,1.09929,1.09923,1000000,1220000
2020-03-19 12:26:07.884000,1.09925,1.0992,1000000,1000000
2020-03-19 12:26:07.996000,1.09925,1.09918,1000000,1620000
2020-03-19 12:26:08.097000,1.09924,1.09917,1000000,1500000
2020-03-19 12:26:08.198000,1.09921,1.09915,1000000,1500000
2020-03-19 12:26:08.501000,1.09921,1.09914,1000000,1100000
2020-03-19 12:26:08.652000,1.09921,1.09914,1000000,1600000
2020-03-19 12:26:09.464000,1.09921,1.09913,1000000,1600000
2020-03-19 12:26:10.028000,1.09922,1.09913,1000000,1600000
2020-03-19 12:26:10.130000,1.09922,1.09913,1000000,1220000
2020-03-19 12:26:10.640000,1.09924,1.09913,1100000,1850000
2020-03-19 12:26:11.353000,1.09924,1.09913,1000000,3040000
2020-03-19 12:26:11.713000,1.09926,1.09916,1100000,2350000
2020-03-19 12:26:11.816000,1.09926,1.09916,1000000,1850000
2020-03-19 12:26:12.136000,1.09926,1.09916,1100000,1250000
2020-03-19 12:26:12.187000,1.09926,1.09916,1600000,1000000
2020-03-19 12:26:12.288000,1.09926,1.09916,1220000,1000000
2020-03-19 12:26:12.389000,1.09926,1.09913,1600000,1870000
2020-03-19 12:26:12.440000,1.09925,1.09913,1200000,1100000
2020-03-19 12:26:13.471000,1.09925,1.09914,1200000,1600000
2020-03-19 12:26:14.727000,1.09931,1.09918,1850000,3850000
2020-03-19 12:26:14.828000,1.0993,1.0992,1000000,1100000
2020-03-19 12:26:14.929000,1.0993,1.09919,1000000,1350000
2020-03-19 12:26:15.038000,1.09931,1.09917,1500000,1350000
2020-03-19 12:26:15.139000,1.09931,1.09917,2100000,1350000
2020-03-19 12:26:15.241000,1.09931,1.09918,2100000,3100000
2020-03-19 12:26:15.292000,1.09929,1.09918,1100000,1250000
2020-03-19 12:26:15.393000,1.09929,1.09918,1000000,1250000
2020-03-19 12:26:15.544000,1.09929,1.09918,1000000,1850000
2020-03-19 12:26:15.747000,1.09929,1.09919,1000000,1100000
2020-03-19 12:26:15.848000,1.0993,1.09919,1600000,1100000
2020-03-19 12:26:15.949000,1.09929,1.09919,1220000,1100000
2020-03-19 12:26:16.050000,1.09929,1.09919,1200000,1100000
2020-03-19 12:26:16.158000,1.09929,1.09919,1220000,1100000
2020-03-19 12:26:16.209000,1.09929,1.09918,1220000,1250000
2020-03-19 12:26:16.462000,1.0993,1.09918,1600000,1250000
2020-03-19 12:26:16.563000,1.0993,1.09918,2100000,1250000
2020-03-19 12:26:16.715000,1.09929,1.09918,1000000,1250000
2020-03-19 12:26:16.816000,1.0993,1.09918,1950000,1250000
2020-03-19 12:26:16.917000,1.09929,1.09918,1000000,1250000
2020-03-19 12:26:17.022000,1.09929,1.09918,1000000,1250000
2020-03-19 12:26:17.224000,1.09929,1.09918,1000000,1250000
2020-03-19 12:26:17.791000,1.09929,1.09918,1000000,1000000
2020-03-19 12:26:18.299000,1.09929,1.09918,1600000,1000000
2020-03-19 12:26:18.400000,1.0993,1.09916,2100000,2370000
2020-03-19 12:26:18.727000,1.09929,1.09916,1600000,1000000
2020-03-19 12:26:18.828000,1.09927,1.09916,1100000,1000000
2020-03-19 12:26:19.081000,1.09928,1.09914,1520000,1000000
2020-03-19 12:26:19.182000,1.09926,1.09913,1010000,2000000
2020-03-19 12:26:19.283000,1.09926,1.09913,1410000,2000000
2020-03-19 12:26:19.384000,1.09926,1.09913,1850000,2000000
2020-03-19 12:26:19.486000,1.09926,1.09913,1850000,1870000
2020-03-19 12:26:19.587000,1.09926,1.09913,2360000,1120000
2020-03-19 12:26:19.688000,1.09924,1.09911,1100000,1000000
2020-03-19 12:26:19.739000,1.09922,1.09911,1250000,1000000
2020-03-19 12:26:19.840000,1.09922,1.09909,1850000,1000000
2020-03-19 12:26:20.113000,1.09922,1.09906,2050000,2750000
2020-03-19 12:26:20.215000,1.0992,1.09906,1220000,2000000
2020-03-19 12:26:20.316000,1.0992,1.09906,1600000,1000000
2020-03-19 12:26:20.417000,1.0992,1.09906,1600000,1000000
2020-03-19 12:26:20.518000,1.09917,1.09905,1250000,1000000
2020-03-19 12:26:20.569000,1.09918,1.09904,1350000,1500000
2020-03-19 12:26:20.670000,1.09915,1.09903,1000000,1000000
2020-03-19 12:26:20.772000,1.09916,1.09901,1600000,1000000
2020-03-19 12:26:20.874000,1.09915,1.099,1600000,1120000
2020-03-19 12:26:21.027000,1.09913,1.09899,1220000,1620000
2020-03-19 12:26:21.128000,1.09914,1.09899,1600000,1500000
2020-03-19 12:26:21.230000,1.09914,1.09898,1700000,2750000
2020-03-19 12:26:21.708000,1.09913,1.09898,2550000,1870000
2020-03-19 12:26:21.809000,1.09913,1.09898,2550000,1120000
2020-03-19 12:26:22.099000,1.09912,1.09898,1600000,1500000
2020-03-19 12:26:22.669000,1.09913,1.09898,1600000,1750000
2020-03-19 12:26:22.834000,1.09914,1.09898,2100000,2190000
2020-03-19 12:26:23.137000,1.09913,1.09898,1220000,2000000
2020-03-19 12:26:23.239000,1.09913,1.09899,1200000,1000000
2020-03-19 12:26:23.340000,1.09912,1.09897,2420000,1570000
2020-03-19 12:26:23.391000,1.0991,1.09895,1600000,1620000
2020-03-19 12:26:23.492000,1.09912,1.09895,3100000,1620000
2020-03-19 12:26:23.644000,1.09909,1.09895,1600000,1620000
2020-03-19 12:26:23.745000,1.09907,1.09894,1600000,1000000
2020-03-19 12:26:23.847000,1.09908,1.09893,1600000,1120000
2020-03-19 12:26:23.898000,1.09908,1.09893,1600000,1500000
2020-03-19 12:26:24.100000,1.09906,1.09893,1600000,1500000
2020-03-19 12:26:24.504000,1.09906,1.09892,1600000,2000000
2020-03-19 12:26:24.605000,1.09908,1.09894,1850000,1120000
2020-03-19 12:26:24.656000,1.09907,1.09894,1200000,1500000
2020-03-19 12:26:24.757000,1.09909,1.09895,1850000,1000000
2020-03-19 12:26:24.808000,1.09909,1.09895,1850000,1000000
2020-03-19 12:26:24.909000,1.09909,1.09897,1850000,1130000
2020-03-19 12:26:25.010000,1.09909,1.09898,1850000,1000000
2020-03-19 12:26:25.130000,1.09909,1.09898,1850000,1000000
2020-03-19 12:26:25.231000,1.09909,1.09895,1850000,1500000
2020-03-19 12:26:25.333000,1.09909,1.09894,1950000,1620000
2020-03-19 12:26:25.788000,1.09908,1.09894,1610000,1000000
2020-03-19 12:26:25.890000,1.09907,1.09894,2100000,1000000
2020-03-19 12:26:25.991000,1.09907,1.09894,2100000,1000000
2020-03-19 12:26:26.142000,1.09907,1.09894,1600000,1000000
2020-03-19 12:26:26.578000,1.09904,1.0989,1950000,1620000
2020-03-19 12:26:26.628000,1.09902,1.09888,2290000,1000000
2020-03-19 12:26:26.679000,1.099,1.09885,2100000,1500000
2020-03-19 12:26:26.932000,1.09898,1.09885,1600000,1120000
2020-03-19 12:26:27.034000,1.09899,1.09887,1600000,1870000
2020-03-19 12:26:27.084000,1.09902,1.09886,1850000,1870000
2020-03-19 12:26:27.185000,1.09899,1.09885,1220000,1000000
2020-03-19 12:26:27.337000,1.09899,1.09885,1850000,1000000
2020-03-19 12:26:27.388000,1.09899,1.09886,1600000,1500000
2020-03-19 12:26:27.439000,1.09898,1.09882,1410000,3070000
2020-03-19 12:26:27.540000,1.09897,1.09882,1600000,1120000
2020-03-19 12:26:27.843000,1.09896,1.09882,1600000,2250000
2020-03-19 12:26:27.945000,1.09896,1.09881,1200000,1500000
2020-03-19 12:26:28.046000,1.09894,1.09878,2100000,1000000
2020-03-19 12:26:28.147000,1.09892,1.09877,1600000,1500000
2020-03-19 12:26:28.410000,1.09892,1.09877,1600000,1500000
2020-03-19 12:26:28.713000,1.09891,1.09877,1800000,1500000
2020-03-19 12:26:28.822000,1.09891,1.09877,1800000,1500000
2020-03-19 12:26:28.923000,1.09891,1.09877,1600000,1500000
2020-03-19 12:26:29.024000,1.09891,1.09881,1600000,1000000
2020-03-19 12:26:29.126000,1.09892,1.09879,1100000,1120000
2020-03-19 12:26:29.177000,1.09892,1.09879,1700000,1120000
2020-03-19 12:26:29.278000,1.09892,1.09879,1700000,1120000
2020-03-19 12:26:29.663000,1.09893,1.09879,1820000,1120000
2020-03-19 12:26:30.099000,1.09893,1.09877,1700000,2450000
2020-03-19 12:26:30.201000,1.09892,1.09877,1800000,2070000
2020-03-19 12:26:30.403000,1.09893,1.09877,1820000,2450000
2020-03-19 12:26:30.802000,1.09892,1.09876,1950000,2910000
2020-03-19 12:26:30.903000,1.09889,1.09874,1000000,2970000
2020-03-19 12:26:31.055000,1.09887,1.09873,1000000,1370000
2020-03-19 12:26:31.156000,1.09887,1.09873,1500000,1200000
2020-03-19 12:26:31.258000,1.09886,1.09876,1500000,1250000
2020-03-19 12:26:31.309000,1.09886,1.09875,1000000,1000000
2020-03-19 12:26:31.410000,1.09886,1.09872,1220000,1750000
2020-03-19 12:26:31.511000,1.09886,1.09872,1100000,1750000
2020-03-19 12:26:31.663000,1.09883,1.09871,1000000,3000000
2020-03-19 12:26:31.714000,1.09883,1.09871,1500000,1750000
2020-03-19 12:26:31.815000,1.09881,1.09869,1500000,1750000
2020-03-19 12:26:31.916000,1.09881,1.09869,1000000,1750000
2020-03-19 12:26:32.017000,1.09882,1.09868,2850000,1620000
2020-03-19 12:26:32.169000,1.09883,1.0987,1000000,1750000
2020-03-19 12:26:32.270000,1.09885,1.0987,1000000,1750000
2020-03-19 12:26:32.371000,1.09882,1.09872,1000000,1250000
2020-03-19 12:26:32.422000,1.09882,1.0987,1000000,2000000
2020-03-19 12:26:32.473000,1.09884,1.09873,1950000,1250000
2020-03-19 12:26:32.574000,1.09884,1.09871,1200000,1500000
2020-03-19 12:26:32.625000,1.09883,1.0987,1000000,1870000
2020-03-19 12:26:32.675000,1.09883,1.0987,1000000,2000000
2020-03-19 12:26:32.726000,1.09886,1.09871,2250000,1500000
2020-03-19 12:26:32.777000,1.09887,1.09874,1500000,1750000
2020-03-19 12:26:32.878000,1.09889,1.09886,1000000,1250000
2020-03-19 12:26:32.928000,1.09891,1.09886,1000000,1250000
2020-03-19 12:26:32.979000,1.09891,1.09883,1000000,1250000
2020-03-19 12:26:33.080000,1.09895,1.09883,2190000,1870000
2020-03-19 12:26:33.131000,1.09896,1.09883,2950000,1690000
2020-03-19 12:26:33.283000,1.09898,1.09886,4000000,1310000
2020-03-19 12:26:33.384000,1.09898,1.09888,1690000,1250000
2020-03-19 12:26:33.536000,1.099,1.09884,1000000,2940000
2020-03-19 12:26:33.637000,1.099,1.09887,1000000,1370000
2020-03-19 12:26:33.688000,1.09902,1.09887,1100000,2120000
2020-03-19 12:26:33.940000,1.099,1.09887,1000000,1250000
2020-03-19 12:26:34.092000,1.09901,1.09887,1000000,1250000
2020-03-19 12:26:34.243000,1.09902,1.09887,1500000,1250000
2020-03-19 12:26:34.345000,1.09902,1.09887,2100000,1370000
2020-03-19 12:26:34.446000,1.099,1.09886,1200000,2120000
2020-03-19 12:26:34.755000,1.09901,1.09888,1200000,1250000
2020-03-19 12:26:34.957000,1.09901,1.09887,1600000,1250000
2020-03-19 12:26:35.059000,1.099,1.09885,1220000,1870000
2020-03-19 12:26:35.109000,1.099,1.09888,1000000,2250000
2020-03-19 12:26:35.160000,1.09903,1.0989,2250000,1250000
2020-03-19 12:26:35.261000,1.09903,1.0989,1220000,1250000
2020-03-19 12:26:35.766000,1.09903,1.09889,1000000,1370000
2020-03-19 12:26:35.816000,1.09905,1.09893,1750000,1000000
2020-03-19 12:26:35.917000,1.09906,1.09892,1010000,1250000
2020-03-19 12:26:36.120000,1.09906,1.09895,1000000,1250000
2020-03-19 12:26:36.221000,1.09909,1.09895,1500000,1000000
2020-03-19 12:26:36.423000,1.0991,1.09895,1500000,2620000
2020-03-19 12:26:36.675000,1.0991,1.09895,1000000,2120000
2020-03-19 12:26:36.726000,1.09912,1.09897,1500000,1000000
2020-03-19 12:26:36.827000,1.09913,1.09897,2850000,1250000
2020-03-19 12:26:36.979000,1.09913,1.09896,3600000,1000000
2020-03-19 12:26:37.080000,1.09913,1.09902,1000000,1000000
2020-03-19 12:26:37.181000,1.09915,1.09901,1200000,1250000
2020-03-19 12:26:37.232000,1.09914,1.09906,1000000,1000000
2020-03-19 12:26:37.333000,1.09917,1.09901,1950000,2060000
2020-03-19 12:26:37.384000,1.09915,1.09903,2100000,1250000
2020-03-19 12:26:37.434000,1.09915,1.09901,1000000,1120000
2020-03-19 12:26:37.535000,1.09915,1.09902,2700000,1250000
2020-03-19 12:26:37.587000,1.09915,1.099,2700000,1000000
2020-03-19 12:26:37.742000,1.09915,1.09902,1000000,1750000
2020-03-19 12:26:37.793000,1.09915,1.09902,1000000,1000000
2020-03-19 12:26:37.894000,1.09915,1.09903,1000000,1000000
2020-03-19 12:26:37.945000,1.09917,1.09904,1000000,1750000
2020-03-19 12:26:38.046000,1.09916,1.09905,1000000,1250000
2020-03-19 12:26:38.097000,1.09918,1.09904,1570000,1250000
2020-03-19 12:26:38.232000,1.09917,1.09902,1200000,1000000
2020-03-19 12:26:38.283000,1.09915,1.09901,1000000,1750000
2020-03-19 12:26:38.385000,1.09915,1.099,1500000,1000000
2020-03-19 12:26:38.435000,1.09915,1.09903,1500000,1250000
2020-03-19 12:26:38.486000,1.09916,1.09902,1200000,1000000
2020-03-19 12:26:38.537000,1.09916,1.09904,1000000,1250000
2020-03-19 12:26:38.638000,1.09917,1.09903,1500000,1370000
2020-03-19 12:26:38.739000,1.09917,1.09906,1500000,1250000
2020-03-19 12:26:38.942000,1.09917,1.09903,1000000,1690000
2020-03-19 12:26:39.043000,1.09917,1.09905,1000000,1000000
2020-03-19 12:26:39.094000,1.09916,1.09903,1000000,1000000
2020-03-19 12:26:39.195000,1.09916,1.09905,1000000,1750000
2020-03-19 12:26:39.246000,1.09917,1.09902,1000000,1500000
2020-03-19 12:26:39.347000,1.09916,1.09902,1000000,1000000
2020-03-19 12:26:39.448000,1.09915,1.09901,1000000,1250000
2020-03-19 12:26:39.550000,1.09914,1.099,1000000,1000000
2020-03-19 12:26:39.601000,1.09915,1.09901,1000000,3620000
2020-03-19 12:26:39.702000,1.09916,1.09902,1000000,1370000
2020-03-19 12:26:39.804000,1.09917,1.09905,1000000,1000000
2020-03-19 12:26:39.905000,1.09914,1.09901,1850000,2810000
2020-03-19 12:26:40.007000,1.09914,1.099,1000000,1250000
2020-03-19 12:26:40.210000,1.09915,1.09901,1500000,1250000
2020-03-19 12:26:40.564000,1.09917,1.09902,1500000,2500000
2020-03-19 12:26:40.666000,1.09915,1.09904,1000000,1250000
2020-03-19 12:26:40.717000,1.09918,1.09906,1000000,1250000
2020-03-19 12:26:40.868000,1.0992,1.09906,2320000,1250000
2020-03-19 12:26:40.970000,1.09916,1.09904,1950000,1250000
2020-03-19 12:26:41.071000,1.09912,1.09903,1100000,1000000
2020-03-19 12:26:41.122000,1.09913,1.09899,2850000,1250000
2020-03-19 12:26:41.173000,1.0991,1.09897,1500000,1000000
2020-03-19 12:26:41.275000,1.09909,1.09897,1000000,1250000
2020-03-19 12:26:41.376000,1.09908,1.09896,1000000,1250000
2020-03-19 12:26:41.529000,1.09907,1.09895,1000000,1250000
2020-03-19 12:26:41.631000,1.09906,1.09892,1500000,1370000
2020-03-19 12:26:41.733000,1.09904,1.09893,2290000,1250000
2020-03-19 12:26:41.834000,1.09898,1.09888,1000000,1750000
2020-03-19 12:26:41.885000,1.09898,1.09886,1000000,1370000
2020-03-19 12:26:41.936000,1.09897,1.09888,1000000,1250000
2020-03-19 12:26:42.037000,1.09897,1.09886,1500000,1250000
2020-03-19 12:26:42.088000,1.09897,1.09886,1500000,1750000
2020-03-19 12:26:42.191000,1.09897,1.0989,1000000,1250000
2020-03-19 12:26:42.242000,1.09897,1.09888,1000000,1250000
2020-03-19 12:26:42.343000,1.09898,1.09888,1570000,1250000
2020-03-19 12:26:42.394000,1.09897,1.09885,1200000,1370000
2020-03-19 12:26:42.495000,1.09896,1.09885,1000000,1250000
2020-03-19 12:26:42.597000,1.09897,1.09885,1500000,1370000
2020-03-19 12:26:42.698000,1.09897,1.09885,2100000,1370000
2020-03-19 12:26:42.850000,1.09897,1.09885,1600000,1370000
2020-03-19 12:26:42.951000,1.09894,1.09885,1250000,1250000
2020-03-19 12:26:43.053000,1.09894,1.09885,1600000,1250000
2020-03-19 12:26:43.155000,1.09894,1.09886,2100000,1250000
2020-03-19 12:26:43.257000,1.09894,1.09886,1220000,1250000
2020-03-19 12:26:43.359000,1.09894,1.09885,1100000,1250000
2020-03-19 12:26:43.460000,1.09894,1.09886,1100000,1250000
2020-03-19 12:26:43.571000,1.09894,1.09886,1220000,1250000
2020-03-19 12:26:43.691000,1.09894,1.09886,1000000,1250000
2020-03-19 12:26:43.792000,1.09894,1.09886,1600000,1250000
2020-03-19 12:26:43.893000,1.09894,1.09886,1200000,1250000
2020-03-19 12:26:44.200000,1.09894,1.09886,1220000,1250000
2020-03-19 12:26:44.504000,1.09894,1.09885,1100000,1250000
2020-03-19 12:26:44.606000,1.09894,1.09885,1600000,1250000
2020-03-19 12:26:45.088000,1.09894,1.09884,2290000,1250000
2020-03-19 12:26:45.189000,1.09894,1.09886,1000000,1250000
2020-03-19 12:26:45.291000,1.09894,1.09882,1850000,1390000
2020-03-19 12:26:45.341000,1.09894,1.09883,2100000,1250000
2020-03-19 12:26:45.493000,1.09896,1.09883,1600000,1250000
2020-03-19 12:26:45.594000,1.09896,1.09883,1600000,1250000
2020-03-19 12:26:46.223000,1.09895,1.09883,1670000,1250000
2020-03-19 12:26:46.324000,1.09894,1.09883,1600000,1250000
2020-03-19 12:26:46.578000,1.09896,1.09884,1600000,1250000
2020-03-19 12:26:46.679000,1.09896,1.09884,1600000,1250000
2020-03-19 12:26:46.881000,1.09896,1.09883,1220000,1250000
2020-03-19 12:26:46.991000,1.09896,1.09883,1600000,1250000
2020-03-19 12:26:47.042000,1.09896,1.09882,1850000,1250000
2020-03-19 12:26:47.144000,1.09896,1.09882,2050000,2160000
2020-03-19 12:26:47.246000,1.09896,1.09884,1600000,1250000
2020-03-19 12:26:47.297000,1.09897,1.09883,2800000,1200000
2020-03-19 12:26:47.398000,1.09896,1.09883,1850000,1200000
2020-03-19 12:26:47.449000,1.09898,1.09885,2290000,1010000
2020-03-19 12:26:47.551000,1.09898,1.09886,1520000,1000000
2020-03-19 12:26:47.652000,1.09898,1.09885,1850000,1390000
2020-03-19 12:26:47.753000,1.09898,1.09884,1200000,2320000
2020-03-19 12:26:47.854000,1.09896,1.09883,1850000,1570000
2020-03-19 12:26:47.956000,1.09896,1.09883,2350000,1570000
2020-03-19 12:26:48.182000,1.09896,1.09883,2800000,1000000
2020-03-19 12:26:48.485000,1.09896,1.09885,1450000,1000000
2020-03-19 12:26:48.586000,1.09899,1.09886,1450000,1450000
2020-03-19 12:26:48.687000,1.09899,1.09886,1990000,1450000
2020-03-19 12:26:48.789000,1.09899,1.09887,1600000,1750000
2020-03-19 12:26:48.890000,1.099,1.09887,1600000,1750000
2020-03-19 12:26:49.066000,1.099,1.09887,1600000,1750000
2020-03-19 12:26:49.218000,1.09901,1.09886,2420000,1450000
2020-03-19 12:26:49.319000,1.09899,1.09886,1800000,1250000
2020-03-19 12:26:49.369000,1.09899,1.09884,1990000,3450000
2020-03-19 12:26:49.471000,1.09897,1.09884,1600000,2700000
2020-03-19 12:26:49.572000,1.09897,1.09885,1600000,1350000
2020-03-19 12:26:49.691000,1.09898,1.09885,1850000,1100000
2020-03-19 12:26:49.792000,1.09898,1.09885,1600000,1370000
2020-03-19 12:26:50.214000,1.099,1.09888,1600000,1250000
2020-03-19 12:26:50.315000,1.099,1.09887,1850000,1250000
2020-03-19 12:26:50.830000,1.09899,1.09885,1850000,1500000
2020-03-19 12:26:50.931000,1.09899,1.09885,1850000,1690000
2020-03-19 12:26:51.032000,1.09898,1.09885,1920000,1000000
2020-03-19 12:26:51.134000,1.09898,1.09884,2670000,1500000
2020-03-19 12:26:51.285000,1.09898,1.09886,2550000,1250000
2020-03-19 12:26:51.641000,1.09898,1.09886,1200000,1250000
2020-03-19 12:26:51.743000,1.09898,1.09886,1450000,1000000
2020-03-19 12:26:52.614000,1.099,1.09886,1350000,1350000
2020-03-19 12:26:52.766000,1.09901,1.09887,1950000,1500000
2020-03-19 12:26:52.990000,1.09901,1.09889,1450000,1000000
2020-03-19 12:26:53.242000,1.09902,1.09889,2350000,1690000
2020-03-19 12:26:53.293000,1.09902,1.09891,2350000,1000000
2020-03-19 12:26:53.394000,1.09905,1.09894,1450000,1690000
2020-03-19 12:26:55.496000,1.09903,1.09891,1250000,1890000
2020-03-19 12:26:56.004000,1.09903,1.0989,2050000,2200000
2020-03-19 12:26:56.367000,1.09903,1.09892,1800000,1250000
2020-03-19 12:26:56.418000,1.09903,1.09891,2800000,1000000
2020-03-19 12:26:56.571000,1.09903,1.09889,2800000,2720000
2020-03-19 12:26:57.010000,1.09903,1.0989,1990000,1450000
2020-03-19 12:26:57.111000,1.09904,1.09891,1550000,1450000
2020-03-19 12:26:57.213000,1.09902,1.0989,1250000,1010000
2020-03-19 12:26:57.264000,1.09903,1.0989,1460000,1820000
2020-03-19 12:26:57.314000,1.09903,1.0989,1990000,1820000
2020-03-19 12:26:57.416000,1.09902,1.09889,2050000,1890000
2020-03-19 12:26:57.719000,1.09902,1.09889,1450000,2700000
2020-03-19 12:26:57.972000,1.09902,1.09892,1800000,1250000
2020-03-19 12:26:58.022000,1.09902,1.09891,1990000,1250000
2020-03-19 12:26:58.124000,1.09902,1.09892,1800000,1250000
2020-03-19 12:26:58.174000,1.09901,1.0989,2010000,1250000
2020-03-19 12:26:58.276000,1.09901,1.09888,1970000,1600000
2020-03-19 12:26:58.326000,1.09901,1.0989,2550000,1250000
2020-03-19 12:26:58.377000,1.09901,1.09891,3550000,1250000
2020-03-19 12:26:58.428000,1.099,1.09888,1850000,1010000
2020-03-19 12:26:58.479000,1.09899,1.09889,1650000,1250000
2020-03-19 12:26:58.580000,1.09891,1.09882,1200000,1350000
2020-03-19 12:26:58.681000,1.09889,1.0988,1750000,1600000
2020-03-19 12:26:58.732000,1.09889,1.09879,1250000,2910000
2020-03-19 12:26:58.783000,1.09889,1.09882,1100000,2350000
2020-03-19 12:26:58.833000,1.09896,1.09886,2420000,1250000
2020-03-19 12:26:58.884000,1.09897,1.09887,1990000,1250000
2020-03-19 12:26:58.935000,1.09895,1.09884,1850000,2950000
2020-03-19 12:26:58.986000,1.09897,1.09885,1990000,1450000
2020-03-19 12:26:59.037000,1.09896,1.09884,1450000,2200000
2020-03-19 12:26:59.087000,1.09895,1.09884,1520000,1250000
2020-03-19 12:26:59.391000,1.09896,1.09886,1850000,1750000
2020-03-19 12:26:59.492000,1.09895,1.09884,1850000,1250000
2020-03-19 12:26:59.694000,1.09895,1.09886,1800000,1250000
2020-03-19 12:26:59.795000,1.09895,1.09883,2800000,1450000
2020-03-19 12:26:59.846000,1.09894,1.09883,1600000,2570000
2020-03-19 12:26:59.897000,1.09894,1.09883,2540000,1250000
2020-03-19 12:26:59.948000,1.09893,1.09883,2050000,1250000
2020-03-19 12:27:00.049000,1.09894,1.09883,1250000,2350000
2020-03-19 12:27:00.151000,1.09894,1.09889,1000000,1250000
2020-03-19 12:27:00.201000,1.09894,1.09886,1000000,2720000
2020-03-19 12:27:00.252000,1.09899,1.09887,1250000,2200000
2020-03-19 12:27:00.404000,1.09898,1.09886,1250000,2350000
2020-03-19 12:27:00.454000,1.099,1.09888,3320000,1250000
2020-03-19 12:27:00.707000,1.09899,1.09887,1450000,1250000
2020-03-19 12:27:01.160000,1.099,1.09889,1120000,2350000
2020-03-19 12:27:01.211000,1.09903,1.0989,1000000,1820000
2020-03-19 12:27:01.262000,1.09903,1.09891,1000000,1250000
2020-03-19 12:27:01.515000,1.09904,1.09891,1250000,1250000
2020-03-19 12:27:01.892000,1.09906,1.09891,1310000,2500000
2020-03-19 12:27:03.899000,1.09907,1.09897,1200000,1250000
2020-03-19 12:27:03.950000,1.0991,1.09896,1010000,1450000
2020-03-19 12:27:04.051000,1.09912,1.09898,1350000,1250000
2020-03-19 12:27:04.253000,1.09912,1.09898,1250000,1010000
2020-03-19 12:27:04.304000,1.09912,1.09898,1000000,1820000
2020-03-19 12:27:04.745000,1.09912,1.09897,1000000,3200000
2020-03-19 12:27:04.846000,1.09915,1.099,1100000,2200000
2020-03-19 12:27:05.048000,1.09917,1.09902,2570000,1450000
2020-03-19 12:27:05.149000,1.09917,1.09902,1250000,2450000
2020-03-19 12:27:05.489000,1.09917,1.09902,1750000,2320000
2020-03-19 12:27:07.082000,1.09915,1.09901,1350000,1970000
2020-03-19 12:27:07.243000,1.09915,1.09901,1350000,1910000
2020-03-19 12:27:09.804000,1.09917,1.09907,1350000,1850000
2020-03-19 12:27:09.905000,1.0992,1.09911,1410000,1600000
2020-03-19 12:27:10.007000,1.09922,1.09915,1000000,1100000
2020-03-19 12:27:10.058000,1.09928,1.09917,1600000,1250000
2020-03-19 12:27:10.109000,1.09928,1.09915,1850000,1010000
2020-03-19 12:27:10.462000,1.0993,1.09916,1910000,1410000
2020-03-19 12:27:10.563000,1.09932,1.09917,1600000,1100000
2020-03-19 12:27:11.606000,1.09932,1.09921,1600000,1250000
2020-03-19 12:27:11.658000,1.09935,1.0992,2720000,2120000
2020-03-19 12:27:11.759000,1.09935,1.09923,1600000,1250000
2020-03-19 12:27:11.861000,1.0994,1.09926,1720000,1250000
2020-03-19 12:27:11.963000,1.09941,1.0993,1200000,1000000
2020-03-19 12:27:12.013000,1.0994,1.09926,2000000,1100000
2020-03-19 12:27:12.133000,1.0994,1.09925,2250000,1120000
2020-03-19 12:27:12.286000,1.0994,1.09925,2000000,1120000
2020-03-19 12:27:13.043000,1.0994,1.09926,2970000,1000000
2020-03-19 12:27:13.144000,1.0994,1.09926,1250000,2350000
2020-03-19 12:27:13.252000,1.0994,1.09926,1250000,2320000
2020-03-19 12:27:13.404000,1.0994,1.09926,1250000,2350000
2020-03-19 12:27:13.707000,1.09941,1.09928,2500000,1250000
2020-03-19 12:27:17.449000,1.09941,1.09931,2500000,1000000
2020-03-19 12:27:17.551000,1.09942,1.09933,1250000,1000000
2020-03-19 12:27:17.652000,1.09947,1.09936,2250000,1250000
2020-03-19 12:27:17.703000,1.09946,1.09935,1370000,1250000
2020-03-19 12:27:17.854000,1.09946,1.09935,2720000,1250000
2020-03-19 12:27:18.234000,1.09945,1.09934,1970000,1250000
2020-03-19 12:27:18.509000,1.09944,1.09933,1970000,1250000
2020-03-19 12:27:18.610000,1.09944,1.09933,1350000,1750000
2020-03-19 12:27:18.863000,1.09936,1.09931,1250000,1370000
2020-03-19 12:27:18.964000,1.09932,1.09927,2350000,1000000
2020-03-19 12:27:19.015000,1.09932,1.09921,1850000,1120000
2020-03-19 12:27:19.065000,1.09932,1.09918,1600000,1620000
2020-03-19 12:27:19.167000,1.09932,1.09922,1220000,1000000
2020-03-19 12:27:19.419000,1.09934,1.09923,1600000,1000000
2020-03-19 12:27:19.520000,1.09935,1.09922,1850000,1000000
2020-03-19 12:27:19.622000,1.09935,1.09921,1970000,1000000
2020-03-19 12:27:19.723000,1.09934,1.09921,1850000,1000000
2020-03-19 12:27:19.976000,1.09934,1.0992,1850000,1000000
2020-03-19 12:27:20.077000,1.09934,1.0992,1850000,1000000
2020-03-19 12:27:20.225000,1.09934,1.09919,1850000,2320000
2020-03-19 12:27:20.427000,1.09934,1.0992,1850000,1000000
2020-03-19 12:27:21.656000,1.09934,1.09921,1910000,1000000
2020-03-19 12:27:21.757000,1.09933,1.09919,1600000,2750000
2020-03-19 12:27:21.808000,1.09933,1.09926,1600000,1250000
2020-03-19 12:27:21.859000,1.09933,1.09927,1000000,1000000
2020-03-19 12:27:21.910000,1.09935,1.09925,2290000,1000000
2020-03-19 12:27:21.961000,1.09933,1.09925,1120000,1500000
2020-03-19 12:27:22.013000,1.09939,1.09927,1100000,1250000
2020-03-19 12:27:22.165000,1.09941,1.09928,1220000,1250000
2020-03-19 12:27:23.132000,1.09942,1.09929,1600000,2160000
2020-03-19 12:27:23.234000,1.09943,1.09929,1600000,1010000
2020-03-19 12:27:23.284000,1.0994,1.09927,2450000,1000000
2020-03-19 12:27:23.335000,1.09934,1.09924,1000000,1570000
2020-03-19 12:27:23.436000,1.09933,1.09924,1120000,1570000
2020-03-19 12:27:23.544000,1.09937,1.09924,1000000,1820000
2020-03-19 12:27:23.746000,1.09936,1.09924,1000000,1820000
2020-03-19 12:27:23.797000,1.09935,1.09926,1000000,1250000
2020-03-19 12:27:23.848000,1.09938,1.09924,1120000,2570000
2020-03-19 12:27:23.899000,1.09938,1.09924,1500000,1570000
2020-03-19 12:27:24.051000,1.09936,1.09926,1000000,1250000
2020-03-19 12:27:24.152000,1.0994,1.09926,2070000,1750000
2020-03-19 12:27:24.203000,1.0994,1.09926,2070000,1820000
2020-03-19 12:27:24.357000,1.0994,1.09926,1100000,2970000
2020-03-19 12:27:24.730000,1.09938,1.09924,1000000,5170000
2020-03-19 12:27:24.831000,1.0994,1.09925,1570000,1220000
2020-03-19 12:27:24.933000,1.0994,1.09926,1200000,1220000
2020-03-19 12:27:25.034000,1.09939,1.09926,1000000,2970000
2020-03-19 12:27:25.570000,1.0994,1.09926,1000000,3850000
2020-03-19 12:27:26.008000,1.09941,1.09927,1000000,1850000
2020-03-19 12:27:28.862000,1.09941,1.09928,1600000,1850000
2020-03-19 12:27:28.965000,1.09941,1.09928,1600000,1850000
2020-03-19 12:27:29.066000,1.09941,1.09928,1800000,1750000
2020-03-19 12:27:29.168000,1.09943,1.09933,1800000,1250000
2020-03-19 12:27:29.270000,1.09943,1.09933,1200000,1250000
2020-03-19 12:27:29.579000,1.09945,1.09933,1200000,1250000
2020-03-19 12:27:30.131000,1.09946,1.09935,1200000,1250000
2020-03-19 12:27:30.747000,1.09948,1.09942,1990000,1250000
2020-03-19 12:27:30.798000,1.09948,1.09942,1390000,1250000
2020-03-19 12:27:30.849000,1.09948,1.09944,1000000,1250000
2020-03-19 12:27:30.950000,1.0995,1.09943,1250000,1250000
2020-03-19 12:27:31.001000,1.09953,1.09941,2290000,1950000
2020-03-19 12:27:31.102000,1.09947,1.09944,1000000,1250000
2020-03-19 12:27:31.153000,1.09955,1.09949,1600000,1750000
2020-03-19 12:27:31.204000,1.09957,1.09949,1850000,1000000
2020-03-19 12:27:31.254000,1.09956,1.0995,1220000,1750000
2020-03-19 12:27:31.356000,1.09961,1.09948,1850000,1750000
2020-03-19 12:27:31.457000,1.09961,1.09948,1850000,1250000
2020-03-19 12:27:31.558000,1.09961,1.09953,1220000,1250000
2020-03-19 12:27:31.659000,1.09964,1.09949,2100000,3320000
2020-03-19 12:27:31.761000,1.09964,1.09949,1600000,3320000
2020-03-19 12:27:31.862000,1.09965,1.09949,1820000,3250000
2020-03-19 12:27:31.963000,1.09964,1.09949,1200000,2500000
2020-03-19 12:27:32.064000,1.09964,1.09949,1200000,3250000
2020-03-19 12:27:33.215000,1.09961,1.0995,1010000,1250000
2020-03-19 12:27:33.317000,1.0996,1.09947,1850000,1750000
2020-03-19 12:27:33.621000,1.09961,1.09949,2050000,1250000
2020-03-19 12:27:33.723000,1.09961,1.09949,2050000,1250000
2020-03-19 12:27:33.943000,1.09958,1.09947,1250000,2140000
2020-03-19 12:27:34.045000,1.09957,1.09946,1350000,1760000
2020-03-19 12:27:34.147000,1.09957,1.09947,1850000,1000000
2020-03-19 12:27:34.249000,1.09957,1.09947,1470000,1000000
2020-03-19 12:27:35.013000,1.09955,1.09945,1250000,3600000
2020-03-19 12:27:35.064000,1.09958,1.09946,1350000,1450000
2020-03-19 12:27:35.266000,1.09959,1.09946,1450000,2200000
2020-03-19 12:27:35.918000,1.09958,1.09949,1450000,1250000
2020-03-19 12:27:36.019000,1.09957,1.09948,1250000,1250000
2020-03-19 12:27:37.171000,1.09956,1.09947,1250000,1250000
2020-03-19 12:27:37.329000,1.09959,1.09945,1250000,2800000
2020-03-19 12:27:37.430000,1.09956,1.09947,1250000,1600000
2020-03-19 12:27:37.531000,1.09956,1.09946,1250000,1600000
2020-03-19 12:27:37.750000,1.09956,1.09946,1250000,1100000
2020-03-19 12:27:38.258000,1.0995,1.09946,1000000,1000000
2020-03-19 12:27:38.309000,1.09947,1.0994,1250000,1500000
2020-03-19 12:27:38.410000,1.09948,1.09935,1250000,1220000
2020-03-19 12:27:38.461000,1.09949,1.09934,2700000,2920000
2020-03-19 12:27:38.980000,1.09949,1.09936,2200000,2170000
2020-03-19 12:27:39.081000,1.09946,1.09936,1250000,1200000
2020-03-19 12:27:39.234000,1.09949,1.09937,2350000,1750000
2020-03-19 12:27:39.335000,1.09948,1.09937,1470000,2800000
2020-03-19 12:27:41.366000,1.09947,1.09937,1250000,1390000
2020-03-19 12:27:42.104000,1.09946,1.09936,1250000,1250000
2020-03-19 12:27:43.040000,1.09947,1.09933,2050000,1310000
2020-03-19 12:27:43.142000,1.09944,1.09932,1200000,1250000
2020-03-19 12:27:43.243000,1.09945,1.09931,1840000,1250000
2020-03-19 12:27:43.574000,1.09945,1.09931,1350000,1850000
2020-03-19 12:27:47.134000,1.09943,1.09928,1900000,2710000
2020-03-19 12:27:47.236000,1.09941,1.09928,1200000,1250000
2020-03-19 12:27:47.337000,1.09942,1.09928,1860000,1410000
2020-03-19 12:27:47.439000,1.09943,1.09928,2820000,1410000
2020-03-19 12:27:48.057000,1.09941,1.09928,1200000,1010000
2020-03-19 12:27:48.158000,1.09941,1.09929,1390000,1000000
2020-03-19 12:27:48.259000,1.09939,1.09925,1000000,2850000
2020-03-19 12:27:48.360000,1.09938,1.09925,1600000,1000000
2020-03-19 12:27:48.562000,1.09938,1.09923,1600000,1570000
2020-03-19 12:27:48.663000,1.09938,1.09923,1600000,1570000
2020-03-19 12:27:49.071000,1.09935,1.09923,1200000,1200000
2020-03-19 12:27:49.173000,1.09936,1.09923,1600000,1600000
2020-03-19 12:27:49.275000,1.09936,1.09922,1600000,1600000
2020-03-19 12:27:50.570000,1.09935,1.09922,1850000,1600000
2020-03-19 12:27:50.621000,1.09935,1.0992,2350000,1720000
2020-03-19 12:27:50.722000,1.09934,1.0992,1850000,1720000
2020-03-19 12:27:51.378000,1.09935,1.09923,1410000,1000000
2020-03-19 12:27:51.580000,1.09936,1.09924,1350000,1000000
2020-03-19 12:27:51.897000,1.09936,1.09924,1350000,1200000
2020-03-19 12:27:52.588000,1.09939,1.09924,2200000,1600000
2020-03-19 12:27:54.414000,1.09937,1.09924,1600000,1600000
2020-03-19 12:27:54.516000,1.09938,1.09924,1700000,1600000
2020-03-19 12:27:54.617000,1.09939,1.09925,1410000,1700000
2020-03-19 12:27:55.903000,1.09937,1.09924,1350000,1200000
2020-03-19 12:27:56.004000,1.09937,1.09923,1350000,1820000
2020-03-19 12:27:56.206000,1.09938,1.09924,2600000,1200000
2020-03-19 12:27:56.784000,1.09938,1.09924,1850000,1200000
2020-03-19 12:27:58.842000,1.09938,1.09924,1450000,1600000
2020-03-19 12:27:59.325000,1.09938,1.09924,1460000,1600000
2020-03-19 12:28:00.223000,1.09939,1.09923,3010000,1600000
2020-03-19 12:28:00.324000,1.09939,1.09925,1850000,1220000
2020-03-19 12:28:00.426000,1.09933,1.09924,1250000,1220000
2020-03-19 12:28:00.477000,1.09937,1.09924,2140000,1970000
2020-03-19 12:28:00.578000,1.09935,1.09923,1250000,1220000
2020-03-19 12:28:00.680000,1.09927,1.09917,1750000,2720000
2020-03-19 12:28:00.782000,1.09927,1.09915,1750000,2550000
2020-03-19 12:28:00.883000,1.09925,1.09915,1250000,2170000
2020-03-19 12:28:01.137000,1.09928,1.09915,1370000,1300000
2020-03-19 12:28:01.239000,1.09928,1.09915,1370000,2920000
2020-03-19 12:28:01.341000,1.09931,1.09915,3000000,3170000
2020-03-19 12:28:01.493000,1.09929,1.09916,1750000,1600000
2020-03-19 12:28:01.544000,1.09931,1.09916,3000000,1850000
2020-03-19 12:28:01.646000,1.09931,1.09917,1850000,1650000
2020-03-19 12:28:01.698000,1.09931,1.09917,1850000,2920000
2020-03-19 12:28:01.749000,1.09932,1.09917,1350000,3170000
2020-03-19 12:28:02.597000,1.0993,1.09918,1120000,2350000
2020-03-19 12:28:02.698000,1.0993,1.09918,1120000,1470000
2020-03-19 12:28:02.800000,1.0993,1.09918,1120000,2800000
2020-03-19 12:28:03.384000,1.0993,1.09921,1000000,1000000
2020-03-19 12:28:03.485000,1.0993,1.09918,1000000,3920000
2020-03-19 12:28:04.231000,1.0993,1.0992,1000000,1220000
2020-03-19 12:28:04.483000,1.0993,1.09918,1000000,4300000
2020-03-19 12:28:05.552000,1.0993,1.09919,1370000,2100000
2020-03-19 12:28:05.603000,1.09931,1.09919,1750000,1100000
2020-03-19 12:28:05.704000,1.09931,1.09919,2250000,1220000
2020-03-19 12:28:05.806000,1.09931,1.09919,1750000,1000000
2020-03-19 12:28:06.150000,1.09931,1.09919,1750000,1220000
2020-03-19 12:28:06.251000,1.09931,1.09919,1750000,1000000
2020-03-19 12:28:06.710000,1.09931,1.09919,1370000,1220000
2020-03-19 12:28:07.321000,1.09933,1.0992,1750000,1220000
2020-03-19 12:28:07.422000,1.09932,1.09918,1750000,2100000
2020-03-19 12:28:08.520000,1.09932,1.09918,1750000,2100000
2020-03-19 12:28:08.622000,1.09932,1.09918,1750000,1100000
2020-03-19 12:28:08.773000,1.09932,1.09918,1750000,2100000
2020-03-19 12:28:08.975000,1.09932,1.09918,1750000,2100000
2020-03-19 12:28:09.026000,1.09933,1.09919,1750000,1350000
2020-03-19 12:28:09.127000,1.09934,1.09925,1620000,1250000
2020-03-19 12:28:09.178000,1.09937,1.09925,1250000,1760000
2020-03-19 12:28:09.229000,1.0994,1.09931,1500000,1000000
2020-03-19 12:28:09.279000,1.09942,1.0993,1250000,1600000
2020-03-19 12:28:09.330000,1.09943,1.09931,1800000,1220000
2020-03-19 12:28:09.431000,1.09937,1.09931,1000000,1100000
2020-03-19 12:28:09.482000,1.09944,1.09931,2490000,1100000
2020-03-19 12:28:09.583000,1.0994,1.09928,1000000,2850000
2020-03-19 12:28:09.634000,1.09942,1.09928,1000000,1220000
2020-03-19 12:28:09.735000,1.09942,1.09928,1000000,1200000
2020-03-19 12:28:10.189000,1.09942,1.09928,1000000,1220000
2020-03-19 12:28:10.391000,1.09943,1.09929,1120000,1200000
2020-03-19 12:28:10.876000,1.09943,1.09928,1760000,1200000
2020-03-19 12:28:10.978000,1.09942,1.09928,1000000,1100000
2020-03-19 12:28:11.079000,1.09942,1.09928,1000000,1220000
2020-03-19 12:28:11.180000,1.09942,1.09928,1000000,2100000
2020-03-19 12:28:11.685000,1.09942,1.09928,1000000,1220000
2020-03-19 12:28:12.038000,1.09942,1.09928,1000000,2100000
2020-03-19 12:28:12.190000,1.09942,1.09928,1000000,1100000
2020-03-19 12:28:12.291000,1.09942,1.09929,1000000,1100000
2020-03-19 12:28:12.724000,1.09942,1.09927,1000000,1220000
2020-03-19 12:28:13.099000,1.09943,1.09929,1750000,1220000
2020-03-19 12:28:13.200000,1.09942,1.09929,1370000,1100000
2020-03-19 12:28:14.182000,1.09942,1.09929,1120000,1000000
2020-03-19 12:28:14.384000,1.09942,1.09928,1120000,1100000
2020-03-19 12:28:14.485000,1.09942,1.09928,1620000,1100000
2020-03-19 12:28:14.587000,1.09942,1.09927,1620000,1470000
2020-03-19 12:28:14.688000,1.09942,1.09929,1120000,1250000
2020-03-19 12:28:15.342000,1.09943,1.09929,1500000,1010000
2020-03-19 12:28:15.751000,1.09943,1.09929,2200000,1000000
2020-03-19 12:28:15.852000,1.09943,1.09929,2250000,1100000
2020-03-19 12:28:16.222000,1.09943,1.0993,1870000,1000000
2020-03-19 12:28:19.528000,1.09943,1.09929,1120000,1200000
2020-03-19 12:28:19.630000,1.09943,1.09929,1370000,1200000
2020-03-19 12:28:20.623000,1.09943,1.09929,1120000,1200000
2020-03-19 12:28:20.982000,1.09943,1.09929,1120000,1220000
2020-03-19 12:28:22.200000,1.09943,1.09931,1120000,1000000
2020-03-19 12:28:22.301000,1.09943,1.09929,1120000,1220000
2020-03-19 12:28:23.008000,1.09942,1.09928,1000000,2850000
2020-03-19 12:28:23.058000,1.09942,1.09928,1000000,1950000
2020-03-19 12:28:23.260000,1.09942,1.09928,1720000,1000000
2020-03-19 12:28:23.362000,1.0994,1.09928,1100000,1000000
2020-03-19 12:28:23.463000,1.09942,1.09928,1950000,1000000
2020-03-19 12:28:23.986000,1.09942,1.09927,1120000,3040000
2020-03-19 12:28:25.385000,1.09942,1.09928,2120000,1410000
2020-03-19 12:28:25.486000,1.09942,1.09927,2870000,1250000
2020-03-19 12:28:25.588000,1.09942,1.09929,2870000,1000000
2020-03-19 12:28:25.639000,1.09942,1.09928,2120000,1450000
2020-03-19 12:28:25.740000,1.09942,1.09928,2870000,1100000
2020-03-19 12:28:25.841000,1.09942,1.09928,1370000,1450000
2020-03-19 12:28:26.442000,1.09943,1.09929,2190000,1450000
2020-03-19 12:28:26.544000,1.09942,1.09929,1370000,1010000
2020-03-19 12:28:26.645000,1.09942,1.09929,1370000,1410000
2020-03-19 12:28:27.101000,1.09945,1.09931,2250000,1470000
2020-03-19 12:28:27.506000,1.09944,1.09931,1370000,2350000
2020-03-19 12:28:27.973000,1.09942,1.09931,1250000,1470000
2020-03-19 12:28:29.186000,1.09944,1.0993,1750000,3040000
2020-03-19 12:28:29.237000,1.09944,1.09932,1000000,1750000
2020-03-19 12:28:29.338000,1.09946,1.09934,1310000,1220000
2020-03-19 12:28:29.439000,1.09946,1.09933,1370000,1410000
2020-03-19 12:28:29.540000,1.09947,1.09933,1750000,3040000
2020-03-19 12:28:29.641000,1.09947,1.09934,1750000,1470000
2020-03-19 12:28:30.249000,1.09946,1.09935,1310000,1850000
2020-03-19 12:28:31.080000,1.09946,1.09935,1370000,1220000
2020-03-19 12:28:31.182000,1.09946,1.09933,1750000,1470000
2020-03-19 12:28:31.233000,1.09946,1.09935,1750000,1220000
2020-03-19 12:28:31.334000,1.09946,1.09933,1250000,2220000
2020-03-19 12:28:31.486000,1.09946,1.09936,1250000,1000000
2020-03-19 12:28:31.587000,1.09946,1.09933,1250000,2970000
2020-03-19 12:28:31.979000,1.09946,1.09934,1750000,1970000
2020-03-19 12:28:32.080000,1.09946,1.09933,1250000,3100000
2020-03-19 12:28:32.686000,1.09945,1.09933,1250000,1220000
2020-03-19 12:28:32.737000,1.09946,1.09933,1310000,1850000
2020-03-19 12:28:32.788000,1.09946,1.09935,2870000,1250000
2020-03-19 12:28:32.889000,1.09944,1.09933,1250000,1200000
2020-03-19 12:28:32.990000,1.09944,1.09932,1250000,1750000
2020-03-19 12:28:33.091000,1.09943,1.09932,1000000,3470000
2020-03-19 12:28:33.293000,1.09944,1.09932,1250000,1250000
2020-03-19 12:28:33.394000,1.09944,1.09933,1000000,1470000
2020-03-19 12:28:33.597000,1.09943,1.09933,1250000,1410000
2020-03-19 12:28:33.698000,1.09943,1.09931,1250000,3850000
2020-03-19 12:28:33.850000,1.09944,1.09931,1750000,1850000
2020-03-19 12:28:35.181000,1.09941,1.0993,1250000,1220000
2020-03-19 12:28:36.248000,1.09943,1.0993,1000000,2220000
2020-03-19 12:28:36.521000,1.09942,1.0993,1000000,2220000
2020-03-19 12:28:36.899000,1.09942,1.0993,1250000,2350000
2020-03-19 12:28:37.252000,1.09943,1.09932,1250000,1350000
2020-03-19 12:28:37.354000,1.09936,1.09928,1250000,1850000
2020-03-19 12:28:37.455000,1.09937,1.09926,1250000,1970000
2020-03-19 12:28:37.607000,1.09939,1.09927,1250000,1450000
2020-03-19 12:28:37.658000,1.09939,1.09926,2500000,1410000
2020-03-19 12:28:37.759000,1.09939,1.09925,1750000,1760000
2020-03-19 12:28:37.860000,1.09939,1.09925,2620000,1010000
2020-03-19 12:28:37.911000,1.09934,1.09923,1000000,2970000
2020-03-19 12:28:38.013000,1.09937,1.09924,2560000,1350000
2020-03-19 12:28:38.316000,1.09938,1.09926,1870000,1000000
2020-03-19 12:28:38.417000,1.09937,1.09924,1750000,1250000
2020-03-19 12:28:40.098000,1.09937,1.09924,1750000,1750000
2020-03-19 12:28:40.300000,1.09937,1.09925,1870000,1350000
2020-03-19 12:28:40.603000,1.09937,1.09923,3100000,1250000
2020-03-19 12:28:42.338000,1.09936,1.09929,2200000,1250000
2020-03-19 12:28:45.741000,1.0994,1.09932,1750000,1250000
2020-03-19 12:28:46.246000,1.09943,1.09933,1310000,1250000
2020-03-19 12:28:46.347000,1.09944,1.09932,2850000,1470000
2020-03-19 12:28:46.524000,1.09944,1.09931,1870000,3850000
2020-03-19 12:28:46.626000,1.09947,1.09935,1620000,2220000
2020-03-19 12:28:46.727000,1.09947,1.09935,1870000,2160000
2020-03-19 12:28:46.828000,1.09947,1.09935,1870000,1010000
2020-03-19 12:28:47.152000,1.09947,1.09935,1870000,2160000
2020-03-19 12:28:50.927000,1.09945,1.09933,1750000,2700000
2020-03-19 12:28:53.702000,1.09945,1.09934,1750000,1250000
2020-03-19 12:28:53.804000,1.09943,1.09932,1370000,1370000
2020-03-19 12:28:54.901000,1.09942,1.09933,1250000,1250000
2020-03-19 12:28:54.952000,1.0994,1.09932,1250000,2200000
2020-03-19 12:28:55.429000,1.09942,1.09933,1750000,1250000
2020-03-19 12:28:55.479000,1.0994,1.09932,1250000,1750000
2020-03-19 12:28:56.103000,1.09939,1.09932,1250000,1000000
2020-03-19 12:28:56.153000,1.09942,1.09933,1850000,1250000
2020-03-19 12:28:56.255000,1.09936,1.0993,1250000,1310000
2020-03-19 12:28:56.306000,1.09939,1.09929,1750000,1000000
2020-03-19 12:28:56.357000,1.09937,1.09928,1250000,1750000
2020-03-19 12:28:58.500000,1.09933,1.09927,1250000,1600000
2020-03-19 12:28:58.602000,1.09933,1.09923,1250000,2720000
2020-03-19 12:28:58.703000,1.09933,1.09921,2250000,1100000
2020-03-19 12:28:58.754000,1.09933,1.09921,1750000,1820000
2020-03-19 12:28:58.856000,1.09933,1.09921,1750000,1350000
2020-03-19 12:28:59.362000,1.09931,1.09921,1000000,1250000
2020-03-19 12:28:59.573000,1.09931,1.0992,1250000,1250000
2020-03-19 12:28:59.624000,1.09929,1.09919,1370000,1250000
2020-03-19 12:28:59.778000,1.09928,1.09918,1750000,1000000
2020-03-19 12:28:59.880000,1.09927,1.09916,1370000,1820000
2020-03-19 12:29:00.854000,1.09926,1.09915,1370000,1350000
2020-03-19 12:29:01.549000,1.09927,1.09915,1750000,1820000
2020-03-19 12:29:02.422000,1.09928,1.09916,1750000,1350000
2020-03-19 12:29:02.523000,1.09923,1.09915,1250000,1470000
2020-03-19 12:29:03.241000,1.09922,1.09913,1370000,1750000
2020-03-19 12:29:06.818000,1.09921,1.09912,1250000,2120000
2020-03-19 12:29:06.920000,1.09919,1.09911,1250000,1500000
2020-03-19 12:29:07.021000,1.09905,1.09901,1250000,1000000
2020-03-19 12:29:07.072000,1.09908,1.09898,1250000,1000000
2020-03-19 12:29:07.123000,1.09904,1.09893,2250000,1000000
2020-03-19 12:29:07.224000,1.09903,1.09891,1100000,1250000
2020-03-19 12:29:07.325000,1.09902,1.09892,1250000,1250000
2020-03-19 12:29:07.426000,1.09899,1.09888,1750000,1870000
2020-03-19 12:29:07.781000,1.09899,1.09888,1720000,1250000
2020-03-19 12:29:07.932000,1.09898,1.09887,1750000,1000000
2020-03-19 12:29:07.983000,1.09895,1.09887,1250000,1000000
2020-03-19 12:29:08.085000,1.09895,1.09886,1250000,1000000
2020-03-19 12:29:08.338000,1.09896,1.09886,1250000,1000000
2020-03-19 12:29:08.439000,1.09894,1.09886,1250000,1000000
2020-03-19 12:29:09.336000,1.09894,1.09885,1250000,1000000
2020-03-19 12:29:09.387000,1.09896,1.09885,2220000,1250000
2020-03-19 12:29:09.438000,1.09894,1.09885,1250000,1000000
2020-03-19 12:29:09.589000,1.09894,1.09884,1250000,1000000
2020-03-19 12:29:09.691000,1.09893,1.09883,1250000,1000000
2020-03-19 12:29:09.842000,1.09887,1.09877,1250000,2470000
2020-03-19 12:29:09.944000,1.09869,1.09866,1250000,2140000
2020-03-19 12:29:09.994000,1.09875,1.09865,1750000,1000000
2020-03-19 12:29:10.096000,1.09876,1.0987,1000000,2250000
2020-03-19 12:29:10.147000,1.09886,1.09883,1100000,1250000
2020-03-19 12:29:10.198000,1.0989,1.09886,1500000,1000000
2020-03-19 12:29:10.299000,1.09901,1.09892,1500000,1250000
2020-03-19 12:29:10.350000,1.09902,1.09893,1250000,1750000
2020-03-19 12:29:10.451000,1.099,1.09892,1250000,1250000
2020-03-19 12:29:10.654000,1.09901,1.09892,1000000,1000000
2020-03-19 12:29:10.806000,1.09902,1.09895,1000000,1000000
2020-03-19 12:29:10.907000,1.09907,1.09897,1600000,1000000
2020-03-19 12:29:10.958000,1.09908,1.09897,1050000,1000000
2020-03-19 12:29:11.059000,1.09907,1.09897,1370000,1000000
2020-03-19 12:29:11.160000,1.09905,1.09897,1250000,1000000
2020-03-19 12:29:11.261000,1.09907,1.09897,1250000,1000000
2020-03-19 12:29:11.464000,1.09906,1.09897,1250000,1250000
2020-03-19 12:29:11.565000,1.09903,1.09895,1250000,1000000
2020-03-19 12:29:11.616000,1.09904,1.09897,1000000,1250000
2020-03-19 12:29:11.717000,1.09906,1.09897,1750000,1250000
2020-03-19 12:29:11.768000,1.09904,1.09897,1250000,1000000
2020-03-19 12:29:11.869000,1.09904,1.09896,1250000,1000000
2020-03-19 12:29:11.920000,1.09906,1.09896,1750000,1250000
2020-03-19 12:29:12.324000,1.09904,1.09895,1250000,1250000
2020-03-19 12:29:12.427000,1.09905,1.09895,1010000,1250000
2020-03-19 12:29:12.579000,1.09904,1.09895,1250000,1000000
2020-03-19 12:29:12.680000,1.09904,1.09895,1000000,1250000
2020-03-19 12:29:12.781000,1.09902,1.09895,1250000,1000000
2020-03-19 12:29:12.832000,1.09905,1.09895,1910000,1250000
2020-03-19 12:29:12.933000,1.09904,1.09895,1470000,1000000
2020-03-19 12:29:13.034000,1.09903,1.09895,1450000,1000000
2020-03-19 12:29:13.284000,1.09905,1.09895,1100000,1250000
2020-03-19 12:29:13.610000,1.09905,1.09895,1350000,1250000
2020-03-19 12:29:13.711000,1.09905,1.09895,1100000,1750000
2020-03-19 12:29:13.762000,1.09904,1.09895,1450000,1250000
2020-03-19 12:29:13.813000,1.09905,1.09895,1100000,1750000
2020-03-19 12:29:13.915000,1.09906,1.09897,1350000,1250000
2020-03-19 12:29:14.016000,1.09904,1.09897,1250000,1000000
2020-03-19 12:29:14.117000,1.09904,1.09897,1250000,1000000
2020-03-19 12:29:14.269000,1.09906,1.09897,1100000,1250000
2020-03-19 12:29:14.370000,1.09906,1.09897,1100000,1250000
2020-03-19 12:29:14.530000,1.09906,1.09897,1100000,1250000
2020-03-19 12:29:14.631000,1.09906,1.09897,1100000,1250000
2020-03-19 12:29:14.732000,1.09905,1.09897,1000000,1250000
2020-03-19 12:29:14.834000,1.09903,1.09898,1000000,1250000
2020-03-19 12:29:14.935000,1.09906,1.09898,1100000,1250000
2020-03-19 12:29:14.985000,1.09906,1.09898,1820000,1000000
2020-03-19 12:29:15.087000,1.09905,1.09898,1250000,1000000
2020-03-19 12:29:15.238000,1.09905,1.09897,1350000,1000000
2020-03-19 12:29:15.339000,1.09905,1.09896,1200000,1250000
2020-03-19 12:29:15.441000,1.09907,1.09897,1470000,1000000
2020-03-19 12:29:16.709000,1.09907,1.09896,1850000,1250000
2020-03-19 12:29:16.840000,1.09907,1.09896,1850000,1250000
2020-03-19 12:29:17.632000,1.09907,1.09896,1450000,1250000
2020-03-19 12:29:17.784000,1.09907,1.09896,1850000,1250000
2020-03-19 12:29:17.886000,1.09905,1.09894,1450000,1250000
2020-03-19 12:29:17.988000,1.09905,1.09894,1600000,1250000
2020-03-19 12:29:18.090000,1.09906,1.09895,1850000,1250000
2020-03-19 12:29:18.687000,1.09905,1.09894,1850000,1250000
2020-03-19 12:29:18.788000,1.09905,1.09894,1850000,1250000
2020-03-19 12:29:18.839000,1.09902,1.09894,1470000,1000000
2020-03-19 12:29:18.990000,1.09904,1.09892,2350000,1250000
2020-03-19 12:29:19.091000,1.09903,1.09891,1850000,1000000
2020-03-19 12:29:19.142000,1.09898,1.09889,1250000,1000000
2020-03-19 12:29:19.244000,1.09897,1.09888,1850000,1000000
2020-03-19 12:29:19.345000,1.09896,1.09887,1850000,1000000
2020-03-19 12:29:19.396000,1.09896,1.09884,1850000,1000000
2020-03-19 12:29:19.497000,1.09894,1.09884,1600000,1000000
2020-03-19 12:29:19.856000,1.09894,1.09884,1600000,1000000
2020-03-19 12:29:20.146000,1.09894,1.09884,1600000,1000000
2020-03-19 12:29:20.248000,1.09894,1.09885,1600000,1000000
2020-03-19 12:29:21.050000,1.09893,1.09884,1850000,1000000
2020-03-19 12:29:21.151000,1.09893,1.09884,1600000,1000000
2020-03-19 12:29:21.303000,1.09893,1.09883,1600000,1000000
2020-03-19 12:29:21.405000,1.09892,1.09883,1600000,1000000
2020-03-19 12:29:21.506000,1.09892,1.09883,1600000,1000000
2020-03-19 12:29:21.822000,1.09893,1.09884,1600000,1000000
2020-03-19 12:29:21.923000,1.09893,1.09884,1600000,1000000
2020-03-19 12:29:22.025000,1.09893,1.09884,1600000,1000000
2020-03-19 12:29:22.126000,1.09896,1.0989,1600000,1000000
2020-03-19 12:29:22.177000,1.09896,1.09886,1200000,1000000
2020-03-19 12:29:22.229000,1.09895,1.09886,1600000,1000000
2020-03-19 12:29:22.331000,1.09895,1.09885,1600000,1000000
2020-03-19 12:29:22.483000,1.09895,1.09884,1600000,1000000
2020-03-19 12:29:22.585000,1.09893,1.09884,1600000,1000000
2020-03-19 12:29:23.354000,1.09893,1.09884,1600000,1000000
2020-03-19 12:29:23.455000,1.09893,1.09884,1600000,1000000
2020-03-19 12:29:23.770000,1.09893,1.09884,1600000,1000000
2020-03-19 12:29:24.029000,1.09893,1.09882,1600000,1000000
2020-03-19 12:29:24.282000,1.09893,1.09882,1600000,1000000
2020-03-19 12:29:26.236000,1.09892,1.09883,1600000,1000000
2020-03-19 12:29:26.337000,1.09893,1.09883,1600000,1000000
2020-03-19 12:29:26.438000,1.09894,1.09883,1600000,1000000
2020-03-19 12:29:26.539000,1.09893,1.09883,1600000,1000000
2020-03-19 12:29:27.125000,1.09893,1.09882,1600000,1000000
2020-03-19 12:29:27.277000,1.09893,1.09884,1600000,1000000
2020-03-19 12:29:27.378000,1.09893,1.09883,1600000,1000000
2020-03-19 12:29:27.782000,1.09895,1.09883,1600000,1000000
2020-03-19 12:29:28.009000,1.09895,1.09883,1850000,1000000
2020-03-19 12:29:28.111000,1.09895,1.09883,1600000,1000000
2020-03-19 12:29:28.827000,1.09894,1.09877,1600000,1750000
2020-03-19 12:29:28.878000,1.09894,1.09879,1600000,1000000
2020-03-19 12:29:28.979000,1.09893,1.09879,1600000,1000000
2020-03-19 12:29:29.080000,1.09893,1.09879,2350000,1000000
2020-03-19 12:29:29.131000,1.09891,1.09876,1850000,1120000
2020-03-19 12:29:29.181000,1.09888,1.09875,1600000,1250000
2020-03-19 12:29:29.232000,1.09885,1.09872,1600000,1000000
2020-03-19 12:29:29.334000,1.09884,1.09873,1600000,1000000
2020-03-19 12:29:29.435000,1.09885,1.09872,1600000,1000000
2020-03-19 12:29:29.539000,1.09883,1.09872,1600000,1000000
2020-03-19 12:29:30.001000,1.09885,1.09873,1600000,1000000
2020-03-19 12:29:30.176000,1.09883,1.0987,1600000,1000000
2020-03-19 12:29:30.227000,1.09883,1.09872,1600000,1000000
2020-03-19 12:29:30.328000,1.09883,1.09873,1600000,1000000
2020-03-19 12:29:30.429000,1.09884,1.09874,1600000,1000000
2020-03-19 12:29:30.480000,1.09884,1.09874,1600000,1000000
2020-03-19 12:29:30.590000,1.09884,1.09874,1600000,1000000
2020-03-19 12:29:31.160000,1.09886,1.09874,1600000,1750000
2020-03-19 12:29:31.261000,1.09886,1.09876,1600000,1250000
2020-03-19 12:29:31.312000,1.09887,1.09876,1200000,1250000
2020-03-19 12:29:31.413000,1.0989,1.09878,1600000,1250000
2020-03-19 12:29:31.464000,1.0989,1.09878,1600000,1250000
2020-03-19 12:29:31.920000,1.09891,1.09877,1600000,1750000
2020-03-19 12:29:33.453000,1.0989,1.09878,1220000,1250000
2020-03-19 12:29:33.554000,1.0989,1.09878,1850000,1000000
2020-03-19 12:29:33.655000,1.0989,1.09878,1220000,1250000
2020-03-19 12:29:33.757000,1.0989,1.09878,1600000,1250000
2020-03-19 12:29:33.807000,1.0989,1.09879,1600000,1250000
2020-03-19 12:29:33.959000,1.09892,1.09879,1720000,1250000
2020-03-19 12:29:34.161000,1.09892,1.09879,1970000,1000000
2020-03-19 12:29:35.230000,1.09891,1.0988,1600000,1000000
2020-03-19 12:29:35.457000,1.09892,1.0988,1600000,1000000
2020-03-19 12:29:35.679000,1.09892,1.09879,1600000,1250000
2020-03-19 12:29:35.783000,1.09891,1.09879,1600000,1250000
2020-03-19 12:29:35.884000,1.09892,1.09879,1600000,1000000
2020-03-19 12:29:35.985000,1.09893,1.09879,1600000,1000000
2020-03-19 12:29:36.087000,1.09892,1.09879,1600000,1000000
2020-03-19 12:29:36.188000,1.09892,1.09879,1600000,1000000
2020-03-19 12:29:36.337000,1.09893,1.09879,1600000,1000000
2020-03-19 12:29:36.797000,1.09893,1.09879,1600000,1000000
2020-03-19 12:29:38.095000,1.09892,1.09878,1600000,1000000
2020-03-19 12:29:38.549000,1.09892,1.09878,1220000,1000000
2020-03-19 12:29:38.650000,1.09892,1.09877,1600000,1250000
2020-03-19 12:29:39.514000,1.09887,1.09876,1000000,1250000
2020-03-19 12:29:39.616000,1.09887,1.09875,1600000,1250000
2020-03-19 12:29:39.667000,1.09887,1.09875,1600000,1000000
2020-03-19 12:29:39.719000,1.09887,1.09874,1200000,1000000
2020-03-19 12:29:39.770000,1.09886,1.09873,1600000,1000000
2020-03-19 12:29:39.872000,1.09887,1.09873,1600000,1000000
2020-03-19 12:29:41.107000,1.09886,1.09875,1600000,1000000
2020-03-19 12:29:41.208000,1.09886,1.09875,1600000,1000000
2020-03-19 12:29:42.045000,1.09887,1.09875,1600000,1000000
2020-03-19 12:29:42.147000,1.0989,1.09875,1850000,1750000
2020-03-19 12:29:42.573000,1.0989,1.09878,1600000,1250000
2020-03-19 12:29:42.675000,1.09891,1.09878,1600000,1250000
2020-03-19 12:29:42.827000,1.09891,1.09879,1600000,1250000
2020-03-19 12:29:43.089000,1.0989,1.09878,1600000,1000000
2020-03-19 12:29:43.190000,1.09889,1.09876,1600000,1000000
2020-03-19 12:29:43.291000,1.09887,1.09876,1600000,1000000
2020-03-19 12:29:43.342000,1.09885,1.09874,1220000,1000000
2020-03-19 12:29:43.443000,1.09885,1.09874,1600000,1000000
2020-03-19 12:29:43.698000,1.09886,1.09874,1600000,1000000
2020-03-19 12:29:44.008000,1.09886,1.09874,1600000,1000000
2020-03-19 12:29:44.109000,1.09887,1.09875,1600000,1000000
2020-03-19 12:29:44.210000,1.09887,1.09876,1600000,1000000
2020-03-19 12:29:44.312000,1.09887,1.09875,1600000,1000000
2020-03-19 12:29:44.939000,1.09886,1.09874,1600000,1000000
2020-03-19 12:29:44.990000,1.09886,1.09871,1600000,1000000
2020-03-19 12:29:45.091000,1.09884,1.09871,1600000,1000000
2020-03-19 12:29:45.192000,1.09884,1.09871,1600000,1000000
2020-03-19 12:29:45.394000,1.09885,1.0987,1600000,1000000
2020-03-19 12:29:45.928000,1.09885,1.09871,1600000,1000000
2020-03-19 12:29:46.029000,1.09886,1.09871,1600000,1000000
2020-03-19 12:29:46.392000,1.09886,1.09872,1600000,1000000
2020-03-19 12:29:47.383000,1.09886,1.09872,1100000,1000000
2020-03-19 12:29:47.484000,1.09885,1.09871,1000000,1200000
2020-03-19 12:29:47.686000,1.09885,1.0987,1000000,1000000
2020-03-19 12:29:48.568000,1.09885,1.09869,1000000,1500000
2020-03-19 12:29:48.619000,1.09884,1.09869,1220000,1000000
2020-03-19 12:29:49.011000,1.09882,1.09867,1200000,1100000
2020-03-19 12:29:49.113000,1.09883,1.09867,1200000,1970000
2020-03-19 12:29:49.214000,1.09883,1.09867,1220000,1950000
2020-03-19 12:29:50.236000,1.09881,1.09865,1220000,1950000
2020-03-19 12:29:50.337000,1.09881,1.09865,1600000,1500000
2020-03-19 12:29:50.640000,1.09879,1.09866,1200000,1000000
2020-03-19 12:29:50.742000,1.09879,1.09863,1220000,1200000
2020-03-19 12:29:51.175000,1.09878,1.09862,1220000,1200000
2020-03-19 12:29:51.277000,1.09878,1.09862,1200000,1220000
2020-03-19 12:29:51.580000,1.0988,1.09862,1600000,2100000
2020-03-19 12:29:51.733000,1.09879,1.09863,1220000,1200000
2020-03-19 12:29:52.064000,1.09879,1.09863,1200000,1220000
2020-03-19 12:29:52.185000,1.0988,1.09865,1100000,2250000
2020-03-19 12:29:52.949000,1.09881,1.09865,1000000,1100000
2020-03-19 12:29:53.051000,1.09882,1.09866,1410000,1200000
2020-03-19 12:29:55.021000,1.0988,1.09861,1600000,1570000
2020-03-19 12:29:55.472000,1.09879,1.09862,1600000,1000000
2020-03-19 12:29:55.573000,1.09878,1.09861,1600000,1000000
2020-03-19 12:29:56.316000,1.09878,1.09862,1600000,1500000
2020-03-19 12:29:56.418000,1.09879,1.09864,1600000,1000000
2020-03-19 12:29:56.570000,1.0988,1.09865,1600000,2500000
2020-03-19 12:29:56.620000,1.09882,1.09865,1600000,1750000
2020-03-19 12:29:56.721000,1.09882,1.09867,1600000,1000000
2020-03-19 12:29:56.822000,1.09882,1.09867,1600000,1000000
2020-03-19 12:29:57.075000,1.09884,1.09867,1600000,1500000
2020-03-19 12:29:57.176000,1.09884,1.09869,1600000,1000000
2020-03-19 12:29:57.278000,1.0989,1.09868,1750000,1000000
2020-03-19 12:29:57.379000,1.0989,1.09869,1750000,1000000
2020-03-19 12:29:57.480000,1.09884,1.09869,1600000,1000000
2020-03-19 12:29:57.783000,1.09885,1.09871,1850000,1000000
2020-03-19 12:29:57.891000,1.09885,1.0987,1850000,1000000
2020-03-19 12:29:58.054000,1.09885,1.09871,1850000,1000000
2020-03-19 12:29:58.167000,1.09885,1.09872,1600000,1000000
2020-03-19 12:29:58.269000,1.09886,1.09872,1600000,1000000
2020-03-19 12:29:58.319000,1.09891,1.09872,1000000,1000000
2020-03-19 12:29:58.420000,1.09891,1.09871,1000000,1000000
2020-03-19 12:29:58.522000,1.09891,1.09871,1600000,1000000
2020-03-19 12:29:58.623000,1.09891,1.09871,1000000,1000000
2020-03-19 12:29:58.673000,1.09886,1.09871,1000000,1000000
2020-03-19 12:29:58.775000,1.09886,1.09871,1600000,1000000
2020-03-19 12:29:58.826000,1.09891,1.09871,1000000,1000000
2020-03-19 12:29:58.876000,1.09891,1.09871,1600000,1000000
2020-03-19 12:29:58.978000,1.09886,1.0987,1600000,1000000
2020-03-19 12:29:59.028000,1.09892,1.0987,1500000,1000000
2020-03-19 12:29:59.079000,1.09892,1.0987,2100000,1000000
2020-03-19 12:29:59.130000,1.09886,1.0987,1000000,1000000
2020-03-19 12:29:59.180000,1.09886,1.09871,1600000,1000000
2020-03-19 12:29:59.282000,1.09891,1.09871,1000000,1000000
2020-03-19 12:29:59.383000,1.09886,1.09871,1600000,1000000
2020-03-19 12:29:59.484000,1.09891,1.09871,1000000,1000000
2020-03-19 12:29:59.535000,1.0989,1.09871,1600000,1000000
2020-03-19 12:29:59.636000,1.09886,1.09871,1000000,1000000
2020-03-19 12:29:59.687000,1.09891,1.09871,1500000,1000000
2020-03-19 12:29:59.864000,1.0989,1.09871,2100000,1000000
2020-03-19 12:29:59.965000,1.09891,1.0987,1500000,1000000
2020-03-19 12:30:00.066000,1.0989,1.0987,1500000,1000000
2020-03-19 12:30:00.117000,1.09889,1.09867,1000000,1000000
2020-03-19 12:30:00.218000,1.0989,1.09868,1000000,1000000
2020-03-19 12:30:00.319000,1.09889,1.09869,1000000,1000000
2020-03-19 12:30:00.551000,1.0989,1.09869,1000000,1000000
2020-03-19 12:30:00.652000,1.09889,1.0987,1000000,1000000
2020-03-19 12:30:00.703000,1.09891,1.0987,1000000,1000000
2020-03-19 12:30:00.904000,1.0989,1.0987,1000000,1000000
2020-03-19 12:30:01.005000,1.09891,1.0987,1000000,1000000
2020-03-19 12:30:01.258000,1.09891,1.09869,1000000,1000000
2020-03-19 12:30:01.418000,1.09891,1.0987,1000000,1000000
2020-03-19 12:30:01.520000,1.0989,1.0987,1000000,1000000
2020-03-19 12:30:01.724000,1.09891,1.0987,1500000,1000000
2020-03-19 12:30:01.825000,1.09891,1.09869,1000000,1000000
2020-03-19 12:30:01.926000,1.09891,1.09868,1000000,1250000
2020-03-19 12:30:02.078000,1.09891,1.0987,1000000,1000000
2020-03-19 12:30:02.179000,1.09893,1.0987,1000000,1000000
2020-03-19 12:30:02.280000,1.09894,1.09875,1000000,1000000
2020-03-19 12:30:02.381000,1.09892,1.09875,1000000,1000000
2020-03-19 12:30:02.482000,1.09891,1.09872,1000000,1000000
2020-03-19 12:30:02.583000,1.09891,1.0987,1500000,1000000
2020-03-19 12:30:02.684000,1.0989,1.0987,1000000,1000000
2020-03-19 12:30:02.886000,1.09892,1.0987,1500000,1000000
2020-03-19 12:30:03.088000,1.09891,1.09869,1000000,1000000
2020-03-19 12:30:03.263000,1.09891,1.0987,1000000,1000000
2020-03-19 12:30:03.519000,1.09892,1.0987,1500000,1000000
2020-03-19 12:30:03.620000,1.0989,1.0987,1000000,1000000
2020-03-19 12:30:03.721000,1.0989,1.09869,1000000,1000000
2020-03-19 12:30:04.210000,1.0989,1.0987,1000000,1000000
2020-03-19 12:30:04.379000,1.0989,1.09871,1000000,1000000
2020-03-19 12:30:04.768000,1.09889,1.09871,1000000,1000000
2020-03-19 12:30:04.869000,1.09888,1.0987,1000000,1000000
2020-03-19 12:30:05.020000,1.0989,1.09869,1000000,1000000
2020-03-19 12:30:05.122000,1.09889,1.09869,1000000,1000000
2020-03-19 12:30:05.223000,1.09889,1.09868,1000000,1250000
2020-03-19 12:30:05.325000,1.0989,1.09868,1000000,1250000
2020-03-19 12:30:05.577000,1.0989,1.09872,1000000,1000000
2020-03-19 12:30:05.729000,1.09892,1.09872,1500000,1000000
2020-03-19 12:30:05.880000,1.09891,1.09872,1000000,1000000
2020-03-19 12:30:06.651000,1.0989,1.09873,1000000,1000000
2020-03-19 12:30:07.144000,1.0989,1.09875,1000000,1000000
2020-03-19 12:30:07.245000,1.09891,1.09875,1000000,1000000
2020-03-19 12:30:08.118000,1.09894,1.09875,2500000,1000000
2020-03-19 12:30:08.219000,1.09893,1.09876,1250000,1000000
2020-03-19 12:30:09.079000,1.09894,1.09876,1500000,1000000
2020-03-19 12:30:09.181000,1.09893,1.09877,1000000,1000000
2020-03-19 12:30:10.640000,1.09892,1.09877,1000000,1000000
2020-03-19 12:30:11.044000,1.0989,1.09876,1000000,1000000
2020-03-19 12:30:11.195000,1.09891,1.09876,1000000,1000000
2020-03-19 12:30:11.246000,1.09897,1.09876,1250000,1000000
2020-03-19 12:30:11.401000,1.09899,1.09876,1500000,1000000
2020-03-19 12:30:11.502000,1.09899,1.09877,1500000,1000000
2020-03-19 12:30:11.604000,1.09899,1.09876,1500000,1000000
2020-03-19 12:30:11.861000,1.09899,1.09877,1500000,1000000
2020-03-19 12:30:12.354000,1.09899,1.09877,1000000,1000000
2020-03-19 12:30:12.505000,1.09891,1.09871,1500000,1500000
2020-03-19 12:30:12.556000,1.09891,1.0987,1000000,1500000
2020-03-19 12:30:12.607000,1.09893,1.0987,1000000,1000000
2020-03-19 12:30:12.708000,1.09895,1.0987,1500000,1000000
2020-03-19 12:30:12.967000,1.09895,1.09872,1500000,1000000
2020-03-19 12:30:13.472000,1.09897,1.09874,1370000,1000000
2020-03-19 12:30:13.647000,1.09897,1.09873,1370000,1000000
2020-03-19 12:30:13.904000,1.09897,1.09874,1370000,1000000
2020-03-19 12:30:14.172000,1.09897,1.09874,1120000,1000000
2020-03-19 12:30:14.531000,1.099,1.09876,1250000,1000000
2020-03-19 12:30:14.710000,1.09901,1.09876,1120000,1000000
2020-03-19 12:30:15.061000,1.09902,1.09878,2000000,1000000
2020-03-19 12:30:15.162000,1.09902,1.09877,2000000,1000000
2020-03-19 12:30:15.722000,1.09902,1.09877,1000000,1000000
2020-03-19 12:30:15.827000,1.09902,1.09878,1000000,1000000
2020-03-19 12:30:16.509000,1.09902,1.09878,1250000,1000000
2020-03-19 12:30:16.871000,1.09903,1.09878,1120000,1000000
2020-03-19 12:30:17.254000,1.09902,1.09878,1250000,1000000
2020-03-19 12:30:17.355000,1.09902,1.09879,1250000,1000000
2020-03-19 12:30:17.659000,1.09897,1.0988,1000000,1000000
2020-03-19 12:30:17.760000,1.09896,1.09879,1000000,1000000
2020-03-19 12:30:17.861000,1.09897,1.09878,1600000,2350000
2020-03-19 12:30:17.962000,1.09897,1.09878,1000000,1870000
2020-03-19 12:30:18.013000,1.09904,1.09878,2720000,1600000
2020-03-19 12:30:18.215000,1.099,1.09878,1000000,1870000
2020-03-19 12:30:18.317000,1.09902,1.09878,1250000,1120000
2020-03-19 12:30:18.367000,1.09902,1.09878,1850000,1600000
2020-03-19 12:30:18.418000,1.09902,1.09878,1250000,1120000
2020-03-19 12:30:18.519000,1.09896,1.09879,1600000,1100000
2020-03-19 12:30:18.570000,1.09902,1.09878,1250000,1000000
2020-03-19 12:30:18.671000,1.09902,1.09877,1250000,1000000
2020-03-19 12:30:18.850000,1.09902,1.09877,1250000,1000000
2020-03-19 12:30:18.952000,1.09903,1.09876,1250000,1500000
2020-03-19 12:30:19.002000,1.099,1.09875,1000000,1000000
2020-03-19 12:30:19.394000,1.099,1.09873,1250000,1500000
2020-03-19 12:30:19.445000,1.09897,1.09873,1000000,1000000
2020-03-19 12:30:19.546000,1.09897,1.09874,1000000,1000000
2020-03-19 12:30:19.597000,1.099,1.09874,1250000,1000000
2020-03-19 12:30:19.989000,1.09894,1.09874,1750000,1000000
2020-03-19 12:30:20.040000,1.09892,1.09874,1500000,1000000
2020-03-19 12:30:20.091000,1.09891,1.09872,1000000,1000000
2020-03-19 12:30:20.293000,1.09895,1.09871,2500000,1000000
2020-03-19 12:30:20.495000,1.09895,1.09869,1250000,1000000
2020-03-19 12:30:20.676000,1.09895,1.09869,1250000,2000000
2020-03-19 12:30:21.107000,1.09896,1.09879,2120000,1000000
2020-03-19 12:30:21.500000,1.09897,1.09879,1310000,1000000
2020-03-19 12:30:21.601000,1.09894,1.09879,1000000,1000000
2020-03-19 12:30:21.653000,1.09897,1.0988,1120000,1000000
2020-03-19 12:30:21.704000,1.099,1.09883,1500000,1000000
2020-03-19 12:30:22.059000,1.09896,1.09883,1600000,1000000
2020-03-19 12:30:22.110000,1.09897,1.09883,1120000,1000000
2020-03-19 12:30:22.277000,1.09897,1.09882,1120000,1000000
2020-03-19 12:30:22.559000,1.09892,1.09882,1310000,1000000
2020-03-19 12:30:22.660000,1.0989,1.09883,1600000,1000000
2020-03-19 12:30:24.600000,1.09889,1.09883,1600000,1000000
2020-03-19 12:30:24.752000,1.0989,1.09885,1910000,1000000
2020-03-19 12:30:24.853000,1.0989,1.09885,1350000,1000000
2020-03-19 12:30:24.954000,1.0989,1.09885,1910000,1000000
2020-03-19 12:30:25.157000,1.09891,1.09885,2350000,1000000
2020-03-19 12:30:25.309000,1.09891,1.09886,1850000,1000000
2020-03-19 12:30:25.808000,1.0989,1.09886,1470000,1000000
2020-03-19 12:30:25.910000,1.09891,1.09887,1850000,1000000
2020-03-19 12:30:25.960000,1.09891,1.09887,1250000,1000000
2020-03-19 12:30:26.061000,1.0989,1.09886,1250000,1000000
2020-03-19 12:30:26.112000,1.0989,1.09887,1000000,1000000
2020-03-19 12:30:26.214000,1.09891,1.09887,1250000,1000000
2020-03-19 12:30:26.316000,1.0989,1.09887,1000000,1000000
2020-03-19 12:30:26.823000,1.09889,1.09885,1850000,1000000
2020-03-19 12:30:26.924000,1.09889,1.09883,2350000,1000000
2020-03-19 12:30:27.176000,1.0989,1.09886,1220000,1000000
2020-03-19 12:30:27.688000,1.0989,1.09886,1250000,1000000
2020-03-19 12:30:27.841000,1.0989,1.09886,1750000,1000000
2020-03-19 12:30:28.234000,1.09889,1.09884,2160000,1000000
2020-03-19 12:30:28.285000,1.09888,1.09884,1600000,1000000
2020-03-19 12:30:28.437000,1.09888,1.09883,2100000,1000000
2020-03-19 12:30:28.821000,1.09887,1.09884,1220000,1000000
2020-03-19 12:30:28.922000,1.09887,1.09884,1200000,1000000
2020-03-19 12:30:29.023000,1.09887,1.09884,1220000,1000000
2020-03-19 12:30:29.124000,1.09887,1.09884,1200000,1000000
2020-03-19 12:30:29.794000,1.0989,1.09884,3100000,1000000
2020-03-19 12:30:30.249000,1.09889,1.09884,1200000,1000000
2020-03-19 12:30:30.350000,1.09889,1.09883,2220000,1000000
2020-03-19 12:30:30.451000,1.09887,1.09883,1000000,1000000
2020-03-19 12:30:30.779000,1.09889,1.09883,2220000,1000000
2020-03-19 12:30:30.881000,1.09889,1.09884,1750000,1000000
2020-03-19 12:30:30.983000,1.09887,1.09882,1000000,1000000
2020-03-19 12:30:31.085000,1.09885,1.09881,1000000,1000000
2020-03-19 12:30:31.226000,1.09885,1.09878,1100000,1000000
2020-03-19 12:30:31.428000,1.09883,1.09878,1000000,1000000
2020-03-19 12:30:31.529000,1.09887,1.09884,1000000,1000000
2020-03-19 12:30:31.808000,1.09888,1.09884,3000000,1000000
2020-03-19 12:30:31.911000,1.09887,1.09884,1000000,1000000
2020-03-19 12:30:32.366000,1.09891,1.09886,1200000,1000000
2020-03-19 12:30:32.467000,1.0989,1.09886,1000000,1000000
2020-03-19 12:30:33.982000,1.09891,1.09886,1200000,1000000
2020-03-19 12:30:34.084000,1.09891,1.09886,1220000,1000000
2020-03-19 12:30:35.028000,1.09886,1.09884,1250000,1000000
2020-03-19 12:30:35.078000,1.09889,1.09883,4600000,1000000
2020-03-19 12:30:35.180000,1.09885,1.09879,1000000,1500000
2020-03-19 12:30:35.231000,1.09887,1.09881,2450000,1000000
2020-03-19 12:30:35.332000,1.09887,1.09883,1890000,1000000
2020-03-19 12:30:35.635000,1.09887,1.09881,1950000,1500000
2020-03-19 12:30:35.686000,1.09888,1.09883,1600000,1000000
2020-03-19 12:30:36.051000,1.09888,1.09883,1820000,1000000
2020-03-19 12:30:36.152000,1.09888,1.09884,1200000,1000000
2020-03-19 12:30:36.203000,1.0989,1.09885,2320000,1000000
2020-03-19 12:30:36.254000,1.09888,1.09885,1000000,1000000
2020-03-19 12:30:36.760000,1.0989,1.09885,2570000,1000000
2020-03-19 12:30:36.962000,1.0989,1.09885,3260000,1000000
2020-03-19 12:30:38.800000,1.09891,1.09886,1950000,1000000
2020-03-19 12:30:39.005000,1.09891,1.09885,2470000,1000000
2020-03-19 12:30:39.976000,1.09891,1.09886,1870000,1000000
2020-03-19 12:30:40.077000,1.09891,1.09885,2470000,1000000
2020-03-19 12:30:41.062000,1.09891,1.09886,1950000,1000000
2020-03-19 12:30:41.213000,1.09891,1.09885,1970000,1000000
2020-03-19 12:30:43.493000,1.09891,1.09886,1950000,1000000
2020-03-19 12:30:44.528000,1.0989,1.09886,1000000,1000000
2020-03-19 12:30:45.168000,1.09891,1.09886,1100000,1000000
2020-03-19 12:30:45.270000,1.09893,1.09886,1620000,1000000
2020-03-19 12:30:46.223000,1.09893,1.09886,1500000,1000000
2020-03-19 12:30:49.141000,1.09894,1.09886,1000000,1000000
2020-03-19 12:30:50.049000,1.09895,1.09886,1870000,1000000
2020-03-19 12:30:52.243000,1.09888,1.09886,1500000,1000000
2020-03-19 12:30:53.583000,1.09889,1.09887,1500000,1000000
2020-03-19 12:30:54.763000,1.0989,1.09888,1000000,1000000
2020-03-19 12:30:56.652000,1.09895,1.09887,2950000,1000000
2020-03-19 12:30:56.824000,1.09895,1.09888,2770000,1000000
2020-03-19 12:30:56.874000,1.09888,1.09879,1000000,1250000
2020-03-19 12:30:56.975000,1.09888,1.09885,1000000,1000000
2020-03-19 12:31:02.217000,1.09894,1.09888,1100000,1000000
2020-03-19 12:31:03.175000,1.09886,1.0988,2250000,1000000
2020-03-19 12:31:03.226000,1.09889,1.09883,1100000,1000000
2020-03-19 12:31:03.428000,1.09891,1.09883,1100000,1000000
2020-03-19 12:31:05.507000,1.09891,1.09884,1720000,1000000
2020-03-19 12:31:07.689000,1.09892,1.09884,1720000,1500000
2020-03-19 12:31:07.790000,1.09892,1.09884,3220000,1500000
2020-03-19 12:31:08.131000,1.09892,1.09884,1120000,1500000
2020-03-19 12:31:09.318000,1.09893,1.09884,1120000,1500000
2020-03-19 12:31:10.858000,1.09893,1.09884,3410000,1500000
2020-03-19 12:31:10.959000,1.09893,1.09884,1910000,1500000
2020-03-19 12:31:11.583000,1.0989,1.09884,1000000,1500000
2020-03-19 12:31:11.685000,1.0989,1.09882,1600000,1000000
2020-03-19 12:31:12.251000,1.09887,1.09882,1000000,1000000
2020-03-19 12:31:12.819000,1.09886,1.09882,1000000,1000000
2020-03-19 12:31:13.476000,1.09883,1.09877,1690000,1500000
2020-03-19 12:31:13.527000,1.09883,1.0988,1250000,1000000
2020-03-19 12:31:13.730000,1.09883,1.09881,1000000,1000000
2020-03-19 12:31:13.831000,1.09883,1.0988,1000000,1000000
2020-03-19 12:31:14.150000,1.09883,1.09877,1500000,1500000
2020-03-19 12:31:14.251000,1.09883,1.09873,1750000,1600000
2020-03-19 12:31:14.403000,1.09883,1.09874,1500000,1100000
2020-03-19 12:31:14.454000,1.09883,1.09876,1500000,1000000
2020-03-19 12:31:14.605000,1.09884,1.09876,1000000,1100000
2020-03-19 12:31:14.757000,1.09884,1.09876,1000000,1920000
2020-03-19 12:31:14.859000,1.09884,1.09878,1000000,1200000
2020-03-19 12:31:15.112000,1.09884,1.09876,1000000,1100000
2020-03-19 12:31:15.214000,1.09885,1.09876,1000000,1270000
2020-03-19 12:31:15.315000,1.09884,1.09876,1000000,1950000
2020-03-19 12:31:15.366000,1.09887,1.09879,1000000,1470000
2020-03-19 12:31:15.417000,1.09887,1.09882,1250000,1200000
2020-03-19 12:31:15.520000,1.09884,1.09882,1000000,1200000
2020-03-19 12:31:15.571000,1.09886,1.09876,1000000,4320000
2020-03-19 12:31:15.672000,1.09886,1.09876,1350000,2850000
2020-03-19 12:31:15.723000,1.09886,1.09876,1390000,1100000
2020-03-19 12:31:15.824000,1.09886,1.09875,1390000,1200000
2020-03-19 12:31:16.003000,1.09886,1.09875,1690000,1200000
2020-03-19 12:31:16.700000,1.09885,1.09875,1000000,1200000
2020-03-19 12:31:16.834000,1.09885,1.09876,2200000,1200000
2020-03-19 12:31:16.886000,1.09885,1.09875,1250000,1600000
2020-03-19 12:31:16.936000,1.09884,1.09874,1250000,2850000
2020-03-19 12:31:16.987000,1.09885,1.09875,1750000,1220000
2020-03-19 12:31:17.089000,1.09884,1.09875,1000000,1000000
2020-03-19 12:31:17.241000,1.09885,1.09874,1570000,1090000
2020-03-19 12:31:17.343000,1.09883,1.09874,1000000,1300000
2020-03-19 12:31:17.445000,1.09884,1.09874,1000000,1490000
2020-03-19 12:31:17.699000,1.09884,1.09875,1000000,1200000
2020-03-19 12:31:18.293000,1.09884,1.09874,1000000,1820000
2020-03-19 12:31:18.648000,1.09885,1.09875,1500000,1200000
2020-03-19 12:31:19.106000,1.09884,1.09876,1000000,1220000
2020-03-19 12:31:19.208000,1.09884,1.09874,1000000,3570000
2020-03-19 12:31:19.411000,1.09884,1.09875,1250000,1600000
2020-03-19 12:31:19.462000,1.09884,1.09874,1000000,2170000
2020-03-19 12:31:19.564000,1.09884,1.09874,1000000,2170000
2020-03-19 12:31:19.818000,1.09884,1.09874,1000000,1100000
2020-03-19 12:31:20.071000,1.09884,1.09874,2500000,1100000
2020-03-19 12:31:20.324000,1.09884,1.09874,2140000,1000000
2020-03-19 12:31:20.526000,1.09884,1.09874,1750000,1000000
2020-03-19 12:31:21.164000,1.09884,1.09874,1950000,1000000
2020-03-19 12:31:21.266000,1.09883,1.09874,1000000,1200000
2020-03-19 12:31:21.417000,1.09884,1.09874,1500000,1200000
2020-03-19 12:31:21.519000,1.09883,1.09874,1000000,1390000
2020-03-19 12:31:21.771000,1.09884,1.09874,1500000,1390000
2020-03-19 12:31:21.973000,1.09883,1.09874,1000000,1390000
2020-03-19 12:31:22.243000,1.09886,1.09874,1100000,1390000
2020-03-19 12:31:22.546000,1.09886,1.09874,1100000,1850000
2020-03-19 12:31:22.849000,1.09886,1.09874,1100000,1390000
2020-03-19 12:31:22.951000,1.09886,1.09874,2050000,1200000
2020-03-19 12:31:23.052000,1.09886,1.09874,1970000,1200000
2020-03-19 12:31:23.103000,1.09886,1.09874,2360000,1200000
2020-03-19 12:31:23.204000,1.09884,1.09874,1850000,1000000
2020-03-19 12:31:23.254000,1.09884,1.09873,1200000,1450000
2020-03-19 12:31:23.355000,1.09886,1.09875,1100000,1250000
2020-03-19 12:31:24.562000,1.09885,1.09875,1850000,1000000
2020-03-19 12:31:24.764000,1.09884,1.09872,1450000,2350000
2020-03-19 12:31:25.671000,1.09885,1.09872,1820000,2350000
2020-03-19 12:31:25.874000,1.09885,1.09872,2050000,2350000
2020-03-19 12:31:26.633000,1.09884,1.09878,1850000,1000000
2020-03-19 12:31:26.684000,1.09889,1.09884,1000000,1100000
2020-03-19 12:31:26.785000,1.09888,1.09883,1000000,1250000
2020-03-19 12:31:26.887000,1.09886,1.09881,1250000,1120000
2020-03-19 12:31:27.089000,1.09887,1.09881,1250000,1250000
2020-03-19 12:31:27.727000,1.09886,1.09878,1250000,1450000
2020-03-19 12:31:27.828000,1.09887,1.09878,1250000,1250000
2020-03-19 12:31:27.879000,1.09884,1.09876,1250000,3450000
2020-03-19 12:31:27.929000,1.09881,1.09876,1250000,1200000
2020-03-19 12:31:28.132000,1.09884,1.09876,1380000,2200000
2020-03-19 12:31:29.818000,1.09878,1.09875,1250000,1000000
2020-03-19 12:31:29.868000,1.09878,1.0987,1250000,1000000
2020-03-19 12:31:29.969000,1.09879,1.0987,1250000,1000000
2020-03-19 12:31:30.070000,1.09878,1.0987,1250000,1000000
2020-03-19 12:31:30.374000,1.09878,1.09869,1250000,1250000
2020-03-19 12:31:30.425000,1.09874,1.09868,1250000,1950000
2020-03-19 12:31:31.162000,1.09876,1.09868,1250000,1010000
2020-03-19 12:31:31.593000,1.09876,1.09867,1250000,3100000
2020-03-19 12:31:32.419000,1.09876,1.09868,1250000,1250000
2020-03-19 12:31:32.621000,1.09876,1.09867,1250000,3100000
2020-03-19 12:31:32.723000,1.09877,1.09869,1250000,1410000
2020-03-19 12:31:32.824000,1.09876,1.09867,1250000,3100000
2020-03-19 12:31:32.925000,1.09879,1.09877,1000000,1000000
2020-03-19 12:31:33.026000,1.09886,1.0988,1250000,1120000
2020-03-19 12:31:33.077000,1.09887,1.0988,1250000,1370000
2020-03-19 12:31:35.699000,1.09886,1.09879,1250000,2570000
2020-03-19 12:31:37.425000,1.09886,1.09881,1250000,1000000
2020-03-19 12:31:38.050000,1.09889,1.09881,1370000,1750000
2020-03-19 12:31:41.253000,1.09891,1.09884,2320000,1250000
2020-03-19 12:31:41.986000,1.0989,1.09883,1750000,1250000
2020-03-19 12:31:42.340000,1.0989,1.09884,1350000,1250000
2020-03-19 12:31:42.688000,1.09889,1.09882,1100000,1750000
2020-03-19 12:31:42.839000,1.09889,1.09883,1090000,1250000
2020-03-19 12:31:42.991000,1.09883,1.09877,1690000,1750000
2020-03-19 12:31:43.092000,1.09885,1.0988,2000000,1000000
2020-03-19 12:31:43.143000,1.09884,1.09877,1120000,1100000
2020-03-19 12:31:43.699000,1.09884,1.09876,1570000,1500000
2020-03-19 12:31:43.749000,1.09879,1.09874,1250000,1120000
2020-03-19 12:31:43.800000,1.09883,1.09873,5400000,1390000
2020-03-19 12:31:43.902000,1.09882,1.09874,1450000,1000000
2020-03-19 12:31:44.003000,1.09883,1.09875,1250000,1000000
2020-03-19 12:31:44.911000,1.09882,1.09875,1250000,1000000
2020-03-19 12:31:44.962000,1.09885,1.09875,2050000,1250000
2020-03-19 12:31:45.366000,1.09884,1.09875,1850000,1000000
2020-03-19 12:31:45.872000,1.09885,1.09875,2720000,1250000
2020-03-19 12:31:45.973000,1.09884,1.09875,1010000,1250000
2020-03-19 12:31:46.225000,1.09884,1.09875,1100000,1750000
2020-03-19 12:31:47.075000,1.09885,1.09876,2210000,1250000
2020-03-19 12:31:47.177000,1.09885,1.09876,2360000,1250000
2020-03-19 12:31:47.382000,1.09887,1.09881,1350000,1250000
2020-03-19 12:31:47.483000,1.0989,1.09885,3750000,1250000
2020-03-19 12:31:47.584000,1.09891,1.09884,2720000,1250000
2020-03-19 12:31:47.685000,1.09889,1.09882,2200000,1750000
2020-03-19 12:31:47.923000,1.09889,1.09884,1000000,1250000
2020-03-19 12:31:48.024000,1.0989,1.09883,1450000,1250000
2020-03-19 12:31:48.588000,1.09888,1.09882,1250000,1250000
2020-03-19 12:31:49.220000,1.0989,1.09883,1950000,1250000
2020-03-19 12:31:50.430000,1.09889,1.09883,1450000,1250000
2020-03-19 12:31:50.636000,1.0989,1.09883,1970000,1750000
2020-03-19 12:31:52.747000,1.09892,1.09884,2250000,1850000
2020-03-19 12:31:52.848000,1.09895,1.09884,1910000,1850000
2020-03-19 12:31:52.899000,1.09893,1.09884,1500000,1850000
2020-03-19 12:31:53.050000,1.09892,1.09884,2020000,1250000
2020-03-19 12:31:53.152000,1.09896,1.09885,2360000,2350000
2020-03-19 12:31:53.253000,1.09896,1.09885,1890000,2350000
2020-03-19 12:31:53.505000,1.09896,1.09885,3360000,2200000
2020-03-19 12:31:53.606000,1.09896,1.09885,2140000,2350000
2020-03-19 12:31:54.411000,1.09896,1.09886,2540000,1750000
2020-03-19 12:31:54.563000,1.09894,1.09887,1000000,1250000
2020-03-19 12:31:54.716000,1.09895,1.09886,2970000,1000000
2020-03-19 12:31:54.868000,1.09894,1.09886,1820000,1000000
2020-03-19 12:31:54.920000,1.09895,1.09888,1310000,1750000
2020-03-19 12:31:55.021000,1.09895,1.0989,1310000,1000000
2020-03-19 12:31:55.123000,1.09895,1.09892,1000000,1010000
2020-03-19 12:31:55.174000,1.099,1.09892,1250000,1010000
2020-03-19 12:31:55.275000,1.099,1.09893,1250000,1000000
2020-03-19 12:31:55.578000,1.09901,1.09893,1350000,1000000
2020-03-19 12:31:55.680000,1.09901,1.09891,1850000,1250000
2020-03-19 12:31:55.781000,1.09901,1.09892,1350000,1250000
2020-03-19 12:31:55.832000,1.09902,1.09894,2050000,1250000
