time,ask,bid,ask_volume,bid_volume
2019-05-01 14:25:00.406000,1.11195,1.11192,2500000,1310000
2019-05-01 14:25:04.826000,1.11194,1.11192,1000000,1250000
2019-05-01 14:25:07.196000,1.11195,1.11192,1870000,2120000
2019-05-01 14:25:07.299000,1.11196,1.11195,1000000,1000000
2019-05-01 14:25:07.401000,1.11199,1.11197,1690000,2190000
2019-05-01 14:25:07.509000,1.112,1.11197,1500000,4870000
2019-05-01 14:25:07.560000,1.11201,1.11198,1000000,2470000
2019-05-01 14:25:07.713000,1.11201,1.11198,1000000,3220000
2019-05-01 14:25:07.815000,1.11201,1.11198,1000000,1540000
2019-05-01 14:25:08.274000,1.112,1.11198,1000000,1250000
2019-05-01 14:25:11.182000,1.11201,1.11198,2620000,1250000
2019-05-01 14:25:14.087000,1.11202,1.11199,1500000,4000000
2019-05-01 14:25:14.969000,1.11204,1.11202,1120000,2120000
2019-05-01 14:25:15.020000,1.11206,1.11203,3600000,3190000
2019-05-01 14:25:15.071000,1.11206,1.11204,1000000,1250000
2019-05-01 14:25:15.343000,1.11205,1.11203,1000000,5120000
2019-05-01 14:25:15.446000,1.11206,1.11203,2120000,1870000
2019-05-01 14:25:15.548000,1.11205,1.11202,1250000,1690000
2019-05-01 14:25:15.806000,1.11204,1.11202,1690000,1250000
2019-05-01 14:25:16.171000,1.11205,1.11202,1950000,3370000
2019-05-01 14:25:16.276000,1.11206,1.11204,1870000,1250000
2019-05-01 14:25:18.991000,1.11206,1.11203,1120000,4450000
2019-05-01 14:25:19.229000,1.11207,1.11203,1000000,4820000
2019-05-01 14:25:19.330000,1.11206,1.11204,1000000,2870000
2019-05-01 14:25:19.433000,1.11206,1.11203,1000000,6320000
2019-05-01 14:25:20.902000,1.11207,1.11203,1000000,6320000
2019-05-01 14:25:27.891000,1.11205,1.11203,1870000,2810000
2019-05-01 14:25:29.575000,1.11206,1.11203,3000000,1250000
2019-05-01 14:25:29.678000,1.11207,1.11203,1500000,3250000
2019-05-01 14:25:32.459000,1.11208,1.11205,3000000,1250000
2019-05-01 14:25:32.561000,1.11208,1.11205,1500000,3000000
2019-05-01 14:25:36.157000,1.11207,1.11204,1120000,3070000
2019-05-01 14:25:39.238000,1.11205,1.11202,1000000,3250000
2019-05-01 14:25:39.340000,1.11206,1.11202,2440000,3250000
2019-05-01 14:25:39.443000,1.11208,1.11205,1000000,1370000
2019-05-01 14:25:40.606000,1.11209,1.11205,5810000,1370000
2019-05-01 14:25:44.527000,1.11208,1.11205,1000000,6000000
2019-05-01 14:25:44.716000,1.11208,1.11204,2060000,4070000
2019-05-01 14:25:45.405000,1.11208,1.11205,2250000,1250000
2019-05-01 14:25:45.559000,1.11209,1.11206,1250000,4000000
2019-05-01 14:25:49.978000,1.11211,1.11209,4870000,1160000
2019-05-01 14:25:50.084000,1.11213,1.1121,6040000,1690000
2019-05-01 14:25:50.186000,1.11213,1.11209,2440000,5700000
2019-05-01 14:25:51.271000,1.11212,1.11209,1000000,3070000
2019-05-01 14:25:51.424000,1.11212,1.11209,1690000,1250000
2019-05-01 14:25:51.527000,1.11211,1.11209,2440000,1000000
2019-05-01 14:25:51.629000,1.11211,1.11208,3190000,1310000
2019-05-01 14:25:51.731000,1.1121,1.11208,1250000,1120000
2019-05-01 14:25:51.833000,1.11213,1.1121,1310000,1250000
2019-05-01 14:25:52.371000,1.11214,1.11211,1000000,1750000
2019-05-01 14:25:52.575000,1.11214,1.1121,3190000,1250000
2019-05-01 14:25:53.513000,1.11214,1.1121,2810000,1750000
2019-05-01 14:25:54.122000,1.11214,1.1121,2870000,1390000
2019-05-01 14:25:54.614000,1.11214,1.1121,2810000,1250000
2019-05-01 14:25:55.883000,1.11214,1.1121,2440000,3620000
2019-05-01 14:26:00.160000,1.11214,1.1121,2870000,1690000
2019-05-01 14:26:00.826000,1.11211,1.11209,1250000,3450000
2019-05-01 14:26:00.929000,1.11211,1.11208,4000000,1570000
2019-05-01 14:26:03.801000,1.11211,1.11209,4310000,1000000
2019-05-01 14:26:03.929000,1.11211,1.11208,4000000,1000000
2019-05-01 14:26:04.285000,1.1121,1.11207,1250000,1690000
2019-05-01 14:26:14.681000,1.11207,1.11205,2410000,1500000
2019-05-01 14:26:14.733000,1.11207,1.11204,1120000,2890000
2019-05-01 14:26:15.634000,1.11208,1.11205,2620000,1000000
2019-05-01 14:26:17.203000,1.11208,1.11205,1500000,1750000
2019-05-01 14:26:17.865000,1.11208,1.11205,1310000,1250000
2019-05-01 14:26:20.518000,1.11208,1.11205,1000000,1750000
2019-05-01 14:26:21.558000,1.11208,1.11205,1250000,1250000
2019-05-01 14:26:21.819000,1.11208,1.11205,1120000,1750000
2019-05-01 14:26:22.214000,1.11208,1.11206,1000000,1250000
2019-05-01 14:26:24.367000,1.11208,1.11206,1000000,1310000
2019-05-01 14:26:24.469000,1.1121,1.11206,1000000,2890000
2019-05-01 14:26:25.135000,1.1121,1.11207,1000000,1000000
2019-05-01 14:26:27.285000,1.1121,1.11207,1750000,1250000
2019-05-01 14:26:28.223000,1.11209,1.11207,1370000,1000000
2019-05-01 14:26:28.325000,1.11209,1.11206,2060000,2120000
2019-05-01 14:26:28.493000,1.11209,1.11206,4000000,1000000
2019-05-01 14:26:28.597000,1.11208,1.11204,1690000,2950000
2019-05-01 14:26:28.852000,1.11207,1.11204,1000000,1750000
2019-05-01 14:26:29.370000,1.11205,1.11203,3370000,2620000
2019-05-01 14:26:29.473000,1.11204,1.11201,2060000,1310000
2019-05-01 14:26:29.749000,1.11201,1.11199,1000000,2890000
2019-05-01 14:26:36.662000,1.11202,1.11199,3260000,1310000
2019-05-01 14:26:41.420000,1.11202,1.112,1500000,1250000
2019-05-01 14:26:41.578000,1.11203,1.112,2510000,1250000
2019-05-01 14:26:41.629000,1.11203,1.11199,4070000,1310000
2019-05-01 14:26:46.758000,1.11202,1.11198,1810000,2620000
2019-05-01 14:26:47.798000,1.11202,1.11198,1620000,2620000
2019-05-01 14:26:48.246000,1.11202,1.11198,1810000,2620000
2019-05-01 14:26:54.136000,1.112,1.11197,2440000,2120000
2019-05-01 14:26:54.188000,1.11203,1.112,2290000,1250000
2019-05-01 14:26:54.392000,1.11203,1.112,1810000,1690000
2019-05-01 14:26:57.395000,1.11202,1.11199,1620000,1250000
2019-05-01 14:26:58.606000,1.11203,1.112,1500000,1750000
2019-05-01 14:26:59.431000,1.11204,1.11203,1000000,1000000
2019-05-01 14:26:59.535000,1.11206,1.11204,1000000,1250000
2019-05-01 14:26:59.739000,1.11207,1.11204,1500000,1250000
2019-05-01 14:27:00.098000,1.11208,1.11205,4500000,1370000
2019-05-01 14:27:00.305000,1.11208,1.11205,1500000,1370000
2019-05-01 14:27:00.407000,1.11208,1.11204,1620000,3070000
2019-05-01 14:27:03.908000,1.11207,1.11204,1000000,2560000
2019-05-01 14:27:14.236000,1.11206,1.11204,2060000,1000000
2019-05-01 14:27:14.339000,1.11204,1.11202,1250000,1250000
2019-05-01 14:27:18.209000,1.11205,1.11203,2250000,2620000
2019-05-01 14:27:18.260000,1.11207,1.11203,3450000,4870000
2019-05-01 14:27:18.402000,1.11206,1.11203,1000000,3370000
2019-05-01 14:27:18.708000,1.11205,1.11203,1000000,1250000
2019-05-01 14:27:19.860000,1.11206,1.11203,1620000,1750000
2019-05-01 14:27:20.710000,1.11206,1.11203,2620000,1250000
2019-05-01 14:27:21.767000,1.11206,1.11204,1500000,1750000
2019-05-01 14:27:24.858000,1.11207,1.11204,2560000,1690000
2019-05-01 14:27:29.208000,1.11207,1.11204,2440000,1690000
2019-05-01 14:27:29.386000,1.11207,1.11204,2560000,1690000
2019-05-01 14:27:29.836000,1.11207,1.11204,1690000,1690000
2019-05-01 14:27:30.809000,1.11207,1.11204,2560000,1690000
2019-05-01 14:27:31.621000,1.11207,1.11204,2440000,1690000
2019-05-01 14:27:33.723000,1.11207,1.11204,2250000,2500000
2019-05-01 14:27:38.194000,1.11207,1.11204,2440000,1690000
2019-05-01 14:27:38.927000,1.11207,1.11204,2560000,1690000
2019-05-01 14:27:41.937000,1.11207,1.11204,1690000,1250000
2019-05-01 14:27:44.456000,1.11207,1.11204,1500000,1750000
2019-05-01 14:27:55.218000,1.11206,1.11204,1000000,1250000
2019-05-01 14:27:55.357000,1.11205,1.11202,2620000,3620000
2019-05-01 14:27:56.372000,1.11206,1.11203,2250000,2500000
2019-05-01 14:27:56.474000,1.11206,1.11203,1500000,6370000
2019-05-01 14:27:56.898000,1.11206,1.11203,1500000,1870000
2019-05-01 14:27:58.736000,1.11206,1.11204,1000000,1370000
2019-05-01 14:28:00.969000,1.11206,1.11203,1310000,4060000
2019-05-01 14:28:02.763000,1.11204,1.11203,1690000,1000000
2019-05-01 14:28:02.916000,1.11205,1.11203,1000000,1370000
2019-05-01 14:28:03.049000,1.11206,1.11204,1000000,1310000
2019-05-01 14:28:03.456000,1.11206,1.11204,1000000,2870000
2019-05-01 14:28:04.698000,1.11209,1.11206,4890000,1250000
2019-05-01 14:28:04.841000,1.11207,1.11206,1000000,1250000
2019-05-01 14:28:05.875000,1.11208,1.11206,1500000,1250000
2019-05-01 14:28:12.335000,1.1121,1.11207,3940000,1690000
2019-05-01 14:28:12.437000,1.11209,1.11207,1250000,1250000
2019-05-01 14:28:27.507000,1.11209,1.11207,1810000,1690000
2019-05-01 14:28:27.743000,1.11209,1.11207,1250000,1690000
2019-05-01 14:28:28.483000,1.11209,1.11207,1250000,1690000
2019-05-01 14:28:29.457000,1.11209,1.11207,1000000,1500000
2019-05-01 14:28:32.458000,1.11209,1.11207,1500000,1500000
2019-05-01 14:28:33.464000,1.1121,1.11207,6120000,1500000
2019-05-01 14:28:33.792000,1.1121,1.11207,5250000,1500000
2019-05-01 14:28:38.027000,1.11209,1.11207,1720000,1000000
2019-05-01 14:28:38.078000,1.11208,1.11206,2370000,1000000
2019-05-01 14:28:38.129000,1.11207,1.11204,2370000,2320000
2019-05-01 14:28:38.545000,1.11206,1.11203,1120000,1870000
2019-05-01 14:28:41.256000,1.11206,1.11203,1000000,2870000
2019-05-01 14:28:45.598000,1.11206,1.11203,1690000,2060000
2019-05-01 14:28:46.083000,1.11206,1.11203,1000000,2120000
2019-05-01 14:28:52.567000,1.11207,1.11204,3940000,2060000
2019-05-01 14:28:53.153000,1.11207,1.11204,4060000,2060000
2019-05-01 14:29:03.044000,1.11204,1.11203,1250000,1000000
2019-05-01 14:29:03.146000,1.11204,1.11201,1690000,3320000
2019-05-01 14:29:06.123000,1.11203,1.11201,1000000,2120000
2019-05-01 14:29:06.225000,1.11204,1.11201,3190000,2120000
2019-05-01 14:29:10.156000,1.11203,1.11201,1000000,2120000
2019-05-01 14:29:14.496000,1.11202,1.11201,1000000,1250000
2019-05-01 14:29:16.239000,1.112,1.11199,1250000,1500000
2019-05-01 14:29:16.359000,1.11202,1.11199,5190000,1250000
2019-05-01 14:29:17.321000,1.11202,1.11199,5060000,1250000
2019-05-01 14:29:28.599000,1.11198,1.11195,4370000,1000000
2019-05-01 14:29:28.701000,1.11196,1.11194,1310000,1950000
2019-05-01 14:29:28.804000,1.11196,1.11193,2060000,1310000
2019-05-01 14:29:32.119000,1.11196,1.11192,3690000,3250000
2019-05-01 14:29:32.221000,1.11194,1.11191,2500000,3190000
2019-05-01 14:29:33.470000,1.11192,1.1119,1500000,1950000
2019-05-01 14:29:33.572000,1.11191,1.11188,1250000,4010000
2019-05-01 14:29:35.246000,1.11194,1.11192,2700000,2120000
2019-05-01 14:29:35.349000,1.11196,1.11193,1500000,1250000
2019-05-01 14:29:35.451000,1.11195,1.11194,1000000,1250000
2019-05-01 14:29:39.844000,1.11196,1.11194,1500000,1250000
2019-05-01 14:29:39.950000,1.11198,1.11196,2250000,3440000
2019-05-01 14:29:40.109000,1.112,1.11198,1750000,4500000
2019-05-01 14:29:40.313000,1.112,1.11198,1250000,1120000
2019-05-01 14:29:43.335000,1.11202,1.11199,4010000,2560000
2019-05-01 14:29:43.488000,1.11203,1.112,3260000,1370000
2019-05-01 14:29:44.413000,1.11202,1.11199,3690000,1750000
2019-05-01 14:29:44.912000,1.11202,1.11199,5060000,1250000
2019-05-01 14:29:45.645000,1.11202,1.11199,5940000,1250000
2019-05-01 14:29:46.105000,1.11202,1.11199,5060000,1250000
2019-05-01 14:29:51.514000,1.11202,1.11198,2560000,4820000
2019-05-01 14:29:51.616000,1.11201,1.11198,1000000,4200000
2019-05-01 14:29:51.758000,1.11202,1.11198,3750000,3750000
2019-05-01 14:29:51.918000,1.11201,1.11198,1120000,2870000
2019-05-01 14:29:52.020000,1.11201,1.11198,2250000,1000000
2019-05-01 14:29:52.122000,1.11201,1.11197,2250000,4390000
2019-05-01 14:29:52.248000,1.11201,1.11197,1000000,5340000
2019-05-01 14:29:53.806000,1.11197,1.11196,1500000,3070000
2019-05-01 14:29:53.858000,1.11194,1.11191,3310000,5570000
2019-05-01 14:29:54.532000,1.11193,1.11191,1000000,2060000
2019-05-01 14:29:54.634000,1.11192,1.11191,2100000,1500000
2019-05-01 14:29:54.736000,1.1119,1.11186,1000000,3820000
2019-05-01 14:29:55.467000,1.1119,1.11186,1250000,1870000
2019-05-01 14:29:55.793000,1.1119,1.11186,2870000,1620000
2019-05-01 14:29:56.107000,1.1119,1.11186,3070000,1620000
2019-05-01 14:29:56.296000,1.11189,1.11186,1250000,1870000
2019-05-01 14:30:03.060000,1.11188,1.11185,1000000,5950000
2019-05-01 14:30:03.214000,1.11189,1.11185,4310000,6320000
2019-05-01 14:30:11.046000,1.11189,1.11185,4440000,5570000
2019-05-01 14:30:11.199000,1.11187,1.11185,1250000,4760000
2019-05-01 14:30:11.302000,1.11185,1.11182,1310000,1690000
2019-05-01 14:30:11.404000,1.11184,1.11182,3000000,1500000
2019-05-01 14:30:11.517000,1.11182,1.1118,2560000,1000000
2019-05-01 14:30:11.619000,1.11182,1.11178,2560000,5620000
2019-05-01 14:30:12.445000,1.11182,1.11178,4690000,4120000
2019-05-01 14:30:12.913000,1.11187,1.11185,8250000,1370000
2019-05-01 14:30:13.015000,1.11187,1.11184,1000000,3370000
2019-05-01 14:30:13.155000,1.11187,1.11185,2250000,1370000
2019-05-01 14:30:13.258000,1.11188,1.11185,5060000,1370000
2019-05-01 14:30:13.949000,1.11188,1.11185,2940000,1370000
2019-05-01 14:30:15.973000,1.11188,1.11185,1000000,2870000
2019-05-01 14:30:16.411000,1.11189,1.11186,2250000,1370000
2019-05-01 14:30:16.571000,1.1119,1.11186,1690000,1370000
2019-05-01 14:30:18.297000,1.11191,1.1119,1120000,1000000
2019-05-01 14:30:18.349000,1.11195,1.11191,3640000,2620000
2019-05-01 14:30:18.453000,1.11194,1.11191,1000000,5250000
2019-05-01 14:30:18.557000,1.11195,1.11192,2440000,1370000
2019-05-01 14:30:18.694000,1.11194,1.11192,1000000,2120000
2019-05-01 14:30:19.387000,1.11196,1.11192,4010000,4370000
2019-05-01 14:30:21.031000,1.11198,1.11197,1120000,1000000
2019-05-01 14:30:21.082000,1.112,1.11196,1000000,10070000
2019-05-01 14:30:21.190000,1.11202,1.11197,4140000,2120000
2019-05-01 14:30:21.954000,1.112,1.11197,1370000,1690000
2019-05-01 14:30:22.750000,1.112,1.11197,1120000,1370000
2019-05-01 14:30:23.090000,1.11201,1.11197,1690000,1370000
2019-05-01 14:30:23.469000,1.112,1.11196,2060000,6310000
2019-05-01 14:30:23.710000,1.11201,1.11197,2940000,1370000
2019-05-01 14:30:23.811000,1.11201,1.11197,2440000,1370000
2019-05-01 14:30:24.797000,1.112,1.11196,1250000,6010000
2019-05-01 14:30:24.899000,1.11201,1.11197,1690000,1370000
2019-05-01 14:30:25.293000,1.112,1.11196,1370000,3820000
2019-05-01 14:30:28.519000,1.11198,1.11196,1000000,2120000
2019-05-01 14:30:28.851000,1.11197,1.11195,2060000,1100000
2019-05-01 14:30:28.953000,1.11196,1.11194,1000000,2440000
2019-05-01 14:30:30.149000,1.11196,1.11193,1690000,1310000
2019-05-01 14:30:30.200000,1.11194,1.11192,1250000,2360000
2019-05-01 14:30:30.326000,1.11195,1.11192,1000000,2870000
2019-05-01 14:30:30.429000,1.11196,1.11192,2620000,3170000
2019-05-01 14:30:30.532000,1.11196,1.11192,2810000,2420000
2019-05-01 14:30:31.769000,1.11195,1.11192,1000000,1370000
2019-05-01 14:30:32.868000,1.11194,1.11191,2060000,2870000
2019-05-01 14:30:35.201000,1.11194,1.1119,5190000,4370000
2019-05-01 14:30:36.178000,1.11194,1.1119,3560000,3920000
2019-05-01 14:30:37.190000,1.11194,1.11191,3690000,2050000
2019-05-01 14:30:38.243000,1.11194,1.11191,1120000,1250000
2019-05-01 14:30:38.446000,1.11194,1.11191,1870000,1690000
2019-05-01 14:30:38.548000,1.11194,1.11192,1870000,1000000
2019-05-01 14:30:38.832000,1.11193,1.11191,1120000,1750000
2019-05-01 14:30:39.036000,1.11194,1.11191,1000000,4690000
2019-05-01 14:30:39.148000,1.11195,1.11191,2250000,4690000
2019-05-01 14:30:39.250000,1.11195,1.11192,1870000,1000000
2019-05-01 14:30:39.659000,1.11195,1.11192,1870000,1250000
2019-05-01 14:30:44.910000,1.11195,1.11191,2060000,3920000
2019-05-01 14:30:45.012000,1.11194,1.11192,1000000,1250000
2019-05-01 14:30:45.463000,1.11193,1.11192,1000000,1250000
2019-05-01 14:30:47.995000,1.11196,1.11194,1000000,4870000
2019-05-01 14:30:48.097000,1.11197,1.11194,2250000,4120000
2019-05-01 14:30:48.216000,1.11195,1.11193,1500000,1250000
2019-05-01 14:30:48.319000,1.11194,1.11193,1500000,1500000
2019-05-01 14:30:48.422000,1.11194,1.11192,1000000,1310000
2019-05-01 14:30:51.102000,1.112,1.11198,1870000,1550000
2019-05-01 14:30:51.206000,1.11202,1.11199,1000000,1750000
2019-05-01 14:30:51.309000,1.11202,1.11199,1000000,3000000
2019-05-01 14:30:51.361000,1.11202,1.112,1000000,1250000
2019-05-01 14:30:52.321000,1.11202,1.112,1000000,1250000
2019-05-01 14:30:52.463000,1.11202,1.112,1000000,1250000
2019-05-01 14:30:52.827000,1.11202,1.112,1500000,1750000
2019-05-01 14:30:52.930000,1.11201,1.11199,4060000,1000000
2019-05-01 14:30:53.032000,1.112,1.11198,1120000,1250000
2019-05-01 14:30:53.589000,1.11202,1.112,4950000,1750000
2019-05-01 14:30:53.691000,1.11202,1.112,1500000,1750000
2019-05-01 14:30:54.635000,1.11203,1.112,3370000,1750000
2019-05-01 14:30:54.737000,1.11203,1.112,2620000,1750000
2019-05-01 14:30:56.297000,1.11202,1.112,1000000,1250000
2019-05-01 14:30:57.372000,1.11203,1.112,2620000,1750000
2019-05-01 14:30:59.842000,1.11201,1.11199,1250000,1310000
2019-05-01 14:30:59.950000,1.112,1.11197,5120000,1250000
2019-05-01 14:31:01.493000,1.11199,1.11196,3690000,1250000
2019-05-01 14:31:01.604000,1.11194,1.11192,1310000,1390000
2019-05-01 14:31:03.618000,1.11196,1.11194,1950000,1000000
2019-05-01 14:31:03.721000,1.112,1.11198,1570000,1750000
2019-05-01 14:31:03.872000,1.112,1.11197,1000000,2870000
2019-05-01 14:31:03.973000,1.11201,1.11197,2060000,2870000
2019-05-01 14:31:04.455000,1.112,1.11197,1000000,2570000
2019-05-01 14:31:04.912000,1.112,1.11197,2500000,1690000
2019-05-01 14:31:05.026000,1.112,1.11197,1500000,1750000
2019-05-01 14:31:11.553000,1.11201,1.11197,2370000,3320000
2019-05-01 14:31:28.479000,1.112,1.11197,1500000,4370000
2019-05-01 14:31:28.581000,1.11199,1.11197,2940000,2810000
2019-05-01 14:31:28.682000,1.11198,1.11196,6220000,1500000
2019-05-01 14:31:28.733000,1.11195,1.11193,1000000,1250000
2019-05-01 14:31:28.784000,1.11195,1.11192,1620000,1250000
2019-05-01 14:31:34.411000,1.11196,1.11194,3820000,1350000
2019-05-01 14:31:34.514000,1.11197,1.11196,1000000,1690000
2019-05-01 14:31:34.858000,1.11199,1.11196,4690000,1250000
2019-05-01 14:31:36.805000,1.11198,1.11195,1000000,4190000
2019-05-01 14:31:38.425000,1.11197,1.11195,1000000,2440000
2019-05-01 14:31:38.560000,1.11194,1.11191,1000000,3250000
2019-05-01 14:31:39.307000,1.11195,1.11191,2560000,4370000
2019-05-01 14:31:40.032000,1.11194,1.11191,3620000,1690000
2019-05-01 14:31:41.683000,1.11193,1.1119,1890000,2870000
2019-05-01 14:31:42.169000,1.11193,1.1119,1760000,5500000
2019-05-01 14:31:43.660000,1.11192,1.1119,1000000,4000000
2019-05-01 14:31:43.711000,1.11192,1.11189,2250000,2250000
2019-05-01 14:31:43.823000,1.11192,1.11188,4570000,6000000
2019-05-01 14:31:44.230000,1.11192,1.1119,1760000,1250000
2019-05-01 14:31:44.498000,1.11193,1.1119,1570000,5500000
2019-05-01 14:31:49.771000,1.11192,1.1119,2250000,1690000
2019-05-01 14:31:49.873000,1.11191,1.11188,1200000,3250000
2019-05-01 14:31:50.410000,1.1119,1.11188,1000000,1250000
2019-05-01 14:31:50.461000,1.1119,1.11187,3260000,1690000
2019-05-01 14:31:51.307000,1.1119,1.11187,3070000,1250000
2019-05-01 14:31:51.358000,1.11192,1.1119,4690000,2060000
2019-05-01 14:31:51.460000,1.11194,1.1119,4910000,6250000
2019-05-01 14:31:51.563000,1.11194,1.1119,3070000,8250000
2019-05-01 14:31:51.690000,1.11192,1.1119,1810000,1000000
2019-05-01 14:31:51.793000,1.11191,1.11189,1120000,1250000
2019-05-01 14:31:53.348000,1.11191,1.11188,2510000,3190000
2019-05-01 14:31:54.185000,1.1119,1.11187,2250000,3250000
2019-05-01 14:31:56.178000,1.11191,1.11189,1120000,1870000
2019-05-01 14:31:56.292000,1.11192,1.1119,1600000,1120000
2019-05-01 14:31:56.350000,1.11194,1.1119,3260000,3250000
2019-05-01 14:32:00.970000,1.11193,1.1119,1870000,1690000
2019-05-01 14:32:01.072000,1.11192,1.11189,1870000,3320000
2019-05-01 14:32:01.658000,1.11191,1.11188,1000000,3370000
2019-05-01 14:32:02.050000,1.1119,1.11188,1000000,1810000
2019-05-01 14:32:03.279000,1.11188,1.11186,1870000,1450000
2019-05-01 14:32:03.381000,1.11186,1.11184,2500000,2810000
2019-05-01 14:32:03.483000,1.11185,1.11184,1000000,1250000
2019-05-01 14:32:04.695000,1.11186,1.11182,1870000,5950000
2019-05-01 14:32:04.798000,1.11192,1.1119,1570000,1970000
2019-05-01 14:32:04.949000,1.11193,1.11191,1000000,2620000
2019-05-01 14:32:05.051000,1.11194,1.11191,1500000,4720000
2019-05-01 14:32:05.204000,1.11194,1.11192,1000000,2500000
2019-05-01 14:32:05.734000,1.11195,1.11193,1500000,1250000
2019-05-01 14:32:05.836000,1.11194,1.11192,1000000,3250000
2019-05-01 14:32:06.594000,1.11195,1.11192,1000000,2870000
2019-05-01 14:32:06.789000,1.11196,1.11193,1310000,1250000
2019-05-01 14:32:06.891000,1.11197,1.11194,1500000,1750000
2019-05-01 14:32:06.993000,1.11197,1.11194,1000000,1750000
2019-05-01 14:32:07.173000,1.11196,1.11193,1120000,4750000
2019-05-01 14:32:07.225000,1.11194,1.11191,1000000,5480000
2019-05-01 14:32:07.327000,1.11194,1.1119,3560000,7450000
2019-05-01 14:32:07.429000,1.11193,1.1119,2250000,4000000
2019-05-01 14:32:09.500000,1.11195,1.11191,2660000,1370000
2019-05-01 14:32:09.602000,1.11195,1.11191,2890000,1370000
2019-05-01 14:32:09.704000,1.11194,1.11191,1000000,1370000
2019-05-01 14:32:11.240000,1.11192,1.1119,1500000,2870000
2019-05-01 14:32:11.479000,1.11191,1.11189,1000000,1250000
2019-05-01 14:32:11.803000,1.1119,1.11188,1000000,1870000
2019-05-01 14:32:11.949000,1.1119,1.11187,1500000,2620000
2019-05-01 14:32:12.471000,1.1119,1.11186,1950000,3190000
2019-05-01 14:32:13.143000,1.1119,1.11186,3700000,3620000
2019-05-01 14:32:13.932000,1.1119,1.11188,2320000,1250000
2019-05-01 14:32:14.088000,1.11189,1.11188,1870000,2250000
2019-05-01 14:32:14.189000,1.11189,1.11187,1870000,1250000
2019-05-01 14:32:15.677000,1.11191,1.11188,3600000,1970000
2019-05-01 14:32:15.823000,1.11194,1.11191,1220000,2500000
2019-05-01 14:32:15.925000,1.11194,1.11191,1000000,4000000
2019-05-01 14:32:18.103000,1.11194,1.11191,3660000,1370000
2019-05-01 14:32:27.128000,1.11194,1.11191,3260000,1250000
2019-05-01 14:32:28.903000,1.11193,1.11191,1000000,1370000
2019-05-01 14:32:34.163000,1.11191,1.1119,1120000,1250000
2019-05-01 14:32:34.334000,1.1119,1.11188,1000000,4750000
2019-05-01 14:32:34.748000,1.1119,1.11188,1000000,2500000
2019-05-01 14:32:35.763000,1.11191,1.11188,2890000,2500000
2019-05-01 14:32:37.863000,1.11192,1.1119,1500000,2120000
2019-05-01 14:32:37.965000,1.11193,1.1119,1010000,5870000
2019-05-01 14:32:39.440000,1.11198,1.11196,1250000,1310000
2019-05-01 14:32:39.542000,1.11198,1.11196,1000000,7500000
2019-05-01 14:32:39.698000,1.11199,1.11197,1000000,1370000
2019-05-01 14:32:40.004000,1.11199,1.11196,1760000,2120000
2019-05-01 14:32:40.170000,1.11198,1.11196,2440000,3190000
2019-05-01 14:32:40.323000,1.11198,1.11196,1950000,1250000
2019-05-01 14:32:40.425000,1.11199,1.11197,1200000,1250000
2019-05-01 14:32:40.625000,1.11198,1.11196,1000000,2500000
2019-05-01 14:32:40.989000,1.11198,1.11196,1570000,1250000
2019-05-01 14:32:41.591000,1.11197,1.11195,1000000,1750000
2019-05-01 14:32:41.693000,1.11196,1.11194,1500000,1690000
2019-05-01 14:32:41.774000,1.11197,1.11196,1500000,1000000
2019-05-01 14:32:41.880000,1.11198,1.11195,2140000,3250000
2019-05-01 14:32:42.134000,1.11197,1.11195,1000000,1250000
2019-05-01 14:32:42.410000,1.11196,1.11194,1000000,1750000
2019-05-01 14:32:42.614000,1.11197,1.11194,4600000,2250000
2019-05-01 14:32:42.845000,1.11197,1.11195,2320000,1250000
2019-05-01 14:32:43.685000,1.11195,1.11193,1000000,4690000
2019-05-01 14:32:43.787000,1.11196,1.11194,1200000,1250000
2019-05-01 14:32:44.115000,1.11195,1.11194,1000000,1250000
2019-05-01 14:32:44.927000,1.11196,1.11193,1570000,2120000
2019-05-01 14:32:45.132000,1.11197,1.11194,1950000,2120000
2019-05-01 14:32:46.117000,1.11195,1.11194,1000000,2440000
2019-05-01 14:32:46.221000,1.11195,1.11192,1500000,3250000
2019-05-01 14:32:46.516000,1.11195,1.11193,1200000,1750000
2019-05-01 14:32:46.772000,1.11194,1.11193,1000000,1690000
2019-05-01 14:32:46.907000,1.11194,1.11192,1120000,1750000
2019-05-01 14:32:47.010000,1.11195,1.11192,3070000,2500000
2019-05-01 14:32:47.163000,1.11195,1.11193,1570000,1750000
2019-05-01 14:32:50.381000,1.11196,1.11193,3070000,1750000
2019-05-01 14:32:51.050000,1.11195,1.11193,1570000,1750000
2019-05-01 14:32:51.319000,1.11196,1.11193,3070000,1250000
2019-05-01 14:32:53.753000,1.11196,1.11192,3100000,4000000
2019-05-01 14:32:53.910000,1.11196,1.11192,3070000,4000000
2019-05-01 14:32:54.345000,1.11194,1.11192,1000000,2870000
2019-05-01 14:32:54.399000,1.11194,1.11192,2810000,1690000
2019-05-01 14:32:54.502000,1.11193,1.1119,1120000,7370000
2019-05-01 14:32:55.249000,1.11193,1.1119,1120000,3620000
2019-05-01 14:32:56.631000,1.11194,1.11191,2140000,1250000
2019-05-01 14:33:01.026000,1.11194,1.11191,1870000,1370000
2019-05-01 14:33:02.250000,1.11194,1.11192,1120000,1370000
2019-05-01 14:33:02.366000,1.11194,1.11191,1120000,3750000
2019-05-01 14:33:03.371000,1.11194,1.11192,1000000,2120000
2019-05-01 14:33:03.812000,1.11195,1.11193,1870000,1250000
2019-05-01 14:33:04.717000,1.11195,1.11192,1390000,1690000
2019-05-01 14:33:04.848000,1.11194,1.11192,1000000,1250000
2019-05-01 14:33:05.053000,1.11193,1.11191,1000000,1250000
2019-05-01 14:33:11.640000,1.11193,1.1119,1760000,7000000
2019-05-01 14:33:12.432000,1.1119,1.11188,2620000,1100000
2019-05-01 14:33:12.535000,1.1119,1.11189,1570000,1000000
2019-05-01 14:33:12.683000,1.1119,1.11188,1120000,1250000
2019-05-01 14:33:12.785000,1.11193,1.1119,6370000,1750000
2019-05-01 14:33:12.887000,1.11193,1.1119,1950000,2500000
2019-05-01 14:33:14.748000,1.11194,1.11191,1570000,1750000
2019-05-01 14:33:16.263000,1.11195,1.11192,3640000,1250000
2019-05-01 14:33:20.050000,1.11195,1.11192,2620000,1750000
2019-05-01 14:33:21.046000,1.11195,1.11192,2810000,1250000
2019-05-01 14:33:21.148000,1.11194,1.11191,1000000,3620000
2019-05-01 14:33:21.301000,1.11193,1.11191,1000000,1750000
2019-05-01 14:33:23.315000,1.11194,1.11191,1000000,1690000
2019-05-01 14:33:23.417000,1.11195,1.11191,2320000,2190000
2019-05-01 14:33:28.990000,1.11195,1.11192,1500000,1750000
2019-05-01 14:33:31.865000,1.11196,1.11192,1310000,1940000
2019-05-01 14:33:32.149000,1.112,1.11199,1000000,1310000
2019-05-01 14:33:32.251000,1.11202,1.11199,3190000,1750000
2019-05-01 14:33:32.353000,1.11202,1.112,1120000,1750000
2019-05-01 14:33:32.455000,1.11204,1.112,5320000,1250000
2019-05-01 14:33:32.829000,1.11202,1.112,1000000,1250000
2019-05-01 14:33:35.535000,1.11203,1.112,2440000,1250000
2019-05-01 14:33:35.922000,1.11202,1.112,1000000,1250000
2019-05-01 14:33:38.003000,1.11204,1.11202,5700000,2620000
2019-05-01 14:33:38.055000,1.11205,1.11203,5250000,1600000
2019-05-01 14:33:38.106000,1.11206,1.11203,1000000,4000000
2019-05-01 14:33:38.259000,1.11207,1.11205,4570000,1250000
2019-05-01 14:33:38.847000,1.11208,1.11205,2620000,1750000
2019-05-01 14:33:38.967000,1.11208,1.11206,1100000,1250000
2019-05-01 14:33:41.593000,1.11209,1.11206,2440000,1250000
2019-05-01 14:33:42.596000,1.11208,1.11205,1000000,2120000
2019-05-01 14:33:44.518000,1.11207,1.11204,1000000,3250000
2019-05-01 14:33:44.882000,1.11205,1.11204,1120000,1250000
2019-05-01 14:33:44.986000,1.11206,1.11203,1700000,4750000
2019-05-01 14:33:45.292000,1.11206,1.11203,1870000,4000000
2019-05-01 14:33:45.975000,1.11205,1.11203,1310000,3000000
2019-05-01 14:33:46.077000,1.11202,1.112,2060000,2700000
2019-05-01 14:33:46.181000,1.11202,1.11198,3140000,3250000
2019-05-01 14:33:46.381000,1.112,1.11198,1000000,1690000
2019-05-01 14:33:54.037000,1.112,1.11198,1000000,1370000
2019-05-01 14:33:54.241000,1.11201,1.11198,2320000,2120000
2019-05-01 14:33:54.394000,1.11202,1.11198,3070000,5120000
2019-05-01 14:33:54.496000,1.11202,1.112,1950000,1250000
2019-05-01 14:33:57.425000,1.11203,1.112,5510000,1250000
2019-05-01 14:33:57.527000,1.11203,1.11201,4200000,1250000
2019-05-01 14:33:57.630000,1.11208,1.11205,1500000,1370000
2019-05-01 14:33:57.681000,1.11207,1.11205,1200000,1870000
2019-05-01 14:33:57.883000,1.11207,1.11205,1000000,2120000
2019-05-01 14:33:58.138000,1.11208,1.11205,1570000,2120000
2019-05-01 14:34:01.362000,1.11207,1.11205,1000000,1350000
2019-05-01 14:34:01.414000,1.11207,1.11204,4870000,1820000
2019-05-01 14:34:01.556000,1.11206,1.11204,1000000,1250000
2019-05-01 14:34:01.658000,1.11207,1.11204,4870000,1750000
2019-05-01 14:34:01.912000,1.11206,1.11204,2250000,1250000
2019-05-01 14:34:02.511000,1.11205,1.11203,1000000,2060000
2019-05-01 14:34:02.643000,1.11204,1.11201,1500000,2870000
2019-05-01 14:34:08.072000,1.11204,1.11201,2440000,1370000
2019-05-01 14:34:08.175000,1.11202,1.11201,1500000,1250000
2019-05-01 14:34:08.661000,1.11201,1.11199,1120000,1250000
2019-05-01 14:34:08.713000,1.112,1.11198,4750000,1000000
2019-05-01 14:34:08.816000,1.11199,1.11197,1250000,1310000
2019-05-01 14:34:09.670000,1.112,1.11196,1870000,5580000
2019-05-01 14:34:09.773000,1.112,1.11197,1000000,4380000
2019-05-01 14:34:12.985000,1.11201,1.11198,1500000,2500000
2019-05-01 14:34:13.518000,1.11202,1.112,1870000,1250000
2019-05-01 14:34:16.671000,1.112,1.11198,1000000,4000000
2019-05-01 14:34:17.904000,1.11201,1.11198,3000000,1750000
2019-05-01 14:34:23.381000,1.11201,1.11198,2320000,1750000
2019-05-01 14:34:25.377000,1.112,1.11197,2870000,2440000
2019-05-01 14:34:27.259000,1.112,1.11197,3070000,2130000
2019-05-01 14:34:27.928000,1.11201,1.11198,2620000,1250000
2019-05-01 14:34:28.686000,1.11202,1.112,4120000,1250000
2019-05-01 14:34:28.839000,1.11202,1.11199,4700000,1250000
2019-05-01 14:34:30.232000,1.11202,1.11199,4500000,1250000
2019-05-01 14:34:31.505000,1.11202,1.11199,4760000,1250000
2019-05-01 14:34:31.919000,1.11202,1.11198,4200000,3370000
2019-05-01 14:34:32.022000,1.11202,1.112,3070000,1250000
2019-05-01 14:34:36.248000,1.11205,1.11202,3970000,4500000
2019-05-01 14:34:36.300000,1.11206,1.11204,1000000,2620000
2019-05-01 14:34:36.402000,1.11208,1.11204,1310000,3370000
2019-05-01 14:34:36.504000,1.11208,1.11205,1120000,1370000
2019-05-01 14:34:36.948000,1.11208,1.11205,1500000,1370000
2019-05-01 14:34:37.101000,1.11207,1.11205,1000000,1250000
2019-05-01 14:34:39.055000,1.11207,1.11204,2250000,2120000
2019-05-01 14:34:39.917000,1.11207,1.11204,2250000,1370000
2019-05-01 14:34:41.016000,1.11209,1.11207,2250000,2250000
2019-05-01 14:34:43.785000,1.11208,1.11206,1000000,1250000
2019-05-01 14:34:45.237000,1.11208,1.11205,1250000,1250000
2019-05-01 14:34:45.339000,1.11207,1.11203,4120000,7450000
2019-05-01 14:34:50.317000,1.11208,1.11205,3820000,1250000
2019-05-01 14:34:50.419000,1.11208,1.11206,1500000,1250000
2019-05-01 14:34:55.391000,1.11207,1.11205,1000000,2120000
2019-05-01 14:34:55.901000,1.11208,1.11205,2250000,2120000
2019-05-01 14:34:59.115000,1.1121,1.11207,1010000,3620000
2019-05-01 14:34:59.370000,1.11209,1.11206,1000000,1450000
2019-05-01 14:34:59.709000,1.11209,1.11206,1690000,2200000
2019-05-01 14:35:00.916000,1.1121,1.11208,1000000,1500000
2019-05-01 14:35:01.018000,1.11211,1.11209,2250000,1500000
2019-05-01 14:35:01.332000,1.11211,1.11209,1000000,2500000
2019-05-01 14:35:01.384000,1.11209,1.11208,1250000,2320000
2019-05-01 14:35:01.486000,1.11209,1.11206,1310000,2950000
2019-05-01 14:35:06.387000,1.11209,1.11206,3760000,1250000
2019-05-01 14:35:07.426000,1.11209,1.11206,3640000,1250000
2019-05-01 14:35:07.956000,1.1121,1.11208,1570000,1250000
2019-05-01 14:35:08.058000,1.11212,1.11209,2370000,2000000
2019-05-01 14:35:08.109000,1.11213,1.1121,1950000,1370000
2019-05-01 14:35:09.247000,1.1121,1.11209,1250000,1100000
2019-05-01 14:35:09.351000,1.11212,1.11209,3500000,3250000
2019-05-01 14:35:09.504000,1.11212,1.11209,3000000,3250000
2019-05-01 14:35:09.635000,1.11213,1.1121,3370000,1250000
2019-05-01 14:35:12.878000,1.11212,1.11209,1950000,2500000
2019-05-01 14:35:12.981000,1.11213,1.1121,1200000,1750000
2019-05-01 14:35:16.292000,1.11213,1.1121,1120000,2120000
2019-05-01 14:35:23.207000,1.11217,1.11216,1500000,1120000
2019-05-01 14:35:23.310000,1.11218,1.11216,1500000,1870000
2019-05-01 14:35:23.670000,1.11218,1.11216,1000000,1250000
2019-05-01 14:35:23.772000,1.11219,1.11216,1310000,1250000
2019-05-01 14:35:26.077000,1.11219,1.11216,1870000,1690000
2019-05-01 14:35:26.267000,1.11219,1.11216,2810000,1750000
2019-05-01 14:35:27.164000,1.11219,1.11216,1870000,1750000
2019-05-01 14:35:27.573000,1.1122,1.11216,6260000,4120000
2019-05-01 14:35:28.525000,1.1122,1.11217,2250000,5250000
2019-05-01 14:35:29.235000,1.1122,1.11217,1000000,5250000
2019-05-01 14:35:29.468000,1.1122,1.11218,1000000,2870000
2019-05-01 14:35:32.181000,1.11222,1.1122,2320000,1000000
2019-05-01 14:35:32.284000,1.11223,1.1122,1120000,2500000
2019-05-01 14:35:32.438000,1.11224,1.11221,1000000,2120000
2019-05-01 14:35:37.015000,1.11225,1.11221,5060000,5870000
2019-05-01 14:35:37.118000,1.11225,1.11223,1750000,1870000
2019-05-01 14:35:40.107000,1.11225,1.11223,1250000,1690000
2019-05-01 14:35:41.936000,1.11225,1.11223,4000000,1000000
2019-05-01 14:35:44.838000,1.11225,1.11223,1690000,1690000
2019-05-01 14:35:46.827000,1.11225,1.11222,2500000,3190000
2019-05-01 14:35:47.738000,1.11225,1.11221,4500000,6250000
2019-05-01 14:35:47.872000,1.11226,1.11223,1000000,2350000
2019-05-01 14:35:49.817000,1.11227,1.11224,3000000,1250000
2019-05-01 14:35:50.921000,1.11226,1.11224,1000000,1750000
2019-05-01 14:35:51.850000,1.11227,1.11224,1500000,2120000
2019-05-01 14:35:51.954000,1.11228,1.11225,1310000,2500000
2019-05-01 14:35:52.128000,1.11227,1.11225,1000000,1250000
2019-05-01 14:35:52.230000,1.11226,1.11224,1000000,2120000
2019-05-01 14:35:55.515000,1.11227,1.11223,3640000,2500000
2019-05-01 14:35:57.897000,1.11227,1.11225,1500000,3250000
2019-05-01 14:35:58.001000,1.11229,1.11226,1000000,2440000
2019-05-01 14:35:58.104000,1.1123,1.11226,2060000,3190000
2019-05-01 14:35:58.259000,1.1123,1.11227,1870000,1000000
2019-05-01 14:35:58.836000,1.11228,1.11227,1250000,2250000
2019-05-01 14:35:58.887000,1.11227,1.11223,2890000,1750000
2019-05-01 14:35:59.342000,1.11227,1.11223,4950000,2120000
2019-05-01 14:36:00.403000,1.11227,1.11223,4320000,2870000
2019-05-01 14:36:00.919000,1.11227,1.11225,3400000,1250000
2019-05-01 14:36:01.022000,1.11228,1.11226,2890000,1250000
2019-05-01 14:36:01.134000,1.11228,1.11227,1120000,1000000
2019-05-01 14:36:01.185000,1.1123,1.11227,4870000,3000000
2019-05-01 14:36:01.389000,1.1123,1.11228,1500000,1000000
2019-05-01 14:36:01.441000,1.11231,1.11229,1570000,2750000
2019-05-01 14:36:01.492000,1.11232,1.11229,1500000,3000000
2019-05-01 14:36:01.543000,1.11232,1.1123,1000000,1250000
2019-05-01 14:36:02.784000,1.11233,1.1123,3070000,1250000
2019-05-01 14:36:02.902000,1.11232,1.1123,1000000,1250000
2019-05-01 14:36:03.099000,1.11232,1.11229,1500000,2870000
2019-05-01 14:36:03.602000,1.11232,1.1123,1000000,1250000
2019-05-01 14:36:04.287000,1.11232,1.11229,1500000,1370000
2019-05-01 14:36:06.055000,1.11231,1.11229,1000000,1370000
2019-05-01 14:36:06.581000,1.11232,1.11229,4500000,1370000
2019-05-01 14:36:08.643000,1.11232,1.11228,3000000,2750000
2019-05-01 14:36:08.745000,1.11233,1.1123,2440000,1370000
2019-05-01 14:36:11.647000,1.11234,1.11231,3000000,1720000
2019-05-01 14:36:11.750000,1.11236,1.11235,1000000,1120000
2019-05-01 14:36:11.852000,1.11238,1.11236,1500000,1250000
2019-05-01 14:36:13.422000,1.11239,1.11236,1760000,1250000
2019-05-01 14:36:17.421000,1.11235,1.11234,1000000,1500000
2019-05-01 14:36:17.523000,1.11234,1.11231,1250000,4570000
2019-05-01 14:36:23.535000,1.11233,1.1123,1000000,4000000
2019-05-01 14:36:23.721000,1.11233,1.1123,2250000,3190000
2019-05-01 14:36:23.935000,1.11233,1.1123,2250000,3250000
2019-05-01 14:36:27.743000,1.11236,1.11234,1100000,1500000
2019-05-01 14:36:27.845000,1.11238,1.11235,1950000,1250000
2019-05-01 14:36:28.513000,1.11239,1.11236,2510000,1250000
2019-05-01 14:36:29.571000,1.11238,1.11235,2560000,1250000
2019-05-01 14:36:29.673000,1.11236,1.11234,1000000,1370000
2019-05-01 14:36:31.048000,1.11238,1.11235,1570000,2870000
2019-05-01 14:36:32.335000,1.11239,1.11235,3260000,2870000
2019-05-01 14:36:37.335000,1.11238,1.11235,1000000,2870000
2019-05-01 14:36:45.363000,1.11239,1.11236,3070000,1250000
2019-05-01 14:36:45.928000,1.11238,1.11236,1000000,1250000
2019-05-01 14:36:47.800000,1.11238,1.11235,1950000,1370000
2019-05-01 14:36:47.902000,1.11237,1.11234,1120000,1250000
2019-05-01 14:36:48.093000,1.11238,1.11235,1570000,1370000
2019-05-01 14:36:48.195000,1.11237,1.11235,2250000,1750000
2019-05-01 14:36:48.297000,1.11236,1.11234,1000000,1750000
2019-05-01 14:36:48.399000,1.11237,1.11234,3450000,1250000
2019-05-01 14:36:48.807000,1.11238,1.11234,2620000,1750000
2019-05-01 14:36:50.554000,1.11238,1.11235,1120000,1250000
2019-05-01 14:36:50.605000,1.11237,1.11234,1120000,1870000
2019-05-01 14:36:50.707000,1.11237,1.11234,1870000,1250000
2019-05-01 14:36:53.290000,1.11234,1.11233,1310000,3750000
2019-05-01 14:36:53.392000,1.11233,1.11231,1500000,1750000
2019-05-01 14:37:10.702000,1.11232,1.11229,1120000,1370000
2019-05-01 14:37:10.819000,1.1123,1.11227,3120000,1750000
2019-05-01 14:37:10.923000,1.11231,1.11228,2350000,1250000
2019-05-01 14:37:11.025000,1.11231,1.11228,1950000,1250000
2019-05-01 14:37:11.978000,1.1123,1.11227,2870000,4310000
2019-05-01 14:37:12.462000,1.11226,1.11225,1500000,1500000
2019-05-01 14:37:12.513000,1.11226,1.11223,1500000,1370000
2019-05-01 14:37:16.480000,1.11228,1.11227,2320000,1870000
2019-05-01 14:37:16.582000,1.11232,1.11228,3760000,2350000
2019-05-01 14:37:16.686000,1.11232,1.11228,3640000,3100000
2019-05-01 14:37:16.995000,1.11231,1.11228,1000000,3170000
2019-05-01 14:37:17.109000,1.11232,1.11228,3560000,3170000
2019-05-01 14:37:17.746000,1.11231,1.11228,1000000,4220000
2019-05-01 14:37:20.875000,1.11232,1.11228,4390000,3620000
2019-05-01 14:37:21.029000,1.11231,1.11228,1000000,3620000
2019-05-01 14:37:22.855000,1.11229,1.11228,2440000,1120000
2019-05-01 14:37:22.957000,1.11229,1.11226,2440000,2800000
2019-05-01 14:37:23.193000,1.11232,1.11229,3970000,1870000
2019-05-01 14:37:23.296000,1.11232,1.11229,2620000,2620000
2019-05-01 14:37:25.790000,1.11232,1.1123,1120000,1250000
2019-05-01 14:37:26.462000,1.11233,1.11231,1000000,1250000
2019-05-01 14:37:29.900000,1.1123,1.11229,1250000,1000000
2019-05-01 14:37:29.952000,1.1123,1.11227,1810000,2060000
2019-05-01 14:37:30.107000,1.1123,1.11227,1700000,2120000
2019-05-01 14:37:30.260000,1.1123,1.11227,1120000,3620000
2019-05-01 14:37:32.645000,1.11231,1.11228,2450000,1250000
2019-05-01 14:37:36.448000,1.11229,1.11227,1250000,3190000
2019-05-01 14:37:39.162000,1.11228,1.11225,1500000,1890000
2019-05-01 14:37:39.263000,1.11228,1.11224,3000000,3320000
2019-05-01 14:37:40.492000,1.11227,1.11223,1000000,6670000
2019-05-01 14:37:40.861000,1.11229,1.11226,1570000,2620000
2019-05-01 14:37:40.964000,1.11229,1.11227,1100000,2060000
2019-05-01 14:37:42.747000,1.11228,1.11227,1250000,1500000
2019-05-01 14:37:42.849000,1.11228,1.11226,2060000,1250000
2019-05-01 14:37:43.262000,1.1123,1.11226,6470000,3250000
2019-05-01 14:37:46.598000,1.1123,1.11227,1570000,4870000
2019-05-01 14:37:47.868000,1.1123,1.11227,2870000,1250000
2019-05-01 14:37:48.443000,1.1123,1.11227,1870000,1500000
2019-05-01 14:37:51.154000,1.11231,1.11228,4570000,1250000
2019-05-01 14:37:51.254000,1.1123,1.11227,2620000,3940000
2019-05-01 14:37:51.356000,1.11226,1.11224,1120000,1810000
2019-05-01 14:37:51.459000,1.11226,1.11224,1120000,1250000
2019-05-01 14:37:51.831000,1.11227,1.11225,1120000,1250000
2019-05-01 14:37:51.983000,1.11228,1.11225,1120000,2500000
2019-05-01 14:37:53.801000,1.11227,1.11225,1120000,1250000
2019-05-01 14:37:57.218000,1.11227,1.11225,1120000,1250000
2019-05-01 14:37:57.698000,1.11227,1.11224,2060000,3190000
2019-05-01 14:37:57.802000,1.11226,1.11224,1000000,1250000
2019-05-01 14:37:58.200000,1.11227,1.11224,4390000,1690000
2019-05-01 14:37:58.465000,1.11228,1.11225,1200000,2500000
2019-05-01 14:37:58.567000,1.11229,1.11225,4140000,2870000
2019-05-01 14:37:59.106000,1.11231,1.11228,2820000,1250000
2019-05-01 14:38:05.224000,1.11228,1.11227,1690000,1500000
2019-05-01 14:38:05.327000,1.11226,1.11224,1120000,2350000
2019-05-01 14:38:09.237000,1.11229,1.11227,1200000,3000000
2019-05-01 14:38:09.291000,1.1123,1.11227,1000000,4820000
2019-05-01 14:38:09.393000,1.11231,1.11228,1120000,1750000
2019-05-01 14:38:10.658000,1.11232,1.1123,1120000,1750000
2019-05-01 14:38:11.633000,1.11232,1.11228,3560000,8570000
2019-05-01 14:38:11.887000,1.11232,1.11229,5320000,1250000
2019-05-01 14:38:12.817000,1.11231,1.11229,1000000,1250000
2019-05-01 14:38:13.814000,1.1123,1.11227,3310000,5970000
2019-05-01 14:38:14.017000,1.11229,1.11226,2060000,1820000
2019-05-01 14:38:14.300000,1.1123,1.11227,3370000,2120000
2019-05-01 14:38:14.907000,1.11231,1.11229,1120000,1370000
2019-05-01 14:38:15.071000,1.11232,1.11229,1870000,2120000
2019-05-01 14:38:15.327000,1.11232,1.11229,2060000,1310000
2019-05-01 14:38:15.429000,1.11231,1.11228,1870000,1370000
2019-05-01 14:38:17.991000,1.1123,1.11227,1690000,2700000
2019-05-01 14:38:18.093000,1.1123,1.11227,3310000,1570000
2019-05-01 14:38:18.251000,1.11229,1.11226,1120000,2510000
2019-05-01 14:38:19.278000,1.11228,1.11226,1870000,1000000
2019-05-01 14:38:19.381000,1.11228,1.11225,3750000,1250000
2019-05-01 14:38:20.014000,1.11227,1.11224,1310000,3190000
2019-05-01 14:38:20.116000,1.11228,1.11224,3870000,6350000
2019-05-01 14:38:20.536000,1.11228,1.11225,4870000,1250000
2019-05-01 14:38:21.678000,1.1123,1.11228,3820000,1310000
2019-05-01 14:38:21.780000,1.11231,1.11228,2250000,1760000
2019-05-01 14:38:22.044000,1.11231,1.11228,1870000,2200000
2019-05-01 14:38:30.331000,1.11232,1.11228,4120000,3820000
2019-05-01 14:38:30.481000,1.11232,1.11228,3560000,5720000
2019-05-01 14:38:30.583000,1.11231,1.11228,1500000,2200000
2019-05-01 14:38:31.014000,1.11229,1.11227,1690000,4410000
2019-05-01 14:38:31.116000,1.11229,1.11226,1690000,1350000
2019-05-01 14:38:31.763000,1.1123,1.11227,1200000,3940000
2019-05-01 14:38:31.967000,1.11231,1.11228,1200000,2500000
2019-05-01 14:38:32.074000,1.1123,1.11228,1310000,1250000
2019-05-01 14:38:32.291000,1.1123,1.11227,1370000,1250000
2019-05-01 14:38:36.843000,1.11232,1.11229,3970000,2100000
2019-05-01 14:38:36.980000,1.11232,1.11229,3000000,1750000
2019-05-01 14:38:39.167000,1.11231,1.11228,1000000,4370000
2019-05-01 14:38:44.539000,1.11231,1.11228,1120000,1750000
2019-05-01 14:38:44.756000,1.1123,1.11228,2440000,1250000
2019-05-01 14:38:44.860000,1.11227,1.11226,1120000,1690000
2019-05-01 14:38:44.912000,1.11227,1.11224,1500000,1250000
2019-05-01 14:38:45.014000,1.11226,1.11224,1000000,1250000
2019-05-01 14:38:46.460000,1.11225,1.11223,2250000,1690000
2019-05-01 14:38:47.121000,1.11225,1.11222,4370000,1310000
2019-05-01 14:38:47.612000,1.11225,1.11222,2620000,1370000
2019-05-01 14:38:56.764000,1.11225,1.11222,1000000,4450000
2019-05-01 14:38:56.866000,1.11226,1.11223,1120000,1250000
2019-05-01 14:38:56.917000,1.11227,1.11226,1100000,1000000
2019-05-01 14:38:57.019000,1.11229,1.11226,1250000,4070000
2019-05-01 14:38:57.199000,1.1123,1.11227,4120000,1750000
2019-05-01 14:38:59.251000,1.11228,1.11226,1000000,3260000
2019-05-01 14:38:59.366000,1.11227,1.11225,1870000,1310000
2019-05-01 14:38:59.469000,1.11227,1.11223,2510000,4370000
2019-05-01 14:39:00.795000,1.11226,1.11223,1000000,4370000
2019-05-01 14:39:01.521000,1.11225,1.11223,1000000,2870000
2019-05-01 14:39:01.674000,1.11227,1.11224,4570000,1250000
2019-05-01 14:39:01.776000,1.11228,1.11225,3070000,1750000
2019-05-01 14:39:01.888000,1.11228,1.11225,1120000,2500000
2019-05-01 14:39:01.990000,1.11227,1.11225,1500000,1750000
2019-05-01 14:39:02.863000,1.11227,1.11225,1500000,1870000
2019-05-01 14:39:02.966000,1.11229,1.11226,2320000,1750000
2019-05-01 14:39:03.204000,1.1123,1.11227,3750000,1750000
2019-05-01 14:39:04.612000,1.1123,1.11227,1000000,5570000
2019-05-01 14:39:07.251000,1.1123,1.11227,1750000,4690000
2019-05-01 14:39:07.396000,1.11227,1.11224,3370000,4600000
2019-05-01 14:39:07.500000,1.11227,1.11223,5070000,4000000
2019-05-01 14:39:08.424000,1.11227,1.11223,4200000,3250000
2019-05-01 14:39:08.526000,1.11226,1.11223,1000000,1750000
2019-05-01 14:39:11.275000,1.11227,1.11223,4760000,1750000
2019-05-01 14:39:12.890000,1.11226,1.11223,1000000,1750000
2019-05-01 14:39:16.886000,1.11227,1.11224,3450000,1250000
2019-05-01 14:39:16.989000,1.11226,1.11223,1000000,4450000
2019-05-01 14:39:21.756000,1.11227,1.11225,3370000,1250000
2019-05-01 14:39:21.915000,1.1123,1.11227,3220000,3750000
2019-05-01 14:39:21.966000,1.1123,1.11227,2620000,5120000
2019-05-01 14:39:22.508000,1.11228,1.11227,1000000,2440000
2019-05-01 14:39:22.661000,1.11227,1.11224,1000000,5570000
2019-05-01 14:39:23.053000,1.11227,1.11224,3750000,2120000
2019-05-01 14:39:23.300000,1.11226,1.11222,1000000,4570000
2019-05-01 14:39:23.514000,1.11226,1.11223,1000000,2120000
2019-05-01 14:39:23.820000,1.11227,1.11223,4120000,2620000
2019-05-01 14:39:23.917000,1.11227,1.11225,2250000,1250000
2019-05-01 14:39:24.019000,1.11228,1.11225,2060000,1250000
2019-05-01 14:39:24.378000,1.11227,1.11224,1500000,5500000
2019-05-01 14:39:24.479000,1.11227,1.11223,3000000,4820000
2019-05-01 14:39:24.987000,1.11227,1.11224,3000000,1500000
2019-05-01 14:39:27.618000,1.11228,1.11225,1950000,1250000
2019-05-01 14:39:28.085000,1.11226,1.11223,1500000,3700000
2019-05-01 14:39:28.188000,1.11225,1.11222,1000000,2950000
2019-05-01 14:39:34.178000,1.11226,1.11222,2320000,2500000
2019-05-01 14:39:34.741000,1.11225,1.11222,1000000,2500000
2019-05-01 14:39:37.988000,1.11225,1.11222,1870000,1250000
2019-05-01 14:39:40.116000,1.11225,1.11222,2060000,1250000
2019-05-01 14:39:41.569000,1.11225,1.11222,1000000,1250000
2019-05-01 14:39:42.844000,1.11225,1.11222,1250000,1250000
2019-05-01 14:39:52.779000,1.11221,1.1122,1120000,1570000
2019-05-01 14:39:52.831000,1.1122,1.11218,1000000,4120000
2019-05-01 14:39:52.934000,1.1122,1.11217,1760000,1250000
2019-05-01 14:39:56.348000,1.11219,1.11215,1000000,4070000
2019-05-01 14:40:06.612000,1.11221,1.11219,1200000,3120000
2019-05-01 14:40:06.664000,1.11223,1.1122,2060000,1150000
2019-05-01 14:40:07.091000,1.1122,1.11218,1250000,2390000
2019-05-01 14:40:07.194000,1.11219,1.11217,1000000,1370000
2019-05-01 14:40:07.314000,1.11218,1.11217,1250000,1000000
2019-05-01 14:40:07.416000,1.11218,1.11215,1310000,4750000
2019-05-01 14:40:09.408000,1.11218,1.11216,1000000,2120000
2019-05-01 14:40:09.510000,1.11219,1.11216,1000000,3620000
2019-05-01 14:40:10.262000,1.11221,1.11218,4350000,1120000
2019-05-01 14:40:11.409000,1.1122,1.11217,4390000,1250000
2019-05-01 14:40:11.512000,1.1122,1.11216,5640000,1750000
2019-05-01 14:40:31.120000,1.11218,1.11216,1000000,1250000
2019-05-01 14:40:37.403000,1.11218,1.11215,2000000,3250000
2019-05-01 14:40:49.546000,1.11218,1.11215,1940000,4000000
2019-05-01 14:41:01.184000,1.11218,1.11215,2070000,4000000
2019-05-01 14:41:01.236000,1.11215,1.11212,3620000,2160000
2019-05-01 14:41:01.339000,1.11214,1.11211,1250000,1250000
2019-05-01 14:41:01.644000,1.11217,1.11215,1000000,1250000
2019-05-01 14:41:01.734000,1.11218,1.11215,4010000,1750000
2019-05-01 14:41:03.103000,1.11217,1.11215,1250000,1250000
2019-05-01 14:41:03.155000,1.11215,1.11213,2750000,4570000
2019-05-01 14:41:03.276000,1.11214,1.11211,1760000,1690000
2019-05-01 14:41:06.279000,1.11213,1.1121,1000000,2810000
2019-05-01 14:41:07.693000,1.11212,1.11209,1000000,5870000
2019-05-01 14:41:22.387000,1.11213,1.11209,2700000,4370000
2019-05-01 14:41:23.698000,1.11213,1.11209,2350000,3620000
2019-05-01 14:41:24.017000,1.11213,1.11209,2320000,3620000
2019-05-01 14:41:28.480000,1.11213,1.1121,3100000,1250000
2019-05-01 14:41:32.290000,1.11212,1.1121,1000000,1750000
2019-05-01 14:41:38.101000,1.11212,1.11209,1310000,1750000
2019-05-01 14:41:39.328000,1.11211,1.11208,2370000,6250000
2019-05-01 14:41:39.557000,1.11211,1.11208,1620000,3750000
2019-05-01 14:41:39.659000,1.11212,1.11209,2820000,1250000
2019-05-01 14:41:47.825000,1.11212,1.11209,2450000,1250000
2019-05-01 14:41:48.102000,1.11212,1.11209,2320000,1750000
2019-05-01 14:41:51.222000,1.11212,1.11209,4950000,1250000
2019-05-01 14:41:51.273000,1.1121,1.11208,1000000,4690000
2019-05-01 14:41:51.375000,1.11211,1.11209,1350000,1250000
2019-05-01 14:41:51.477000,1.11212,1.11209,3820000,1750000
2019-05-01 14:41:52.700000,1.1121,1.11208,1000000,7120000
2019-05-01 14:41:52.752000,1.11208,1.11207,1250000,4200000
2019-05-01 14:41:52.805000,1.11207,1.11205,1120000,1250000
2019-05-01 14:41:52.928000,1.11207,1.11203,5250000,3700000
2019-05-01 14:41:52.980000,1.11205,1.11203,1000000,1690000
2019-05-01 14:41:53.226000,1.11206,1.11203,1120000,1690000
2019-05-01 14:41:53.941000,1.11207,1.11204,4950000,1750000
2019-05-01 14:41:54.312000,1.11206,1.11204,3940000,1000000
2019-05-01 14:41:54.364000,1.11205,1.11203,1870000,4750000
2019-05-01 14:41:54.467000,1.11206,1.11203,2250000,1750000
2019-05-01 14:41:58.536000,1.11206,1.11203,1950000,1690000
2019-05-01 14:42:02.625000,1.11206,1.11203,1870000,1250000
2019-05-01 14:42:10.120000,1.11207,1.11204,2320000,1250000
2019-05-01 14:42:11.409000,1.11207,1.11206,1500000,1050000
2019-05-01 14:42:11.512000,1.11211,1.11208,1200000,2500000
2019-05-01 14:42:11.630000,1.11212,1.1121,1120000,1250000
2019-05-01 14:42:18.948000,1.11213,1.11212,1120000,1000000
2019-05-01 14:42:19.053000,1.11215,1.11214,3000000,1870000
2019-05-01 14:42:19.105000,1.11217,1.11214,2250000,8120000
2019-05-01 14:42:19.411000,1.11218,1.11215,2060000,1750000
2019-05-01 14:42:28.517000,1.11214,1.11213,1310000,1200000
2019-05-01 14:42:28.569000,1.11213,1.11211,1310000,1000000
2019-05-01 14:42:29.508000,1.11212,1.1121,1000000,1370000
2019-05-01 14:42:29.610000,1.11211,1.11208,2740000,2000000
2019-05-01 14:42:29.915000,1.11212,1.1121,1000000,1370000
2019-05-01 14:42:30.220000,1.11213,1.1121,2940000,1370000
2019-05-01 14:42:35.899000,1.11213,1.11211,5440000,1000000
2019-05-01 14:42:36.002000,1.11214,1.11213,1500000,1000000
2019-05-01 14:42:36.105000,1.11215,1.11213,6370000,3000000
2019-05-01 14:42:38.229000,1.11214,1.11211,1000000,1750000
2019-05-01 14:42:38.855000,1.11214,1.1121,4010000,4000000
2019-05-01 14:42:39.353000,1.11212,1.11211,2060000,1000000
2019-05-01 14:42:39.457000,1.11212,1.11209,2510000,2500000
2019-05-01 14:42:41.254000,1.11213,1.1121,6390000,2500000
2019-05-01 14:42:41.407000,1.11214,1.1121,4700000,2500000
2019-05-01 14:42:42.346000,1.11213,1.1121,1120000,2440000
2019-05-01 14:42:42.448000,1.11213,1.11211,1120000,1000000
2019-05-01 14:42:43.577000,1.11213,1.1121,1200000,2440000
2019-05-01 14:42:43.926000,1.11213,1.1121,4320000,1250000
2019-05-01 14:42:45.070000,1.11212,1.11209,1120000,1250000
2019-05-01 14:42:45.552000,1.11212,1.11209,1620000,1250000
2019-05-01 14:42:46.365000,1.11214,1.11213,3370000,1250000
2019-05-01 14:42:46.418000,1.11216,1.11213,4120000,1350000
2019-05-01 14:42:46.506000,1.11217,1.11215,2820000,1000000
2019-05-01 14:42:46.853000,1.11215,1.11214,1000000,6000000
2019-05-01 14:42:46.904000,1.11214,1.11211,1120000,4470000
2019-05-01 14:42:47.367000,1.11214,1.11211,2700000,1690000
2019-05-01 14:42:48.164000,1.11213,1.11211,1000000,1250000
2019-05-01 14:42:49.425000,1.11215,1.11214,1570000,1250000
2019-05-01 14:42:49.526000,1.11216,1.11214,1500000,5500000
2019-05-01 14:42:50.498000,1.11216,1.11214,1000000,3560000
2019-05-01 14:42:50.893000,1.11216,1.11213,3010000,1250000
2019-05-01 14:42:52.701000,1.11214,1.11212,1870000,2440000
2019-05-01 14:42:52.804000,1.11213,1.11211,1000000,1750000
2019-05-01 14:42:53.591000,1.11213,1.11211,1000000,1250000
2019-05-01 14:42:54.215000,1.11213,1.1121,4120000,1690000
2019-05-01 14:42:56.189000,1.1121,1.11208,1120000,2250000
2019-05-01 14:42:56.456000,1.11208,1.11207,1250000,2620000
2019-05-01 14:42:56.559000,1.11208,1.11206,2140000,1250000
2019-05-01 14:42:56.661000,1.11207,1.11205,1310000,1000000
2019-05-01 14:42:56.780000,1.11207,1.11205,1310000,1250000
2019-05-01 14:43:00.533000,1.11208,1.11205,1850000,4750000
2019-05-01 14:43:00.788000,1.11208,1.11205,2510000,1750000
2019-05-01 14:43:01.149000,1.11206,1.11204,2560000,1000000
2019-05-01 14:43:01.252000,1.11206,1.11203,1890000,3190000
2019-05-01 14:43:03.812000,1.11206,1.11203,2140000,1250000
2019-05-01 14:43:04.084000,1.11206,1.11202,2640000,2120000
2019-05-01 14:43:05.481000,1.11203,1.112,3310000,1950000
2019-05-01 14:43:05.712000,1.11202,1.112,2070000,1250000
2019-05-01 14:43:06.123000,1.11202,1.11199,3010000,2500000
2019-05-01 14:43:07.205000,1.11202,1.11199,1950000,1250000
2019-05-01 14:43:11.247000,1.112,1.11199,1000000,1000000
2019-05-01 14:43:11.349000,1.112,1.11198,1500000,1690000
2019-05-01 14:43:11.608000,1.11201,1.11199,1120000,1250000
2019-05-01 14:43:12.924000,1.11201,1.11198,1200000,7000000
2019-05-01 14:43:14.106000,1.11201,1.11198,1760000,1690000
2019-05-01 14:43:28.209000,1.112,1.11197,1000000,6510000
2019-05-01 14:43:28.311000,1.11199,1.11197,1250000,3380000
2019-05-01 14:43:33.123000,1.11198,1.11196,3370000,1580000
2019-05-01 14:43:33.225000,1.11197,1.11194,3750000,3640000
2019-05-01 14:43:33.327000,1.11197,1.11195,3750000,1500000
2019-05-01 14:43:33.446000,1.11197,1.11194,2940000,1450000
2019-05-01 14:43:33.548000,1.11197,1.11196,2810000,1500000
2019-05-01 14:43:33.701000,1.11197,1.11194,2940000,2200000
2019-05-01 14:43:33.805000,1.11197,1.11196,2810000,1500000
2019-05-01 14:43:34.157000,1.11197,1.11194,3690000,1390000
2019-05-01 14:43:35.075000,1.11198,1.11194,2750000,4450000
2019-05-01 14:43:35.178000,1.11199,1.11196,1620000,1450000
2019-05-01 14:43:38.176000,1.112,1.11197,3560000,2440000
2019-05-01 14:43:42.836000,1.112,1.11197,1120000,5950000
2019-05-01 14:43:49.702000,1.11199,1.11197,1250000,3450000
2019-05-01 14:43:49.804000,1.11196,1.11194,1000000,1450000
2019-05-01 14:43:49.912000,1.11196,1.11193,1000000,2510000
2019-05-01 14:43:50.319000,1.11195,1.11192,1000000,2600000
2019-05-01 14:43:51.683000,1.11196,1.11192,1870000,2570000
2019-05-01 14:43:56.304000,1.11197,1.11195,1000000,1500000
2019-05-01 14:43:56.406000,1.11198,1.11197,3000000,1690000
2019-05-01 14:43:56.529000,1.11198,1.11197,3000000,1690000
2019-05-01 14:43:57.032000,1.11198,1.11195,2370000,2500000
2019-05-01 14:44:00.068000,1.11199,1.11196,3620000,3940000
2019-05-01 14:44:00.218000,1.11199,1.11197,2120000,1500000
2019-05-01 14:44:10.893000,1.11199,1.11196,1750000,3190000
2019-05-01 14:44:13.579000,1.11197,1.11196,1250000,2250000
2019-05-01 14:44:13.682000,1.11196,1.11195,1310000,1950000
2019-05-01 14:44:13.795000,1.11196,1.11193,2440000,6040000
2019-05-01 14:44:13.898000,1.11196,1.11193,3190000,1250000
2019-05-01 14:44:14.324000,1.11195,1.11193,1000000,1250000
2019-05-01 14:44:16.243000,1.11196,1.11194,1000000,1250000
2019-05-01 14:44:16.344000,1.11197,1.11193,4690000,7750000
2019-05-01 14:44:16.914000,1.11196,1.11193,1250000,3560000
2019-05-01 14:44:18.382000,1.11197,1.11195,1120000,1250000
2019-05-01 14:44:18.484000,1.11197,1.11194,1120000,3250000
2019-05-01 14:44:25.070000,1.11197,1.11193,2810000,3700000
2019-05-01 14:44:25.172000,1.11196,1.11193,1500000,2200000
2019-05-01 14:44:30.662000,1.11196,1.11193,2440000,1310000
2019-05-01 14:44:36.363000,1.11194,1.11192,1000000,1760000
2019-05-01 14:44:36.516000,1.11194,1.11192,1810000,1250000
2019-05-01 14:44:36.619000,1.11194,1.11192,1250000,1250000
2019-05-01 14:44:57.555000,1.11194,1.11191,1500000,1690000
2019-05-01 14:44:58.141000,1.11191,1.1119,2060000,1500000
2019-05-01 14:44:58.193000,1.1119,1.11187,3310000,1850000
2019-05-01 14:44:58.560000,1.11189,1.11187,3190000,2440000
2019-05-01 14:45:00.904000,1.11189,1.11186,4750000,2060000
