time,ask,bid,ask_volume,bid_volume
2017-07-28 13:55:00.008000,1.11002,1.11,1240000,2620000
2017-07-28 13:55:00.264000,1.10997,1.10995,1610000,10120000
2017-07-28 13:55:00.568000,1.10999,1.10997,1120000,1000000
2017-07-28 13:55:02.667000,1.11,1.10997,1120000,2060000
2017-07-28 13:55:02.820000,1.11002,1.10998,4240000,1870000
2017-07-28 13:55:03.332000,1.11001,1.10998,1240000,2060000
2017-07-28 13:55:03.833000,1.10999,1.10997,1240000,1120000
2017-07-28 13:55:04.139000,1.10994,1.10992,3490000,1120000
2017-07-28 13:55:04.855000,1.10995,1.10992,6110000,1000000
2017-07-28 13:55:05.399000,1.10994,1.10991,2740000,3670000
2017-07-28 13:55:06.011000,1.10994,1.10993,2740000,1000000
2017-07-28 13:55:06.215000,1.10996,1.10993,3860000,1690000
2017-07-28 13:55:06.268000,1.10997,1.10995,2620000,1190000
2017-07-28 13:55:06.844000,1.10997,1.10994,1000000,5440000
2017-07-28 13:55:06.896000,1.10999,1.10995,4610000,1190000
2017-07-28 13:55:07.459000,1.10998,1.10995,1000000,3190000
2017-07-28 13:55:08.008000,1.10997,1.10994,1000000,4690000
2017-07-28 13:55:08.162000,1.10996,1.10993,1000000,1690000
2017-07-28 13:55:10.238000,1.10996,1.10992,3490000,2250000
2017-07-28 13:55:10.340000,1.10995,1.10991,2740000,2440000
2017-07-28 13:55:10.494000,1.10995,1.10991,2360000,5810000
2017-07-28 13:55:11.005000,1.10996,1.10992,1610000,1690000
2017-07-28 13:55:11.509000,1.10995,1.10992,1240000,3000000
2017-07-28 13:55:12.173000,1.10994,1.10992,1000000,2250000
2017-07-28 13:55:12.724000,1.10995,1.10992,1500000,4310000
2017-07-28 13:55:12.980000,1.10994,1.10991,1000000,2060000
2017-07-28 13:55:13.489000,1.10994,1.10991,1000000,2060000
2017-07-28 13:55:13.993000,1.10995,1.10991,1240000,6940000
2017-07-28 13:55:15.466000,1.10996,1.10993,1120000,1120000
2017-07-28 13:55:15.977000,1.10995,1.10992,1000000,5060000
2017-07-28 13:55:16.491000,1.10995,1.10992,3490000,3190000
2017-07-28 13:55:17.579000,1.10997,1.10993,5360000,4160000
2017-07-28 13:55:17.929000,1.11,1.10998,1000000,1310000
2017-07-28 13:55:18.237000,1.11001,1.10999,1000000,1310000
2017-07-28 13:55:18.790000,1.11002,1.10999,1500000,1310000
2017-07-28 13:55:19.303000,1.11001,1.10999,1000000,1690000
2017-07-28 13:55:19.948000,1.11002,1.11,1160000,3190000
2017-07-28 13:55:23.433000,1.11002,1.11,1160000,4310000
2017-07-28 13:55:23.945000,1.11003,1.11001,1000000,1000000
2017-07-28 13:55:24.281000,1.11005,1.11002,1540000,1690000
2017-07-28 13:55:24.334000,1.11006,1.11004,1000000,5440000
2017-07-28 13:55:24.645000,1.11005,1.11003,1870000,3750000
2017-07-28 13:55:24.800000,1.11003,1.11002,1910000,1000000
2017-07-28 13:55:25.158000,1.11005,1.11003,4500000,3440000
2017-07-28 13:55:25.261000,1.11007,1.11005,1160000,1000000
2017-07-28 13:55:25.773000,1.11008,1.11004,1540000,7310000
2017-07-28 13:55:25.926000,1.11008,1.11007,1120000,1000000
2017-07-28 13:55:26.441000,1.1101,1.11008,1370000,1000000
2017-07-28 13:55:26.952000,1.11009,1.11007,2620000,1000000
2017-07-28 13:55:27.483000,1.1101,1.11008,1370000,1000000
2017-07-28 13:55:27.723000,1.11011,1.11009,3750000,1000000
2017-07-28 13:55:27.775000,1.11012,1.1101,1500000,1000000
2017-07-28 13:55:27.880000,1.11013,1.11011,2250000,1000000
2017-07-28 13:55:28.383000,1.11013,1.11012,1120000,1000000
2017-07-28 13:55:28.537000,1.11015,1.11013,1000000,1000000
2017-07-28 13:55:29.403000,1.11016,1.11014,1870000,1000000
2017-07-28 13:55:29.916000,1.11013,1.1101,1870000,1500000
2017-07-28 13:55:30.058000,1.11014,1.11012,3370000,1000000
2017-07-28 13:55:30.474000,1.11015,1.11013,1120000,1000000
2017-07-28 13:55:31.005000,1.11015,1.11013,1370000,1000000
2017-07-28 13:55:31.210000,1.11014,1.1101,2810000,5620000
2017-07-28 13:55:31.263000,1.11013,1.11011,2250000,1000000
2017-07-28 13:55:31.773000,1.11013,1.11012,1000000,1000000
2017-07-28 13:55:32.291000,1.11014,1.11013,1500000,1000000
2017-07-28 13:55:32.905000,1.11015,1.11013,1870000,1000000
2017-07-28 13:55:34.397000,1.11015,1.11013,1500000,1000000
2017-07-28 13:55:34.449000,1.11015,1.11011,1120000,6190000
2017-07-28 13:55:34.500000,1.11015,1.11013,1120000,1000000
2017-07-28 13:55:34.552000,1.11016,1.11011,2620000,5440000
2017-07-28 13:55:34.707000,1.11016,1.11014,2620000,1000000
2017-07-28 13:55:35.238000,1.11017,1.11015,4120000,1000000
2017-07-28 13:55:36.660000,1.11017,1.11015,2620000,1000000
2017-07-28 13:55:37.177000,1.11017,1.11015,4500000,1000000
2017-07-28 13:55:37.692000,1.11017,1.11015,2620000,1000000
2017-07-28 13:55:38.206000,1.11017,1.11015,4120000,1000000
2017-07-28 13:55:38.717000,1.11016,1.11014,1120000,1000000
2017-07-28 13:55:39.522000,1.11016,1.11015,1120000,1000000
2017-07-28 13:55:40.645000,1.11017,1.11015,3750000,1000000
2017-07-28 13:55:41.963000,1.11017,1.11015,2250000,2620000
2017-07-28 13:55:42.237000,1.11026,1.11023,1120000,3750000
2017-07-28 13:55:42.494000,1.11026,1.11024,1000000,1690000
2017-07-28 13:55:43.013000,1.11027,1.11025,1870000,1250000
2017-07-28 13:55:43.718000,1.11028,1.11025,3000000,1250000
2017-07-28 13:55:44.072000,1.11026,1.11024,1000000,1310000
2017-07-28 13:55:44.635000,1.11024,1.11022,2250000,1500000
2017-07-28 13:55:44.738000,1.11021,1.11019,1000000,1690000
2017-07-28 13:55:46.132000,1.11021,1.11018,1000000,1250000
2017-07-28 13:55:47.279000,1.1102,1.11017,2320000,1000000
2017-07-28 13:55:47.381000,1.11018,1.11015,1000000,5630000
2017-07-28 13:55:47.486000,1.11019,1.11016,1200000,2440000
2017-07-28 13:55:47.743000,1.11019,1.11015,2320000,1310000
2017-07-28 13:55:48.123000,1.11019,1.11016,2400000,1690000
2017-07-28 13:55:48.634000,1.11019,1.11016,2700000,1000000
2017-07-28 13:55:49.635000,1.11017,1.11014,1000000,4270000
2017-07-28 13:55:50.095000,1.11016,1.11013,2250000,1610000
2017-07-28 13:55:50.301000,1.11015,1.11012,1500000,1250000
2017-07-28 13:55:50.853000,1.11015,1.11012,1610000,1250000
2017-07-28 13:55:51.694000,1.11015,1.11012,2250000,1250000
2017-07-28 13:55:52.243000,1.11015,1.11012,2660000,1250000
2017-07-28 13:55:53.054000,1.11015,1.11011,2250000,1690000
2017-07-28 13:55:55.360000,1.11015,1.11013,2620000,1000000
2017-07-28 13:55:56.608000,1.11015,1.11011,1120000,8060000
2017-07-28 13:55:57.154000,1.11015,1.11012,1000000,8810000
2017-07-28 13:55:58.928000,1.11017,1.11014,2290000,1000000
2017-07-28 13:55:59.286000,1.11018,1.11017,1870000,1000000
2017-07-28 13:55:59.338000,1.11019,1.11017,1500000,1000000
2017-07-28 13:55:59.849000,1.11019,1.11016,1000000,1250000
2017-07-28 13:56:00.387000,1.11019,1.11017,1000000,1000000
2017-07-28 13:56:04.591000,1.11019,1.11016,1000000,4310000
2017-07-28 13:56:07.607000,1.11017,1.11015,1000000,5250000
2017-07-28 13:56:07.863000,1.11015,1.11012,3000000,2620000
2017-07-28 13:56:07.914000,1.11015,1.11012,5250000,2250000
2017-07-28 13:56:08.426000,1.11014,1.11011,3370000,1310000
2017-07-28 13:56:10.904000,1.11014,1.11011,1610000,1310000
2017-07-28 13:56:13.974000,1.11012,1.1101,2250000,1200000
2017-07-28 13:56:14.681000,1.11011,1.11008,1870000,1760000
2017-07-28 13:56:15.150000,1.11014,1.1101,3370000,2890000
2017-07-28 13:56:16.076000,1.11013,1.1101,1000000,1200000
2017-07-28 13:56:16.601000,1.11014,1.1101,2510000,1950000
2017-07-28 13:56:19.278000,1.11015,1.11012,3000000,2060000
2017-07-28 13:56:19.589000,1.11017,1.11015,2250000,1000000
2017-07-28 13:56:20.102000,1.11016,1.11014,1000000,1270000
2017-07-28 13:56:20.606000,1.11017,1.11014,3000000,1200000
2017-07-28 13:56:21.117000,1.11017,1.11015,1870000,1120000
2017-07-28 13:56:22.483000,1.11017,1.11014,2250000,2770000
2017-07-28 13:56:23.036000,1.11019,1.11016,1690000,1120000
2017-07-28 13:56:23.089000,1.1102,1.11016,3370000,3550000
2017-07-28 13:56:23.680000,1.11019,1.11016,1000000,4690000
2017-07-28 13:56:26.877000,1.11019,1.11016,1000000,2440000
2017-07-28 13:56:27.032000,1.11019,1.11015,4190000,1120000
2017-07-28 13:56:27.689000,1.11019,1.11016,1500000,2810000
2017-07-28 13:56:28.304000,1.1102,1.11018,1000000,1000000
2017-07-28 13:56:30.946000,1.11019,1.11017,1000000,1000000
2017-07-28 13:56:31.836000,1.11019,1.11016,1500000,3750000
2017-07-28 13:56:32.142000,1.11017,1.11014,1000000,1840000
2017-07-28 13:56:32.666000,1.11016,1.11014,1000000,1840000
2017-07-28 13:56:33.646000,1.11015,1.11013,1000000,1650000
2017-07-28 13:56:33.698000,1.11014,1.11011,1120000,3190000
2017-07-28 13:56:33.801000,1.11012,1.1101,1000000,2140000
2017-07-28 13:56:34.025000,1.1101,1.11007,1000000,3560000
2017-07-28 13:56:34.684000,1.11011,1.11008,1000000,4500000
2017-07-28 13:56:35.235000,1.11012,1.11008,1310000,5620000
2017-07-28 13:56:38.167000,1.11012,1.1101,1690000,1000000
2017-07-28 13:56:38.676000,1.11013,1.1101,1000000,1500000
2017-07-28 13:56:39.035000,1.11013,1.11012,1000000,1000000
2017-07-28 13:56:39.584000,1.11013,1.11011,1000000,1120000
2017-07-28 13:56:40.529000,1.11013,1.11012,1000000,1000000
2017-07-28 13:56:41.568000,1.11013,1.11011,1000000,1120000
2017-07-28 13:56:42.077000,1.11014,1.11011,1120000,1870000
2017-07-28 13:56:43.123000,1.11015,1.11012,1690000,1000000
2017-07-28 13:56:44.156000,1.11016,1.11012,3190000,2620000
2017-07-28 13:56:48.026000,1.11015,1.11011,1250000,3750000
2017-07-28 13:56:48.407000,1.11015,1.11013,1250000,1000000
2017-07-28 13:56:49.150000,1.11017,1.11014,4500000,1310000
2017-07-28 13:56:49.305000,1.11022,1.11018,3190000,1500000
2017-07-28 13:56:49.510000,1.11023,1.11021,1870000,1120000
2017-07-28 13:56:49.707000,1.11025,1.11022,2440000,1000000
2017-07-28 13:56:50.119000,1.11027,1.11025,1870000,1000000
2017-07-28 13:56:53.425000,1.11028,1.11024,3190000,1000000
2017-07-28 13:56:53.973000,1.11028,1.11025,1120000,3190000
2017-07-28 13:56:54.281000,1.11027,1.11026,1000000,1000000
2017-07-28 13:56:54.794000,1.11026,1.11025,1000000,1120000
2017-07-28 13:57:00.989000,1.11026,1.11024,1000000,1010000
2017-07-28 13:57:02.992000,1.11025,1.11023,1000000,2440000
2017-07-28 13:57:03.389000,1.11024,1.11021,2810000,1870000
2017-07-28 13:57:03.492000,1.11023,1.1102,1690000,1000000
2017-07-28 13:57:03.596000,1.11021,1.1102,1000000,1120000
2017-07-28 13:57:03.851000,1.11023,1.11021,1500000,2060000
2017-07-28 13:57:04.004000,1.11022,1.1102,1000000,2810000
2017-07-28 13:57:04.540000,1.11021,1.1102,1000000,1250000
2017-07-28 13:57:05.045000,1.11022,1.1102,1000000,1310000
2017-07-28 13:57:05.574000,1.11022,1.11019,1000000,2440000
2017-07-28 13:57:06.240000,1.11021,1.11019,1000000,1690000
2017-07-28 13:57:06.551000,1.11019,1.11017,1000000,2250000
2017-07-28 13:57:06.805000,1.11017,1.11015,1250000,1000000
2017-07-28 13:57:06.908000,1.11016,1.11013,1690000,1120000
2017-07-28 13:57:07.449000,1.11017,1.11013,2620000,2440000
2017-07-28 13:57:10.850000,1.11017,1.11014,3000000,1000000
2017-07-28 13:57:13.890000,1.11017,1.11015,1500000,3190000
2017-07-28 13:57:13.941000,1.1102,1.11017,3000000,3000000
2017-07-28 13:57:14.476000,1.11019,1.11018,1000000,2440000
2017-07-28 13:57:14.784000,1.11022,1.11018,1310000,1870000
2017-07-28 13:57:15.306000,1.11021,1.11018,1000000,1120000
2017-07-28 13:57:15.794000,1.11017,1.11015,1000000,5250000
2017-07-28 13:57:15.949000,1.11015,1.11014,1000000,1690000
2017-07-28 13:57:16.836000,1.11015,1.11013,1000000,3190000
2017-07-28 13:57:17.350000,1.11015,1.11013,1000000,2250000
2017-07-28 13:57:17.900000,1.11014,1.11012,1000000,6370000
2017-07-28 13:57:18.736000,1.11016,1.11015,1000000,1500000
2017-07-28 13:57:18.890000,1.11017,1.11013,6040000,1500000
2017-07-28 13:57:19.927000,1.11014,1.11012,1000000,2250000
2017-07-28 13:57:21.796000,1.11016,1.11013,1690000,1870000
2017-07-28 13:57:22.153000,1.11014,1.11012,1000000,1870000
2017-07-28 13:57:24.148000,1.11013,1.11012,1000000,1120000
2017-07-28 13:57:24.456000,1.11015,1.11013,1000000,3370000
2017-07-28 13:57:24.863000,1.11017,1.11013,1690000,3370000
2017-07-28 13:57:25.170000,1.11015,1.11013,1000000,3370000
2017-07-28 13:57:26.004000,1.11017,1.11013,2810000,3000000
2017-07-28 13:57:28.064000,1.11017,1.11013,3560000,2250000
2017-07-28 13:57:29.625000,1.11017,1.11014,2440000,1000000
2017-07-28 13:57:30.212000,1.11016,1.11014,1000000,1120000
2017-07-28 13:57:30.729000,1.11017,1.11013,2440000,1870000
2017-07-28 13:57:30.984000,1.11013,1.11012,1000000,1120000
2017-07-28 13:57:31.291000,1.11011,1.1101,1000000,1690000
2017-07-28 13:57:38.083000,1.11011,1.1101,1000000,1870000
2017-07-28 13:57:38.611000,1.11012,1.1101,1000000,1610000
2017-07-28 13:57:39.145000,1.11012,1.1101,1000000,1610000
2017-07-28 13:57:40.993000,1.11011,1.1101,1000000,1610000
2017-07-28 13:57:43.256000,1.11011,1.1101,1000000,1500000
2017-07-28 13:57:43.853000,1.11009,1.11007,1690000,1120000
2017-07-28 13:57:43.904000,1.11007,1.11005,1000000,3750000
2017-07-28 13:57:44.419000,1.11007,1.11005,1000000,2740000
2017-07-28 13:57:45.035000,1.11007,1.11005,1000000,2740000
2017-07-28 13:57:45.547000,1.11007,1.11005,1000000,2740000
2017-07-28 13:57:46.171000,1.11007,1.11005,1000000,2740000
2017-07-28 13:57:46.702000,1.11007,1.11006,1120000,1150000
2017-07-28 13:57:47.179000,1.11006,1.11005,1000000,1500000
2017-07-28 13:57:47.689000,1.11006,1.11005,1000000,1120000
2017-07-28 13:57:48.201000,1.11007,1.11006,1000000,1000000
2017-07-28 13:57:49.364000,1.11008,1.11006,4120000,1000000
2017-07-28 13:57:49.874000,1.11008,1.11005,10500000,1870000
2017-07-28 13:57:50.904000,1.11006,1.11004,1000000,3750000
2017-07-28 13:57:51.416000,1.11005,1.11004,1000000,2250000
2017-07-28 13:57:52.137000,1.11005,1.11003,1000000,5250000
2017-07-28 13:57:52.810000,1.11003,1.11001,1000000,1000000
2017-07-28 13:57:53.118000,1.11001,1.10999,1000000,1500000
2017-07-28 13:57:53.634000,1.11,1.10998,1000000,6370000
2017-07-28 13:57:53.890000,1.11003,1.10999,7310000,1500000
2017-07-28 13:57:54.391000,1.11003,1.11,6560000,1000000
2017-07-28 13:57:54.698000,1.11,1.10998,1000000,5250000
2017-07-28 13:57:55.212000,1.10999,1.10998,1000000,1120000
2017-07-28 13:57:55.468000,1.11001,1.10998,1500000,1500000
2017-07-28 13:57:55.673000,1.11002,1.10999,2620000,1370000
2017-07-28 13:57:56.321000,1.10999,1.10998,1000000,2250000
2017-07-28 13:57:56.575000,1.11002,1.10999,6560000,1370000
2017-07-28 13:58:00.304000,1.11002,1.10999,4760000,1870000
2017-07-28 13:58:00.611000,1.11001,1.10999,1000000,2620000
2017-07-28 13:58:00.807000,1.11003,1.11001,3370000,1500000
2017-07-28 13:58:01.321000,1.11004,1.11002,2440000,1370000
2017-07-28 13:58:01.528000,1.11002,1.11001,1000000,1500000
2017-07-28 13:58:02.038000,1.11003,1.11001,1120000,1870000
2017-07-28 13:58:02.551000,1.11002,1.11001,1000000,1000000
2017-07-28 13:58:03.146000,1.11003,1.11001,1120000,1370000
2017-07-28 13:58:03.658000,1.11004,1.11,7310000,3000000
2017-07-28 13:58:04.188000,1.11003,1.11,1120000,3000000
2017-07-28 13:58:04.701000,1.11003,1.11,1500000,3000000
2017-07-28 13:58:05.246000,1.11003,1.11,1500000,2250000
2017-07-28 13:58:07.150000,1.11004,1.11,4310000,3000000
2017-07-28 13:58:07.764000,1.11003,1.11,1120000,3000000
2017-07-28 13:58:08.273000,1.11002,1.11,1000000,1870000
2017-07-28 13:58:08.783000,1.11003,1.11,1120000,2620000
2017-07-28 13:58:09.046000,1.11002,1.11,1000000,2250000
2017-07-28 13:58:09.537000,1.11003,1.11,1120000,2250000
2017-07-28 13:58:12.101000,1.11004,1.11,3190000,3000000
2017-07-28 13:58:12.663000,1.11003,1.11,1120000,3000000
2017-07-28 13:58:13.213000,1.11004,1.11,2810000,3000000
2017-07-28 13:58:13.851000,1.11003,1.11,1120000,3000000
2017-07-28 13:58:14.363000,1.11003,1.11,1120000,3000000
2017-07-28 13:58:14.904000,1.11003,1.11,1500000,2250000
2017-07-28 13:58:15.312000,1.11,1.10998,1310000,1370000
2017-07-28 13:58:15.822000,1.10999,1.10998,1000000,1120000
2017-07-28 13:58:16.130000,1.10993,1.10992,1000000,1000000
2017-07-28 13:58:16.631000,1.10992,1.10991,1000000,1120000
2017-07-28 13:58:17.245000,1.10991,1.1099,1000000,2620000
2017-07-28 13:58:17.757000,1.10992,1.1099,1120000,1500000
2017-07-28 13:58:18.433000,1.10993,1.10991,1500000,1120000
2017-07-28 13:58:19.227000,1.10993,1.1099,1500000,4500000
2017-07-28 13:58:20.802000,1.10993,1.10991,1120000,1870000
2017-07-28 13:58:31.085000,1.10994,1.10991,4160000,1120000
2017-07-28 13:58:31.602000,1.10993,1.10989,3000000,2250000
2017-07-28 13:58:32.274000,1.10993,1.10989,3000000,3000000
2017-07-28 13:58:33.003000,1.10993,1.10989,3000000,3000000
2017-07-28 13:58:34.082000,1.10993,1.1099,1870000,1870000
2017-07-28 13:58:34.593000,1.10993,1.1099,1000000,2250000
2017-07-28 13:58:38.418000,1.10994,1.1099,3190000,1500000
2017-07-28 13:58:39.211000,1.10993,1.1099,1500000,1000000
2017-07-28 13:58:40.637000,1.10994,1.1099,2060000,1500000
2017-07-28 13:58:41.227000,1.10993,1.10989,1870000,4200000
2017-07-28 13:58:43.291000,1.10993,1.1099,1500000,1000000
2017-07-28 13:58:43.827000,1.10993,1.1099,1690000,1000000
2017-07-28 13:58:44.338000,1.10994,1.1099,3560000,2250000
2017-07-28 13:58:44.954000,1.10994,1.10992,1690000,1000000
2017-07-28 13:58:45.808000,1.10995,1.10993,3000000,1250000
2017-07-28 13:58:46.323000,1.10996,1.10994,1500000,1000000
2017-07-28 13:58:50.621000,1.10996,1.10995,1500000,1000000
2017-07-28 13:58:51.300000,1.10998,1.10996,1500000,1190000
2017-07-28 13:58:51.984000,1.10999,1.10997,1000000,1000000
2017-07-28 13:58:53.553000,1.11001,1.10996,2660000,1190000
2017-07-28 13:58:53.859000,1.11001,1.10999,2660000,1000000
2017-07-28 13:58:54.791000,1.10999,1.10998,1000000,1000000
2017-07-28 13:58:55.298000,1.11,1.10998,1370000,1000000
2017-07-28 13:58:55.658000,1.11001,1.10998,4720000,1120000
2017-07-28 13:58:55.762000,1.11002,1.11,3450000,1000000
2017-07-28 13:58:55.956000,1.11003,1.11,1120000,1000000
2017-07-28 13:58:56.620000,1.11002,1.11,1000000,1000000
2017-07-28 13:58:57.125000,1.11003,1.11,1120000,1000000
2017-07-28 13:58:57.815000,1.11003,1.11,1120000,1690000
2017-07-28 13:58:58.378000,1.11004,1.11001,1000000,1310000
2017-07-28 13:58:58.825000,1.10999,1.10998,1500000,1000000
2017-07-28 13:58:59.239000,1.10997,1.10996,1000000,1500000
2017-07-28 13:58:59.652000,1.10996,1.10994,1000000,1690000
2017-07-28 13:58:59.757000,1.10995,1.10992,1120000,1250000
2017-07-28 13:58:59.963000,1.10994,1.10991,2620000,1370000
2017-07-28 13:59:00.465000,1.10994,1.10991,3370000,1000000
2017-07-28 13:59:00.977000,1.10994,1.1099,3750000,2060000
2017-07-28 13:59:01.333000,1.10995,1.10992,1500000,2440000
2017-07-28 13:59:01.849000,1.10998,1.10994,1350000,3190000
2017-07-28 13:59:02.364000,1.10998,1.10995,1000000,1500000
2017-07-28 13:59:02.981000,1.10998,1.10995,1120000,1000000
2017-07-28 13:59:03.484000,1.10998,1.10994,2770000,2440000
2017-07-28 13:59:04.700000,1.10998,1.10996,1000000,1690000
2017-07-28 13:59:04.804000,1.11003,1.11,6070000,1250000
2017-07-28 13:59:05.313000,1.11002,1.11001,1120000,1000000
2017-07-28 13:59:05.873000,1.11003,1.11001,1200000,1250000
2017-07-28 13:59:10.872000,1.11003,1.11001,2320000,1000000
2017-07-28 13:59:11.438000,1.11003,1.11001,2470000,1250000
2017-07-28 13:59:13.615000,1.11003,1.11,1200000,1190000
2017-07-28 13:59:14.122000,1.11003,1.11,1870000,1190000
2017-07-28 13:59:15.320000,1.11003,1.11002,1120000,1000000
2017-07-28 13:59:16.898000,1.11004,1.11002,1200000,1000000
2017-07-28 13:59:19.011000,1.11003,1.11001,1870000,1000000
2017-07-28 13:59:19.574000,1.11002,1.11,1000000,2440000
2017-07-28 13:59:19.729000,1.11003,1.11001,1000000,1690000
2017-07-28 13:59:22.676000,1.11003,1.10999,4120000,2810000
2017-07-28 13:59:23.346000,1.11003,1.10999,4500000,2060000
2017-07-28 13:59:25.532000,1.11003,1.10999,2250000,2810000
2017-07-28 13:59:31.075000,1.11002,1.11,1120000,1000000
2017-07-28 13:59:31.583000,1.11002,1.10999,1120000,3750000
2017-07-28 13:59:33.107000,1.11003,1.11,1500000,1000000
2017-07-28 13:59:34.130000,1.11003,1.11001,1500000,1000000
2017-07-28 13:59:34.640000,1.11004,1.11,2250000,1870000
2017-07-28 13:59:35.198000,1.11002,1.10999,1500000,2250000
2017-07-28 13:59:35.710000,1.11002,1.10999,1120000,3000000
2017-07-28 13:59:36.344000,1.11003,1.11,3000000,1000000
2017-07-28 13:59:36.855000,1.11002,1.10999,1120000,2250000
2017-07-28 13:59:37.714000,1.11004,1.11,3820000,1000000
2017-07-28 13:59:38.363000,1.11003,1.10999,1500000,2620000
2017-07-28 13:59:38.902000,1.11003,1.11,1120000,1000000
2017-07-28 13:59:39.414000,1.11004,1.11001,1200000,1000000
2017-07-28 13:59:39.925000,1.11005,1.11002,4120000,1000000
2017-07-28 13:59:40.451000,1.11005,1.11001,2620000,2620000
2017-07-28 13:59:40.758000,1.11006,1.11003,1120000,1500000
2017-07-28 13:59:41.271000,1.11007,1.11003,1000000,3370000
2017-07-28 13:59:41.884000,1.11003,1.11002,1310000,1000000
2017-07-28 13:59:42.039000,1.11003,1.10999,1500000,1000000
2017-07-28 13:59:42.588000,1.11003,1.10999,1120000,1500000
2017-07-28 13:59:43.926000,1.11002,1.10999,1000000,1500000
2017-07-28 13:59:44.828000,1.11002,1.11001,1000000,1000000
2017-07-28 13:59:44.879000,1.11005,1.11002,2400000,1000000
2017-07-28 13:59:44.931000,1.11007,1.11004,7120000,1000000
2017-07-28 13:59:45.238000,1.11007,1.11006,2250000,1500000
2017-07-28 13:59:45.669000,1.1101,1.11006,1120000,1870000
2017-07-28 13:59:46.282000,1.11009,1.11005,1000000,2620000
2017-07-28 13:59:46.538000,1.11011,1.11007,1870000,1120000
2017-07-28 13:59:47.050000,1.11011,1.11007,1000000,2250000
2017-07-28 13:59:48.288000,1.11012,1.11008,1120000,1120000
2017-07-28 13:59:48.798000,1.11011,1.11007,1000000,2250000
2017-07-28 13:59:49.407000,1.1101,1.11006,1120000,2620000
2017-07-28 13:59:49.509000,1.11008,1.11006,1000000,1120000
2017-07-28 13:59:50.188000,1.11007,1.11004,1000000,2700000
2017-07-28 13:59:51.704000,1.11008,1.11005,1000000,1120000
2017-07-28 13:59:53.296000,1.11008,1.11003,1120000,3370000
2017-07-28 13:59:53.944000,1.11005,1.11003,1000000,2620000
2017-07-28 13:59:53.996000,1.11007,1.11003,1000000,2620000
2017-07-28 13:59:54.553000,1.11007,1.11003,1370000,2620000
2017-07-28 13:59:55.059000,1.11007,1.11003,1120000,2620000
2017-07-28 13:59:55.111000,1.11003,1.11002,1120000,3000000
2017-07-28 13:59:55.214000,1.11001,1.10999,1000000,1000000
2017-07-28 13:59:55.368000,1.11,1.10997,1000000,1500000
2017-07-28 13:59:55.894000,1.10999,1.10995,1000000,1570000
2017-07-28 13:59:56.523000,1.10999,1.10995,1000000,1000000
2017-07-28 13:59:56.582000,1.10997,1.10994,1120000,1120000
2017-07-28 13:59:56.892000,1.10995,1.10991,1120000,1570000
2017-07-28 13:59:56.944000,1.10997,1.10993,3000000,1100000
2017-07-28 13:59:56.996000,1.10999,1.10995,1750000,1000000
2017-07-28 13:59:57.099000,1.10999,1.10995,1000000,1350000
2017-07-28 13:59:57.328000,1.10997,1.10994,1000000,1000000
2017-07-28 13:59:57.690000,1.10999,1.10995,1000000,2920000
2017-07-28 13:59:57.794000,1.11001,1.10996,2250000,3300000
2017-07-28 13:59:58.337000,1.10999,1.10996,1000000,1000000
2017-07-28 13:59:58.594000,1.11001,1.10996,1000000,1350000
2017-07-28 13:59:58.897000,1.10999,1.10996,1370000,1000000
2017-07-28 13:59:59.001000,1.10999,1.10994,1370000,1000000
2017-07-28 13:59:59.311000,1.11,1.10995,1000000,1000000
2017-07-28 14:00:00.337000,1.11001,1.10996,1200000,1000000
2017-07-28 14:00:00.389000,1.10999,1.10998,1000000,1000000
2017-07-28 14:00:00.494000,1.10998,1.10994,1000000,1000000
2017-07-28 14:00:01.091000,1.10997,1.10991,1570000,1000000
2017-07-28 14:00:01.515000,1.10995,1.1099,1000000,1100000
2017-07-28 14:00:02.283000,1.10996,1.1099,1000000,1570000
2017-07-28 14:00:02.748000,1.10993,1.1099,1500000,1100000
2017-07-28 14:00:03.036000,1.1099,1.10983,1000000,1570000
2017-07-28 14:00:03.395000,1.1099,1.10985,1000000,2250000
2017-07-28 14:00:03.873000,1.10988,1.10984,1000000,1000000
2017-07-28 14:00:03.925000,1.10988,1.10982,1500000,1000000
2017-07-28 14:00:04.693000,1.10986,1.1098,1870000,1570000
2017-07-28 14:00:04.950000,1.1099,1.10984,1000000,1500000
2017-07-28 14:00:05.052000,1.1099,1.10983,1000000,3450000
2017-07-28 14:00:05.258000,1.10988,1.10982,3220000,1690000
2017-07-28 14:00:05.564000,1.10981,1.10979,1000000,3370000
2017-07-28 14:00:05.771000,1.10985,1.1098,3970000,1500000
2017-07-28 14:00:05.823000,1.10986,1.10981,1500000,2250000
2017-07-28 14:00:06.060000,1.10988,1.10983,4500000,1120000
2017-07-28 14:00:06.579000,1.10985,1.10981,1000000,3000000
2017-07-28 14:00:07.299000,1.10984,1.10981,1000000,1750000
2017-07-28 14:00:07.813000,1.10985,1.10981,1000000,1500000
2017-07-28 14:00:08.126000,1.10982,1.1098,1000000,1120000
2017-07-28 14:00:08.650000,1.10983,1.10979,1000000,2620000
2017-07-28 14:00:10.127000,1.10983,1.1098,1500000,1370000
2017-07-28 14:00:10.642000,1.10982,1.1098,1350000,1370000
2017-07-28 14:00:10.744000,1.1098,1.10976,1000000,2620000
2017-07-28 14:00:11.247000,1.10979,1.10976,1000000,1000000
2017-07-28 14:00:11.858000,1.10979,1.10975,1000000,2250000
2017-07-28 14:00:12.014000,1.10981,1.10979,1720000,1000000
2017-07-28 14:00:12.273000,1.10994,1.10989,7200000,2250000
2017-07-28 14:00:12.634000,1.10995,1.1099,2620000,2620000
2017-07-28 14:00:14.899000,1.10995,1.10993,1500000,1950000
2017-07-28 14:00:14.957000,1.11002,1.10999,1120000,1250000
2017-07-28 14:00:15.213000,1.11003,1.10999,6670000,1190000
2017-07-28 14:00:15.758000,1.11005,1.11001,5020000,1310000
2017-07-28 14:00:16.028000,1.10997,1.10993,1000000,3190000
2017-07-28 14:00:16.181000,1.11006,1.11003,3670000,1000000
2017-07-28 14:00:16.539000,1.11008,1.11004,2920000,1250000
2017-07-28 14:00:17.208000,1.11008,1.11004,2170000,2810000
2017-07-28 14:00:18.405000,1.11007,1.11004,1000000,2250000
2017-07-28 14:00:18.733000,1.11008,1.11006,1120000,1000000
2017-07-28 14:00:18.837000,1.11012,1.11009,3860000,1000000
2017-07-28 14:00:19.043000,1.11013,1.11012,1000000,1000000
2017-07-28 14:00:19.096000,1.11015,1.11012,2170000,1120000
2017-07-28 14:00:19.612000,1.11015,1.11013,1800000,1000000
2017-07-28 14:00:19.921000,1.11019,1.11017,1720000,2620000
2017-07-28 14:00:19.973000,1.11021,1.11018,4120000,1500000
2017-07-28 14:00:20.220000,1.11023,1.1102,3790000,1000000
2017-07-28 14:00:20.272000,1.1103,1.11028,3560000,1500000
2017-07-28 14:00:20.325000,1.11031,1.11029,3750000,1000000
2017-07-28 14:00:20.429000,1.11037,1.11034,3940000,1000000
2017-07-28 14:00:20.532000,1.11038,1.11036,1220000,1000000
2017-07-28 14:00:20.863000,1.1104,1.11036,1660000,1870000
2017-07-28 14:00:21.614000,1.11039,1.11036,1250000,1870000
2017-07-28 14:00:22.024000,1.11038,1.11036,1000000,1120000
2017-07-28 14:00:22.537000,1.11036,1.11034,1000000,3940000
2017-07-28 14:00:22.642000,1.11036,1.11032,1120000,1350000
2017-07-28 14:00:22.746000,1.11037,1.11034,1000000,1120000
2017-07-28 14:00:23.260000,1.11038,1.11034,1120000,1870000
2017-07-28 14:00:23.785000,1.11037,1.11032,3040000,3000000
2017-07-28 14:00:24.146000,1.11041,1.11039,1000000,1500000
2017-07-28 14:00:24.200000,1.11046,1.11041,3190000,1500000
2017-07-28 14:00:24.253000,1.11046,1.11043,1310000,1000000
2017-07-28 14:00:24.306000,1.11047,1.11042,2440000,1120000
2017-07-28 14:00:24.820000,1.11046,1.11041,1250000,2620000
2017-07-28 14:00:25.685000,1.11045,1.11042,1000000,1500000
2017-07-28 14:00:25.823000,1.11045,1.11042,1500000,1000000
2017-07-28 14:00:25.874000,1.1104,1.11038,1000000,1870000
2017-07-28 14:00:26.284000,1.11042,1.11039,1160000,3750000
2017-07-28 14:00:26.335000,1.11044,1.1104,1390000,2250000
2017-07-28 14:00:26.850000,1.11044,1.1104,1010000,5620000
2017-07-28 14:00:27.106000,1.11042,1.1104,1000000,1500000
2017-07-28 14:00:27.657000,1.11042,1.11038,1000000,5810000
2017-07-28 14:00:27.964000,1.11036,1.11035,1120000,1000000
2017-07-28 14:00:28.067000,1.11033,1.11031,1120000,1500000
2017-07-28 14:00:28.118000,1.11033,1.1103,1120000,1120000
2017-07-28 14:00:28.476000,1.11035,1.11031,3790000,1750000
2017-07-28 14:00:28.580000,1.11034,1.11031,1120000,1870000
2017-07-28 14:00:28.841000,1.11034,1.11029,2060000,1870000
2017-07-28 14:00:29.389000,1.11034,1.11029,2210000,2250000
2017-07-28 14:00:30.127000,1.11033,1.11028,2060000,4500000
2017-07-28 14:00:30.591000,1.11032,1.11031,1250000,1000000
2017-07-28 14:00:30.695000,1.11038,1.11034,2810000,3000000
2017-07-28 14:00:30.864000,1.11038,1.11036,1690000,1120000
2017-07-28 14:00:31.375000,1.11037,1.11035,1500000,1000000
2017-07-28 14:00:31.713000,1.11034,1.11033,1000000,1000000
2017-07-28 14:00:31.969000,1.11033,1.11032,1000000,1120000
2017-07-28 14:00:32.565000,1.11032,1.11031,1000000,1000000
2017-07-28 14:00:33.077000,1.11032,1.1103,1000000,1500000
2017-07-28 14:00:33.421000,1.11041,1.11039,1000000,3750000
2017-07-28 14:00:33.934000,1.11039,1.11038,1310000,1500000
2017-07-28 14:00:34.038000,1.11037,1.11034,1000000,5250000
2017-07-28 14:00:34.090000,1.11033,1.11031,1000000,1500000
2017-07-28 14:00:34.231000,1.11032,1.1103,1000000,1000000
2017-07-28 14:00:34.591000,1.11034,1.11033,4870000,2620000
2017-07-28 14:00:34.898000,1.11036,1.11035,1000000,1500000
2017-07-28 14:00:35.404000,1.11038,1.11036,1000000,1120000
2017-07-28 14:00:35.507000,1.11041,1.11039,1500000,2250000
2017-07-28 14:00:36.069000,1.11041,1.1104,1000000,1500000
2017-07-28 14:00:36.585000,1.11039,1.11037,1120000,1000000
2017-07-28 14:00:36.793000,1.11035,1.11034,1000000,1120000
2017-07-28 14:00:37.343000,1.11036,1.11035,1000000,1500000
2017-07-28 14:00:38.537000,1.11035,1.11034,4270000,1500000
2017-07-28 14:00:38.640000,1.11032,1.11029,1000000,3190000
2017-07-28 14:00:38.800000,1.11035,1.11032,5960000,1200000
2017-07-28 14:00:39.005000,1.11034,1.11031,7310000,1000000
2017-07-28 14:00:39.108000,1.11034,1.11029,8060000,1500000
2017-07-28 14:00:39.313000,1.11035,1.11032,5400000,1000000
2017-07-28 14:00:39.863000,1.11035,1.1103,4090000,3370000
2017-07-28 14:00:40.683000,1.11034,1.1103,3040000,3370000
2017-07-28 14:00:41.207000,1.11033,1.11029,1000000,3370000
2017-07-28 14:00:41.720000,1.11032,1.11028,4270000,4120000
2017-07-28 14:00:42.448000,1.11032,1.11028,3520000,3750000
2017-07-28 14:00:44.275000,1.11033,1.11029,3070000,1000000
2017-07-28 14:00:44.600000,1.11037,1.11034,2250000,2250000
2017-07-28 14:00:44.907000,1.11038,1.11036,2660000,1000000
2017-07-28 14:00:45.470000,1.11038,1.11037,3040000,1000000
2017-07-28 14:00:45.992000,1.11038,1.11036,2660000,1000000
2017-07-28 14:00:47.478000,1.11038,1.11036,4540000,1000000
2017-07-28 14:00:47.989000,1.11038,1.11036,3040000,1000000
2017-07-28 14:00:50.140000,1.11038,1.11036,2060000,1000000
2017-07-28 14:00:50.994000,1.11038,1.11035,4540000,1000000
2017-07-28 14:00:52.830000,1.11037,1.11035,1690000,1000000
2017-07-28 14:00:53.315000,1.11036,1.11034,2100000,1500000
2017-07-28 14:00:53.367000,1.11035,1.11033,6260000,1500000
2017-07-28 14:00:53.574000,1.11037,1.11034,6040000,1000000
2017-07-28 14:00:54.113000,1.11036,1.11034,1000000,1000000
2017-07-28 14:00:56.407000,1.11036,1.11034,1570000,1000000
2017-07-28 14:00:56.459000,1.11033,1.11032,1000000,1000000
2017-07-28 14:00:56.511000,1.11031,1.1103,1000000,1000000
2017-07-28 14:00:57.032000,1.1103,1.11029,1000000,1120000
2017-07-28 14:00:57.083000,1.11028,1.11027,1250000,2620000
2017-07-28 14:00:57.135000,1.11027,1.11024,1000000,3750000
2017-07-28 14:00:57.289000,1.11026,1.11024,1000000,3000000
2017-07-28 14:00:57.849000,1.11028,1.11025,4500000,1870000
2017-07-28 14:00:57.901000,1.11029,1.11028,8250000,1000000
2017-07-28 14:00:58.054000,1.1103,1.11027,6000000,2620000
2017-07-28 14:00:58.564000,1.1103,1.11027,3750000,2620000
2017-07-28 14:00:59.426000,1.1103,1.11027,3750000,2620000
2017-07-28 14:00:59.886000,1.11032,1.11029,3370000,1000000
2017-07-28 14:01:00.397000,1.11032,1.1103,2250000,1120000
2017-07-28 14:01:00.973000,1.11033,1.1103,3750000,1120000
2017-07-28 14:01:01.493000,1.11032,1.1103,2250000,1120000
2017-07-28 14:01:01.784000,1.11035,1.11033,1690000,1120000
2017-07-28 14:01:02.113000,1.11037,1.11034,1120000,5250000
2017-07-28 14:01:02.625000,1.11038,1.11036,3070000,2620000
2017-07-28 14:01:03.023000,1.11036,1.11035,1000000,1000000
2017-07-28 14:01:03.564000,1.11036,1.11034,3000000,1500000
2017-07-28 14:01:03.901000,1.11032,1.11031,1000000,1000000
2017-07-28 14:01:04.414000,1.11031,1.11029,1000000,1370000
2017-07-28 14:01:04.722000,1.11033,1.11031,1000000,2250000
2017-07-28 14:01:05.255000,1.11032,1.1103,1000000,2620000
2017-07-28 14:01:05.567000,1.11031,1.11029,1000000,1870000
2017-07-28 14:01:06.078000,1.11031,1.11029,1000000,1870000
2017-07-28 14:01:06.484000,1.11033,1.11031,1120000,1120000
2017-07-28 14:01:06.996000,1.11032,1.1103,1000000,1870000
2017-07-28 14:01:08.572000,1.11033,1.1103,1250000,2620000
2017-07-28 14:01:08.676000,1.11035,1.11034,1500000,1000000
2017-07-28 14:01:08.882000,1.11034,1.11032,3000000,1200000
2017-07-28 14:01:09.452000,1.11035,1.11033,4500000,1000000
2017-07-28 14:01:09.503000,1.11036,1.11033,3560000,1000000
2017-07-28 14:01:10.099000,1.11036,1.11034,1310000,1500000
2017-07-28 14:01:10.592000,1.11037,1.11036,2250000,1000000
2017-07-28 14:01:10.900000,1.11039,1.11038,2250000,1200000
2017-07-28 14:01:11.413000,1.11038,1.11037,3560000,1950000
2017-07-28 14:01:11.467000,1.11038,1.11035,3560000,3000000
2017-07-28 14:01:11.979000,1.11037,1.11034,1000000,1500000
2017-07-28 14:01:12.339000,1.11039,1.11038,2620000,1000000
2017-07-28 14:01:12.602000,1.11039,1.11036,2810000,1120000
2017-07-28 14:01:12.757000,1.11037,1.11034,1310000,4120000
2017-07-28 14:01:13.273000,1.11039,1.11036,3190000,1000000
2017-07-28 14:01:13.526000,1.11042,1.11039,1310000,3000000
2017-07-28 14:01:15.011000,1.11043,1.11039,4350000,3370000
2017-07-28 14:01:18.351000,1.11039,1.11036,7200000,3000000
2017-07-28 14:01:18.454000,1.11038,1.11034,3820000,1120000
2017-07-28 14:01:19.546000,1.11033,1.11032,1120000,3000000
2017-07-28 14:01:19.599000,1.11029,1.11028,2470000,1000000
2017-07-28 14:01:19.857000,1.11031,1.11028,2440000,1250000
2017-07-28 14:01:20.401000,1.1103,1.11027,3040000,3000000
2017-07-28 14:01:20.504000,1.11029,1.11025,8850000,3370000
2017-07-28 14:01:20.912000,1.11029,1.11027,2250000,1000000
2017-07-28 14:01:21.431000,1.11031,1.11027,3190000,4500000
2017-07-28 14:01:21.941000,1.11031,1.11028,2440000,1000000
2017-07-28 14:01:22.949000,1.11028,1.11026,4160000,3000000
2017-07-28 14:01:23.053000,1.11026,1.11022,2060000,2250000
2017-07-28 14:01:24.270000,1.11024,1.11022,1250000,1000000
2017-07-28 14:01:24.775000,1.11023,1.11021,2620000,2250000
2017-07-28 14:01:24.827000,1.11021,1.11017,4910000,3000000
2017-07-28 14:01:25.341000,1.11019,1.11016,2440000,1000000
2017-07-28 14:01:25.871000,1.11018,1.11016,1000000,1500000
2017-07-28 14:01:26.081000,1.11016,1.11014,1000000,2620000
2017-07-28 14:01:27.065000,1.11016,1.11013,1000000,2250000
2017-07-28 14:01:27.118000,1.11014,1.11013,1120000,1000000
2017-07-28 14:01:27.423000,1.11012,1.11009,1190000,1250000
2017-07-28 14:01:27.631000,1.11006,1.11003,1000000,2810000
2017-07-28 14:01:28.221000,1.11005,1.11003,1000000,1000000
2017-07-28 14:01:28.841000,1.11004,1.11002,1000000,2250000
2017-07-28 14:01:28.944000,1.11002,1.11001,1000000,1500000
2017-07-28 14:01:29.403000,1.11001,1.10999,1000000,1120000
2017-07-28 14:01:30.409000,1.11,1.10999,1000000,1000000
2017-07-28 14:01:30.461000,1.10999,1.10997,3710000,1500000
2017-07-28 14:01:30.513000,1.10998,1.10996,1000000,2250000
2017-07-28 14:01:31.027000,1.10999,1.10997,1000000,2620000
2017-07-28 14:01:31.374000,1.11,1.10999,1000000,1120000
2017-07-28 14:01:31.787000,1.10999,1.10997,1000000,1870000
2017-07-28 14:01:32.044000,1.10994,1.10992,1000000,1690000
2017-07-28 14:01:32.563000,1.10993,1.10991,1000000,1120000
2017-07-28 14:01:33.025000,1.1099,1.10989,1120000,2250000
2017-07-28 14:01:33.076000,1.10988,1.10987,1120000,1120000
2017-07-28 14:01:33.335000,1.10987,1.10984,2470000,3750000
2017-07-28 14:01:33.696000,1.10982,1.1098,1000000,2250000
2017-07-28 14:01:33.747000,1.10979,1.10977,1000000,1000000
2017-07-28 14:01:33.799000,1.10977,1.10975,3000000,1000000
2017-07-28 14:01:34.108000,1.10973,1.10972,3750000,2250000
2017-07-28 14:01:34.619000,1.10974,1.10972,2510000,1500000
2017-07-28 14:01:34.830000,1.1097,1.10967,1000000,1870000
2017-07-28 14:01:35.344000,1.10968,1.10966,1000000,3000000
2017-07-28 14:01:35.733000,1.10967,1.10965,2960000,1000000
2017-07-28 14:01:35.784000,1.10964,1.10963,1000000,1000000
2017-07-28 14:01:35.836000,1.10963,1.10961,1000000,2620000
2017-07-28 14:01:36.263000,1.10961,1.1096,2620000,1120000
2017-07-28 14:01:36.470000,1.10968,1.10966,1000000,2250000
2017-07-28 14:01:36.574000,1.10962,1.1096,2060000,1120000
2017-07-28 14:01:36.907000,1.10959,1.10958,1000000,1120000
2017-07-28 14:01:37.010000,1.10958,1.10956,1000000,1000000
2017-07-28 14:01:37.269000,1.10954,1.10952,6190000,6000000
2017-07-28 14:01:37.322000,1.10954,1.10951,6940000,1500000
2017-07-28 14:01:37.425000,1.10955,1.10952,1120000,3560000
2017-07-28 14:01:37.477000,1.10957,1.10954,1120000,1000000
2017-07-28 14:01:37.751000,1.10956,1.10953,3900000,1000000
2017-07-28 14:01:38.059000,1.10956,1.10952,5960000,1100000
2017-07-28 14:01:38.378000,1.10955,1.10954,1000000,1000000
2017-07-28 14:01:38.435000,1.10946,1.10944,1000000,1000000
2017-07-28 14:01:38.846000,1.10944,1.10943,1000000,1500000
2017-07-28 14:01:39.377000,1.10943,1.10941,1000000,3370000
2017-07-28 14:01:39.429000,1.10945,1.10942,3520000,1500000
2017-07-28 14:01:39.633000,1.10942,1.10941,1690000,2620000
2017-07-28 14:01:39.686000,1.10937,1.10934,2250000,8620000
2017-07-28 14:01:39.737000,1.10936,1.10934,5020000,1120000
2017-07-28 14:01:39.789000,1.10936,1.10932,4650000,3370000
2017-07-28 14:01:40.336000,1.10935,1.10932,2850000,1500000
2017-07-28 14:01:40.695000,1.10933,1.10931,1000000,3000000
2017-07-28 14:01:40.955000,1.10935,1.10931,1120000,3560000
2017-07-28 14:01:41.212000,1.1093,1.10928,1100000,1870000
2017-07-28 14:01:41.418000,1.10929,1.10925,1500000,2060000
2017-07-28 14:01:41.520000,1.1093,1.10927,2140000,1000000
2017-07-28 14:01:42.079000,1.10929,1.10926,1370000,1500000
2017-07-28 14:01:42.387000,1.10924,1.10922,1910000,1000000
2017-07-28 14:01:42.745000,1.10924,1.1092,1870000,2810000
2017-07-28 14:01:43.252000,1.10924,1.10921,4120000,1000000
2017-07-28 14:01:44.297000,1.10924,1.10923,1000000,1000000
2017-07-28 14:01:44.606000,1.10934,1.10932,4310000,1000000
2017-07-28 14:01:44.925000,1.10935,1.10933,1000000,1000000
2017-07-28 14:01:44.977000,1.10939,1.10937,1120000,1000000
2017-07-28 14:01:45.184000,1.10942,1.10938,4910000,1000000
2017-07-28 14:01:45.445000,1.10943,1.10941,3040000,1000000
2017-07-28 14:01:45.653000,1.10946,1.10942,1420000,1500000
2017-07-28 14:01:45.705000,1.10947,1.10944,6790000,1000000
2017-07-28 14:01:46.013000,1.10951,1.10948,3410000,1000000
2017-07-28 14:01:46.361000,1.1095,1.10946,3600000,1500000
2017-07-28 14:01:46.874000,1.10948,1.10946,1000000,1000000
2017-07-28 14:01:47.080000,1.10946,1.10944,1250000,1000000
2017-07-28 14:01:47.363000,1.1094,1.10936,3190000,1120000
2017-07-28 14:01:47.517000,1.10941,1.10937,1690000,2620000
2017-07-28 14:01:48.133000,1.1094,1.10937,1000000,1500000
2017-07-28 14:01:48.644000,1.10941,1.10937,1310000,2620000
2017-07-28 14:01:49.139000,1.10942,1.10939,1870000,1500000
2017-07-28 14:01:49.447000,1.10945,1.10941,2250000,2440000
2017-07-28 14:01:49.959000,1.10946,1.10942,5660000,1000000
2017-07-28 14:01:50.572000,1.10944,1.10942,1000000,1000000
2017-07-28 14:01:51.088000,1.10946,1.10942,2660000,1120000
2017-07-28 14:01:51.707000,1.10949,1.10945,4310000,2250000
2017-07-28 14:01:51.860000,1.10951,1.10946,1310000,1000000
2017-07-28 14:01:52.271000,1.10951,1.10948,1350000,1000000
2017-07-28 14:01:52.384000,1.10951,1.10949,1250000,1000000
2017-07-28 14:01:53.118000,1.10946,1.10944,1000000,9640000
2017-07-28 14:01:53.221000,1.10949,1.10946,1010000,1120000
2017-07-28 14:01:53.453000,1.10951,1.10949,2470000,1000000
2017-07-28 14:01:53.812000,1.10952,1.10948,7540000,1120000
2017-07-28 14:01:53.914000,1.10951,1.10946,3560000,1870000
2017-07-28 14:01:54.464000,1.1095,1.10946,4540000,1500000
2017-07-28 14:01:54.772000,1.10951,1.10948,2440000,1120000
2017-07-28 14:01:55.285000,1.10949,1.10946,1000000,1870000
2017-07-28 14:01:55.795000,1.10951,1.10947,3040000,1500000
2017-07-28 14:01:56.873000,1.1095,1.10946,4160000,1500000
2017-07-28 14:01:56.977000,1.10949,1.10945,3600000,3940000
2017-07-28 14:01:57.132000,1.10947,1.10944,1300000,2250000
2017-07-28 14:01:57.542000,1.10946,1.10942,3040000,1870000
2017-07-28 14:01:57.930000,1.10948,1.10945,1500000,1500000
2017-07-28 14:01:58.137000,1.10949,1.10945,2060000,2620000
2017-07-28 14:01:58.648000,1.10949,1.10945,2810000,2620000
2017-07-28 14:01:58.873000,1.10949,1.10947,1000000,3750000
2017-07-28 14:01:59.284000,1.10948,1.10946,1910000,1000000
2017-07-28 14:01:59.336000,1.10948,1.10944,2290000,1500000
2017-07-28 14:01:59.887000,1.10947,1.10943,4720000,1310000
2017-07-28 14:02:00.398000,1.10947,1.10944,1000000,1120000
2017-07-28 14:02:00.796000,1.10949,1.10948,3750000,1000000
2017-07-28 14:02:01.128000,1.1095,1.10947,1120000,2250000
2017-07-28 14:02:01.181000,1.1095,1.10949,1000000,1120000
2017-07-28 14:02:01.337000,1.10955,1.10953,1120000,1120000
2017-07-28 14:02:01.494000,1.10958,1.10954,2060000,1500000
2017-07-28 14:02:02.005000,1.10957,1.10954,1350000,1000000
2017-07-28 14:02:02.516000,1.10957,1.10955,1000000,1500000
2017-07-28 14:02:03.654000,1.10955,1.10954,1000000,1120000
2017-07-28 14:02:03.706000,1.10956,1.10953,1870000,3560000
2017-07-28 14:02:04.063000,1.10957,1.10954,1350000,1000000
2017-07-28 14:02:04.269000,1.10959,1.10956,4350000,2440000
2017-07-28 14:02:04.321000,1.10959,1.10956,2470000,1120000
2017-07-28 14:02:04.426000,1.1096,1.10958,1620000,1000000
2017-07-28 14:02:06.836000,1.1096,1.10958,5810000,1000000
2017-07-28 14:02:07.139000,1.10966,1.10964,1250000,1000000
2017-07-28 14:02:07.731000,1.10966,1.10964,1250000,1000000
2017-07-28 14:02:08.244000,1.10965,1.10963,1500000,1000000
2017-07-28 14:02:08.999000,1.10964,1.10962,2100000,1000000
2017-07-28 14:02:09.205000,1.10962,1.10959,2470000,1870000
2017-07-28 14:02:09.257000,1.10962,1.10961,2470000,1000000
2017-07-28 14:02:09.309000,1.10961,1.10959,1250000,1000000
2017-07-28 14:02:09.855000,1.1096,1.10958,1250000,1000000
2017-07-28 14:02:10.733000,1.1096,1.10958,1250000,1000000
2017-07-28 14:02:11.351000,1.10959,1.10958,1300000,1000000
2017-07-28 14:02:11.859000,1.10958,1.10957,1350000,1000000
2017-07-28 14:02:12.373000,1.10959,1.10956,6040000,1000000
2017-07-28 14:02:12.913000,1.10958,1.10957,1120000,1000000
2017-07-28 14:02:13.433000,1.10959,1.10957,4350000,1000000
2017-07-28 14:02:14.105000,1.10959,1.10957,4350000,1000000
2017-07-28 14:02:14.616000,1.10959,1.10957,1870000,1000000
2017-07-28 14:02:14.765000,1.1096,1.10958,1050000,1000000
2017-07-28 14:02:15.279000,1.1096,1.10958,1870000,1000000
2017-07-28 14:02:16.156000,1.10959,1.10956,2470000,1310000
2017-07-28 14:02:16.877000,1.10959,1.10957,2470000,1000000
2017-07-28 14:02:17.137000,1.10952,1.10948,2470000,2890000
2017-07-28 14:02:17.455000,1.10953,1.10951,3970000,1000000
2017-07-28 14:02:17.967000,1.10953,1.10952,1000000,1000000
2017-07-28 14:02:18.432000,1.10955,1.10953,3370000,1000000
2017-07-28 14:02:19.690000,1.10957,1.10955,1000000,1000000
2017-07-28 14:02:20.202000,1.10958,1.10956,2250000,1000000
2017-07-28 14:02:20.739000,1.10957,1.10955,2850000,1000000
2017-07-28 14:02:20.895000,1.10958,1.10954,5100000,1310000
2017-07-28 14:02:20.998000,1.10957,1.10955,2850000,1000000
2017-07-28 14:02:21.255000,1.10955,1.10953,1000000,1500000
2017-07-28 14:02:21.358000,1.10954,1.10952,2850000,1000000
2017-07-28 14:02:21.972000,1.10956,1.10954,2250000,1000000
2017-07-28 14:02:22.335000,1.10955,1.10952,1370000,2250000
2017-07-28 14:02:22.746000,1.10952,1.10951,2100000,1000000
2017-07-28 14:02:22.951000,1.10949,1.10947,1500000,1690000
2017-07-28 14:02:23.476000,1.10949,1.10947,3970000,1250000
2017-07-28 14:02:24.003000,1.10949,1.10948,1870000,1000000
2017-07-28 14:02:24.560000,1.10949,1.10946,5850000,1500000
2017-07-28 14:02:24.969000,1.10949,1.10947,3220000,1000000
2017-07-28 14:02:25.902000,1.10948,1.10946,1000000,1500000
2017-07-28 14:02:26.107000,1.10947,1.10944,4720000,1870000
2017-07-28 14:02:26.446000,1.10943,1.10942,1000000,1000000
2017-07-28 14:02:26.978000,1.10944,1.10941,5100000,1250000
2017-07-28 14:02:27.612000,1.10946,1.10945,1120000,1690000
2017-07-28 14:02:27.818000,1.10948,1.10946,1870000,1000000
2017-07-28 14:02:28.228000,1.10949,1.10947,2250000,1000000
2017-07-28 14:02:28.478000,1.10948,1.10946,2250000,1000000
2017-07-28 14:02:28.530000,1.10947,1.10945,5470000,1000000
2017-07-28 14:02:29.044000,1.10947,1.10945,3970000,1000000
2017-07-28 14:02:29.567000,1.10947,1.10945,4350000,1000000
2017-07-28 14:02:31.123000,1.10947,1.10945,2850000,1000000
2017-07-28 14:02:31.460000,1.1095,1.10946,1500000,3640000
2017-07-28 14:02:31.665000,1.10948,1.10946,4350000,1000000
2017-07-28 14:02:32.177000,1.10948,1.10946,2850000,1000000
2017-07-28 14:02:32.530000,1.10949,1.10947,1370000,1000000
2017-07-28 14:02:32.582000,1.10943,1.1094,2850000,1500000
2017-07-28 14:02:32.687000,1.10942,1.1094,3220000,1000000
2017-07-28 14:02:33.148000,1.10946,1.10942,3370000,1310000
2017-07-28 14:02:33.200000,1.10947,1.10945,6000000,1000000
2017-07-28 14:02:33.737000,1.10947,1.10945,5100000,1000000
2017-07-28 14:02:34.273000,1.10947,1.10945,1670000,1000000
2017-07-28 14:02:34.801000,1.10949,1.10947,4120000,1000000
2017-07-28 14:02:35.393000,1.10949,1.10948,1000000,1000000
2017-07-28 14:02:36.543000,1.10949,1.10947,2850000,1000000
2017-07-28 14:02:36.850000,1.10951,1.10949,2100000,1000000
2017-07-28 14:02:37.367000,1.10952,1.1095,4120000,1000000
2017-07-28 14:02:37.889000,1.10954,1.10952,1000000,1250000
2017-07-28 14:02:38.713000,1.10955,1.10954,1500000,1250000
2017-07-28 14:02:38.864000,1.10957,1.10954,1300000,4310000
2017-07-28 14:02:38.925000,1.10959,1.10955,2320000,1120000
2017-07-28 14:02:39.131000,1.10959,1.10957,3640000,1000000
2017-07-28 14:02:39.490000,1.10962,1.10959,3370000,1000000
2017-07-28 14:02:39.644000,1.10963,1.1096,3370000,3940000
2017-07-28 14:02:39.696000,1.10965,1.10961,3640000,1690000
2017-07-28 14:02:40.228000,1.10965,1.10963,3640000,1000000
2017-07-28 14:02:40.681000,1.10963,1.10961,1500000,1690000
2017-07-28 14:02:41.039000,1.10965,1.10963,3220000,1000000
2017-07-28 14:02:41.142000,1.10966,1.10963,1050000,1250000
2017-07-28 14:02:41.647000,1.10965,1.10963,1500000,1000000
2017-07-28 14:02:42.159000,1.10963,1.10962,4540000,1000000
2017-07-28 14:02:42.698000,1.10962,1.10961,4500000,1310000
2017-07-28 14:02:43.210000,1.10963,1.10961,5890000,1310000
2017-07-28 14:02:43.604000,1.10965,1.10963,6040000,1000000
2017-07-28 14:02:43.912000,1.10964,1.10962,7760000,1000000
2017-07-28 14:02:44.425000,1.10964,1.10963,1000000,1000000
2017-07-28 14:02:44.976000,1.10965,1.10963,4540000,1250000
2017-07-28 14:02:45.301000,1.10962,1.10961,1120000,1690000
2017-07-28 14:02:45.908000,1.10963,1.10961,3670000,1000000
2017-07-28 14:02:45.966000,1.1096,1.10958,3820000,1000000
2017-07-28 14:02:46.476000,1.10959,1.10957,5920000,1250000
2017-07-28 14:02:46.989000,1.10959,1.10956,3370000,1250000
2017-07-28 14:02:47.040000,1.10959,1.10957,1000000,1250000
2017-07-28 14:02:47.450000,1.10957,1.10956,1000000,1000000
2017-07-28 14:02:49.224000,1.10958,1.10956,1000000,1250000
2017-07-28 14:02:49.573000,1.1096,1.10958,1000000,1690000
2017-07-28 14:02:49.677000,1.10962,1.10959,1500000,1000000
2017-07-28 14:02:50.036000,1.10962,1.1096,1500000,1000000
2017-07-28 14:02:50.793000,1.10962,1.1096,1000000,1000000
2017-07-28 14:02:51.308000,1.10964,1.10962,3370000,1310000
2017-07-28 14:02:51.360000,1.10965,1.10963,1000000,2150000
2017-07-28 14:02:51.750000,1.10963,1.10962,2470000,1000000
2017-07-28 14:02:52.368000,1.10964,1.10961,1370000,1250000
2017-07-28 14:02:52.907000,1.10963,1.10961,1500000,1690000
2017-07-28 14:02:53.421000,1.10963,1.1096,2620000,1250000
2017-07-28 14:02:53.931000,1.10963,1.10961,1000000,1000000
2017-07-28 14:02:54.443000,1.10964,1.10961,3220000,1840000
2017-07-28 14:02:54.955000,1.10964,1.10961,3220000,1840000
2017-07-28 14:02:55.495000,1.10963,1.1096,4350000,1690000
2017-07-28 14:02:56.110000,1.10963,1.10961,3970000,1000000
2017-07-28 14:02:56.625000,1.10963,1.1096,3970000,1250000
2017-07-28 14:02:57.205000,1.10961,1.1096,1000000,1000000
2017-07-28 14:02:57.377000,1.10962,1.10958,6970000,2060000
2017-07-28 14:02:57.584000,1.10959,1.10957,1870000,1250000
2017-07-28 14:02:57.891000,1.10955,1.10954,1870000,1000000
2017-07-28 14:02:58.149000,1.10951,1.10948,1500000,1690000
2017-07-28 14:02:58.348000,1.10954,1.10951,3940000,1190000
2017-07-28 14:02:58.861000,1.10954,1.10951,2470000,1690000
2017-07-28 14:02:59.482000,1.10954,1.10951,2100000,1690000
2017-07-28 14:03:00.942000,1.10954,1.10952,1120000,1000000
2017-07-28 14:03:01.448000,1.10954,1.10953,1000000,1000000
2017-07-28 14:03:01.566000,1.10956,1.10953,2620000,1120000
2017-07-28 14:03:02.086000,1.10957,1.10955,1120000,1000000
2017-07-28 14:03:03.039000,1.1096,1.10957,1000000,1190000
2017-07-28 14:03:05.611000,1.10962,1.10961,1500000,1250000
2017-07-28 14:03:06.131000,1.10963,1.10961,1120000,1000000
2017-07-28 14:03:06.388000,1.10962,1.10959,1500000,1500000
2017-07-28 14:03:06.849000,1.10964,1.10961,3370000,2060000
2017-07-28 14:03:06.953000,1.10966,1.10963,1720000,1250000
2017-07-28 14:03:07.154000,1.10961,1.10958,1120000,4310000
2017-07-28 14:03:07.466000,1.10956,1.10953,1000000,1310000
2017-07-28 14:03:07.723000,1.10959,1.10956,1000000,2960000
2017-07-28 14:03:07.879000,1.10957,1.10956,1000000,1840000
2017-07-28 14:03:07.933000,1.10955,1.10952,1500000,1310000
2017-07-28 14:03:10.127000,1.10955,1.10952,1190000,1500000
2017-07-28 14:03:10.646000,1.10954,1.10951,1000000,1120000
2017-07-28 14:03:10.869000,1.10953,1.1095,1620000,1000000
2017-07-28 14:03:11.484000,1.10953,1.10949,1620000,1000000
2017-07-28 14:03:13.106000,1.10951,1.10949,1250000,1000000
2017-07-28 14:03:14.172000,1.10951,1.10949,1370000,1000000
2017-07-28 14:03:14.631000,1.1095,1.10947,4160000,2250000
2017-07-28 14:03:15.608000,1.10949,1.10946,1000000,1200000
2017-07-28 14:03:16.069000,1.10947,1.10945,1000000,2250000
2017-07-28 14:03:16.602000,1.10946,1.10945,1000000,1120000
2017-07-28 14:03:17.341000,1.10942,1.10941,1000000,3370000
2017-07-28 14:03:17.495000,1.10941,1.10937,1250000,4120000
2017-07-28 14:03:17.700000,1.10943,1.1094,6600000,1000000
2017-07-28 14:03:18.205000,1.10942,1.10939,1000000,1250000
2017-07-28 14:03:19.083000,1.1094,1.10937,1870000,3000000
2017-07-28 14:03:19.433000,1.10934,1.1093,1690000,1870000
2017-07-28 14:03:19.537000,1.10932,1.10931,1000000,1000000
2017-07-28 14:03:19.589000,1.10932,1.10929,1000000,4690000
2017-07-28 14:03:19.693000,1.1093,1.10928,2060000,2250000
2017-07-28 14:03:19.745000,1.10929,1.10925,1000000,2060000
2017-07-28 14:03:19.999000,1.10932,1.10929,2400000,4310000
2017-07-28 14:03:20.103000,1.10929,1.10926,1000000,3370000
2017-07-28 14:03:20.208000,1.10932,1.10929,1120000,2810000
2017-07-28 14:03:20.363000,1.10931,1.10929,1000000,2250000
2017-07-28 14:03:20.415000,1.10933,1.10929,1120000,2440000
2017-07-28 14:03:20.467000,1.10931,1.10929,1000000,1310000
2017-07-28 14:03:20.707000,1.10928,1.10925,1000000,1690000
2017-07-28 14:03:20.863000,1.10931,1.10928,1000000,3940000
2017-07-28 14:03:20.967000,1.10934,1.10931,3560000,1120000
2017-07-28 14:03:21.019000,1.10933,1.10931,1000000,1500000
2017-07-28 14:03:21.121000,1.10932,1.10928,5660000,1000000
2017-07-28 14:03:21.173000,1.10929,1.10927,1000000,4500000
2017-07-28 14:03:21.691000,1.10929,1.10926,1000000,2440000
2017-07-28 14:03:22.233000,1.10929,1.10926,1000000,2620000
2017-07-28 14:03:22.585000,1.10923,1.10921,1000000,1500000
2017-07-28 14:03:22.893000,1.10926,1.10924,1000000,1000000
2017-07-28 14:03:23.432000,1.10927,1.10924,1120000,1870000
2017-07-28 14:03:24.305000,1.10925,1.10923,1250000,1120000
2017-07-28 14:03:24.814000,1.10926,1.10922,1690000,1500000
2017-07-28 14:03:25.325000,1.10925,1.10923,1120000,1000000
2017-07-28 14:03:25.557000,1.1093,1.10927,1100000,1000000
2017-07-28 14:03:26.616000,1.1093,1.10927,2510000,1000000
2017-07-28 14:03:26.668000,1.1093,1.10929,1390000,1000000
2017-07-28 14:03:26.773000,1.10932,1.10931,1250000,1000000
2017-07-28 14:03:26.825000,1.10934,1.10931,1000000,1120000
2017-07-28 14:03:27.342000,1.10934,1.10932,1000000,1000000
2017-07-28 14:03:27.856000,1.10936,1.10933,2060000,1000000
2017-07-28 14:03:28.364000,1.10937,1.10936,1000000,1000000
2017-07-28 14:03:28.416000,1.10939,1.10935,4120000,2810000
2017-07-28 14:03:28.469000,1.10939,1.10938,3000000,1120000
2017-07-28 14:03:28.520000,1.10941,1.10939,2810000,1000000
2017-07-28 14:03:29.104000,1.10943,1.10942,3370000,1000000
2017-07-28 14:03:29.207000,1.10944,1.1094,4310000,1120000
2017-07-28 14:03:29.413000,1.10941,1.10938,1310000,1120000
2017-07-28 14:03:29.811000,1.10942,1.1094,1620000,1000000
2017-07-28 14:03:29.864000,1.10944,1.10941,2890000,1120000
2017-07-28 14:03:30.380000,1.10944,1.1094,8810000,1120000
2017-07-28 14:03:30.565000,1.10942,1.10938,7160000,1120000
2017-07-28 14:03:30.723000,1.10937,1.10934,1690000,1120000
2017-07-28 14:03:31.236000,1.10936,1.10933,1000000,1120000
2017-07-28 14:03:31.974000,1.10936,1.10932,2810000,1500000
2017-07-28 14:03:32.485000,1.10936,1.10933,1250000,1000000
2017-07-28 14:03:32.538000,1.10935,1.10932,4160000,1120000
2017-07-28 14:03:32.901000,1.10937,1.10935,2620000,1000000
2017-07-28 14:03:33.244000,1.10945,1.10944,5620000,1000000
2017-07-28 14:03:33.297000,1.10948,1.10945,2440000,1000000
2017-07-28 14:03:33.840000,1.10948,1.10945,2440000,1000000
2017-07-28 14:03:35.004000,1.10948,1.10944,3190000,1120000
2017-07-28 14:03:35.591000,1.10946,1.10943,1250000,1370000
2017-07-28 14:03:35.899000,1.1094,1.10938,1310000,2250000
2017-07-28 14:03:35.951000,1.10941,1.10937,1690000,1120000
2017-07-28 14:03:36.134000,1.10939,1.10936,1000000,3370000
2017-07-28 14:03:36.239000,1.1094,1.10937,1120000,1310000
2017-07-28 14:03:36.754000,1.10941,1.10938,1000000,1870000
2017-07-28 14:03:37.304000,1.10942,1.10938,1690000,1120000
2017-07-28 14:03:37.355000,1.10942,1.1094,1250000,1000000
2017-07-28 14:03:39.600000,1.10944,1.10942,3000000,2530000
2017-07-28 14:03:39.654000,1.10949,1.10947,1000000,4350000
2017-07-28 14:03:39.708000,1.10953,1.1095,1390000,1120000
2017-07-28 14:03:39.759000,1.10954,1.10952,1370000,1000000
2017-07-28 14:03:39.811000,1.10957,1.10952,4690000,3750000
2017-07-28 14:03:39.862000,1.10956,1.10953,1250000,3370000
2017-07-28 14:03:39.914000,1.10956,1.10952,2060000,9000000
2017-07-28 14:03:40.667000,1.10955,1.10954,1000000,1000000
2017-07-28 14:03:41.127000,1.10954,1.10952,4690000,1000000
2017-07-28 14:03:41.669000,1.10953,1.10951,1690000,1000000
2017-07-28 14:03:42.067000,1.10951,1.10948,2810000,1000000
2017-07-28 14:03:42.169000,1.10949,1.10948,1000000,1000000
2017-07-28 14:03:42.485000,1.10952,1.1095,1500000,1000000
2017-07-28 14:03:42.843000,1.10954,1.10952,1250000,1000000
2017-07-28 14:03:42.896000,1.10955,1.10953,3370000,1000000
2017-07-28 14:03:43.222000,1.10954,1.10952,1690000,1870000
2017-07-28 14:03:43.734000,1.10953,1.10951,1250000,1000000
2017-07-28 14:03:44.252000,1.10952,1.1095,3040000,1000000
2017-07-28 14:03:44.763000,1.10952,1.10949,3790000,1000000
2017-07-28 14:03:45.069000,1.10949,1.10946,2850000,4500000
2017-07-28 14:03:45.378000,1.10947,1.10945,1120000,1000000
2017-07-28 14:03:46.283000,1.10946,1.10945,1120000,1000000
2017-07-28 14:03:46.440000,1.10943,1.10941,1120000,1000000
2017-07-28 14:03:46.956000,1.10944,1.10942,1120000,1000000
2017-07-28 14:03:47.365000,1.10946,1.10944,1000000,1000000
2017-07-28 14:03:47.572000,1.10944,1.1094,7500000,3750000
2017-07-28 14:03:47.818000,1.10945,1.10943,1120000,1690000
2017-07-28 14:03:47.869000,1.10947,1.10943,1720000,2060000
2017-07-28 14:03:48.227000,1.10946,1.10942,1870000,3000000
2017-07-28 14:03:48.585000,1.10947,1.10943,1690000,2060000
2017-07-28 14:03:48.905000,1.10949,1.10945,1120000,5440000
2017-07-28 14:03:49.212000,1.10947,1.10945,1000000,3190000
2017-07-28 14:03:49.366000,1.10948,1.10944,2250000,2060000
2017-07-28 14:03:49.623000,1.10943,1.10942,1000000,1120000
2017-07-28 14:03:49.866000,1.10944,1.1094,1010000,3940000
2017-07-28 14:03:50.687000,1.10942,1.10941,1000000,1310000
2017-07-28 14:03:50.828000,1.10944,1.10942,1000000,1690000
2017-07-28 14:03:50.879000,1.10946,1.10942,1120000,3560000
2017-07-28 14:03:51.136000,1.10943,1.10941,1000000,2620000
2017-07-28 14:03:51.445000,1.10937,1.10934,1120000,1310000
2017-07-28 14:03:51.757000,1.10935,1.10932,2320000,2810000
2017-07-28 14:03:52.216000,1.10933,1.10931,2620000,1500000
2017-07-28 14:03:52.520000,1.10928,1.10926,4570000,1250000
2017-07-28 14:03:52.826000,1.10924,1.10923,1870000,1250000
2017-07-28 14:03:53.114000,1.1092,1.10917,1000000,4310000
2017-07-28 14:03:53.167000,1.10919,1.10917,1000000,5440000
2017-07-28 14:03:53.269000,1.1092,1.10917,1120000,6860000
2017-07-28 14:03:53.629000,1.10918,1.10917,1000000,2170000
2017-07-28 14:03:53.874000,1.10915,1.10913,1120000,4500000
2017-07-28 14:03:54.182000,1.10917,1.10916,1000000,2620000
2017-07-28 14:03:54.287000,1.10919,1.10917,3750000,1500000
2017-07-28 14:03:54.442000,1.10917,1.10915,1000000,1870000
2017-07-28 14:03:54.796000,1.10918,1.10914,4390000,3370000
2017-07-28 14:03:55.206000,1.10915,1.10913,1000000,1000000
2017-07-28 14:03:55.552000,1.10913,1.10911,1000000,1870000
2017-07-28 14:03:55.604000,1.10911,1.1091,1000000,1250000
2017-07-28 14:03:56.017000,1.10909,1.10907,1000000,1310000
2017-07-28 14:03:56.481000,1.10911,1.1091,1100000,1500000
2017-07-28 14:03:56.532000,1.10913,1.10911,1200000,2250000
2017-07-28 14:03:56.790000,1.10915,1.10912,1500000,1870000
2017-07-28 14:03:57.036000,1.10914,1.10911,1950000,4870000
2017-07-28 14:03:57.242000,1.10915,1.10913,8140000,1000000
2017-07-28 14:03:57.805000,1.10915,1.10912,3070000,1000000
2017-07-28 14:03:58.116000,1.10912,1.10911,1200000,1610000
2017-07-28 14:03:58.167000,1.10912,1.10909,2320000,1000000
2017-07-28 14:03:58.680000,1.10911,1.10908,2700000,2060000
2017-07-28 14:03:59.194000,1.1091,1.10909,1200000,1000000
2017-07-28 14:03:59.297000,1.1091,1.10907,2700000,1500000
2017-07-28 14:03:59.853000,1.1091,1.10906,7570000,3300000
2017-07-28 14:04:00.398000,1.10909,1.10906,3450000,2810000
2017-07-28 14:04:00.671000,1.10909,1.10907,2700000,1000000
2017-07-28 14:04:01.186000,1.10909,1.10907,3450000,1000000
2017-07-28 14:04:01.342000,1.10908,1.10905,1500000,4120000
2017-07-28 14:04:01.611000,1.10909,1.10907,1500000,1000000
2017-07-28 14:04:02.476000,1.10909,1.10906,2320000,1690000
2017-07-28 14:04:02.989000,1.10909,1.10906,5320000,1500000
2017-07-28 14:04:03.502000,1.10905,1.10904,1870000,1120000
2017-07-28 14:04:03.555000,1.10902,1.109,1200000,1620000
2017-07-28 14:04:03.838000,1.10904,1.10903,3000000,1500000
2017-07-28 14:04:03.995000,1.10911,1.10908,2320000,4690000
2017-07-28 14:04:04.047000,1.10912,1.10908,2050000,5810000
2017-07-28 14:04:04.582000,1.10912,1.1091,2050000,1000000
2017-07-28 14:04:05.492000,1.10913,1.10911,3000000,1460000
2017-07-28 14:04:06.005000,1.10914,1.10911,5770000,1650000
2017-07-28 14:04:07.070000,1.10914,1.10912,1200000,1250000
2017-07-28 14:04:07.494000,1.10917,1.10913,5700000,1250000
2017-07-28 14:04:08.180000,1.10915,1.10913,1000000,1000000
2017-07-28 14:04:08.830000,1.10916,1.10913,1950000,1250000
2017-07-28 14:04:09.342000,1.10917,1.10914,3000000,1000000
2017-07-28 14:04:09.593000,1.10914,1.10913,1000000,1000000
2017-07-28 14:04:10.104000,1.10915,1.10913,1120000,1000000
2017-07-28 14:04:10.527000,1.10919,1.10917,1000000,1690000
2017-07-28 14:04:10.631000,1.10922,1.10918,1120000,3370000
2017-07-28 14:04:10.734000,1.1092,1.10918,1000000,3600000
2017-07-28 14:04:10.888000,1.10922,1.10919,1120000,1250000
2017-07-28 14:04:11.145000,1.1092,1.10918,1000000,1000000
2017-07-28 14:04:11.598000,1.10919,1.10916,3000000,1500000
2017-07-28 14:04:11.649000,1.10917,1.10915,1120000,1120000
2017-07-28 14:04:12.425000,1.10917,1.10914,2250000,2620000
2017-07-28 14:04:12.937000,1.10917,1.10914,1500000,3750000
2017-07-28 14:04:13.606000,1.10919,1.10917,1500000,3560000
2017-07-28 14:04:13.659000,1.10921,1.10918,6370000,5100000
2017-07-28 14:04:13.712000,1.10922,1.10921,8060000,1250000
2017-07-28 14:04:13.904000,1.10925,1.10921,1120000,3370000
2017-07-28 14:04:14.212000,1.10926,1.10923,1000000,1310000
2017-07-28 14:04:14.547000,1.10923,1.10921,1120000,1000000
2017-07-28 14:04:15.015000,1.10925,1.10923,1000000,1120000
2017-07-28 14:04:15.067000,1.10927,1.10924,1950000,1870000
2017-07-28 14:04:15.582000,1.10926,1.10923,1500000,2440000
2017-07-28 14:04:16.184000,1.10927,1.10924,2700000,1000000
2017-07-28 14:04:16.287000,1.10923,1.10922,1120000,2210000
2017-07-28 14:04:16.340000,1.10923,1.10919,3820000,3190000
2017-07-28 14:04:16.751000,1.10923,1.10919,1200000,4310000
2017-07-28 14:04:16.853000,1.10923,1.10919,1120000,4310000
2017-07-28 14:04:17.031000,1.10922,1.10919,1500000,2250000
2017-07-28 14:04:18.484000,1.10922,1.10919,1120000,2250000
2017-07-28 14:04:18.988000,1.10923,1.1092,1470000,1000000
2017-07-28 14:04:19.294000,1.10916,1.10914,1470000,1000000
2017-07-28 14:04:19.797000,1.10917,1.10915,1870000,1000000
2017-07-28 14:04:20.154000,1.10919,1.10916,3750000,1250000
2017-07-28 14:04:20.512000,1.10919,1.10918,1000000,1000000
2017-07-28 14:04:20.809000,1.10925,1.10923,1120000,1000000
2017-07-28 14:04:21.321000,1.10926,1.10923,1000000,1000000
2017-07-28 14:04:21.475000,1.10927,1.10925,3450000,1250000
2017-07-28 14:04:21.977000,1.10926,1.10924,1500000,1000000
2017-07-28 14:04:22.437000,1.10924,1.10922,3000000,2120000
2017-07-28 14:04:22.489000,1.10923,1.1092,2250000,2250000
2017-07-28 14:04:23.016000,1.10923,1.10921,3820000,1000000
2017-07-28 14:04:23.425000,1.10922,1.10919,1570000,1250000
2017-07-28 14:04:23.737000,1.1092,1.10917,3520000,1870000
2017-07-28 14:04:23.890000,1.10917,1.10914,3000000,1870000
2017-07-28 14:04:24.412000,1.10918,1.10915,2620000,1120000
2017-07-28 14:04:24.926000,1.10918,1.10915,4870000,1000000
2017-07-28 14:04:25.843000,1.10919,1.10917,1000000,1310000
2017-07-28 14:04:25.895000,1.10921,1.10918,1500000,2060000
2017-07-28 14:04:25.999000,1.10919,1.10917,6370000,1000000
2017-07-28 14:04:26.103000,1.10917,1.10915,1000000,1690000
2017-07-28 14:04:26.630000,1.10917,1.10914,1500000,1120000
2017-07-28 14:04:26.989000,1.10919,1.10917,2810000,1000000
2017-07-28 14:04:27.041000,1.1092,1.10918,3000000,1120000
2017-07-28 14:04:27.579000,1.10919,1.10917,1870000,1250000
2017-07-28 14:04:27.735000,1.10921,1.10919,1120000,1250000
2017-07-28 14:04:28.278000,1.10922,1.10918,3370000,1690000
2017-07-28 14:04:28.588000,1.1092,1.10917,1000000,3370000
2017-07-28 14:04:29.101000,1.1092,1.10917,2320000,1310000
2017-07-28 14:04:29.618000,1.10919,1.10917,1120000,1690000
2017-07-28 14:04:31.300000,1.1092,1.10918,1500000,1000000
2017-07-28 14:04:31.403000,1.10922,1.10918,4120000,2440000
2017-07-28 14:04:31.557000,1.1092,1.10917,1870000,2060000
2017-07-28 14:04:32.109000,1.10919,1.10916,1000000,2440000
2017-07-28 14:04:32.417000,1.1092,1.10918,1000000,1000000
2017-07-28 14:04:32.926000,1.10921,1.10919,2250000,1000000
2017-07-28 14:04:33.800000,1.10922,1.1092,1870000,1000000
2017-07-28 14:04:34.670000,1.10922,1.10919,4570000,1000000
2017-07-28 14:04:35.337000,1.10921,1.10919,1120000,1000000
2017-07-28 14:04:35.977000,1.10921,1.10919,3750000,1000000
2017-07-28 14:04:36.526000,1.1092,1.10918,1870000,1000000
2017-07-28 14:04:36.832000,1.10918,1.10915,1870000,1120000
2017-07-28 14:04:37.140000,1.10918,1.10916,1120000,1000000
2017-07-28 14:04:37.690000,1.10918,1.10916,1120000,1500000
2017-07-28 14:04:38.463000,1.10918,1.10914,10720000,1500000
2017-07-28 14:04:38.617000,1.10919,1.10917,2250000,1000000
2017-07-28 14:04:38.822000,1.10922,1.1092,2250000,1000000
2017-07-28 14:04:39.486000,1.10922,1.1092,4120000,1000000
2017-07-28 14:04:39.998000,1.10922,1.10921,1000000,1000000
2017-07-28 14:04:40.638000,1.10925,1.10923,5810000,1000000
2017-07-28 14:04:40.690000,1.10926,1.10924,1100000,1000000
2017-07-28 14:04:40.947000,1.10924,1.10922,2250000,1120000
2017-07-28 14:04:41.274000,1.10922,1.1092,1500000,1000000
2017-07-28 14:04:41.530000,1.1092,1.10917,5250000,1000000
2017-07-28 14:04:41.582000,1.10917,1.10914,4870000,1120000
2017-07-28 14:04:42.858000,1.10917,1.10916,6000000,1250000
2017-07-28 14:04:42.997000,1.10919,1.10918,1000000,1870000
2017-07-28 14:04:43.510000,1.10921,1.10918,1750000,8250000
2017-07-28 14:04:46.156000,1.10925,1.10923,1870000,1000000
2017-07-28 14:04:47.380000,1.10927,1.10924,2250000,1120000
2017-07-28 14:04:48.400000,1.10927,1.10924,1950000,1000000
2017-07-28 14:04:49.231000,1.10928,1.10926,1570000,1000000
2017-07-28 14:04:49.489000,1.10929,1.10926,3070000,1000000
2017-07-28 14:04:49.541000,1.1093,1.10928,1870000,2440000
2017-07-28 14:04:49.781000,1.10934,1.1093,8320000,1120000
2017-07-28 14:04:49.888000,1.10935,1.10932,2250000,1000000
2017-07-28 14:04:50.049000,1.10937,1.10934,2620000,1250000
2017-07-28 14:04:50.449000,1.10937,1.10936,1000000,1000000
2017-07-28 14:04:50.552000,1.10939,1.10937,1000000,1000000
2017-07-28 14:04:51.167000,1.10941,1.1094,2620000,1000000
2017-07-28 14:04:51.621000,1.1094,1.10938,1200000,1120000
2017-07-28 14:04:52.134000,1.10939,1.10937,1000000,3560000
2017-07-28 14:04:52.440000,1.10939,1.10936,1000000,6190000
2017-07-28 14:04:52.952000,1.10939,1.10937,1000000,1120000
2017-07-28 14:04:53.004000,1.10938,1.10936,1000000,5440000
2017-07-28 14:04:53.399000,1.10939,1.10938,1120000,1870000
2017-07-28 14:04:53.861000,1.10938,1.10935,1000000,4690000
2017-07-28 14:04:53.912000,1.10937,1.10935,1000000,2810000
2017-07-28 14:04:54.219000,1.10938,1.10935,1000000,5810000
2017-07-28 14:04:54.730000,1.10937,1.10935,1120000,1690000
2017-07-28 14:04:54.886000,1.10935,1.10934,1870000,1000000
2017-07-28 14:04:54.938000,1.10934,1.10931,1120000,3940000
2017-07-28 14:04:56.245000,1.10936,1.10933,1570000,2250000
2017-07-28 14:04:56.785000,1.10936,1.10933,1500000,1370000
2017-07-28 14:04:56.939000,1.10935,1.10932,5100000,1870000
2017-07-28 14:04:57.476000,1.10934,1.10931,1000000,3070000
2017-07-28 14:04:58.347000,1.10934,1.10931,2250000,2890000
2017-07-28 14:04:59.296000,1.10934,1.10932,1000000,1000000
2017-07-28 14:05:00.287000,1.10935,1.10932,1000000,1870000
2017-07-28 14:05:00.765000,1.10932,1.10928,5250000,3190000
2017-07-28 14:05:01.071000,1.10934,1.10931,1500000,2060000
2017-07-28 14:05:01.965000,1.10935,1.10932,5620000,1000000
2017-07-28 14:05:02.479000,1.10936,1.10933,1500000,1000000
2017-07-28 14:05:03.015000,1.10936,1.10933,1500000,1000000
2017-07-28 14:05:04.087000,1.10935,1.10932,3000000,1870000
2017-07-28 14:05:04.394000,1.10933,1.10932,1000000,1000000
2017-07-28 14:05:04.980000,1.10934,1.10932,1000000,1370000
2017-07-28 14:05:05.560000,1.10933,1.10932,1000000,1000000
2017-07-28 14:05:05.869000,1.10929,1.10928,1120000,1120000
2017-07-28 14:05:05.922000,1.10931,1.10929,1870000,1500000
2017-07-28 14:05:06.469000,1.10932,1.10929,1000000,1500000
2017-07-28 14:05:06.981000,1.10932,1.10929,1000000,1120000
2017-07-28 14:05:07.210000,1.10933,1.1093,1000000,1310000
2017-07-28 14:05:07.455000,1.10936,1.10933,1000000,1120000
2017-07-28 14:05:11.352000,1.10937,1.10933,2250000,1870000
2017-07-28 14:05:11.996000,1.10937,1.10934,2250000,1000000
2017-07-28 14:05:12.507000,1.10937,1.10933,5060000,1120000
2017-07-28 14:05:13.343000,1.10937,1.10933,5060000,1120000
2017-07-28 14:05:14.353000,1.10937,1.10933,3750000,1120000
2017-07-28 14:05:16.166000,1.10936,1.10933,1000000,1120000
2017-07-28 14:05:17.209000,1.10937,1.10933,4500000,1120000
2017-07-28 14:05:17.978000,1.10934,1.10932,1120000,1000000
2017-07-28 14:05:18.285000,1.10932,1.1093,1000000,1000000
2017-07-28 14:05:18.670000,1.10934,1.10931,3000000,2440000
2017-07-28 14:05:19.184000,1.10935,1.10931,1500000,3940000
2017-07-28 14:05:20.097000,1.10934,1.10931,1000000,1690000
2017-07-28 14:05:22.757000,1.10933,1.10931,1000000,1250000
2017-07-28 14:05:23.706000,1.10934,1.10931,1870000,1250000
2017-07-28 14:05:25.401000,1.10935,1.10932,4120000,1000000
2017-07-28 14:05:26.457000,1.10935,1.10932,1870000,1000000
2017-07-28 14:05:26.983000,1.10934,1.10931,1500000,1690000
2017-07-28 14:05:27.345000,1.10932,1.1093,1000000,2060000
2017-07-28 14:05:27.896000,1.10933,1.1093,1870000,1310000
2017-07-28 14:05:28.406000,1.10931,1.10929,1000000,3190000
2017-07-28 14:05:28.511000,1.10931,1.10928,3370000,2250000
2017-07-28 14:05:29.061000,1.10931,1.10929,1000000,1000000
2017-07-28 14:05:29.609000,1.10932,1.10929,1120000,1120000
2017-07-28 14:05:30.046000,1.10933,1.10931,2620000,1000000
2017-07-28 14:05:30.407000,1.10931,1.10929,1870000,1000000
2017-07-28 14:05:30.921000,1.10932,1.1093,6000000,1000000
2017-07-28 14:05:31.435000,1.10933,1.10931,3000000,1000000
2017-07-28 14:05:31.746000,1.10935,1.10933,4500000,1000000
2017-07-28 14:05:32.001000,1.10936,1.10934,3000000,1000000
2017-07-28 14:05:32.414000,1.10935,1.10933,2250000,1000000
2017-07-28 14:05:32.867000,1.10936,1.10934,2440000,1000000
2017-07-28 14:05:33.395000,1.10935,1.10934,2060000,1000000
2017-07-28 14:05:33.950000,1.10937,1.10935,3940000,1000000
2017-07-28 14:05:36.517000,1.10935,1.10934,1310000,1000000
2017-07-28 14:05:37.057000,1.10936,1.10934,3190000,1000000
2017-07-28 14:05:42.410000,1.10936,1.10935,1120000,1000000
2017-07-28 14:05:44.058000,1.10933,1.10932,1120000,2250000
2017-07-28 14:05:44.165000,1.10931,1.10929,1120000,1120000
2017-07-28 14:05:44.684000,1.10931,1.10929,4310000,1120000
2017-07-28 14:05:45.620000,1.1093,1.10928,2440000,1000000
2017-07-28 14:05:46.423000,1.10929,1.10927,1000000,1000000
2017-07-28 14:05:46.960000,1.10928,1.10927,2440000,1000000
2017-07-28 14:05:47.864000,1.10925,1.10924,3370000,2250000
2017-07-28 14:05:48.389000,1.10921,1.1092,1000000,4500000
2017-07-28 14:05:48.698000,1.1093,1.10928,1500000,1310000
2017-07-28 14:05:48.750000,1.10935,1.10933,2890000,1000000
2017-07-28 14:05:49.261000,1.10935,1.10933,1250000,1000000
2017-07-28 14:05:49.535000,1.10937,1.10935,8810000,1000000
2017-07-28 14:05:49.997000,1.10934,1.10932,2440000,1000000
2017-07-28 14:05:50.049000,1.10934,1.10931,1370000,1000000
2017-07-28 14:05:50.100000,1.10935,1.10933,2890000,1000000
2017-07-28 14:05:51.348000,1.10936,1.10932,2060000,1370000
2017-07-28 14:05:51.656000,1.10933,1.10932,2440000,1000000
2017-07-28 14:05:51.812000,1.10932,1.10929,3640000,1000000
2017-07-28 14:05:52.627000,1.10931,1.10929,1500000,1690000
2017-07-28 14:05:52.679000,1.10933,1.10932,1000000,1000000
2017-07-28 14:05:53.040000,1.10935,1.10934,3190000,1000000
2017-07-28 14:05:53.597000,1.10936,1.10934,2810000,1000000
2017-07-28 14:05:54.630000,1.10938,1.10936,11510000,1000000
2017-07-28 14:05:55.283000,1.10937,1.10935,1310000,1000000
2017-07-28 14:05:57.285000,1.10936,1.10934,1190000,1000000
2017-07-28 14:05:58.102000,1.10937,1.10932,2890000,2620000
2017-07-28 14:05:58.657000,1.10937,1.10932,2440000,4500000
2017-07-28 14:06:00.254000,1.10937,1.10935,2250000,1000000
2017-07-28 14:06:01.065000,1.10937,1.10934,2810000,1000000
2017-07-28 14:06:01.371000,1.10937,1.10932,4010000,31870001
2017-07-28 14:06:01.422000,1.10936,1.10934,1250000,1000000
2017-07-28 14:06:02.246000,1.10937,1.10933,1690000,7350000
2017-07-28 14:06:02.297000,1.10938,1.10935,2620000,1000000
2017-07-28 14:06:02.608000,1.10941,1.10939,1690000,1000000
2017-07-28 14:06:03.202000,1.10941,1.10938,3560000,1000000
2017-07-28 14:06:03.306000,1.10939,1.10936,4310000,1120000
2017-07-28 14:06:03.565000,1.10937,1.10935,1190000,1000000
2017-07-28 14:06:03.721000,1.10938,1.10936,7120000,1000000
2017-07-28 14:06:03.864000,1.10941,1.10937,1310000,3370000
2017-07-28 14:06:03.966000,1.10942,1.10939,2440000,1000000
2017-07-28 14:06:04.478000,1.10942,1.10939,5810000,1000000
2017-07-28 14:06:05.004000,1.10942,1.1094,1690000,1000000
2017-07-28 14:06:06.088000,1.10943,1.1094,2060000,1000000
2017-07-28 14:06:06.244000,1.10935,1.10933,1000000,1000000
2017-07-28 14:06:06.300000,1.10935,1.10934,1500000,16500000
2017-07-28 14:06:06.352000,1.10931,1.1093,1000000,2620000
2017-07-28 14:06:06.949000,1.10931,1.10929,1120000,1000000
2017-07-28 14:06:07.460000,1.10931,1.10928,2060000,1000000
2017-07-28 14:06:08.095000,1.10929,1.10926,2060000,1120000
2017-07-28 14:06:08.405000,1.10927,1.10923,3940000,1120000
2017-07-28 14:06:08.748000,1.10931,1.10929,1250000,1000000
2017-07-28 14:06:09.057000,1.1093,1.10928,2590000,1000000
2017-07-28 14:06:09.649000,1.1093,1.10928,1690000,1000000
2017-07-28 14:06:10.163000,1.1093,1.10928,1310000,1000000
2017-07-28 14:06:10.526000,1.10936,1.10934,5440000,1000000
2017-07-28 14:06:10.985000,1.10938,1.10937,2810000,1000000
2017-07-28 14:06:11.088000,1.1094,1.10938,3370000,1000000
2017-07-28 14:06:11.629000,1.1094,1.10939,1310000,1000000
2017-07-28 14:06:12.756000,1.1094,1.10938,2810000,1000000
2017-07-28 14:06:15.092000,1.10938,1.10937,1000000,1000000
2017-07-28 14:06:15.500000,1.1094,1.10938,2810000,1000000
2017-07-28 14:06:15.790000,1.10938,1.10936,2060000,1500000
2017-07-28 14:06:16.134000,1.10939,1.10938,1120000,1000000
2017-07-28 14:06:16.970000,1.1094,1.10938,2060000,1000000
2017-07-28 14:06:17.635000,1.1094,1.10938,2810000,1000000
2017-07-28 14:06:18.417000,1.1094,1.10938,3190000,1000000
2017-07-28 14:06:19.285000,1.10941,1.10939,2440000,1000000
2017-07-28 14:06:19.337000,1.10943,1.10941,2810000,1000000
2017-07-28 14:06:19.848000,1.10943,1.10942,1310000,1000000
2017-07-28 14:06:19.953000,1.10943,1.1094,3560000,1000000
2017-07-28 14:06:24.483000,1.10943,1.1094,9940000,1000000
2017-07-28 14:06:24.535000,1.1094,1.10938,1000000,1120000
2017-07-28 14:06:24.587000,1.10939,1.10936,1690000,3750000
2017-07-28 14:06:24.639000,1.10938,1.10936,1870000,2250000
2017-07-28 14:06:24.793000,1.10937,1.10934,1120000,4310000
2017-07-28 14:06:25.307000,1.10937,1.10934,1690000,1120000
2017-07-28 14:06:25.821000,1.10937,1.10933,2440000,1500000
2017-07-28 14:06:26.077000,1.10938,1.10935,1000000,1250000
2017-07-28 14:06:26.384000,1.1094,1.10937,1310000,1120000
2017-07-28 14:06:26.922000,1.10941,1.10938,1250000,1000000
2017-07-28 14:06:27.435000,1.10942,1.10939,1690000,1000000
2017-07-28 14:06:27.940000,1.10942,1.10939,1310000,1000000
2017-07-28 14:06:29.369000,1.10941,1.10938,1000000,1870000
2017-07-28 14:06:29.843000,1.1094,1.10937,1370000,5440000
2017-07-28 14:06:29.894000,1.10937,1.10935,1000000,2440000
2017-07-28 14:06:30.098000,1.10936,1.10934,1000000,2060000
2017-07-28 14:06:30.624000,1.10935,1.10934,1000000,1120000
2017-07-28 14:06:31.158000,1.10935,1.10933,1000000,1250000
2017-07-28 14:06:32.337000,1.10936,1.10934,1000000,1870000
2017-07-28 14:06:32.388000,1.1094,1.10936,1000000,3190000
2017-07-28 14:06:32.491000,1.1094,1.10938,1000000,1370000
2017-07-28 14:06:33.493000,1.1094,1.10938,1000000,1000000
2017-07-28 14:06:33.805000,1.10942,1.1094,1000000,1000000
2017-07-28 14:06:34.067000,1.10941,1.10938,1120000,1120000
2017-07-28 14:06:35.759000,1.10942,1.10939,1620000,1000000
2017-07-28 14:06:39.516000,1.10943,1.1094,3000000,1000000
2017-07-28 14:06:39.708000,1.10943,1.10941,1500000,2440000
2017-07-28 14:06:39.760000,1.10946,1.10943,1500000,1500000
2017-07-28 14:06:40.017000,1.10945,1.10942,2440000,2060000
2017-07-28 14:06:40.222000,1.10941,1.10938,1250000,1500000
2017-07-28 14:06:40.273000,1.10941,1.10938,2000000,1120000
2017-07-28 14:06:40.785000,1.1094,1.10936,1500000,5060000
2017-07-28 14:06:41.335000,1.10939,1.10936,1500000,3560000
2017-07-28 14:06:41.867000,1.10939,1.10937,1870000,1000000
2017-07-28 14:06:43.601000,1.10938,1.10936,1870000,2060000
2017-07-28 14:06:43.656000,1.10936,1.10935,1250000,2060000
2017-07-28 14:06:43.708000,1.10936,1.10934,5440000,1000000
2017-07-28 14:06:43.761000,1.10935,1.10932,2000000,1870000
2017-07-28 14:06:44.103000,1.10939,1.10936,4690000,2440000
2017-07-28 14:06:44.653000,1.10939,1.10936,4690000,3190000
2017-07-28 14:06:45.324000,1.1094,1.10936,7690000,3940000
2017-07-28 14:06:45.711000,1.1094,1.10935,5890000,2250000
2017-07-28 14:06:45.764000,1.1094,1.10937,1500000,1000000
2017-07-28 14:06:46.121000,1.10942,1.10939,5960000,1000000
2017-07-28 14:06:47.853000,1.10944,1.1094,9790000,1120000
2017-07-28 14:06:48.007000,1.10942,1.10939,1500000,1500000
2017-07-28 14:06:48.547000,1.10943,1.10939,7540000,1000000
2017-07-28 14:06:49.138000,1.10942,1.10939,1690000,1000000
2017-07-28 14:06:49.344000,1.10942,1.1094,1500000,1000000
2017-07-28 14:06:49.396000,1.10942,1.10938,2590000,2470000
2017-07-28 14:06:50.121000,1.10942,1.10939,3220000,1000000
2017-07-28 14:06:50.431000,1.10941,1.10937,2020000,1870000
2017-07-28 14:06:50.534000,1.10941,1.10939,1720000,1000000
2017-07-28 14:06:50.986000,1.10941,1.10937,1910000,1120000
2017-07-28 14:06:51.191000,1.10937,1.10935,1420000,3750000
2017-07-28 14:06:51.346000,1.10936,1.10932,1690000,4120000
2017-07-28 14:06:51.398000,1.10936,1.10932,1760000,1870000
2017-07-28 14:06:52.320000,1.10936,1.10933,1310000,1120000
2017-07-28 14:06:52.839000,1.10936,1.10933,1310000,1120000
2017-07-28 14:06:53.354000,1.10937,1.10934,2440000,1000000
2017-07-28 14:06:53.559000,1.10936,1.10932,1310000,2620000
2017-07-28 14:06:54.016000,1.10937,1.10934,1690000,1000000
2017-07-28 14:06:55.111000,1.10937,1.10933,5810000,1500000
2017-07-28 14:06:55.692000,1.10936,1.10932,1760000,1120000
2017-07-28 14:06:56.324000,1.10935,1.10931,2810000,3370000
2017-07-28 14:06:57.788000,1.10933,1.1093,1500000,4120000
2017-07-28 14:06:57.894000,1.1093,1.10928,1620000,1000000
2017-07-28 14:06:58.050000,1.10931,1.10929,1120000,1870000
2017-07-28 14:06:58.102000,1.10933,1.1093,1120000,1120000
2017-07-28 14:06:58.594000,1.10934,1.10931,1120000,2250000
2017-07-28 14:06:59.057000,1.10934,1.10931,1940000,1000000
2017-07-28 14:06:59.160000,1.10935,1.10931,2440000,1870000
2017-07-28 14:07:00.256000,1.10935,1.10931,1690000,3750000
2017-07-28 14:07:00.793000,1.10935,1.10931,2810000,1500000
2017-07-28 14:07:02.676000,1.10934,1.1093,1120000,3190000
2017-07-28 14:07:03.469000,1.10933,1.1093,1000000,2250000
2017-07-28 14:07:03.727000,1.10931,1.10929,1310000,1000000
2017-07-28 14:07:03.779000,1.1093,1.10927,1310000,1120000
2017-07-28 14:07:04.169000,1.10933,1.1093,3370000,1000000
2017-07-28 14:07:04.680000,1.10934,1.1093,1690000,3560000
2017-07-28 14:07:05.355000,1.10935,1.10932,4310000,1000000
2017-07-28 14:07:05.868000,1.10936,1.10932,1690000,3000000
2017-07-28 14:07:06.683000,1.10937,1.10934,1000000,1870000
2017-07-28 14:07:07.190000,1.10938,1.10935,1120000,1500000
2017-07-28 14:07:07.705000,1.10938,1.10934,1120000,5060000
2017-07-28 14:07:08.048000,1.10936,1.10933,1690000,1500000
2017-07-28 14:07:08.558000,1.10937,1.10934,1720000,1120000
2017-07-28 14:07:09.703000,1.10938,1.10937,1000000,1000000
2017-07-28 14:07:09.806000,1.10937,1.10933,3560000,2250000
2017-07-28 14:07:10.318000,1.10933,1.10931,3600000,1120000
2017-07-28 14:07:10.528000,1.10933,1.10929,4720000,1120000
2017-07-28 14:07:10.742000,1.10934,1.10931,4420000,1000000
2017-07-28 14:07:11.252000,1.10932,1.10929,1250000,1000000
2017-07-28 14:07:11.436000,1.10933,1.10931,2440000,1000000
2017-07-28 14:07:11.966000,1.10934,1.10931,1420000,1000000
2017-07-28 14:07:12.486000,1.10934,1.10931,1800000,1000000
2017-07-28 14:07:13.783000,1.10934,1.1093,4050000,2810000
2017-07-28 14:07:14.395000,1.1093,1.10929,1690000,3190000
2017-07-28 14:07:14.447000,1.10929,1.10928,1000000,5810000
2017-07-28 14:07:14.689000,1.10933,1.1093,1690000,1250000
2017-07-28 14:07:15.203000,1.10933,1.1093,1120000,1310000
2017-07-28 14:07:16.105000,1.10932,1.1093,1000000,1310000
2017-07-28 14:07:17.336000,1.10931,1.10929,1000000,1120000
2017-07-28 14:07:17.845000,1.1093,1.10928,1000000,3000000
2017-07-28 14:07:18.258000,1.10933,1.1093,1870000,1000000
2017-07-28 14:07:18.769000,1.10933,1.10929,2620000,2620000
2017-07-28 14:07:19.085000,1.10933,1.10931,1870000,1000000
2017-07-28 14:07:19.397000,1.10936,1.10933,1690000,1120000
2017-07-28 14:07:19.977000,1.10935,1.10932,2060000,1120000
2017-07-28 14:07:20.899000,1.10935,1.10931,5250000,2060000
2017-07-28 14:07:21.404000,1.10935,1.10931,1690000,2620000
2017-07-28 14:07:21.710000,1.10932,1.10931,1000000,1120000
2017-07-28 14:07:21.813000,1.10933,1.10929,1570000,4690000
2017-07-28 14:07:22.080000,1.10931,1.10928,1000000,3940000
2017-07-28 14:07:22.387000,1.1093,1.10927,2810000,3000000
2017-07-28 14:07:22.591000,1.10929,1.10926,1470000,1870000
2017-07-28 14:07:22.942000,1.1093,1.10928,1950000,1250000
2017-07-28 14:07:23.198000,1.10931,1.10927,4500000,5810000
2017-07-28 14:07:23.823000,1.1093,1.10928,1000000,2250000
2017-07-28 14:07:24.336000,1.10931,1.10928,1120000,3370000
2017-07-28 14:07:24.491000,1.1093,1.10926,2510000,2620000
2017-07-28 14:07:24.843000,1.10931,1.10928,4570000,1000000
2017-07-28 14:07:25.356000,1.10932,1.10929,1120000,1500000
2017-07-28 14:07:25.659000,1.10935,1.10931,4390000,2250000
2017-07-28 14:07:25.967000,1.10932,1.10928,1120000,4870000
2017-07-28 14:07:26.275000,1.1093,1.10928,1000000,6000000
2017-07-28 14:07:26.327000,1.10932,1.10929,2250000,3000000
2017-07-28 14:07:26.638000,1.10933,1.10931,1000000,1120000
2017-07-28 14:07:27.790000,1.10932,1.1093,1000000,5060000
2017-07-28 14:07:28.150000,1.10933,1.10931,1000000,1870000
2017-07-28 14:07:28.644000,1.10933,1.1093,1000000,1000000
2017-07-28 14:07:28.802000,1.10933,1.10931,1000000,1370000
2017-07-28 14:07:30.082000,1.10934,1.10931,1000000,2250000
2017-07-28 14:07:30.636000,1.10933,1.10932,1000000,1120000
2017-07-28 14:07:30.689000,1.10933,1.1093,1690000,1120000
2017-07-28 14:07:31.205000,1.10934,1.10931,2620000,1000000
2017-07-28 14:07:31.708000,1.10934,1.1093,1310000,5060000
2017-07-28 14:07:32.221000,1.10933,1.1093,1000000,2250000
2017-07-28 14:07:32.649000,1.10934,1.10932,1000000,1500000
2017-07-28 14:07:33.321000,1.10935,1.10932,1000000,1870000
2017-07-28 14:07:34.127000,1.10935,1.10932,1310000,1000000
2017-07-28 14:07:34.641000,1.10934,1.10931,1690000,1000000
2017-07-28 14:07:35.180000,1.10934,1.10932,1690000,1000000
2017-07-28 14:07:35.687000,1.10934,1.10932,1310000,1120000
2017-07-28 14:07:36.300000,1.10933,1.10932,1000000,1120000
2017-07-28 14:07:36.950000,1.10936,1.10932,2320000,6000000
2017-07-28 14:07:37.003000,1.10937,1.10934,2210000,2620000
2017-07-28 14:07:37.351000,1.10934,1.10931,1000000,4120000
2017-07-28 14:07:37.506000,1.10932,1.10929,1000000,1120000
2017-07-28 14:07:37.813000,1.10932,1.1093,1000000,4910000
2017-07-28 14:07:38.320000,1.10933,1.10931,1000000,1120000
2017-07-28 14:07:38.832000,1.10933,1.1093,1120000,3190000
2017-07-28 14:07:39.190000,1.10931,1.1093,1000000,2810000
2017-07-28 14:07:39.595000,1.10927,1.10926,1000000,1500000
2017-07-28 14:07:39.647000,1.10927,1.10924,1000000,2810000
2017-07-28 14:07:39.752000,1.10925,1.10924,2250000,1500000
2017-07-28 14:07:39.906000,1.10924,1.10922,1000000,1120000
2017-07-28 14:07:40.213000,1.10923,1.10922,1000000,1000000
2017-07-28 14:07:40.317000,1.1092,1.10919,3410000,2810000
2017-07-28 14:07:40.488000,1.1092,1.10917,4990000,1120000
2017-07-28 14:07:40.541000,1.10915,1.10914,1000000,1000000
2017-07-28 14:07:40.593000,1.10917,1.10914,2320000,1310000
2017-07-28 14:07:40.800000,1.10918,1.10916,1500000,1000000
2017-07-28 14:07:41.313000,1.10919,1.10917,1370000,1120000
2017-07-28 14:07:41.825000,1.10919,1.10917,2620000,1500000
2017-07-28 14:07:41.876000,1.10919,1.10915,2620000,3370000
2017-07-28 14:07:42.388000,1.10918,1.10915,3190000,1500000
2017-07-28 14:07:42.652000,1.10917,1.10914,5060000,2250000
2017-07-28 14:07:43.167000,1.10916,1.10913,2440000,1000000
2017-07-28 14:07:43.480000,1.10921,1.10918,1120000,6370000
2017-07-28 14:07:43.794000,1.10919,1.10917,1000000,1000000
2017-07-28 14:07:44.306000,1.10919,1.10916,1870000,1500000
2017-07-28 14:07:44.819000,1.10918,1.10916,1000000,2250000
2017-07-28 14:07:45.177000,1.1092,1.10918,2250000,1000000
2017-07-28 14:07:45.975000,1.10918,1.10916,2100000,1000000
2017-07-28 14:07:46.284000,1.10915,1.10912,1870000,3750000
2017-07-28 14:07:46.388000,1.10917,1.10915,2060000,3000000
2017-07-28 14:07:46.545000,1.10919,1.10916,1910000,1120000
2017-07-28 14:07:46.597000,1.10921,1.10917,2850000,4690000
2017-07-28 14:07:47.008000,1.1092,1.10918,5470000,1250000
2017-07-28 14:07:47.111000,1.10921,1.10917,5140000,1000000
2017-07-28 14:07:47.455000,1.10922,1.10918,4350000,4310000
2017-07-28 14:07:47.775000,1.10916,1.10914,1540000,3560000
2017-07-28 14:07:48.336000,1.10916,1.10913,3220000,1690000
2017-07-28 14:07:48.805000,1.10914,1.10913,1000000,1000000
2017-07-28 14:07:48.857000,1.10913,1.10911,2060000,3370000
2017-07-28 14:07:49.079000,1.10911,1.1091,1870000,1000000
2017-07-28 14:07:49.136000,1.1091,1.10908,1250000,3000000
2017-07-28 14:07:49.677000,1.10907,1.10905,1870000,1250000
2017-07-28 14:07:49.992000,1.10906,1.10903,2890000,1690000
2017-07-28 14:07:50.312000,1.10902,1.109,1000000,1000000
2017-07-28 14:07:50.364000,1.10903,1.10901,1120000,1500000
2017-07-28 14:07:50.594000,1.109,1.10897,3190000,1750000
2017-07-28 14:07:50.750000,1.10896,1.10894,1000000,1120000
2017-07-28 14:07:51.161000,1.109,1.10898,13120000,1000000
2017-07-28 14:07:51.361000,1.10901,1.10899,2320000,1120000
2017-07-28 14:07:51.518000,1.10904,1.10902,4200000,3000000
2017-07-28 14:07:51.876000,1.10903,1.109,1870000,1690000
2017-07-28 14:07:52.102000,1.10905,1.10901,3190000,2620000
2017-07-28 14:07:52.461000,1.10904,1.10902,1690000,1000000
2017-07-28 14:07:52.617000,1.10899,1.10897,2440000,1000000
2017-07-28 14:07:53.038000,1.10898,1.10895,3190000,1000000
2017-07-28 14:07:53.551000,1.10897,1.10895,1690000,1250000
2017-07-28 14:07:53.885000,1.10896,1.10893,1000000,3370000
2017-07-28 14:07:54.245000,1.10897,1.10895,1500000,1870000
2017-07-28 14:07:54.451000,1.10893,1.1089,1000000,1250000
2017-07-28 14:07:54.733000,1.10893,1.10892,1500000,2250000
2017-07-28 14:07:55.041000,1.10891,1.1089,1500000,1250000
2017-07-28 14:07:55.093000,1.10893,1.1089,1500000,2440000
2017-07-28 14:07:55.145000,1.10892,1.1089,5170000,1000000
2017-07-28 14:07:55.472000,1.10898,1.10896,1870000,1620000
2017-07-28 14:07:55.831000,1.10899,1.10896,5250000,1250000
2017-07-28 14:07:55.934000,1.109,1.10899,1500000,1000000
2017-07-28 14:07:55.985000,1.10901,1.10899,1000000,1880000
2017-07-28 14:07:56.225000,1.10902,1.10901,1000000,1000000
2017-07-28 14:07:56.276000,1.10904,1.10901,1870000,1000000
2017-07-28 14:07:56.787000,1.10903,1.10901,2250000,1690000
2017-07-28 14:07:56.839000,1.10902,1.109,2250000,4500000
2017-07-28 14:07:57.074000,1.10903,1.10901,1000000,1500000
2017-07-28 14:07:57.126000,1.10904,1.10903,2250000,1000000
2017-07-28 14:07:57.485000,1.10907,1.10905,4690000,1000000
2017-07-28 14:07:57.968000,1.10908,1.10906,2060000,1000000
2017-07-28 14:07:58.488000,1.10909,1.10906,3490000,1000000
2017-07-28 14:07:58.679000,1.10907,1.10905,3040000,7500000
2017-07-28 14:07:58.783000,1.10904,1.10899,1000000,3190000
2017-07-28 14:07:58.886000,1.10899,1.10897,3860000,5620000
2017-07-28 14:07:59.144000,1.109,1.10897,5440000,1500000
2017-07-28 14:07:59.247000,1.10897,1.10896,1000000,1000000
2017-07-28 14:08:00.005000,1.10898,1.10896,2060000,1000000
2017-07-28 14:08:00.531000,1.10898,1.10896,1000000,1000000
2017-07-28 14:08:00.838000,1.10899,1.10897,1690000,1120000
2017-07-28 14:08:01.131000,1.10898,1.10895,1500000,2810000
2017-07-28 14:08:01.286000,1.10897,1.10894,5060000,1000000
2017-07-28 14:08:01.389000,1.10895,1.10891,4500000,3940000
2017-07-28 14:08:01.697000,1.10897,1.10894,2810000,1000000
2017-07-28 14:08:01.901000,1.10899,1.10896,1250000,2620000
2017-07-28 14:08:02.412000,1.10898,1.10895,3860000,2620000
2017-07-28 14:08:02.928000,1.10897,1.10895,1120000,1120000
2017-07-28 14:08:03.135000,1.10896,1.10893,1000000,6000000
2017-07-28 14:08:03.658000,1.10897,1.10894,3860000,1000000
2017-07-28 14:08:04.170000,1.10897,1.10894,4610000,1000000
2017-07-28 14:08:04.825000,1.10897,1.10895,4610000,1000000
2017-07-28 14:08:05.031000,1.10895,1.10893,4350000,2470000
2017-07-28 14:08:05.134000,1.10893,1.10892,1870000,1000000
2017-07-28 14:08:05.639000,1.10895,1.10894,1690000,1000000
2017-07-28 14:08:05.951000,1.10892,1.10888,4350000,1500000
2017-07-28 14:08:06.178000,1.10891,1.10889,1690000,1000000
2017-07-28 14:08:06.230000,1.10891,1.10888,1690000,1500000
2017-07-28 14:08:06.387000,1.10891,1.10889,1250000,1000000
2017-07-28 14:08:06.491000,1.10892,1.10887,5100000,2810000
2017-07-28 14:08:06.645000,1.10892,1.10891,2060000,1000000
2017-07-28 14:08:06.748000,1.10893,1.10889,2440000,4720000
2017-07-28 14:08:06.799000,1.10893,1.10891,2440000,1000000
2017-07-28 14:08:07.306000,1.10893,1.1089,1190000,4120000
2017-07-28 14:08:07.809000,1.10893,1.10891,2440000,1000000
2017-07-28 14:08:08.575000,1.10894,1.10892,1690000,1000000
2017-07-28 14:08:08.780000,1.10886,1.10884,1690000,11810000
2017-07-28 14:08:08.937000,1.10887,1.10886,1310000,1120000
2017-07-28 14:08:09.299000,1.1089,1.10887,7350000,1000000
2017-07-28 14:08:09.351000,1.1089,1.10888,5470000,1000000
2017-07-28 14:08:09.506000,1.1089,1.10887,3300000,1120000
2017-07-28 14:08:09.557000,1.10891,1.1089,2440000,1000000
2017-07-28 14:08:09.863000,1.1089,1.10888,2440000,1120000
2017-07-28 14:08:10.477000,1.1089,1.10889,2250000,1000000
2017-07-28 14:08:10.648000,1.10892,1.1089,2060000,1120000
2017-07-28 14:08:11.161000,1.10891,1.10889,1120000,1120000
2017-07-28 14:08:11.867000,1.10892,1.10889,1310000,2620000
2017-07-28 14:08:12.381000,1.10891,1.10888,2250000,1870000
2017-07-28 14:08:13.098000,1.1089,1.10888,1190000,1500000
2017-07-28 14:08:13.609000,1.1089,1.10888,1690000,1000000
2017-07-28 14:08:14.005000,1.10892,1.10889,2810000,1870000
2017-07-28 14:08:14.108000,1.1089,1.10889,1250000,1000000
2017-07-28 14:08:14.263000,1.1089,1.10887,1690000,1870000
2017-07-28 14:08:14.708000,1.1089,1.10888,2440000,1000000
2017-07-28 14:08:15.117000,1.10889,1.10887,1000000,1720000
2017-07-28 14:08:15.323000,1.10887,1.10886,1000000,1870000
2017-07-28 14:08:15.843000,1.10885,1.10884,1000000,2250000
2017-07-28 14:08:16.049000,1.10887,1.10886,2620000,1500000
2017-07-28 14:08:16.102000,1.1089,1.10887,7570000,1500000
2017-07-28 14:08:16.204000,1.1089,1.10888,4310000,1000000
2017-07-28 14:08:16.308000,1.10891,1.10889,1120000,1000000
2017-07-28 14:08:16.770000,1.10895,1.10893,11060000,1000000
2017-07-28 14:08:16.874000,1.10896,1.10894,2250000,1000000
2017-07-28 14:08:17.388000,1.109,1.10899,1870000,1000000
2017-07-28 14:08:17.872000,1.10899,1.10897,1250000,1000000
2017-07-28 14:08:17.976000,1.10894,1.10892,1870000,9520000
2017-07-28 14:08:18.082000,1.10893,1.1089,2620000,1310000
2017-07-28 14:08:18.320000,1.10893,1.10892,3000000,1250000
2017-07-28 14:08:18.381000,1.10896,1.10893,1120000,2250000
2017-07-28 14:08:18.483000,1.10897,1.10896,1120000,1000000
2017-07-28 14:08:19.344000,1.10899,1.10896,2250000,3790000
2017-07-28 14:08:19.398000,1.10901,1.10898,3560000,1000000
2017-07-28 14:08:19.552000,1.109,1.10896,2440000,3370000
2017-07-28 14:08:20.317000,1.10899,1.10896,1120000,2250000
2017-07-28 14:08:20.633000,1.109,1.10898,3560000,1120000
2017-07-28 14:08:20.993000,1.10899,1.10896,2250000,1870000
2017-07-28 14:08:21.553000,1.109,1.10897,2960000,1000000
2017-07-28 14:08:22.063000,1.10899,1.10896,1270000,1870000
2017-07-28 14:08:23.924000,1.109,1.10897,3710000,1000000
2017-07-28 14:08:25.861000,1.109,1.10899,2440000,1000000
2017-07-28 14:08:25.918000,1.10902,1.109,3000000,1000000
2017-07-28 14:08:26.023000,1.10905,1.10902,3750000,1120000
2017-07-28 14:08:26.231000,1.10906,1.10905,2620000,1000000
2017-07-28 14:08:26.411000,1.10904,1.109,1250000,1870000
2017-07-28 14:08:26.824000,1.10905,1.10902,2060000,1370000
2017-07-28 14:08:27.332000,1.10905,1.10902,2810000,1000000
2017-07-28 14:08:28.303000,1.10905,1.10902,2440000,1120000
2017-07-28 14:08:28.815000,1.10905,1.10903,2440000,1000000
2017-07-28 14:08:29.373000,1.10905,1.10902,3190000,1120000
2017-07-28 14:08:29.782000,1.10907,1.10905,1120000,1000000
2017-07-28 14:08:29.987000,1.10909,1.10906,1120000,1000000
2017-07-28 14:08:30.427000,1.10908,1.10906,2120000,1000000
2017-07-28 14:08:30.735000,1.10907,1.10905,1000000,1000000
2017-07-28 14:08:31.249000,1.10908,1.10906,2060000,1000000
2017-07-28 14:08:31.758000,1.10906,1.10903,2250000,2250000
2017-07-28 14:08:32.272000,1.10906,1.10904,1500000,1000000
2017-07-28 14:08:32.813000,1.10905,1.10902,2250000,1870000
2017-07-28 14:08:33.392000,1.10906,1.10903,2250000,1870000
2017-07-28 14:08:33.495000,1.10906,1.10904,1690000,1000000
2017-07-28 14:08:34.013000,1.10907,1.10905,2810000,1000000
2017-07-28 14:08:34.691000,1.10906,1.10904,1690000,1000000
2017-07-28 14:08:35.202000,1.10906,1.10904,1500000,1000000
2017-07-28 14:08:35.517000,1.10909,1.10907,1000000,1000000
2017-07-28 14:08:36.028000,1.10909,1.10906,1500000,1000000
2017-07-28 14:08:36.551000,1.10909,1.10905,3370000,4690000
2017-07-28 14:08:37.078000,1.1091,1.10906,3000000,1500000
2017-07-28 14:08:37.600000,1.10909,1.10907,1000000,1000000
2017-07-28 14:08:38.112000,1.10909,1.10906,2620000,1000000
2017-07-28 14:08:38.619000,1.10909,1.10906,1120000,2060000
2017-07-28 14:08:39.130000,1.1091,1.10907,2250000,1120000
2017-07-28 14:08:39.657000,1.1091,1.10906,2250000,2440000
2017-07-28 14:08:40.168000,1.1091,1.10906,2620000,2440000
2017-07-28 14:08:40.514000,1.10906,1.10905,1120000,1000000
2017-07-28 14:08:40.566000,1.10906,1.10903,1120000,1000000
2017-07-28 14:08:41.083000,1.10905,1.10901,1870000,1310000
2017-07-28 14:08:41.595000,1.10904,1.10901,1000000,1310000
2017-07-28 14:08:42.116000,1.10904,1.10901,1000000,1120000
2017-07-28 14:08:42.948000,1.10904,1.10901,2250000,1000000
2017-07-28 14:08:43.459000,1.10904,1.10901,1500000,1000000
2017-07-28 14:08:46.312000,1.10905,1.10902,6190000,1000000
2017-07-28 14:08:47.045000,1.10905,1.10902,3190000,1000000
2017-07-28 14:08:49.995000,1.10905,1.10903,2250000,1000000
2017-07-28 14:08:50.180000,1.10909,1.10907,2620000,1000000
2017-07-28 14:08:50.797000,1.1091,1.10908,3560000,1000000
2017-07-28 14:08:50.850000,1.10909,1.10905,2440000,5620000
2017-07-28 14:08:51.396000,1.10909,1.10907,2620000,1000000
2017-07-28 14:08:51.774000,1.10908,1.10905,1000000,1000000
2017-07-28 14:08:51.826000,1.10907,1.10904,2060000,1000000
2017-07-28 14:08:52.240000,1.10907,1.10906,1500000,1000000
2017-07-28 14:08:52.292000,1.10909,1.10906,2250000,1000000
2017-07-28 14:08:52.831000,1.1091,1.10907,1690000,1000000
2017-07-28 14:08:53.450000,1.10906,1.10904,1310000,1120000
2017-07-28 14:08:53.965000,1.10907,1.10905,1500000,1000000
2017-07-28 14:08:54.346000,1.10908,1.10907,1000000,1000000
2017-07-28 14:08:54.706000,1.1091,1.10907,1000000,1120000
2017-07-28 14:08:55.216000,1.10909,1.10906,1000000,1500000
2017-07-28 14:08:55.954000,1.10911,1.10908,3000000,1310000
2017-07-28 14:08:56.466000,1.10911,1.10908,1000000,3560000
2017-07-28 14:08:56.673000,1.10913,1.1091,1120000,1000000
2017-07-28 14:08:57.181000,1.10914,1.1091,2440000,2250000
2017-07-28 14:08:58.487000,1.10912,1.10909,1000000,4500000
2017-07-28 14:08:59.113000,1.10912,1.10909,1000000,1250000
2017-07-28 14:08:59.526000,1.10909,1.10908,1000000,3000000
2017-07-28 14:08:59.785000,1.10912,1.10909,4120000,1000000
2017-07-28 14:09:00.296000,1.10911,1.10908,1500000,4690000
2017-07-28 14:09:00.800000,1.10912,1.10909,1000000,2060000
2017-07-28 14:09:01.312000,1.10911,1.10909,1000000,1310000
2017-07-28 14:09:01.966000,1.10911,1.10909,1000000,1000000
2017-07-28 14:09:02.587000,1.10909,1.10906,1000000,7500000
2017-07-28 14:09:02.639000,1.10911,1.10907,3370000,3190000
2017-07-28 14:09:02.795000,1.10911,1.1091,1000000,1000000
2017-07-28 14:09:03.163000,1.10913,1.1091,1000000,1120000
2017-07-28 14:09:03.668000,1.10912,1.1091,1000000,1120000
2017-07-28 14:09:03.720000,1.10914,1.10911,4120000,2060000
2017-07-28 14:09:03.928000,1.10915,1.10912,1000000,1620000
2017-07-28 14:09:04.246000,1.10917,1.10913,1120000,2440000
2017-07-28 14:09:07.725000,1.10917,1.10913,3000000,1660000
2017-07-28 14:09:08.245000,1.10916,1.10912,2060000,1500000
2017-07-28 14:09:08.780000,1.10915,1.10912,1690000,1120000
2017-07-28 14:09:09.300000,1.10916,1.10913,1690000,1000000
2017-07-28 14:09:09.851000,1.10916,1.10913,1310000,1000000
2017-07-28 14:09:11.958000,1.10915,1.10912,1690000,1000000
2017-07-28 14:09:12.112000,1.10913,1.10909,1870000,1690000
2017-07-28 14:09:12.266000,1.10915,1.10911,1870000,10310000
2017-07-28 14:09:12.467000,1.10916,1.10912,1120000,2810000
2017-07-28 14:09:13.294000,1.10916,1.10912,1120000,5060000
2017-07-28 14:09:17.014000,1.10918,1.10917,1000000,1310000
2017-07-28 14:09:17.167000,1.1092,1.10918,1000000,2250000
2017-07-28 14:09:17.423000,1.10922,1.1092,2290000,1000000
2017-07-28 14:09:17.525000,1.10921,1.10919,1000000,1870000
2017-07-28 14:09:18.519000,1.1092,1.10918,1000000,1690000
2017-07-28 14:09:18.841000,1.10919,1.10916,2850000,7500000
2017-07-28 14:09:18.945000,1.10918,1.10914,3970000,1120000
2017-07-28 14:09:19.098000,1.10915,1.10913,1000000,3560000
2017-07-28 14:09:19.406000,1.10917,1.10915,1000000,2310000
2017-07-28 14:09:19.671000,1.10915,1.10914,1000000,2440000
2017-07-28 14:09:19.927000,1.10917,1.10915,1000000,5290000
2017-07-28 14:09:19.979000,1.10919,1.10917,3750000,1120000
2017-07-28 14:09:20.337000,1.10917,1.10916,1000000,1690000
2017-07-28 14:09:20.682000,1.10922,1.1092,5660000,1000000
2017-07-28 14:09:21.193000,1.10921,1.10919,2810000,1000000
2017-07-28 14:09:22.066000,1.10921,1.10919,2810000,1000000
2017-07-28 14:09:22.376000,1.10918,1.10917,1250000,1000000
2017-07-28 14:09:22.885000,1.10919,1.10917,3940000,1000000
2017-07-28 14:09:23.451000,1.1092,1.10917,2250000,3940000
2017-07-28 14:09:23.773000,1.10922,1.1092,2440000,1000000
2017-07-28 14:09:24.285000,1.10921,1.10919,1310000,1000000
2017-07-28 14:09:24.813000,1.10922,1.10919,1500000,1690000
2017-07-28 14:09:25.173000,1.10922,1.1092,1690000,1000000
2017-07-28 14:09:25.432000,1.10919,1.10917,1690000,1120000
2017-07-28 14:09:25.996000,1.10918,1.10917,1000000,1000000
2017-07-28 14:09:26.047000,1.10915,1.10913,3750000,1120000
2017-07-28 14:09:26.099000,1.10914,1.10911,2810000,2250000
2017-07-28 14:09:26.369000,1.10914,1.10912,1870000,1000000
2017-07-28 14:09:26.472000,1.10914,1.10911,1950000,1000000
2017-07-28 14:09:26.524000,1.10914,1.10912,1950000,1000000
2017-07-28 14:09:26.627000,1.10914,1.10911,1950000,1000000
2017-07-28 14:09:26.781000,1.10914,1.10912,1950000,1000000
2017-07-28 14:09:26.832000,1.10914,1.10911,1950000,1000000
2017-07-28 14:09:26.884000,1.10914,1.10912,1950000,1000000
2017-07-28 14:09:26.935000,1.10914,1.10911,3070000,1000000
2017-07-28 14:09:27.040000,1.10914,1.10913,1950000,1000000
2017-07-28 14:09:27.284000,1.10913,1.10911,1690000,1000000
2017-07-28 14:09:28.778000,1.10914,1.10913,3000000,1310000
2017-07-28 14:09:29.045000,1.10919,1.10914,3940000,1870000
2017-07-28 14:09:29.148000,1.10918,1.10916,1310000,1000000
2017-07-28 14:09:29.576000,1.10919,1.10917,1250000,1000000
2017-07-28 14:09:29.678000,1.10918,1.10916,1000000,2250000
2017-07-28 14:09:30.050000,1.1092,1.10917,1690000,3370000
2017-07-28 14:09:30.306000,1.1092,1.10917,3190000,3370000
2017-07-28 14:09:30.665000,1.1092,1.10918,1690000,1500000
2017-07-28 14:09:30.848000,1.10919,1.10917,1000000,2620000
2017-07-28 14:09:31.360000,1.10919,1.10917,1000000,2620000
2017-07-28 14:09:32.294000,1.10919,1.10917,1000000,2250000
2017-07-28 14:09:33.590000,1.10919,1.10917,1000000,1500000
2017-07-28 14:09:34.105000,1.10918,1.10917,1000000,1500000
2017-07-28 14:09:37.656000,1.10917,1.10916,1000000,1500000
2017-07-28 14:09:38.170000,1.10916,1.10914,1000000,3370000
2017-07-28 14:09:38.720000,1.10916,1.10914,1000000,2250000
2017-07-28 14:09:41.708000,1.10916,1.10915,1000000,1000000
2017-07-28 14:09:42.120000,1.10918,1.10916,1690000,1870000
2017-07-28 14:09:42.224000,1.10921,1.10917,2440000,5250000
2017-07-28 14:09:42.278000,1.10919,1.10917,1000000,5250000
2017-07-28 14:09:42.828000,1.1092,1.10918,1000000,1000000
2017-07-28 14:09:43.340000,1.10921,1.10918,1000000,1120000
2017-07-28 14:09:43.917000,1.1092,1.10918,1000000,1500000
2017-07-28 14:09:44.781000,1.1092,1.10918,1000000,3370000
2017-07-28 14:09:45.434000,1.10922,1.10921,2250000,1000000
2017-07-28 14:09:47.709000,1.10925,1.10923,1000000,1350000
2017-07-28 14:09:47.813000,1.10927,1.10924,1500000,1000000
2017-07-28 14:09:48.326000,1.10926,1.10924,1000000,1500000
2017-07-28 14:09:48.480000,1.10928,1.10926,1000000,1500000
2017-07-28 14:09:48.790000,1.1093,1.10928,1000000,1000000
2017-07-28 14:09:49.302000,1.1093,1.10929,1000000,1000000
2017-07-28 14:09:49.795000,1.10933,1.10931,1000000,2250000
2017-07-28 14:09:50.312000,1.10932,1.1093,2250000,2250000
2017-07-28 14:09:50.834000,1.10931,1.10929,1000000,1500000
2017-07-28 14:09:52.311000,1.10932,1.10929,2250000,3750000
2017-07-28 14:09:52.728000,1.10933,1.10931,1000000,5470000
2017-07-28 14:09:52.780000,1.10935,1.10932,1120000,6000000
2017-07-28 14:09:52.832000,1.10933,1.10932,1000000,6000000
2017-07-28 14:09:53.345000,1.10934,1.10932,1000000,1120000
2017-07-28 14:09:54.269000,1.10935,1.10933,1000000,1500000
2017-07-28 14:09:54.372000,1.10936,1.10933,1310000,5620000
2017-07-28 14:09:55.060000,1.10935,1.10933,1000000,3000000
2017-07-28 14:09:55.571000,1.10937,1.10935,1000000,5470000
2017-07-28 14:09:55.675000,1.10939,1.10937,1000000,1870000
2017-07-28 14:09:56.598000,1.10941,1.10939,5060000,1000000
2017-07-28 14:09:56.919000,1.10939,1.10937,3560000,1500000
2017-07-28 14:09:57.124000,1.10938,1.10935,3190000,1000000
2017-07-28 14:09:57.227000,1.10938,1.10936,2440000,1000000
