time,ask,bid,ask_volume,bid_volume
2020-12-10 13:25:02.468000,1.04447,1.04444,1500000,2950000
2020-12-10 13:25:02.569000,1.04448,1.04445,1870000,2140000
2020-12-10 13:25:02.670000,1.04448,1.04445,1500000,3700000
2020-12-10 13:25:02.772000,1.04448,1.04445,1500000,2890000
2020-12-10 13:25:03.241000,1.04449,1.04446,2440000,1000000
2020-12-10 13:25:03.342000,1.04449,1.04447,1000000,1000000
2020-12-10 13:25:03.444000,1.04449,1.04446,1000000,2590000
2020-12-10 13:25:03.827000,1.04447,1.04444,1950000,1310000
2020-12-10 13:25:04.680000,1.04447,1.04444,1870000,2500000
2020-12-10 13:25:15.759000,1.04448,1.04445,2250000,1310000
2020-12-10 13:25:17.828000,1.04448,1.04446,1950000,1250000
2020-12-10 13:25:17.929000,1.04449,1.04446,2700000,1250000
2020-12-10 13:25:18.031000,1.04448,1.04445,1000000,2870000
2020-12-10 13:25:18.182000,1.04449,1.04444,1000000,1690000
2020-12-10 13:25:19.558000,1.04447,1.04445,1000000,1250000
2020-12-10 13:25:19.660000,1.04446,1.04444,1200000,1250000
2020-12-10 13:25:19.761000,1.04445,1.04443,1000000,1250000
2020-12-10 13:25:23.328000,1.04446,1.04443,1500000,1250000
2020-12-10 13:25:23.430000,1.04447,1.04444,1120000,2500000
2020-12-10 13:25:24.211000,1.04446,1.04443,1000000,2870000
2020-12-10 13:25:24.363000,1.04444,1.04442,1000000,2120000
2020-12-10 13:25:27.849000,1.04444,1.04441,1120000,2500000
2020-12-10 13:25:27.951000,1.04443,1.04441,1570000,1250000
2020-12-10 13:25:31.376000,1.04444,1.04441,1500000,3250000
2020-12-10 13:25:32.304000,1.04444,1.04442,1500000,1250000
2020-12-10 13:25:32.456000,1.04446,1.04441,1870000,2870000
2020-12-10 13:25:32.557000,1.04444,1.04442,1000000,2120000
2020-12-10 13:25:33.090000,1.04444,1.04441,1500000,2870000
2020-12-10 13:25:35.198000,1.04444,1.0444,1200000,1370000
2020-12-10 13:25:36.724000,1.04442,1.0444,1570000,1000000
2020-12-10 13:25:36.825000,1.04443,1.0444,1310000,1570000
2020-12-10 13:25:36.927000,1.04443,1.0444,1120000,3700000
2020-12-10 13:25:37.180000,1.04444,1.04441,1950000,2120000
2020-12-10 13:25:37.433000,1.04444,1.04441,1870000,2510000
2020-12-10 13:25:39.296000,1.04444,1.04441,1200000,3310000
2020-12-10 13:25:39.398000,1.04444,1.04441,2620000,2140000
2020-12-10 13:25:40.562000,1.04443,1.04441,1200000,1120000
2020-12-10 13:25:40.664000,1.04442,1.0444,1570000,1690000
2020-12-10 13:25:41.160000,1.04441,1.0444,1000000,1250000
2020-12-10 13:25:41.261000,1.04443,1.04439,2400000,1250000
2020-12-10 13:25:41.477000,1.04441,1.0444,1000000,1250000
2020-12-10 13:25:41.676000,1.04442,1.0444,2320000,1250000
2020-12-10 13:25:42.858000,1.04443,1.04441,2620000,1250000
2020-12-10 13:25:42.960000,1.04444,1.04441,2620000,2890000
2020-12-10 13:25:43.061000,1.04444,1.04442,1870000,1250000
2020-12-10 13:25:43.330000,1.04444,1.04443,1000000,1250000
2020-12-10 13:25:43.634000,1.04445,1.04443,1870000,1250000
2020-12-10 13:25:44.487000,1.04445,1.04442,1000000,1250000
2020-12-10 13:25:44.639000,1.04444,1.04442,1870000,1000000
2020-12-10 13:25:45.788000,1.04444,1.04441,1870000,2890000
2020-12-10 13:25:45.889000,1.04445,1.04441,1500000,1250000
2020-12-10 13:25:47.567000,1.04446,1.04441,1870000,1760000
2020-12-10 13:25:49.329000,1.04445,1.04443,1000000,1690000
2020-12-10 13:25:49.481000,1.04445,1.04442,1200000,2060000
2020-12-10 13:25:52.918000,1.04444,1.04442,1000000,2810000
2020-12-10 13:25:56.629000,1.04442,1.0444,1000000,3750000
2020-12-10 13:25:56.731000,1.04442,1.0444,1120000,4000000
2020-12-10 13:25:56.934000,1.04443,1.04441,1500000,1250000
2020-12-10 13:25:58.523000,1.04444,1.04442,1500000,1690000
2020-12-10 13:26:00.065000,1.04443,1.04441,1000000,2440000
2020-12-10 13:26:00.167000,1.04443,1.04442,1000000,1250000
2020-12-10 13:26:01.070000,1.04443,1.04441,1120000,2810000
2020-12-10 13:26:02.501000,1.04442,1.04441,1000000,1120000
2020-12-10 13:26:06.925000,1.04442,1.0444,1120000,3370000
2020-12-10 13:26:07.026000,1.04443,1.04439,1500000,4000000
2020-12-10 13:26:10.202000,1.04442,1.04439,5700000,1690000
2020-12-10 13:26:10.304000,1.04441,1.0444,1000000,2250000
2020-12-10 13:26:10.405000,1.04443,1.04439,2700000,4000000
2020-12-10 13:26:11.629000,1.04442,1.0444,2320000,3000000
2020-12-10 13:26:11.730000,1.04441,1.0444,1000000,3190000
2020-12-10 13:26:12.627000,1.04443,1.04439,3070000,3190000
2020-12-10 13:26:13.476000,1.04441,1.0444,1000000,2250000
2020-12-10 13:26:13.578000,1.04442,1.0444,3070000,3190000
2020-12-10 13:26:14.512000,1.04442,1.04441,1120000,1250000
2020-12-10 13:26:15.679000,1.04443,1.04439,1500000,3000000
2020-12-10 13:26:15.947000,1.04442,1.0444,1870000,3250000
2020-12-10 13:26:19.902000,1.04441,1.04439,1000000,1810000
2020-12-10 13:26:20.054000,1.0444,1.04439,1000000,1500000
2020-12-10 13:26:20.155000,1.0444,1.04439,1000000,1120000
2020-12-10 13:26:20.900000,1.04441,1.0444,1000000,3560000
2020-12-10 13:26:21.002000,1.04442,1.04441,1000000,1310000
2020-12-10 13:26:26.988000,1.04442,1.04438,3000000,1000000
2020-12-10 13:26:27.777000,1.04442,1.0444,1500000,3620000
2020-12-10 13:26:33.862000,1.04442,1.0444,1000000,2700000
2020-12-10 13:26:33.963000,1.04442,1.0444,1500000,4120000
2020-12-10 13:26:39.347000,1.04443,1.0444,2320000,4000000
2020-12-10 13:26:42.332000,1.04445,1.0444,5250000,4200000
2020-12-10 13:26:48.670000,1.04446,1.04443,1120000,2140000
2020-12-10 13:26:48.721000,1.04447,1.04444,5400000,1750000
2020-12-10 13:26:48.823000,1.04447,1.04444,3750000,1950000
2020-12-10 13:26:49.301000,1.04444,1.04442,1500000,1100000
2020-12-10 13:26:49.403000,1.04444,1.04441,1500000,2890000
2020-12-10 13:26:49.504000,1.04445,1.04442,1000000,3260000
2020-12-10 13:26:49.656000,1.04444,1.0444,1000000,4760000
2020-12-10 13:26:49.757000,1.04442,1.0444,1100000,2620000
2020-12-10 13:26:51.743000,1.04442,1.04439,1570000,1310000
2020-12-10 13:26:56.692000,1.04443,1.0444,1000000,3070000
2020-12-10 13:27:08.063000,1.04443,1.0444,5720000,1000000
2020-12-10 13:27:10.141000,1.04442,1.04439,2720000,1120000
2020-12-10 13:27:10.344000,1.04442,1.04439,1570000,1120000
2020-12-10 13:27:12.010000,1.04441,1.04438,1570000,2560000
2020-12-10 13:27:12.948000,1.04441,1.04438,1100000,3190000
2020-12-10 13:27:13.960000,1.04441,1.04438,1100000,3310000
2020-12-10 13:27:16.646000,1.04439,1.04437,1570000,1310000
2020-12-10 13:27:16.899000,1.04441,1.04435,2140000,2890000
2020-12-10 13:27:17,1.0444,1.04436,1760000,3390000
2020-12-10 13:27:17.203000,1.04439,1.04436,1000000,2260000
2020-12-10 13:27:18.039000,1.04439,1.04436,1000000,1760000
2020-12-10 13:27:20.270000,1.04438,1.04435,1870000,3070000
2020-12-10 13:27:20.422000,1.04438,1.04435,1120000,2140000
2020-12-10 13:27:21.036000,1.04438,1.04435,1120000,2260000
2020-12-10 13:27:21.240000,1.04438,1.04435,1000000,2510000
2020-12-10 13:27:21.342000,1.04438,1.04435,1000000,3010000
2020-12-10 13:27:21.444000,1.04438,1.04435,1000000,2890000
2020-12-10 13:27:23.268000,1.04437,1.04434,1100000,2870000
2020-12-10 13:27:36.253000,1.04437,1.04435,1000000,1250000
2020-12-10 13:27:36.636000,1.04437,1.04434,1000000,9070000
2020-12-10 13:27:37.181000,1.04438,1.04436,1000000,1870000
2020-12-10 13:27:37.232000,1.0444,1.04437,3640000,1000000
2020-12-10 13:27:37.334000,1.04438,1.04435,1000000,4270000
2020-12-10 13:27:37.435000,1.04438,1.04434,1100000,8570000
2020-12-10 13:27:37.894000,1.04438,1.04435,1000000,2950000
2020-12-10 13:27:37.995000,1.0444,1.04436,2890000,2510000
2020-12-10 13:27:38.248000,1.04439,1.04435,1500000,6850000
2020-12-10 13:27:38.349000,1.04439,1.04435,1760000,2890000
2020-12-10 13:27:38.551000,1.04439,1.04436,1760000,1000000
2020-12-10 13:27:38.653000,1.04439,1.04435,1760000,2890000
2020-12-10 13:27:38.755000,1.04439,1.04436,1760000,1000000
2020-12-10 13:27:39.139000,1.04439,1.04435,1760000,3260000
2020-12-10 13:27:39.516000,1.04439,1.04436,1100000,2060000
2020-12-10 13:27:41.910000,1.04439,1.04435,1100000,6640000
2020-12-10 13:27:44.908000,1.0444,1.04435,1200000,1000000
2020-12-10 13:27:45.009000,1.0444,1.04436,1690000,1000000
2020-12-10 13:27:45.376000,1.04441,1.04434,1690000,4390000
2020-12-10 13:27:47.904000,1.0444,1.04438,1000000,1000000
2020-12-10 13:27:48.006000,1.04442,1.04439,1570000,1120000
2020-12-10 13:27:48.107000,1.04443,1.0444,1750000,1000000
2020-12-10 13:27:48.209000,1.04443,1.0444,1120000,1000000
2020-12-10 13:27:49.185000,1.04444,1.0444,1000000,1000000
2020-12-10 13:27:50.994000,1.04444,1.04441,2140000,1500000
2020-12-10 13:27:51.771000,1.04446,1.04444,1750000,1000000
2020-12-10 13:27:51.923000,1.04446,1.04444,1250000,3010000
2020-12-10 13:27:52.885000,1.04446,1.04444,1250000,2890000
2020-12-10 13:27:54.812000,1.04448,1.04445,1940000,1000000
2020-12-10 13:27:54.964000,1.04448,1.04445,1250000,4140000
2020-12-10 13:27:55.066000,1.04448,1.04445,1250000,4390000
2020-12-10 13:27:55.167000,1.04448,1.04445,1250000,2370000
2020-12-10 13:27:56.089000,1.04448,1.04445,1250000,2250000
2020-12-10 13:27:58.104000,1.04448,1.04445,1250000,2820000
2020-12-10 13:27:59.108000,1.04448,1.04445,1250000,2320000
2020-12-10 13:27:59.993000,1.04447,1.04445,1250000,1870000
2020-12-10 13:28:00.598000,1.04448,1.04446,1250000,3560000
2020-12-10 13:28:00.750000,1.04449,1.04446,1250000,1310000
2020-12-10 13:28:07.234000,1.04448,1.04444,5510000,1250000
2020-12-10 13:28:07.336000,1.04448,1.04443,1000000,1870000
2020-12-10 13:28:12.811000,1.04447,1.04443,3010000,1500000
2020-12-10 13:28:12.862000,1.04444,1.0444,1500000,8360000
2020-12-10 13:28:12.964000,1.04442,1.04439,1000000,4090000
2020-12-10 13:28:14.186000,1.04442,1.0444,1000000,1000000
2020-12-10 13:28:14.288000,1.04443,1.0444,1000000,3260000
2020-12-10 13:28:16.190000,1.04443,1.04439,1200000,5810000
2020-12-10 13:28:19.909000,1.04442,1.04439,1000000,2440000
2020-12-10 13:28:26.154000,1.04439,1.04437,1000000,1120000
2020-12-10 13:28:26.255000,1.04439,1.04436,1000000,5440000
2020-12-10 13:28:26.356000,1.04439,1.04435,1000000,5140000
2020-12-10 13:28:27.642000,1.04439,1.04436,1500000,1870000
2020-12-10 13:28:27.794000,1.04439,1.04435,2700000,5000000
2020-12-10 13:28:27.845000,1.04439,1.04435,3070000,4310000
2020-12-10 13:28:30.260000,1.0444,1.04435,2700000,1000000
2020-12-10 13:28:30.361000,1.04439,1.04435,2250000,1390000
2020-12-10 13:28:32.375000,1.04438,1.04435,1000000,1250000
2020-12-10 13:28:34.501000,1.0444,1.04437,1570000,2140000
2020-12-10 13:28:35.116000,1.0444,1.04436,1000000,2320000
2020-12-10 13:28:35.218000,1.04439,1.04435,1000000,6070000
2020-12-10 13:28:35.872000,1.0444,1.04436,1950000,3750000
2020-12-10 13:28:37.950000,1.04442,1.04438,2320000,7010000
2020-12-10 13:28:38.052000,1.04443,1.04438,1500000,1200000
2020-12-10 13:28:39.319000,1.04442,1.0444,1000000,1000000
2020-12-10 13:28:39.370000,1.04446,1.04441,1310000,1570000
2020-12-10 13:28:39.471000,1.04444,1.04441,1000000,5100000
2020-12-10 13:28:40.287000,1.04445,1.04441,1870000,4970000
2020-12-10 13:28:40.539000,1.04445,1.04441,2320000,1100000
2020-12-10 13:28:41.058000,1.04444,1.04441,1000000,1500000
2020-12-10 13:28:41.210000,1.04444,1.0444,1500000,7010000
2020-12-10 13:28:44.325000,1.04443,1.04439,2700000,1870000
2020-12-10 13:28:44.426000,1.04442,1.04439,1200000,1120000
2020-12-10 13:28:45.154000,1.04444,1.04438,6070000,1120000
2020-12-10 13:28:45.680000,1.04441,1.04437,1500000,8360000
2020-12-10 13:28:45.832000,1.0444,1.04436,1000000,3040000
2020-12-10 13:28:46.461000,1.0444,1.04436,1870000,2140000
2020-12-10 13:28:46.563000,1.04439,1.04436,1000000,1390000
2020-12-10 13:28:47.437000,1.0444,1.04436,1500000,2140000
2020-12-10 13:28:50.975000,1.04442,1.04437,1000000,1200000
2020-12-10 13:28:51.077000,1.04442,1.04439,1000000,1950000
2020-12-10 13:28:51.280000,1.04443,1.04438,1000000,6220000
2020-12-10 13:28:51.381000,1.04442,1.04439,1000000,6070000
2020-12-10 13:28:51.838000,1.04442,1.04439,1000000,6600000
2020-12-10 13:28:52.319000,1.04442,1.04439,1000000,2320000
2020-12-10 13:28:53.715000,1.04443,1.04439,1500000,2700000
2020-12-10 13:28:54.653000,1.04444,1.04441,1000000,6640000
2020-12-10 13:28:54.754000,1.04445,1.04441,1000000,2100000
2020-12-10 13:28:54.856000,1.04444,1.04441,1000000,1200000
2020-12-10 13:28:56.338000,1.04444,1.0444,1500000,1390000
2020-12-10 13:28:56.658000,1.04444,1.0444,1500000,5290000
2020-12-10 13:29:01.302000,1.04444,1.04441,1500000,1350000
2020-12-10 13:29:01.403000,1.04445,1.04441,1500000,2450000
2020-12-10 13:29:02.345000,1.04446,1.04442,1500000,1760000
2020-12-10 13:29:02.446000,1.04446,1.04442,1500000,1350000
2020-12-10 13:29:03.347000,1.04445,1.04442,1000000,1200000
2020-12-10 13:29:03.449000,1.04446,1.04442,2700000,1500000
2020-12-10 13:29:03.550000,1.04445,1.04442,1000000,1200000
2020-12-10 13:29:04.063000,1.04442,1.04439,1500000,1010000
2020-12-10 13:29:04.165000,1.04441,1.04437,3000000,4200000
2020-12-10 13:29:04.216000,1.0444,1.04437,1000000,3450000
2020-12-10 13:29:04.317000,1.04442,1.04438,1950000,2140000
2020-12-10 13:29:04.419000,1.04441,1.04437,1500000,2890000
2020-12-10 13:29:04.520000,1.04441,1.04437,1500000,3040000
2020-12-10 13:29:04.621000,1.04441,1.04437,1500000,1760000
2020-12-10 13:29:06.308000,1.0444,1.04436,1000000,3790000
2020-12-10 13:29:09.213000,1.04441,1.04434,1500000,6850000
2020-12-10 13:29:13.832000,1.04439,1.04435,2510000,3450000
2020-12-10 13:29:18.982000,1.04439,1.04434,4670000,4540000
2020-12-10 13:29:19.162000,1.04439,1.04434,4270000,4540000
2020-12-10 13:29:20.365000,1.04439,1.04434,3710000,4760000
2020-12-10 13:29:20.467000,1.04439,1.04434,3710000,4910000
2020-12-10 13:29:21.149000,1.04439,1.04434,2510000,4760000
2020-12-10 13:29:23.827000,1.04438,1.04434,3000000,1310000
2020-12-10 13:29:23.929000,1.04439,1.04434,4760000,1310000
2020-12-10 13:29:24.030000,1.04439,1.04433,3000000,1310000
2020-12-10 13:29:30.049000,1.04438,1.04433,1600000,2250000
2020-12-10 13:29:30.254000,1.04434,1.04432,1000000,1500000
2020-12-10 13:29:30.305000,1.04433,1.0443,4970000,1250000
2020-12-10 13:29:30.357000,1.04432,1.04429,1000000,1250000
2020-12-10 13:29:35.764000,1.04432,1.04429,1600000,1250000
2020-12-10 13:29:39.720000,1.04432,1.04429,1570000,1250000
2020-12-10 13:29:42.197000,1.04432,1.04429,4720000,1250000
2020-12-10 13:29:42.400000,1.04431,1.04428,8660000,1250000
2020-12-10 13:29:42.501000,1.04427,1.04424,1000000,6000000
2020-12-10 13:29:42.604000,1.04428,1.04425,1000000,1000000
2020-12-10 13:29:43.150000,1.04428,1.04424,1000000,1870000
2020-12-10 13:29:45.432000,1.04428,1.04427,1500000,1250000
2020-12-10 13:29:45.534000,1.04431,1.04426,1500000,2120000
2020-12-10 13:29:46.062000,1.04432,1.04426,1310000,1250000
2020-12-10 13:29:46.163000,1.04429,1.04425,3000000,1000000
2020-12-10 13:29:46.265000,1.04427,1.04424,1000000,1000000
2020-12-10 13:29:46.417000,1.04432,1.04426,5620000,1000000
2020-12-10 13:29:46.468000,1.04431,1.04424,1000000,1000000
2020-12-10 13:29:46.569000,1.0443,1.04424,1500000,1000000
2020-12-10 13:29:46.671000,1.04434,1.04433,1250000,1000000
2020-12-10 13:29:46.722000,1.04438,1.04434,3500000,1000000
2020-12-10 13:29:47.349000,1.04439,1.04434,1000000,1000000
2020-12-10 13:29:47.552000,1.04437,1.04432,1000000,1000000
2020-12-10 13:29:48.742000,1.04438,1.04432,1500000,1000000
2020-12-10 13:29:49.046000,1.04439,1.04434,1000000,1000000
2020-12-10 13:29:49.148000,1.04439,1.04433,1750000,1000000
2020-12-10 13:29:49.249000,1.04439,1.04433,1000000,1000000
2020-12-10 13:29:49.352000,1.04438,1.04432,1250000,1000000
2020-12-10 13:29:51.361000,1.04434,1.04432,1250000,1000000
2020-12-10 13:29:53.082000,1.04434,1.04431,1000000,1250000
2020-12-10 13:29:53.183000,1.04434,1.0443,1000000,5810000
2020-12-10 13:29:53.955000,1.04437,1.04429,1000000,1690000
2020-12-10 13:29:54.056000,1.04439,1.0443,1000000,4690000
2020-12-10 13:29:54.548000,1.0444,1.04435,1000000,1500000
2020-12-10 13:29:54.599000,1.04434,1.0443,1000000,5060000
2020-12-10 13:29:55.794000,1.0444,1.0443,1000000,2060000
2020-12-10 13:29:56.745000,1.04438,1.04425,1310000,1000000
2020-12-10 13:29:56.846000,1.04436,1.04426,1000000,1000000
2020-12-10 13:29:56.897000,1.04439,1.04428,5440000,1500000
2020-12-10 13:29:57.100000,1.04438,1.04428,1000000,3750000
2020-12-10 13:29:57.302000,1.04437,1.04425,2440000,1350000
2020-12-10 13:29:57.353000,1.04437,1.04428,1500000,2000000
2020-12-10 13:29:57.455000,1.04438,1.0443,1000000,1120000
2020-12-10 13:29:57.978000,1.04439,1.04432,1000000,1000000
2020-12-10 13:29:58.081000,1.04432,1.0443,1000000,1120000
2020-12-10 13:29:58.132000,1.04436,1.0443,1250000,1120000
2020-12-10 13:29:58.183000,1.04438,1.0443,1000000,1120000
2020-12-10 13:29:58.623000,1.04432,1.0443,1000000,1120000
2020-12-10 13:29:58.674000,1.04436,1.0443,1250000,1120000
2020-12-10 13:29:58.726000,1.04438,1.04426,1000000,2250000
2020-12-10 13:29:59.302000,1.04437,1.04426,1000000,1000000
2020-12-10 13:29:59.404000,1.04439,1.04426,1500000,1750000
2020-12-10 13:29:59.505000,1.04435,1.0443,1000000,1000000
2020-12-10 13:29:59.556000,1.04435,1.04428,1000000,2250000
2020-12-10 13:29:59.606000,1.04435,1.04426,1250000,1750000
2020-12-10 13:29:59.993000,1.04438,1.04428,1120000,2940000
2020-12-10 13:30:00.477000,1.04435,1.04424,1000000,1500000
2020-12-10 13:30:00.579000,1.04436,1.0443,1000000,1120000
2020-12-10 13:30:00.630000,1.04439,1.0443,2070000,1120000
2020-12-10 13:30:00.732000,1.0444,1.04428,1690000,2750000
2020-12-10 13:30:00.783000,1.04438,1.04428,1000000,2750000
2020-12-10 13:30:00.884000,1.04438,1.04425,1250000,1000000
2020-12-10 13:30:01.138000,1.04429,1.04425,1000000,3000000
2020-12-10 13:30:01.189000,1.04428,1.0442,1000000,3500000
2020-12-10 13:30:01.291000,1.04429,1.0442,1000000,1870000
2020-12-10 13:30:01.494000,1.04429,1.04418,1750000,1690000
2020-12-10 13:30:01.545000,1.04417,1.04414,1500000,1000000
2020-12-10 13:30:01.647000,1.04418,1.04408,2250000,1500000
2020-12-10 13:30:01.850000,1.04416,1.04406,1000000,1120000
2020-12-10 13:30:01.951000,1.04418,1.04409,1500000,1620000
2020-12-10 13:30:02.052000,1.04418,1.04409,1500000,2250000
2020-12-10 13:30:02.154000,1.04418,1.0441,1000000,1000000
2020-12-10 13:30:02.709000,1.04419,1.04413,1000000,1000000
2020-12-10 13:30:02.760000,1.04421,1.04413,1000000,1000000
2020-12-10 13:30:03.675000,1.04422,1.04413,1500000,1000000
2020-12-10 13:30:03.726000,1.04418,1.04411,1000000,1000000
2020-12-10 13:30:04.566000,1.04418,1.0441,1000000,1000000
2020-12-10 13:30:04.668000,1.04424,1.04415,3750000,1500000
2020-12-10 13:30:04.819000,1.04424,1.04415,1220000,1870000
2020-12-10 13:30:04.921000,1.04424,1.04415,1120000,1870000
2020-12-10 13:30:06.095000,1.04424,1.04416,1120000,1120000
2020-12-10 13:30:06.248000,1.04425,1.04416,1120000,1120000
2020-12-10 13:30:06.298000,1.04427,1.04418,1500000,1000000
2020-12-10 13:30:07.358000,1.04424,1.04417,1000000,1500000
2020-12-10 13:30:07.459000,1.04424,1.04417,1000000,1000000
2020-12-10 13:30:08.369000,1.04427,1.0442,1370000,1120000
2020-12-10 13:30:08.420000,1.04428,1.0442,1000000,1620000
2020-12-10 13:30:08.521000,1.04432,1.04423,1500000,2060000
2020-12-10 13:30:08.623000,1.04432,1.04424,1250000,1000000
2020-12-10 13:30:10.283000,1.04434,1.04427,5140000,1000000
2020-12-10 13:30:10.435000,1.04434,1.04426,2060000,4120000
2020-12-10 13:30:10.536000,1.04431,1.04425,1250000,1120000
2020-12-10 13:30:10.587000,1.0443,1.04422,1500000,4620000
2020-12-10 13:30:10.689000,1.04431,1.04421,1500000,4120000
2020-12-10 13:30:11.353000,1.0443,1.04423,4500000,1120000
2020-12-10 13:30:11.404000,1.04433,1.04426,3260000,1000000
2020-12-10 13:30:11.506000,1.04432,1.04425,1000000,1000000
2020-12-10 13:30:11.759000,1.04431,1.04425,3000000,1000000
2020-12-10 13:30:12.256000,1.0443,1.04425,1000000,1000000
2020-12-10 13:30:12.357000,1.0443,1.04424,1760000,3000000
2020-12-10 13:30:12.458000,1.04429,1.04423,1000000,3000000
2020-12-10 13:30:12.714000,1.04428,1.04423,1000000,3000000
2020-12-10 13:30:12.987000,1.04428,1.04422,1000000,1120000
2020-12-10 13:30:13.241000,1.04427,1.04422,3000000,1000000
2020-12-10 13:30:15.010000,1.04428,1.04422,1120000,3750000
2020-12-10 13:30:17.430000,1.04428,1.04422,1000000,4250000
2020-12-10 13:30:18.068000,1.04428,1.04423,2500000,1000000
2020-12-10 13:30:18.169000,1.04425,1.04422,1000000,1000000
2020-12-10 13:30:18.220000,1.04425,1.04419,3750000,1620000
2020-12-10 13:30:18.372000,1.04425,1.04419,3750000,1120000
2020-12-10 13:30:19.041000,1.04422,1.04417,1690000,5190000
2020-12-10 13:30:19.598000,1.04421,1.04417,3000000,1250000
2020-12-10 13:30:20.013000,1.04418,1.04414,1500000,2000000
2020-12-10 13:30:20.114000,1.04417,1.04413,1000000,1370000
2020-12-10 13:30:21.251000,1.04416,1.04413,1000000,1370000
2020-12-10 13:30:21.554000,1.04417,1.04413,1120000,2500000
2020-12-10 13:30:21.656000,1.04419,1.04414,1500000,2620000
2020-12-10 13:30:22.161000,1.04419,1.04414,1000000,1250000
2020-12-10 13:30:22.491000,1.04418,1.04414,1000000,1250000
2020-12-10 13:30:22.668000,1.04418,1.04413,1000000,3560000
2020-12-10 13:30:23.980000,1.0442,1.04415,1250000,1000000
2020-12-10 13:30:24.082000,1.0442,1.04416,1000000,2620000
2020-12-10 13:30:24.185000,1.0442,1.04416,1000000,2620000
2020-12-10 13:30:24.693000,1.04421,1.04416,1000000,2620000
2020-12-10 13:30:24.796000,1.04418,1.04416,1500000,1000000
2020-12-10 13:30:24.847000,1.04418,1.04413,4500000,1250000
2020-12-10 13:30:27.557000,1.04419,1.04413,2810000,3310000
2020-12-10 13:30:28.155000,1.04418,1.04414,3000000,1120000
2020-12-10 13:30:28.257000,1.04419,1.04414,2810000,1310000
2020-12-10 13:30:28.358000,1.04419,1.04413,3000000,1310000
2020-12-10 13:30:28.510000,1.04419,1.04414,2810000,1310000
2020-12-10 13:30:28.747000,1.04421,1.04416,1500000,3060000
2020-12-10 13:30:30.993000,1.0442,1.04417,1000000,1500000
2020-12-10 13:30:33.537000,1.0442,1.04419,1000000,1500000
2020-12-10 13:30:33.588000,1.04424,1.04421,1620000,3010000
2020-12-10 13:30:33.690000,1.04424,1.04421,1000000,3760000
2020-12-10 13:30:33.945000,1.04425,1.04421,1690000,3760000
2020-12-10 13:30:34.047000,1.04424,1.0442,1000000,6620000
2020-12-10 13:30:34.149000,1.04424,1.04419,1500000,1600000
2020-12-10 13:30:34.250000,1.04424,1.04419,1500000,1100000
2020-12-10 13:30:34.847000,1.04424,1.04417,1000000,6200000
2020-12-10 13:30:35.320000,1.04421,1.04417,1000000,4890000
2020-12-10 13:30:35.421000,1.04421,1.04417,1000000,1250000
2020-12-10 13:30:36.391000,1.0442,1.04417,1000000,4310000
2020-12-10 13:30:37.205000,1.0442,1.04418,1000000,1000000
2020-12-10 13:30:37.307000,1.0442,1.04417,1000000,4310000
2020-12-10 13:30:47.474000,1.04415,1.04412,1000000,5320000
2020-12-10 13:30:47.576000,1.04415,1.04411,1000000,1200000
2020-12-10 13:30:48.306000,1.04414,1.0441,1000000,2100000
2020-12-10 13:30:48.408000,1.04412,1.0441,1000000,1250000
2020-12-10 13:30:48.509000,1.04413,1.04407,1250000,1950000
2020-12-10 13:30:48.914000,1.04411,1.04407,1000000,1390000
2020-12-10 13:30:49.015000,1.0441,1.04407,1000000,1390000
2020-12-10 13:30:49.630000,1.0441,1.04408,1000000,1000000
2020-12-10 13:30:50.063000,1.04411,1.04409,1000000,1950000
2020-12-10 13:30:50.114000,1.04414,1.04411,1620000,1000000
2020-12-10 13:30:50.217000,1.04414,1.04412,1000000,1620000
2020-12-10 13:30:50.496000,1.04414,1.04412,1000000,1500000
2020-12-10 13:30:52.387000,1.04414,1.04409,1010000,2700000
2020-12-10 13:30:52.489000,1.04413,1.04409,3000000,1950000
2020-12-10 13:30:52.590000,1.04414,1.04409,1760000,2140000
2020-12-10 13:30:52.691000,1.04413,1.04409,3000000,2140000
2020-12-10 13:30:52.843000,1.04413,1.04412,1000000,1000000
2020-12-10 13:30:53.363000,1.04414,1.04412,1000000,1120000
2020-12-10 13:30:54.289000,1.04413,1.04412,1000000,1120000
2020-12-10 13:30:57.324000,1.04414,1.04411,1000000,2000000
2020-12-10 13:30:58.212000,1.04415,1.04411,4200000,1810000
2020-12-10 13:30:58.518000,1.04417,1.04414,1120000,1390000
2020-12-10 13:30:58.620000,1.04416,1.04412,1000000,1890000
2020-12-10 13:31:00.093000,1.04416,1.04412,1000000,5100000
2020-12-10 13:31:00.194000,1.04419,1.04416,1870000,1700000
2020-12-10 13:31:00.448000,1.04416,1.04415,1000000,1000000
2020-12-10 13:31:00.499000,1.04416,1.04413,1000000,1000000
2020-12-10 13:31:00.600000,1.04415,1.04412,1000000,1570000
2020-12-10 13:31:00.752000,1.04415,1.04412,1000000,4970000
2020-12-10 13:31:00.853000,1.04415,1.04412,1000000,2850000
2020-12-10 13:31:00.955000,1.04417,1.04414,1000000,4470000
2020-12-10 13:31:01.006000,1.04416,1.04412,2440000,1010000
2020-12-10 13:31:02.575000,1.04416,1.04412,2440000,1890000
2020-12-10 13:31:04.109000,1.04412,1.04411,1690000,1500000
2020-12-10 13:31:04.160000,1.04411,1.04408,1000000,6820000
2020-12-10 13:31:04.262000,1.04411,1.04408,1000000,1100000
2020-12-10 13:31:05.861000,1.04411,1.04407,1500000,1950000
2020-12-10 13:31:09.181000,1.04411,1.04408,1000000,3000000
2020-12-10 13:31:09.384000,1.04414,1.04412,1000000,1000000
2020-12-10 13:31:09.537000,1.04415,1.04412,1000000,1250000
2020-12-10 13:31:11.440000,1.04415,1.04411,1000000,4310000
2020-12-10 13:31:11.541000,1.04414,1.04409,1000000,2260000
2020-12-10 13:31:11.643000,1.04411,1.04409,1000000,1500000
2020-12-10 13:31:11.849000,1.04413,1.04409,1570000,1500000
2020-12-10 13:31:11.950000,1.04411,1.04408,1000000,4500000
2020-12-10 13:31:12.051000,1.04411,1.04409,1000000,1690000
2020-12-10 13:31:12.102000,1.04413,1.04409,1120000,1500000
2020-12-10 13:31:12.387000,1.04414,1.04409,3190000,1500000
2020-12-10 13:31:13.198000,1.04414,1.0441,2250000,3000000
2020-12-10 13:31:13.564000,1.04415,1.04408,2250000,3000000
2020-12-10 13:31:13.948000,1.04412,1.04409,1500000,1250000
2020-12-10 13:31:14.151000,1.04416,1.0441,1500000,1690000
2020-12-10 13:31:16.243000,1.04415,1.04411,1000000,7260000
2020-12-10 13:31:16.344000,1.04415,1.04411,1000000,5510000
2020-12-10 13:31:18.747000,1.04415,1.04411,1000000,6510000
2020-12-10 13:31:19.405000,1.04415,1.04413,1000000,1000000
2020-12-10 13:31:19.506000,1.04417,1.04415,1000000,1000000
2020-12-10 13:31:19.557000,1.04417,1.04414,1000000,1000000
2020-12-10 13:31:19.659000,1.04415,1.04413,1000000,1000000
2020-12-10 13:31:19.811000,1.04416,1.04413,1000000,1700000
2020-12-10 13:31:19.913000,1.04417,1.04414,1000000,1500000
2020-12-10 13:31:20.115000,1.04418,1.04414,1000000,1500000
2020-12-10 13:31:20.343000,1.04417,1.04414,1500000,2370000
2020-12-10 13:31:20.394000,1.04416,1.04413,1000000,1000000
2020-12-10 13:31:20.495000,1.04417,1.04411,1000000,2700000
2020-12-10 13:31:28.140000,1.04415,1.04413,1000000,1310000
2020-12-10 13:31:28.243000,1.04416,1.04414,1000000,2700000
2020-12-10 13:31:28.295000,1.0442,1.04417,1570000,1250000
2020-12-10 13:31:28.396000,1.0442,1.04417,1000000,2260000
2020-12-10 13:31:28.629000,1.0442,1.04417,1000000,1250000
2020-12-10 13:31:28.731000,1.04419,1.04416,1000000,2450000
2020-12-10 13:31:29.722000,1.04419,1.04415,1500000,7760000
2020-12-10 13:31:30.709000,1.04419,1.04416,1000000,4700000
2020-12-10 13:31:30.811000,1.04419,1.04417,1000000,1000000
2020-12-10 13:31:36.230000,1.04417,1.04416,1690000,1000000
2020-12-10 13:31:36.281000,1.04415,1.04413,1000000,4500000
2020-12-10 13:31:36.433000,1.04415,1.04412,1000000,2060000
2020-12-10 13:31:37.776000,1.04417,1.04413,1000000,1000000
2020-12-10 13:31:37.877000,1.04417,1.04414,1000000,2440000
2020-12-10 13:31:37.979000,1.0442,1.04417,1100000,1810000
2020-12-10 13:31:38.916000,1.0442,1.04417,1000000,1310000
2020-12-10 13:31:39.768000,1.04421,1.04417,3190000,1310000
2020-12-10 13:31:39.920000,1.04422,1.04416,3190000,2560000
2020-12-10 13:31:42.828000,1.04421,1.04419,3190000,1000000
2020-12-10 13:31:42.930000,1.04421,1.04418,1500000,1120000
2020-12-10 13:31:43.082000,1.04423,1.04421,1690000,1000000
2020-12-10 13:31:43.183000,1.04423,1.04421,1250000,2750000
2020-12-10 13:31:43.335000,1.04423,1.04421,1000000,1000000
2020-12-10 13:31:44.043000,1.04424,1.04421,2810000,1500000
2020-12-10 13:31:44.245000,1.04423,1.04421,1000000,1000000
2020-12-10 13:31:44.347000,1.04422,1.04417,1500000,1810000
2020-12-10 13:31:44.651000,1.04421,1.04418,1500000,1690000
2020-12-10 13:31:48.509000,1.04416,1.04415,1000000,1250000
2020-12-10 13:31:48.610000,1.04415,1.04414,1000000,1250000
2020-12-10 13:31:49.169000,1.04418,1.04415,1000000,1000000
2020-12-10 13:31:49.270000,1.04418,1.04415,1000000,2060000
2020-12-10 13:31:49.372000,1.04419,1.04415,1000000,1250000
2020-12-10 13:31:49.876000,1.0442,1.04415,1120000,1250000
2020-12-10 13:31:50.576000,1.04417,1.04415,1500000,1250000
2020-12-10 13:31:50.678000,1.04416,1.04415,1000000,1250000
2020-12-10 13:31:50.849000,1.04416,1.04414,1000000,1250000
2020-12-10 13:31:56.859000,1.04416,1.04414,1500000,1250000
2020-12-10 13:31:57.293000,1.04416,1.04413,1500000,1250000
2020-12-10 13:31:57.609000,1.04417,1.04411,1690000,2440000
2020-12-10 13:31:58.490000,1.04416,1.04412,2500000,3370000
2020-12-10 13:31:59.466000,1.04416,1.04411,2500000,7200000
2020-12-10 13:31:59.607000,1.04417,1.0441,2440000,6450000
2020-12-10 13:31:59.809000,1.04416,1.04411,2440000,7260000
2020-12-10 13:31:59.961000,1.04416,1.04411,2440000,6450000
2020-12-10 13:32:00.873000,1.04416,1.04411,2440000,7260000
2020-12-10 13:32:00.980000,1.04416,1.04411,2440000,6450000
2020-12-10 13:32:01.295000,1.04416,1.04411,2440000,8010000
2020-12-10 13:32:03.077000,1.04419,1.04415,1000000,1690000
2020-12-10 13:32:03.179000,1.04417,1.04413,1000000,2060000
2020-12-10 13:32:03.281000,1.04416,1.04412,1000000,4500000
2020-12-10 13:32:06.147000,1.04414,1.04411,1000000,3190000
2020-12-10 13:32:06.400000,1.04413,1.0441,1000000,1250000
2020-12-10 13:32:07.968000,1.04414,1.0441,1500000,1250000
2020-12-10 13:32:09.807000,1.04415,1.04411,1000000,1950000
2020-12-10 13:32:09.908000,1.04415,1.04411,1000000,5570000
2020-12-10 13:32:10.191000,1.04414,1.04411,1000000,3190000
2020-12-10 13:32:10.292000,1.04416,1.0441,1000000,4760000
2020-12-10 13:32:10.724000,1.04415,1.04411,1000000,5760000
2020-12-10 13:32:25.827000,1.04414,1.04411,1000000,3000000
2020-12-10 13:32:25.929000,1.04415,1.04411,1500000,1950000
2020-12-10 13:32:26.030000,1.04416,1.0441,1500000,5640000
2020-12-10 13:32:28.800000,1.04414,1.04412,1000000,3370000
2020-12-10 13:32:28.851000,1.04414,1.04409,1690000,6200000
2020-12-10 13:32:28.952000,1.04414,1.04409,2140000,2810000
2020-12-10 13:32:29.077000,1.04413,1.04409,1000000,4120000
2020-12-10 13:32:33.606000,1.04409,1.04407,3470000,1000000
2020-12-10 13:32:33.657000,1.04406,1.04404,1000000,1250000
2020-12-10 13:32:34.354000,1.04408,1.04405,1950000,6620000
2020-12-10 13:32:34.456000,1.04408,1.04406,1000000,1250000
2020-12-10 13:32:34.759000,1.04408,1.04405,1000000,7950000
2020-12-10 13:32:34.926000,1.04406,1.04404,1000000,5140000
2020-12-10 13:32:35.028000,1.04405,1.04402,1000000,4440000
2020-12-10 13:32:35.930000,1.04405,1.04402,1000000,3560000
2020-12-10 13:32:37.602000,1.04408,1.04405,2700000,1690000
2020-12-10 13:32:37.703000,1.04409,1.04404,1000000,7890000
2020-12-10 13:32:37.754000,1.0441,1.04407,1120000,1000000
2020-12-10 13:32:37.856000,1.0441,1.04407,1120000,3870000
2020-12-10 13:32:38.667000,1.0441,1.04407,1120000,3370000
2020-12-10 13:32:41.234000,1.04405,1.04404,1000000,1000000
2020-12-10 13:32:41.285000,1.04405,1.04402,1000000,6060000
2020-12-10 13:32:48.241000,1.04406,1.044,1950000,5120000
2020-12-10 13:32:48.647000,1.04403,1.04401,1000000,4370000
2020-12-10 13:32:50.134000,1.04405,1.04402,1250000,1120000
2020-12-10 13:32:50.235000,1.04405,1.044,1000000,2620000
2020-12-10 13:32:51.212000,1.04404,1.04401,1000000,5750000
2020-12-10 13:32:53.639000,1.04403,1.044,7540000,1000000
2020-12-10 13:32:53.691000,1.044,1.04397,2890000,1620000
2020-12-10 13:32:53.792000,1.04399,1.04395,1570000,2500000
2020-12-10 13:32:56.772000,1.04399,1.04396,1200000,1250000
2020-12-10 13:32:57.065000,1.04401,1.04398,2320000,2250000
2020-12-10 13:32:57.167000,1.04403,1.04398,2470000,8190000
2020-12-10 13:33:00.168000,1.04404,1.04398,1200000,4560000
2020-12-10 13:33:00.269000,1.04402,1.04399,2140000,3370000
2020-12-10 13:33:00.371000,1.04401,1.04398,2320000,1310000
2020-12-10 13:33:00.472000,1.044,1.04396,1200000,5250000
2020-12-10 13:33:00.573000,1.04399,1.04396,1000000,4310000
2020-12-10 13:33:03.134000,1.04402,1.04397,3340000,3390000
2020-12-10 13:33:03.236000,1.04401,1.04397,1000000,1810000
2020-12-10 13:33:03.337000,1.04399,1.04398,1000000,1000000
2020-12-10 13:33:03.388000,1.04399,1.04396,1000000,4500000
2020-12-10 13:33:04.257000,1.04399,1.04396,1000000,2560000
2020-12-10 13:33:14.371000,1.04398,1.04396,1000000,1120000
2020-12-10 13:33:14.472000,1.04399,1.04395,1200000,1810000
2020-12-10 13:33:15.145000,1.04399,1.04397,1200000,1000000
2020-12-10 13:33:15.246000,1.04399,1.04396,1950000,1000000
2020-12-10 13:33:15.297000,1.04397,1.04395,1000000,1120000
2020-12-10 13:33:15.611000,1.04397,1.04394,1000000,2810000
2020-12-10 13:33:15.713000,1.04397,1.04395,1000000,3000000
2020-12-10 13:33:17.427000,1.04399,1.04395,1200000,1810000
2020-12-10 13:33:18.053000,1.04399,1.04397,1200000,1000000
2020-12-10 13:33:21.498000,1.044,1.04397,1200000,1120000
2020-12-10 13:33:21.549000,1.04397,1.04395,1250000,1500000
2020-12-10 13:33:21.600000,1.04396,1.04393,1000000,2810000
2020-12-10 13:33:21.651000,1.04394,1.04393,1000000,1010000
2020-12-10 13:33:21.753000,1.04394,1.04391,1000000,1000000
2020-12-10 13:33:21.854000,1.04393,1.0439,1000000,6760000
2020-12-10 13:33:24.617000,1.04395,1.04389,1000000,2640000
2020-12-10 13:33:25.971000,1.04396,1.04395,1200000,1000000
2020-12-10 13:33:26.073000,1.04397,1.04396,1000000,1000000
2020-12-10 13:33:26.174000,1.04399,1.04396,1200000,1000000
2020-12-10 13:33:27.928000,1.044,1.04396,1760000,1690000
2020-12-10 13:33:29.783000,1.04402,1.04398,2960000,2250000
2020-12-10 13:33:29.885000,1.04402,1.044,1250000,1120000
2020-12-10 13:33:33.833000,1.04401,1.04398,1390000,2000000
2020-12-10 13:33:33.934000,1.04401,1.04398,1390000,1120000
2020-12-10 13:33:34.087000,1.044,1.04397,2140000,1310000
2020-12-10 13:33:34.189000,1.04399,1.04397,1200000,1000000
2020-12-10 13:33:37.396000,1.04402,1.04398,2920000,4310000
2020-12-10 13:33:39.193000,1.04403,1.04398,2290000,6000000
2020-12-10 13:33:39.294000,1.04403,1.04399,2140000,3750000
2020-12-10 13:33:39.547000,1.04402,1.04399,1200000,3000000
2020-12-10 13:33:39.648000,1.04402,1.04398,1200000,6560000
2020-12-10 13:33:39.749000,1.04402,1.04399,1390000,3750000
2020-12-10 13:33:39.952000,1.04402,1.04398,1200000,5060000
2020-12-10 13:33:40.053000,1.044,1.04398,1200000,1120000
2020-12-10 13:33:40.154000,1.044,1.04396,1600000,1810000
2020-12-10 13:33:40.306000,1.044,1.04396,1200000,5560000
2020-12-10 13:33:43.362000,1.044,1.04396,2100000,4810000
2020-12-10 13:33:43.564000,1.04398,1.04396,1200000,1000000
2020-12-10 13:33:43.666000,1.04399,1.04396,3740000,1000000
2020-12-10 13:33:43.767000,1.04399,1.04397,1390000,1000000
2020-12-10 13:33:45.478000,1.044,1.04397,2210000,1000000
2020-12-10 13:33:46.317000,1.04397,1.04395,1690000,2000000
2020-12-10 13:33:46.368000,1.04396,1.04394,1200000,1500000
2020-12-10 13:33:46.470000,1.04395,1.04392,1200000,4690000
2020-12-10 13:33:46.925000,1.04395,1.04392,1570000,1750000
2020-12-10 13:33:47.027000,1.04393,1.04392,1200000,1000000
2020-12-10 13:33:47.129000,1.04395,1.04391,2740000,1870000
2020-12-10 13:33:47.383000,1.04395,1.04391,3260000,1120000
2020-12-10 13:33:47.484000,1.04395,1.04391,2890000,4620000
2020-12-10 13:33:48.476000,1.04395,1.04391,2890000,1500000
2020-12-10 13:33:48.807000,1.04395,1.04391,3040000,1500000
2020-12-10 13:33:52.071000,1.04393,1.04391,1100000,1000000
2020-12-10 13:33:52.172000,1.04392,1.04389,1690000,2620000
2020-12-10 13:33:54.433000,1.04394,1.0439,2510000,1500000
2020-12-10 13:33:54.635000,1.04395,1.0439,2140000,1000000
2020-12-10 13:33:57.959000,1.04393,1.0439,1250000,2370000
2020-12-10 13:33:58.212000,1.04391,1.04389,1000000,1000000
2020-12-10 13:33:58.320000,1.04391,1.04388,1000000,4060000
2020-12-10 13:33:58.422000,1.04389,1.04386,1000000,2370000
2020-12-10 13:34:00.091000,1.04391,1.04387,2320000,4690000
2020-12-10 13:34:00.142000,1.04392,1.04389,1200000,1000000
2020-12-10 13:34:00.243000,1.04393,1.04389,1000000,5890000
2020-12-10 13:34:00.530000,1.04393,1.0439,1000000,3000000
2020-12-10 13:34:00.968000,1.04393,1.04389,1000000,2890000
2020-12-10 13:34:01.324000,1.04393,1.0439,1690000,3000000
2020-12-10 13:34:01.376000,1.04393,1.04387,2890000,3370000
2020-12-10 13:34:01.477000,1.04391,1.04388,1000000,5620000
2020-12-10 13:34:01.579000,1.04392,1.04391,1690000,1000000
2020-12-10 13:34:01.781000,1.04392,1.04389,1000000,4500000
2020-12-10 13:34:01.832000,1.04392,1.04391,1000000,1000000
2020-12-10 13:34:01.883000,1.04392,1.04389,1000000,4500000
2020-12-10 13:34:02.389000,1.04392,1.0439,1000000,3000000
2020-12-10 13:34:02.440000,1.04394,1.0439,2140000,3000000
2020-12-10 13:34:03.816000,1.04394,1.04389,2890000,6820000
2020-12-10 13:34:03.917000,1.04394,1.0439,2890000,3000000
2020-12-10 13:34:04.018000,1.04394,1.04389,2890000,6820000
2020-12-10 13:34:04.119000,1.04394,1.0439,2890000,3000000
2020-12-10 13:34:04.672000,1.04395,1.04388,2890000,6820000
2020-12-10 13:34:04.773000,1.04394,1.0439,2890000,3000000
2020-12-10 13:34:04.999000,1.04394,1.04389,2890000,6450000
2020-12-10 13:34:05.599000,1.04394,1.0439,2890000,3000000
2020-12-10 13:34:06.148000,1.04394,1.04389,2890000,6820000
2020-12-10 13:34:07.128000,1.04394,1.0439,2890000,3000000
2020-12-10 13:34:07.886000,1.04394,1.04391,1690000,2320000
2020-12-10 13:34:07.987000,1.04395,1.04391,2140000,1500000
2020-12-10 13:34:09.857000,1.04397,1.04392,1250000,3820000
2020-12-10 13:34:09.959000,1.04397,1.04395,1370000,1000000
2020-12-10 13:34:10.060000,1.04397,1.04395,1250000,1120000
2020-12-10 13:34:11.378000,1.04398,1.04395,1250000,7890000
2020-12-10 13:34:11.480000,1.04398,1.04396,1250000,3570000
2020-12-10 13:34:11.836000,1.04399,1.04396,1250000,8070000
2020-12-10 13:34:12.356000,1.044,1.04396,2640000,5370000
2020-12-10 13:34:12.457000,1.04398,1.04396,1690000,1000000
2020-12-10 13:34:12.558000,1.04399,1.04395,1000000,4450000
2020-12-10 13:34:13.216000,1.04396,1.04394,1250000,4500000
2020-12-10 13:34:13.317000,1.04394,1.04392,1000000,4120000
2020-12-10 13:34:13.419000,1.04393,1.04391,1000000,1000000
2020-12-10 13:34:13.985000,1.04392,1.0439,1000000,3190000
2020-12-10 13:34:14.137000,1.04393,1.0439,1250000,3000000
2020-12-10 13:34:14.238000,1.04394,1.04389,2140000,6320000
2020-12-10 13:34:14.491000,1.04393,1.0439,1200000,3190000
2020-12-10 13:34:15.811000,1.04395,1.04389,2140000,3940000
2020-12-10 13:34:16.215000,1.04394,1.0439,1200000,5940000
2020-12-10 13:34:16.368000,1.04394,1.0439,1200000,4870000
2020-12-10 13:34:16.469000,1.04397,1.04394,1000000,2440000
2020-12-10 13:34:16.571000,1.04396,1.04394,1950000,1000000
2020-12-10 13:34:16.622000,1.04395,1.04393,1000000,4120000
2020-12-10 13:34:16.723000,1.04395,1.04392,1000000,4870000
2020-12-10 13:34:16.825000,1.04395,1.04393,1000000,3000000
2020-12-10 13:34:16.942000,1.04395,1.04392,1200000,4870000
2020-12-10 13:34:17.043000,1.04394,1.04392,1000000,1120000
2020-12-10 13:34:18.055000,1.04395,1.04392,1000000,1310000
2020-12-10 13:34:18.157000,1.04394,1.04391,1000000,5810000
2020-12-10 13:34:18.258000,1.04394,1.04389,1200000,3750000
2020-12-10 13:34:20.709000,1.04391,1.04389,1000000,1120000
2020-12-10 13:34:20.811000,1.0439,1.04388,1000000,4250000
2020-12-10 13:34:21.018000,1.0439,1.04386,2020000,13060000
2020-12-10 13:34:21.120000,1.04391,1.04387,1760000,4620000
2020-12-10 13:34:21.273000,1.04393,1.04389,2200000,5000000
2020-12-10 13:34:21.374000,1.04394,1.04388,1200000,5000000
2020-12-10 13:34:21.596000,1.04393,1.04389,1200000,4870000
2020-12-10 13:34:21.698000,1.04395,1.04394,1000000,1000000
2020-12-10 13:34:21.749000,1.04398,1.04395,1250000,5620000
2020-12-10 13:34:21.800000,1.04399,1.04397,1120000,2440000
2020-12-10 13:34:21.902000,1.04401,1.04396,1200000,2190000
2020-12-10 13:34:22.003000,1.044,1.04397,1000000,1310000
2020-12-10 13:34:22.156000,1.044,1.04396,1450000,9250000
2020-12-10 13:34:22.257000,1.044,1.04396,1450000,6940000
2020-12-10 13:34:22.866000,1.044,1.04396,2140000,2120000
2020-12-10 13:34:23.392000,1.04399,1.04396,1000000,6060000
2020-12-10 13:34:23.598000,1.04399,1.04395,1250000,3620000
2020-12-10 13:34:23.700000,1.04399,1.04396,1000000,4000000
2020-12-10 13:34:23.802000,1.044,1.04396,1690000,5870000
2020-12-10 13:34:23.904000,1.04397,1.04395,1000000,2810000
2020-12-10 13:34:24.006000,1.04398,1.04395,1000000,1120000
2020-12-10 13:34:24.815000,1.04399,1.04395,1000000,6310000
2020-12-10 13:34:24.967000,1.04399,1.04395,1000000,1870000
2020-12-10 13:34:25.069000,1.04398,1.04395,1000000,1500000
2020-12-10 13:34:26.675000,1.04401,1.04395,2700000,3000000
2020-12-10 13:34:27.267000,1.04399,1.04396,1000000,1120000
2020-12-10 13:34:27.319000,1.04397,1.04395,1000000,1620000
2020-12-10 13:34:27.420000,1.04395,1.04393,1000000,1000000
2020-12-10 13:34:27.573000,1.04395,1.04391,1950000,2440000
2020-12-10 13:34:27.674000,1.04393,1.0439,1000000,4060000
2020-12-10 13:34:27.775000,1.04393,1.04389,1000000,7870000
2020-12-10 13:34:28.078000,1.04393,1.04389,1000000,2060000
2020-12-10 13:34:28.179000,1.04393,1.0439,1000000,4000000
2020-12-10 13:34:28.735000,1.04392,1.04389,1000000,1250000
2020-12-10 13:34:28.786000,1.04393,1.04389,1870000,4750000
2020-12-10 13:34:28.887000,1.04394,1.04389,1000000,4000000
2020-12-10 13:34:29.039000,1.04394,1.04392,1000000,1000000
2020-12-10 13:34:29.141000,1.04395,1.04392,1000000,1470000
2020-12-10 13:34:29.243000,1.04396,1.04393,1000000,1050000
2020-12-10 13:34:29.294000,1.04394,1.04393,1000000,1250000
2020-12-10 13:34:29.446000,1.04394,1.04392,1000000,1310000
2020-12-10 13:34:30.127000,1.04395,1.0439,1000000,4120000
2020-12-10 13:34:30.951000,1.04394,1.0439,1690000,4500000
2020-12-10 13:34:31.053000,1.04393,1.0439,1000000,3750000
2020-12-10 13:34:33.039000,1.04394,1.04388,1000000,5440000
2020-12-10 13:34:33.326000,1.04394,1.04389,1000000,3000000
2020-12-10 13:34:33.428000,1.04393,1.04389,1000000,6000000
2020-12-10 13:34:33.529000,1.04393,1.0439,1000000,3000000
2020-12-10 13:34:33.638000,1.04394,1.04388,1000000,3750000
2020-12-10 13:34:34.295000,1.04394,1.04391,2960000,1000000
2020-12-10 13:34:34.778000,1.04396,1.0439,3710000,1000000
2020-12-10 13:34:35.989000,1.04396,1.04394,1250000,1000000
2020-12-10 13:34:36.040000,1.04398,1.04396,1000000,1000000
2020-12-10 13:34:36.091000,1.04399,1.04397,3640000,1000000
2020-12-10 13:34:36.243000,1.04398,1.04394,2100000,3000000
2020-12-10 13:34:36.345000,1.04397,1.04396,1390000,1000000
2020-12-10 13:34:36.446000,1.044,1.04397,3260000,1000000
2020-12-10 13:34:36.700000,1.04399,1.04397,1250000,1000000
2020-12-10 13:34:36.801000,1.044,1.04397,3340000,1000000
2020-12-10 13:34:37.341000,1.04401,1.04398,2960000,1000000
2020-12-10 13:34:37.796000,1.04399,1.04395,1000000,1620000
2020-12-10 13:34:37.847000,1.044,1.04396,3260000,1000000
2020-12-10 13:34:37.948000,1.044,1.04397,2140000,1000000
2020-12-10 13:34:39.283000,1.04402,1.04396,2890000,1120000
2020-12-10 13:34:39.731000,1.04401,1.04399,1250000,1000000
2020-12-10 13:34:42.233000,1.04401,1.044,1250000,1000000
2020-12-10 13:34:42.335000,1.04403,1.04401,1250000,1000000
2020-12-10 13:34:43.594000,1.04403,1.04401,1250000,1120000
2020-12-10 13:34:43.695000,1.04404,1.04401,2890000,1120000
2020-12-10 13:34:43.797000,1.04402,1.044,1390000,1120000
2020-12-10 13:34:45.582000,1.04404,1.04402,1860000,1000000
2020-12-10 13:34:45.683000,1.04404,1.04402,1250000,1000000
2020-12-10 13:34:47.108000,1.04403,1.04402,1390000,1000000
2020-12-10 13:34:47.159000,1.04403,1.044,1390000,2250000
2020-12-10 13:34:47.462000,1.04403,1.044,3010000,1000000
2020-12-10 13:34:47.564000,1.04403,1.044,2510000,1000000
2020-12-10 13:34:47.846000,1.04403,1.044,3010000,1000000
2020-12-10 13:34:51.645000,1.04403,1.04399,7610000,1000000
2020-12-10 13:34:51.899000,1.04403,1.04399,3640000,1000000
2020-12-10 13:34:54.263000,1.04402,1.04399,1200000,1120000
2020-12-10 13:34:55.023000,1.04403,1.04399,3260000,1000000
2020-12-10 13:34:55.378000,1.04403,1.04399,3840000,1000000
2020-12-10 13:34:57.450000,1.04401,1.04398,1950000,1120000
2020-12-10 13:34:58.187000,1.044,1.04397,1200000,1120000
2020-12-10 13:34:58.339000,1.04401,1.04398,2320000,1000000
2020-12-10 13:34:58.442000,1.04401,1.04397,2320000,1240000
2020-12-10 13:34:58.596000,1.04401,1.04397,2470000,1120000
2020-12-10 13:34:58.698000,1.04399,1.04396,1200000,1620000
2020-12-10 13:34:58.801000,1.04398,1.04394,1200000,1000000
2020-12-10 13:34:58.903000,1.04398,1.04395,2740000,1000000
2020-12-10 13:34:59.004000,1.04398,1.04395,1000000,2060000
2020-12-10 13:34:59.106000,1.04396,1.04393,1000000,4690000
2020-12-10 13:34:59.207000,1.04397,1.04394,3260000,1000000
2020-12-10 13:34:59.309000,1.04398,1.04392,2890000,5060000
2020-12-10 13:34:59.865000,1.04396,1.04393,1250000,1870000
2020-12-10 13:35:00.039000,1.04397,1.04393,2890000,5620000
2020-12-10 13:35:00.343000,1.04396,1.04393,1200000,1120000
2020-12-10 13:35:00.767000,1.04397,1.04394,2510000,1500000
2020-12-10 13:35:01.698000,1.04397,1.04394,2740000,1000000
2020-12-10 13:35:01.799000,1.04396,1.04391,2140000,6120000
2020-12-10 13:35:01.901000,1.04396,1.04391,2890000,1120000
2020-12-10 13:35:02.609000,1.04397,1.04394,2890000,1000000
2020-12-10 13:35:02.711000,1.04396,1.04394,1000000,1000000
2020-12-10 13:35:02.818000,1.04397,1.04394,3260000,1000000
2020-12-10 13:35:02.970000,1.04397,1.04393,3260000,4870000
2020-12-10 13:35:03.071000,1.04397,1.04394,3260000,1000000
2020-12-10 13:35:03.459000,1.04397,1.04393,3260000,4870000
2020-12-10 13:35:05.382000,1.04395,1.04393,1690000,1000000
2020-12-10 13:35:05.534000,1.04395,1.04392,2140000,1120000
2020-12-10 13:35:05.636000,1.04394,1.04391,1200000,3120000
2020-12-10 13:35:06.414000,1.04395,1.0439,1200000,1500000
2020-12-10 13:35:06.950000,1.04394,1.04392,1690000,1000000
2020-12-10 13:35:07.508000,1.04394,1.04391,1000000,1870000
2020-12-10 13:35:07.940000,1.04393,1.04391,1760000,1000000
2020-12-10 13:35:08.041000,1.04394,1.04391,3260000,1000000
2020-12-10 13:35:08.143000,1.04395,1.04392,2510000,1000000
2020-12-10 13:35:08.447000,1.04395,1.04393,1570000,1000000
2020-12-10 13:35:08.550000,1.04395,1.04392,1570000,1000000
2020-12-10 13:35:08.602000,1.04391,1.0439,1000000,1120000
2020-12-10 13:35:08.703000,1.04392,1.0439,1690000,1000000
2020-12-10 13:35:08.805000,1.04391,1.04389,1250000,1650000
2020-12-10 13:35:08.856000,1.04391,1.04388,2440000,1500000
2020-12-10 13:35:08.958000,1.04392,1.04388,3260000,2930000
2020-12-10 13:35:09.117000,1.04391,1.04388,3000000,3680000
2020-12-10 13:35:09.219000,1.04392,1.04388,3260000,6300000
2020-12-10 13:35:09.321000,1.0439,1.04387,1000000,3470000
2020-12-10 13:35:09.830000,1.0439,1.04387,1000000,1870000
2020-12-10 13:35:10.540000,1.04391,1.04387,3260000,1870000
2020-12-10 13:35:10.694000,1.04391,1.04386,1000000,1120000
2020-12-10 13:35:11.251000,1.04389,1.04386,1500000,1740000
2020-12-10 13:35:11.408000,1.0439,1.04386,2960000,1740000
2020-12-10 13:35:12.117000,1.04389,1.04386,1000000,1620000
2020-12-10 13:35:12.218000,1.0439,1.04386,2210000,2370000
2020-12-10 13:35:12.625000,1.04389,1.04386,1000000,2370000
2020-12-10 13:35:12.878000,1.0439,1.04386,3040000,3000000
2020-12-10 13:35:13.536000,1.0439,1.04386,2890000,3000000
2020-12-10 13:35:13.681000,1.0439,1.04386,3110000,1500000
2020-12-10 13:35:14.187000,1.04386,1.04383,2140000,2190000
2020-12-10 13:35:14.288000,1.04386,1.04383,1570000,1000000
2020-12-10 13:35:14.693000,1.04385,1.04382,1950000,2440000
2020-12-10 13:35:15.226000,1.04385,1.04382,1950000,2370000
2020-12-10 13:35:16.235000,1.04385,1.04382,1200000,1870000
2020-12-10 13:35:17,1.04387,1.04384,1950000,1500000
2020-12-10 13:35:17.456000,1.04387,1.04384,2100000,1120000
2020-12-10 13:35:17.608000,1.04388,1.04383,1200000,2250000
2020-12-10 13:35:17.710000,1.04387,1.04385,1000000,2440000
2020-12-10 13:35:17.811000,1.04388,1.04385,1200000,3430000
2020-12-10 13:35:18.747000,1.04388,1.04385,1200000,3190000
2020-12-10 13:35:18.849000,1.04386,1.04382,1950000,6280000
2020-12-10 13:35:19.102000,1.04387,1.04384,1570000,1500000
2020-12-10 13:35:19.305000,1.04386,1.04383,1200000,1990000
2020-12-10 13:35:19.608000,1.04387,1.04383,2320000,3300000
2020-12-10 13:35:19.710000,1.04388,1.04385,4160000,1000000
2020-12-10 13:35:19.812000,1.04387,1.04383,1760000,3120000
2020-12-10 13:35:19.913000,1.04386,1.04383,1200000,1120000
2020-12-10 13:35:20.469000,1.04386,1.04382,3040000,1620000
2020-12-10 13:35:20.772000,1.04385,1.04382,1610000,1120000
2020-12-10 13:35:20.874000,1.04384,1.04381,1200000,1120000
2020-12-10 13:35:20.975000,1.04384,1.0438,2140000,2620000
2020-12-10 13:35:21.026000,1.04381,1.04378,1000000,1310000
2020-12-10 13:35:21.127000,1.04382,1.04379,1570000,1690000
2020-12-10 13:35:21.568000,1.04381,1.04378,1000000,5870000
2020-12-10 13:35:21.669000,1.04381,1.04378,3300000,1250000
2020-12-10 13:35:21.770000,1.04381,1.04378,1200000,1750000
2020-12-10 13:35:21.973000,1.0438,1.04378,1200000,1250000
2020-12-10 13:35:22.074000,1.0438,1.04377,1200000,2120000
2020-12-10 13:35:22.176000,1.04379,1.04377,1200000,1250000
2020-12-10 13:35:22.328000,1.0438,1.04378,1000000,3190000
2020-12-10 13:35:22.379000,1.04382,1.04379,1840000,1120000
2020-12-10 13:35:22.734000,1.04381,1.04379,1200000,1120000
2020-12-10 13:35:23.312000,1.04381,1.04377,1200000,2490000
2020-12-10 13:35:24.124000,1.04382,1.04379,4720000,1000000
2020-12-10 13:35:24.227000,1.0438,1.04377,1950000,2180000
2020-12-10 13:35:24.633000,1.0438,1.04377,1200000,3310000
2020-12-10 13:35:25.240000,1.04382,1.04379,1570000,1000000
2020-12-10 13:35:26.109000,1.04383,1.04381,1200000,1250000
2020-12-10 13:35:26.362000,1.04383,1.04379,1950000,1500000
2020-12-10 13:35:26.676000,1.04383,1.0438,1200000,1000000
2020-12-10 13:35:26.829000,1.04383,1.04379,1570000,1870000
2020-12-10 13:35:28.303000,1.04383,1.04379,1200000,2370000
2020-12-10 13:35:28.404000,1.04383,1.04379,2100000,1870000
2020-12-10 13:35:28.556000,1.04383,1.04379,2100000,2370000
2020-12-10 13:35:28.657000,1.04383,1.04379,2100000,1870000
2020-12-10 13:35:28.809000,1.04383,1.04379,2100000,2370000
2020-12-10 13:35:28.910000,1.04383,1.04379,2100000,1870000
2020-12-10 13:35:29.062000,1.04383,1.04379,1950000,1870000
2020-12-10 13:35:30.550000,1.04383,1.04379,2100000,1870000
2020-12-10 13:35:31.064000,1.04384,1.0438,1200000,1000000
2020-12-10 13:35:31.165000,1.04383,1.04379,1200000,2810000
2020-12-10 13:35:31.529000,1.04384,1.04378,1200000,3620000
2020-12-10 13:35:31.839000,1.04383,1.04379,1200000,2810000
2020-12-10 13:35:31.940000,1.04382,1.04379,1200000,2060000
2020-12-10 13:35:34.028000,1.04382,1.0438,1200000,1000000
2020-12-10 13:35:34.129000,1.04383,1.0438,1200000,1250000
2020-12-10 13:35:35.001000,1.04383,1.04379,1200000,5440000
2020-12-10 13:35:35.103000,1.04383,1.0438,1200000,1000000
2020-12-10 13:35:35.298000,1.04382,1.04379,1950000,1250000
2020-12-10 13:35:35.399000,1.04382,1.04379,3040000,1120000
2020-12-10 13:35:35.652000,1.04382,1.04378,2660000,5810000
2020-12-10 13:35:36.108000,1.0438,1.04377,1200000,3310000
2020-12-10 13:35:36.311000,1.04378,1.04375,1720000,1690000
2020-12-10 13:35:36.412000,1.04376,1.04374,1200000,1250000
2020-12-10 13:35:36.514000,1.04372,1.04368,1000000,5440000
2020-12-10 13:35:36.616000,1.04372,1.04371,1000000,1000000
2020-12-10 13:35:36.667000,1.04374,1.04372,1570000,2500000
2020-12-10 13:35:36.718000,1.04375,1.04374,1100000,1000000
2020-12-10 13:35:36.820000,1.04377,1.04375,1200000,1000000
2020-12-10 13:35:37.929000,1.04377,1.04373,3040000,1870000
2020-12-10 13:35:38.232000,1.04377,1.04373,6410000,2440000
2020-12-10 13:35:38.334000,1.04377,1.04374,1600000,1500000
2020-12-10 13:35:39.240000,1.04377,1.04374,1200000,2620000
2020-12-10 13:35:40.600000,1.04378,1.04372,4160000,1500000
2020-12-10 13:35:40.651000,1.04375,1.04372,1600000,1500000
2020-12-10 13:35:40.803000,1.04375,1.04372,1200000,2930000
2020-12-10 13:35:40.904000,1.04375,1.04373,1200000,1250000
2020-12-10 13:35:42.750000,1.04377,1.04375,1570000,1000000
2020-12-10 13:35:43.053000,1.04378,1.04376,1200000,2120000
2020-12-10 13:35:43.155000,1.0438,1.04376,2660000,2730000
2020-12-10 13:35:43.861000,1.0438,1.04376,3410000,1750000
2020-12-10 13:35:43.963000,1.0438,1.04376,1910000,3250000
2020-12-10 13:35:44.064000,1.04381,1.04378,4270000,2250000
2020-12-10 13:35:44.166000,1.04382,1.04379,1100000,2250000
2020-12-10 13:35:44.442000,1.04383,1.04379,3490000,1500000
2020-12-10 13:35:45.049000,1.04383,1.04379,1720000,2250000
2020-12-10 13:35:45.555000,1.04383,1.04379,5470000,1500000
2020-12-10 13:35:45.657000,1.04383,1.04379,1720000,3190000
2020-12-10 13:35:45.986000,1.04384,1.04382,1600000,1000000
2020-12-10 13:35:46.088000,1.04385,1.04383,1570000,1000000
2020-12-10 13:35:47.999000,1.04385,1.04382,1200000,1240000
2020-12-10 13:35:51.011000,1.04386,1.0438,1600000,6640000
2020-12-10 13:35:51.163000,1.04383,1.0438,1390000,1430000
2020-12-10 13:35:51.265000,1.04382,1.0438,1200000,1050000
2020-12-10 13:35:52.709000,1.04384,1.04379,1200000,3680000
2020-12-10 13:35:53.021000,1.04383,1.04379,2100000,3490000
2020-12-10 13:35:53.122000,1.04382,1.0438,1200000,1000000
2020-12-10 13:35:53.223000,1.04384,1.0438,2850000,3190000
2020-12-10 13:35:53.529000,1.04384,1.04381,1600000,1500000
2020-12-10 13:35:53.731000,1.04385,1.04381,2100000,2250000
2020-12-10 13:35:54.341000,1.04385,1.04382,2100000,1000000
2020-12-10 13:35:54.443000,1.04384,1.04381,1200000,4870000
2020-12-10 13:35:54.595000,1.04384,1.04381,2100000,1120000
2020-12-10 13:35:54.697000,1.04384,1.0438,3070000,1950000
2020-12-10 13:35:54.901000,1.04385,1.04379,1970000,2440000
2020-12-10 13:35:55.747000,1.04381,1.04379,1000000,1240000
2020-12-10 13:35:55.848000,1.0438,1.04378,1500000,2220000
2020-12-10 13:35:55.950000,1.04381,1.04378,1500000,1970000
2020-12-10 13:35:56.052000,1.04382,1.0438,1570000,1250000
2020-12-10 13:35:57.568000,1.04382,1.0438,1200000,1750000
2020-12-10 13:35:57.670000,1.04383,1.04379,1200000,1250000
2020-12-10 13:35:58.816000,1.04383,1.0438,1950000,1690000
2020-12-10 13:35:59.475000,1.04383,1.0438,2850000,1000000
2020-12-10 13:35:59.779000,1.04381,1.0438,1200000,1120000
2020-12-10 13:35:59.981000,1.04381,1.04377,2850000,4030000
2020-12-10 13:36:00.083000,1.04382,1.04379,2850000,1250000
2020-12-10 13:36:00.184000,1.04382,1.0438,1200000,1000000
2020-12-10 13:36:02.056000,1.04383,1.0438,1500000,1250000
2020-12-10 13:36:02.266000,1.04383,1.0438,1970000,1250000
2020-12-10 13:36:02.733000,1.04384,1.04379,1570000,1250000
2020-12-10 13:36:03.292000,1.04383,1.0438,1970000,1000000
2020-12-10 13:36:03.948000,1.04383,1.0438,1570000,1250000
2020-12-10 13:36:05.671000,1.04384,1.04381,1870000,1000000
2020-12-10 13:36:06.279000,1.04383,1.04381,1000000,1690000
2020-12-10 13:36:06.431000,1.04382,1.04381,1000000,1000000
2020-12-10 13:36:07.561000,1.04382,1.0438,1000000,1250000
2020-12-10 13:36:07.662000,1.04382,1.0438,1000000,1500000
2020-12-10 13:36:07.814000,1.04382,1.0438,1000000,1690000
2020-12-10 13:36:07.966000,1.04383,1.0438,1000000,1000000
2020-12-10 13:36:08.128000,1.04382,1.0438,1000000,1500000
2020-12-10 13:36:08.345000,1.04382,1.04381,1000000,1000000
2020-12-10 13:36:09.952000,1.04382,1.0438,1000000,1000000
2020-12-10 13:36:11.208000,1.04382,1.0438,1000000,1000000
2020-12-10 13:36:13.748000,1.04382,1.04381,1000000,1000000
2020-12-10 13:36:13.850000,1.04382,1.0438,1000000,1500000
2020-12-10 13:36:14.052000,1.04383,1.04381,1000000,1000000
2020-12-10 13:36:14.178000,1.04382,1.0438,1000000,1570000
2020-12-10 13:36:15.752000,1.04384,1.04383,1120000,1000000
2020-12-10 13:36:16.942000,1.04386,1.04383,1500000,1240000
2020-12-10 13:36:17.094000,1.04385,1.04381,1000000,2220000
2020-12-10 13:36:17.145000,1.04383,1.04381,1000000,1150000
2020-12-10 13:36:17.297000,1.04384,1.0438,1000000,1620000
2020-12-10 13:36:17.450000,1.04382,1.04381,1000000,1150000
2020-12-10 13:36:17.551000,1.04384,1.0438,11810000,1350000
2020-12-10 13:36:17.658000,1.04384,1.0438,11940000,1250000
2020-12-10 13:36:18.780000,1.04382,1.0438,1000000,2740000
2020-12-10 13:36:19.095000,1.04383,1.0438,1000000,3490000
2020-12-10 13:36:20.300000,1.04382,1.04381,1000000,1150000
2020-12-10 13:36:20.452000,1.04383,1.04381,1500000,3870000
2020-12-10 13:36:21.864000,1.04381,1.0438,1000000,1000000
2020-12-10 13:36:21.965000,1.04379,1.04377,1000000,1730000
2020-12-10 13:36:22.674000,1.04377,1.04375,1000000,2040000
2020-12-10 13:36:22.776000,1.04378,1.04375,1500000,1540000
2020-12-10 13:36:23.720000,1.04377,1.04375,1000000,1000000
2020-12-10 13:36:23.872000,1.04376,1.04374,1000000,3190000
2020-12-10 13:36:23.974000,1.04375,1.04373,1000000,1390000
2020-12-10 13:36:24.076000,1.04375,1.04373,1000000,2290000
2020-12-10 13:36:24.177000,1.04376,1.04373,1120000,3040000
2020-12-10 13:36:24.937000,1.04375,1.04373,1000000,1470000
2020-12-10 13:36:25.735000,1.04375,1.04371,1500000,2140000
2020-12-10 13:36:25.836000,1.04373,1.04372,1000000,1000000
2020-12-10 13:36:26.192000,1.04375,1.04371,1250000,1990000
2020-12-10 13:36:26.588000,1.04372,1.04371,1000000,1000000
2020-12-10 13:36:26.689000,1.04372,1.0437,1000000,2140000
2020-12-10 13:36:26.842000,1.04372,1.0437,1000000,1010000
2020-12-10 13:36:27.970000,1.04373,1.04371,1000000,1150000
2020-12-10 13:36:30.652000,1.04373,1.04371,1950000,1090000
2020-12-10 13:36:30.808000,1.04372,1.0437,1000000,3070000
2020-12-10 13:36:30.910000,1.04371,1.0437,1000000,1200000
2020-12-10 13:36:31.623000,1.04373,1.0437,1310000,4730000
2020-12-10 13:36:31.930000,1.04373,1.04371,1000000,2300000
2020-12-10 13:36:31.981000,1.04374,1.04372,1000000,1810000
2020-12-10 13:36:32.538000,1.04376,1.04374,1250000,2030000
2020-12-10 13:36:33.453000,1.04377,1.04374,1250000,2030000
2020-12-10 13:36:35.550000,1.04378,1.04375,1690000,2310000
2020-12-10 13:36:35.652000,1.04379,1.04375,1690000,1120000
2020-12-10 13:36:35.915000,1.04379,1.04375,1000000,2120000
2020-12-10 13:36:35.966000,1.04382,1.04379,1870000,3440000
2020-12-10 13:36:36.219000,1.04383,1.04378,1500000,1800000
2020-12-10 13:36:36.422000,1.04382,1.04379,1500000,1930000
2020-12-10 13:36:36.674000,1.04382,1.04379,1500000,1800000
2020-12-10 13:36:37.435000,1.04382,1.04379,1500000,2680000
2020-12-10 13:36:37.537000,1.04381,1.04379,1000000,1550000
2020-12-10 13:36:37.640000,1.04381,1.04379,1000000,1430000
2020-12-10 13:36:37.742000,1.04384,1.04381,1500000,1250000
2020-12-10 13:36:37.845000,1.04385,1.04382,1500000,4500000
2020-12-10 13:36:37.998000,1.04386,1.04384,1000000,2180000
2020-12-10 13:36:39.119000,1.04385,1.04382,1000000,6600000
2020-12-10 13:36:42.030000,1.04384,1.04382,1690000,1100000
2020-12-10 13:36:42.133000,1.04384,1.04381,1000000,8330000
2020-12-10 13:36:42.235000,1.04384,1.04381,1000000,8370000
2020-12-10 13:36:42.691000,1.04385,1.04382,1000000,4550000
2020-12-10 13:36:42.793000,1.04384,1.04382,1000000,2120000
2020-12-10 13:36:43.048000,1.04384,1.04382,1000000,1620000
2020-12-10 13:36:43.556000,1.04383,1.0438,1000000,5250000
2020-12-10 13:36:45.678000,1.04383,1.0438,1500000,3310000
2020-12-10 13:36:45.779000,1.0438,1.04378,1500000,1130000
2020-12-10 13:36:45.881000,1.04381,1.04379,1000000,1690000
2020-12-10 13:36:46.139000,1.04379,1.04377,1500000,1000000
2020-12-10 13:36:46.190000,1.04376,1.04375,1500000,1120000
2020-12-10 13:36:46.241000,1.04377,1.04372,1500000,1800000
2020-12-10 13:36:46.344000,1.04377,1.04374,1870000,3620000
2020-12-10 13:36:46.773000,1.04377,1.04374,3190000,3070000
2020-12-10 13:36:46.875000,1.04376,1.04374,1000000,1690000
2020-12-10 13:36:46.976000,1.04379,1.04377,1500000,1240000
2020-12-10 13:36:47.078000,1.0438,1.04377,1500000,1990000
2020-12-10 13:36:47.179000,1.0438,1.04378,1500000,1310000
2020-12-10 13:36:47.281000,1.0438,1.04376,1500000,1150000
2020-12-10 13:36:47.571000,1.04381,1.04378,2320000,1000000
2020-12-10 13:36:48.497000,1.04381,1.04377,2320000,3370000
2020-12-10 13:36:48.598000,1.0438,1.04378,1000000,1000000
2020-12-10 13:36:49.280000,1.0438,1.04377,1000000,6750000
2020-12-10 13:36:49.583000,1.0438,1.04378,1000000,1000000
2020-12-10 13:36:50.082000,1.0438,1.04377,1000000,6750000
2020-12-10 13:36:50.727000,1.04379,1.04377,1000000,1150000
2020-12-10 13:36:51.564000,1.04379,1.04374,1500000,2880000
2020-12-10 13:36:51.666000,1.04379,1.04376,1500000,1250000
2020-12-10 13:36:51.768000,1.0438,1.04377,1690000,2370000
2020-12-10 13:36:51.871000,1.04379,1.04377,1000000,2370000
2020-12-10 13:36:51.922000,1.04381,1.04377,2140000,3870000
2020-12-10 13:36:52.025000,1.04379,1.04376,1000000,8720000
2020-12-10 13:36:52.670000,1.04378,1.04376,1000000,1250000
2020-12-10 13:36:54.599000,1.04379,1.04376,1500000,4920000
2020-12-10 13:36:54.852000,1.04379,1.04376,1870000,1000000
2020-12-10 13:36:54.954000,1.04378,1.04375,1000000,5550000
2020-12-10 13:36:56.180000,1.04378,1.04376,1000000,1000000
2020-12-10 13:36:56.291000,1.04379,1.04376,1500000,1000000
2020-12-10 13:36:57.185000,1.04379,1.04375,2440000,6380000
2020-12-10 13:36:57.286000,1.04379,1.04376,2440000,1000000
2020-12-10 13:36:57.488000,1.04379,1.04375,2440000,6380000
2020-12-10 13:36:57.590000,1.04379,1.04376,2440000,1000000
2020-12-10 13:36:58.117000,1.04379,1.04375,2440000,6380000
2020-12-10 13:36:58.533000,1.04379,1.04376,2440000,1000000
2020-12-10 13:37:00.516000,1.04379,1.04375,2440000,6380000
2020-12-10 13:37:00.618000,1.04376,1.04374,1500000,5060000
2020-12-10 13:37:00.771000,1.04377,1.04374,1000000,2060000
2020-12-10 13:37:00.872000,1.04378,1.04374,7390000,1870000
2020-12-10 13:37:01.311000,1.04378,1.04375,2510000,1500000
2020-12-10 13:37:01.869000,1.04378,1.04376,1250000,1000000
2020-12-10 13:37:02.413000,1.04381,1.04377,1000000,4500000
2020-12-10 13:37:02.515000,1.04382,1.0438,1250000,1000000
2020-12-10 13:37:02.616000,1.04382,1.0438,1750000,1000000
2020-12-10 13:37:02.667000,1.04381,1.04378,1690000,1500000
2020-12-10 13:37:04.522000,1.04379,1.04376,1500000,6090000
2020-12-10 13:37:04.624000,1.04378,1.04376,1000000,2250000
2020-12-10 13:37:04.827000,1.0438,1.04377,1120000,2140000
2020-12-10 13:37:04.929000,1.04381,1.04376,1000000,2740000
2020-12-10 13:37:05.081000,1.0438,1.04377,1000000,2510000
2020-12-10 13:37:05.840000,1.0438,1.04378,1000000,1000000
2020-12-10 13:37:05.942000,1.04381,1.04376,1000000,2890000
2020-12-10 13:37:06.361000,1.04378,1.04376,1500000,1250000
2020-12-10 13:37:06.412000,1.04377,1.04375,1000000,2320000
2020-12-10 13:37:06.515000,1.04378,1.04375,1500000,2950000
2020-12-10 13:37:06.617000,1.04378,1.04375,1500000,1950000
2020-12-10 13:37:07.381000,1.04378,1.04375,1500000,3410000
2020-12-10 13:37:07.655000,1.04379,1.04376,1500000,1950000
2020-12-10 13:37:08.136000,1.0438,1.04377,1120000,1200000
2020-12-10 13:37:10.215000,1.04381,1.04379,1120000,1250000
2020-12-10 13:37:10.316000,1.04382,1.0438,1000000,1760000
2020-12-10 13:37:10.418000,1.04382,1.04379,1500000,2020000
2020-12-10 13:37:10.519000,1.04382,1.0438,1000000,1250000
2020-12-10 13:37:12.587000,1.04383,1.0438,1000000,1000000
2020-12-10 13:37:12.688000,1.04384,1.04381,1950000,1250000
2020-12-10 13:37:12.790000,1.04383,1.04381,1000000,1250000
2020-12-10 13:37:14.565000,1.04384,1.04381,1500000,2510000
2020-12-10 13:37:16.097000,1.04384,1.04381,1000000,6440000
2020-12-10 13:37:16.148000,1.04386,1.04383,1310000,1950000
2020-12-10 13:37:16.691000,1.04385,1.04382,1000000,3010000
2020-12-10 13:37:16.792000,1.04384,1.04382,1500000,1120000
2020-12-10 13:37:17.353000,1.04385,1.04382,1500000,2510000
2020-12-10 13:37:17.505000,1.04385,1.04383,1000000,1000000
2020-12-10 13:37:19.866000,1.04384,1.04382,1250000,1950000
2020-12-10 13:37:19.968000,1.04381,1.04377,1500000,1500000
2020-12-10 13:37:20.019000,1.04376,1.04372,1000000,6070000
2020-12-10 13:37:20.070000,1.04377,1.04375,1000000,2140000
2020-12-10 13:37:20.171000,1.04377,1.04375,1120000,1750000
2020-12-10 13:37:20.273000,1.04377,1.04375,2060000,1000000
2020-12-10 13:37:20.324000,1.04375,1.04373,1000000,1280000
2020-12-10 13:37:20.528000,1.04376,1.04374,1000000,2990000
2020-12-10 13:37:20.579000,1.04378,1.04376,2120000,1760000
2020-12-10 13:37:20.630000,1.04381,1.04379,2810000,2510000
2020-12-10 13:37:20.733000,1.04381,1.04378,2950000,1000000
2020-12-10 13:37:20.834000,1.04379,1.04377,1000000,1370000
2020-12-10 13:37:23.757000,1.04379,1.04376,1570000,1560000
2020-12-10 13:37:25.406000,1.04382,1.04377,1950000,1000000
2020-12-10 13:37:25.508000,1.0438,1.04377,1570000,1500000
2020-12-10 13:37:27.557000,1.04379,1.04377,1000000,1000000
2020-12-10 13:37:29.842000,1.04379,1.04376,1570000,1000000
2020-12-10 13:37:30.095000,1.04379,1.04377,1000000,1000000
2020-12-10 13:37:30.196000,1.04381,1.04377,1000000,1200000
2020-12-10 13:37:30.297000,1.0438,1.04377,1570000,1120000
2020-12-10 13:37:32.818000,1.04379,1.04377,1250000,1000000
2020-12-10 13:37:33.408000,1.04379,1.04376,1500000,3700000
2020-12-10 13:37:34.087000,1.04378,1.04376,1000000,1000000
2020-12-10 13:37:34.643000,1.0438,1.04375,3260000,1690000
2020-12-10 13:37:35.994000,1.04378,1.04376,1100000,1250000
2020-12-10 13:37:36.095000,1.04377,1.04375,1010000,1000000
2020-12-10 13:37:36.701000,1.04376,1.04374,1000000,1310000
2020-12-10 13:37:36.816000,1.04377,1.04374,1870000,2570000
2020-12-10 13:37:37.418000,1.04378,1.04375,2250000,2510000
2020-12-10 13:37:40.820000,1.04377,1.04375,4690000,1000000
2020-12-10 13:37:42.351000,1.04379,1.04374,3260000,1000000
2020-12-10 13:37:43.417000,1.04378,1.04375,1500000,3010000
2020-12-10 13:37:44.019000,1.04378,1.04375,2510000,1500000
2020-12-10 13:37:44.592000,1.04378,1.04375,2320000,2870000
2020-12-10 13:37:44.693000,1.04378,1.04375,2320000,1500000
2020-12-10 13:37:45.097000,1.04377,1.04374,1500000,3070000
2020-12-10 13:37:46.029000,1.04377,1.04372,1570000,2620000
2020-12-10 13:37:46.282000,1.04376,1.04372,1000000,1120000
2020-12-10 13:37:46.436000,1.04376,1.04373,1570000,1870000
2020-12-10 13:37:46.800000,1.04375,1.04372,1000000,4010000
2020-12-10 13:37:47.474000,1.04376,1.04373,1870000,1000000
2020-12-10 13:37:48.807000,1.04377,1.04371,1500000,5510000
2020-12-10 13:37:49.118000,1.04376,1.04373,4500000,1000000
2020-12-10 13:37:50.087000,1.04375,1.04372,1000000,4510000
2020-12-10 13:37:50.188000,1.04377,1.04372,1500000,1120000
2020-12-10 13:37:50.290000,1.04378,1.04374,1000000,1000000
2020-12-10 13:37:50.391000,1.04376,1.04374,1000000,1000000
2020-12-10 13:37:52.262000,1.04376,1.04373,1000000,3070000
2020-12-10 13:37:52.740000,1.04377,1.04374,3120000,1250000
2020-12-10 13:37:52.842000,1.04377,1.04375,1000000,1690000
2020-12-10 13:37:52.943000,1.04378,1.04375,2250000,3700000
2020-12-10 13:37:53.693000,1.04378,1.04375,2810000,1690000
2020-12-10 13:37:53.794000,1.04378,1.04375,5250000,1000000
2020-12-10 13:37:53.946000,1.04378,1.04375,2250000,2060000
2020-12-10 13:37:54.199000,1.04376,1.04375,1250000,1000000
2020-12-10 13:37:54.300000,1.04375,1.04374,1000000,1000000
2020-12-10 13:37:54.401000,1.04376,1.04374,1690000,1000000
2020-12-10 13:37:54.756000,1.04378,1.04373,1870000,2870000
2020-12-10 13:37:55.009000,1.04378,1.04375,2060000,2060000
2020-12-10 13:37:55.110000,1.04378,1.04375,1870000,2870000
2020-12-10 13:37:55.818000,1.04377,1.04375,1000000,2120000
2020-12-10 13:37:55.920000,1.04375,1.04374,1250000,1000000
2020-12-10 13:37:56.021000,1.04375,1.04373,2620000,1050000
2020-12-10 13:37:56.123000,1.04376,1.04371,3560000,1610000
2020-12-10 13:37:56.275000,1.04375,1.04372,4370000,1420000
2020-12-10 13:37:56.731000,1.04374,1.0437,1690000,1120000
2020-12-10 13:37:56.833000,1.04373,1.0437,2060000,2890000
2020-12-10 13:37:57.500000,1.04373,1.04371,1250000,1000000
2020-12-10 13:38:00.369000,1.04374,1.04371,2060000,2140000
2020-12-10 13:38:00.774000,1.04373,1.04371,1000000,1000000
2020-12-10 13:38:00.875000,1.04373,1.0437,1500000,2700000
2020-12-10 13:38:01.230000,1.0437,1.04368,1000000,1310000
2020-12-10 13:38:01.331000,1.04369,1.04367,1000000,2870000
2020-12-10 13:38:01.433000,1.0437,1.04367,2810000,1500000
2020-12-10 13:38:01.534000,1.0437,1.04368,1120000,1000000
2020-12-10 13:38:02.749000,1.04373,1.04368,1950000,1250000
2020-12-10 13:38:03.052000,1.04372,1.0437,1000000,1000000
2020-12-10 13:38:03.558000,1.04373,1.0437,3070000,1500000
2020-12-10 13:38:03.761000,1.04373,1.0437,3290000,1000000
2020-12-10 13:38:03.863000,1.04373,1.0437,5890000,1000000
2020-12-10 13:38:03.964000,1.04373,1.0437,7040000,1000000
2020-12-10 13:38:04.126000,1.04373,1.0437,5890000,1000000
2020-12-10 13:38:05.551000,1.04373,1.0437,7160000,1000000
2020-12-10 13:38:05.754000,1.04374,1.04369,4010000,1000000
2020-12-10 13:38:05.956000,1.04373,1.0437,7160000,1000000
2020-12-10 13:38:06.108000,1.04373,1.0437,7760000,1000000
2020-12-10 13:38:06.223000,1.04372,1.0437,1250000,1000000
2020-12-10 13:38:06.991000,1.04369,1.04367,1000000,1870000
2020-12-10 13:38:07.093000,1.0437,1.04367,1870000,2890000
2020-12-10 13:38:07.194000,1.04369,1.04366,2890000,1500000
2020-12-10 13:38:07.296000,1.04369,1.04366,3760000,1500000
2020-12-10 13:38:07.599000,1.04368,1.04365,1500000,1500000
2020-12-10 13:38:08.711000,1.04367,1.04364,1000000,7730000
2020-12-10 13:38:08.863000,1.04368,1.04364,1570000,4730000
2020-12-10 13:38:09.065000,1.04369,1.04364,1870000,1450000
2020-12-10 13:38:09.167000,1.04369,1.04364,1950000,1000000
2020-12-10 13:38:09.269000,1.04368,1.04364,1950000,4130000
2020-12-10 13:38:09.371000,1.04368,1.04365,1200000,1750000
2020-12-10 13:38:09.472000,1.04368,1.04365,1200000,1000000
2020-12-10 13:38:09.727000,1.04367,1.04364,1000000,4130000
2020-12-10 13:38:10.282000,1.04366,1.04364,1000000,1870000
2020-12-10 13:38:10.384000,1.04366,1.04362,1000000,1000000
2020-12-10 13:38:10.485000,1.04366,1.04363,5890000,1000000
2020-12-10 13:38:10.789000,1.04367,1.04364,1310000,1950000
2020-12-10 13:38:11.750000,1.04367,1.04365,1000000,1250000
2020-12-10 13:38:12.104000,1.04368,1.04365,1570000,2060000
2020-12-10 13:38:12.509000,1.04367,1.04364,1000000,2510000
2020-12-10 13:38:12.611000,1.04367,1.04365,1000000,1250000
2020-12-10 13:38:12.763000,1.04368,1.04363,1100000,2060000
2020-12-10 13:38:13.268000,1.04366,1.04364,1000000,1760000
2020-12-10 13:38:13.470000,1.04365,1.04363,1000000,1000000
2020-12-10 13:38:13.572000,1.04364,1.04363,1000000,1000000
2020-12-10 13:38:13.673000,1.04365,1.04363,1000000,2890000
2020-12-10 13:38:13.775000,1.04366,1.04365,1000000,1000000
2020-12-10 13:38:14.179000,1.04365,1.04364,1000000,1000000
2020-12-10 13:38:14.790000,1.04366,1.04365,1000000,1000000
2020-12-10 13:38:14.942000,1.04366,1.04365,1000000,1000000
2020-12-10 13:38:15.043000,1.04366,1.04364,1000000,1000000
2020-12-10 13:38:15.652000,1.04365,1.04364,1000000,1000000
2020-12-10 13:38:15.753000,1.04366,1.04364,1000000,1000000
2020-12-10 13:38:16.363000,1.04366,1.04364,1000000,1570000
2020-12-10 13:38:16.671000,1.04364,1.04362,1000000,3640000
2020-12-10 13:38:16.773000,1.04364,1.04363,1000000,1000000
2020-12-10 13:38:17.027000,1.04365,1.04363,2700000,1000000
2020-12-10 13:38:17.078000,1.04363,1.04361,1000000,2510000
2020-12-10 13:38:17.179000,1.04364,1.04362,1000000,1690000
2020-12-10 13:38:17.432000,1.04363,1.0436,1000000,1430000
2020-12-10 13:38:17.534000,1.04362,1.0436,1000000,2810000
2020-12-10 13:38:17.636000,1.04362,1.0436,1000000,3320000
2020-12-10 13:38:17.948000,1.04362,1.0436,1000000,2810000
2020-12-10 13:38:18.050000,1.04362,1.0436,1000000,3620000
2020-12-10 13:38:18.329000,1.04362,1.0436,1000000,2320000
2020-12-10 13:38:18.583000,1.0436,1.04359,1000000,1000000
2020-12-10 13:38:19.090000,1.0436,1.04358,1000000,5440000
2020-12-10 13:38:19.853000,1.04361,1.04359,1000000,2140000
2020-12-10 13:38:21.986000,1.04361,1.04359,1000000,1000000
2020-12-10 13:38:22.173000,1.0436,1.04359,1000000,1000000
2020-12-10 13:38:22.538000,1.04359,1.04358,1000000,1000000
2020-12-10 13:38:22.741000,1.04358,1.04356,1000000,4690000
2020-12-10 13:38:22.843000,1.04357,1.04356,1000000,1800000
2020-12-10 13:38:22.957000,1.04358,1.04356,1500000,1800000
2020-12-10 13:38:23.288000,1.04357,1.04356,1000000,1690000
2020-12-10 13:38:23.389000,1.04358,1.04356,1000000,2570000
2020-12-10 13:38:23.844000,1.04358,1.04356,1500000,1870000
2020-12-10 13:38:24.007000,1.04358,1.04355,1500000,4500000
2020-12-10 13:38:24.109000,1.04357,1.04356,1000000,1000000
2020-12-10 13:38:24.670000,1.04357,1.04355,1000000,1800000
2020-12-10 13:38:24.873000,1.04356,1.04355,1000000,1000000
2020-12-10 13:38:25.663000,1.04357,1.04355,1120000,1250000
2020-12-10 13:38:25.966000,1.04356,1.04355,1000000,1120000
2020-12-10 13:38:26.118000,1.04357,1.04355,1000000,1250000
2020-12-10 13:38:26.574000,1.04357,1.04354,1000000,1000000
2020-12-10 13:38:27.682000,1.04358,1.04354,1000000,1000000
2020-12-10 13:38:28.035000,1.04357,1.04354,1000000,1000000
2020-12-10 13:38:28.492000,1.04357,1.04355,1000000,1250000
2020-12-10 13:38:29.453000,1.04357,1.04355,1000000,3790000
2020-12-10 13:38:29.504000,1.04359,1.04357,2060000,1200000
2020-12-10 13:38:30.009000,1.04359,1.04358,1000000,1000000
2020-12-10 13:38:30.111000,1.04362,1.0436,2750000,1000000
2020-12-10 13:38:30.213000,1.04362,1.0436,1500000,1000000
2020-12-10 13:38:31.818000,1.0436,1.04358,1000000,2510000
2020-12-10 13:38:31.969000,1.04361,1.04358,1500000,2140000
2020-12-10 13:38:32.071000,1.04361,1.0436,1000000,1000000
2020-12-10 13:38:32.325000,1.04361,1.04359,1000000,1000000
2020-12-10 13:38:32.527000,1.04362,1.04359,3560000,1000000
2020-12-10 13:38:32.869000,1.0436,1.04359,1000000,1000000
2020-12-10 13:38:33.021000,1.04361,1.04359,2060000,1000000
2020-12-10 13:38:33.173000,1.04358,1.04357,1000000,1310000
2020-12-10 13:38:33.224000,1.0436,1.04358,3750000,1000000
2020-12-10 13:38:33.918000,1.04362,1.04357,1500000,5320000
2020-12-10 13:38:34.037000,1.04361,1.04359,1000000,1500000
2020-12-10 13:38:35.717000,1.04362,1.04359,1870000,1000000
2020-12-10 13:38:38.824000,1.04362,1.04359,1870000,2850000
2020-12-10 13:38:38.875000,1.04363,1.04362,1870000,1000000
2020-12-10 13:38:38.927000,1.04362,1.0436,1120000,1320000
2020-12-10 13:38:41.187000,1.04362,1.04359,1500000,2620000
2020-12-10 13:38:41.563000,1.04361,1.04359,1500000,1000000
2020-12-10 13:38:43.987000,1.04361,1.04358,2900000,1500000
2020-12-10 13:38:44.088000,1.0436,1.04358,1000000,1000000
2020-12-10 13:38:44.190000,1.04361,1.04358,2060000,2250000
2020-12-10 13:38:44.696000,1.0436,1.04358,1250000,1000000
2020-12-10 13:38:45.082000,1.0436,1.04357,1500000,1930000
2020-12-10 13:38:45.672000,1.0436,1.04358,1000000,4500000
2020-12-10 13:38:45.823000,1.04362,1.04357,1500000,6070000
2020-12-10 13:38:46.174000,1.04361,1.04359,1500000,1000000
2020-12-10 13:38:46.524000,1.04361,1.04358,1500000,6070000
2020-12-10 13:38:46.680000,1.04361,1.04359,1000000,1000000
2020-12-10 13:38:47.706000,1.04362,1.04359,1970000,5700000
2020-12-10 13:38:47.757000,1.04363,1.04361,2470000,1000000
2020-12-10 13:38:47.858000,1.04363,1.04361,1000000,1000000
2020-12-10 13:38:47.960000,1.04364,1.04362,1500000,1000000
2020-12-10 13:38:48.112000,1.04364,1.04361,1500000,3130000
2020-12-10 13:38:48.166000,1.04365,1.04361,2810000,3880000
2020-12-10 13:38:48.268000,1.04364,1.04361,1500000,4880000
2020-12-10 13:38:48.369000,1.04365,1.04363,1250000,1000000
2020-12-10 13:38:48.470000,1.04366,1.04363,1500000,2320000
2020-12-10 13:38:48.572000,1.04365,1.04363,1000000,1120000
2020-12-10 13:38:48.724000,1.04365,1.04362,1000000,1950000
2020-12-10 13:38:49.039000,1.04365,1.04363,1000000,1500000
2020-12-10 13:38:49.090000,1.04366,1.04364,1500000,1000000
2020-12-10 13:38:49.191000,1.04366,1.04365,1000000,1000000
2020-12-10 13:38:49.841000,1.04367,1.04365,2060000,1000000
2020-12-10 13:38:50.415000,1.04367,1.04366,1120000,1000000
2020-12-10 13:38:50.517000,1.04368,1.04367,1120000,1000000
2020-12-10 13:38:50.671000,1.04368,1.04366,1000000,1120000
2020-12-10 13:38:51.179000,1.04367,1.04366,1500000,1000000
2020-12-10 13:38:51.281000,1.04366,1.04365,1000000,1000000
2020-12-10 13:38:51.788000,1.04366,1.04365,1690000,1000000
2020-12-10 13:38:55.187000,1.04367,1.04363,1690000,1000000
2020-12-10 13:38:55.288000,1.04366,1.04365,1000000,1000000
2020-12-10 13:38:55.733000,1.04367,1.04365,1500000,1000000
2020-12-10 13:38:55.835000,1.04368,1.04366,4870000,1000000
2020-12-10 13:38:56.138000,1.04367,1.04366,1870000,1000000
2020-12-10 13:38:56.189000,1.04366,1.04364,2060000,1000000
2020-12-10 13:38:56.290000,1.04366,1.04365,2060000,1000000
2020-12-10 13:38:56.644000,1.04365,1.04363,1000000,1070000
2020-12-10 13:38:56.746000,1.04365,1.04363,1250000,1000000
2020-12-10 13:38:56.847000,1.04363,1.04362,1000000,1000000
2020-12-10 13:38:57,1.04363,1.0436,1870000,1700000
2020-12-10 13:38:57.102000,1.04363,1.0436,1500000,1000000
2020-12-10 13:38:57.597000,1.04361,1.0436,1000000,1000000
2020-12-10 13:38:57.803000,1.04362,1.0436,1000000,1000000
2020-12-10 13:38:57.905000,1.04364,1.04362,1200000,1000000
2020-12-10 13:38:58.007000,1.04366,1.04363,1250000,1000000
2020-12-10 13:38:58.109000,1.04364,1.04363,1000000,1120000
2020-12-10 13:38:58.210000,1.04365,1.04363,1690000,1000000
2020-12-10 13:38:58.311000,1.04365,1.04364,1000000,1000000
2020-12-10 13:38:58.767000,1.04365,1.04362,1250000,1000000
2020-12-10 13:38:58.920000,1.04365,1.04363,1000000,1000000
2020-12-10 13:38:59.391000,1.04367,1.04365,2250000,1000000
2020-12-10 13:38:59.443000,1.04369,1.04364,1870000,1000000
2020-12-10 13:38:59.544000,1.04368,1.04365,2250000,1700000
2020-12-10 13:39:00.222000,1.04368,1.04367,1120000,1000000
2020-12-10 13:39:00.324000,1.04368,1.04366,1000000,2120000
2020-12-10 13:39:02.958000,1.04366,1.04364,1000000,1120000
2020-12-10 13:39:03.059000,1.04365,1.04364,1000000,1000000
2020-12-10 13:39:03.110000,1.04365,1.04363,1000000,1000000
2020-12-10 13:39:03.161000,1.04366,1.04364,2250000,1000000
2020-12-10 13:39:03.268000,1.04364,1.04363,1000000,1000000
2020-12-10 13:39:03.369000,1.04363,1.04362,1000000,1310000
2020-12-10 13:39:03.420000,1.04366,1.04362,1100000,1000000
2020-12-10 13:39:03.724000,1.04365,1.04364,1000000,1000000
2020-12-10 13:39:03.826000,1.04363,1.04361,1000000,2120000
2020-12-10 13:39:03.979000,1.04366,1.04361,1100000,2500000
2020-12-10 13:39:04.081000,1.04365,1.04364,1000000,1000000
2020-12-10 13:39:04.289000,1.04364,1.04363,1000000,1250000
2020-12-10 13:39:04.542000,1.04364,1.04362,1500000,1000000
2020-12-10 13:39:04.644000,1.04363,1.04362,1250000,1000000
2020-12-10 13:39:04.745000,1.04363,1.04361,1250000,1000000
2020-12-10 13:39:05.077000,1.04365,1.04361,1250000,1000000
2020-12-10 13:39:05.179000,1.04364,1.04363,1250000,1000000
2020-12-10 13:39:07.124000,1.04365,1.04363,1000000,1000000
2020-12-10 13:39:07.653000,1.04366,1.04363,4690000,1120000
2020-12-10 13:39:07.704000,1.04366,1.04365,1690000,1000000
2020-12-10 13:39:08.042000,1.04366,1.04363,1760000,1500000
2020-12-10 13:39:09.556000,1.04362,1.04361,1000000,1120000
2020-12-10 13:39:09.607000,1.04362,1.0436,1870000,1070000
2020-12-10 13:39:09.709000,1.04363,1.0436,1000000,1000000
2020-12-10 13:39:09.810000,1.04363,1.04361,1120000,1000000
2020-12-10 13:39:11.213000,1.04363,1.0436,1120000,1000000
2020-12-10 13:39:11.341000,1.04362,1.0436,1000000,1000000
2020-12-10 13:39:12.933000,1.04364,1.04359,1120000,1500000
2020-12-10 13:39:13.034000,1.04363,1.04361,1120000,1000000
2020-12-10 13:39:13.338000,1.04362,1.04361,1000000,1000000
2020-12-10 13:39:14.040000,1.04363,1.04361,1870000,1000000
2020-12-10 13:39:14.394000,1.04363,1.04359,1000000,1000000
2020-12-10 13:39:17.134000,1.04363,1.04361,1120000,1000000
2020-12-10 13:39:17.872000,1.04365,1.04361,1500000,1000000
2020-12-10 13:39:18.924000,1.04365,1.04364,1500000,1000000
2020-12-10 13:39:19.453000,1.04366,1.04364,1870000,1000000
2020-12-10 13:39:19.555000,1.04366,1.04365,1000000,1000000
2020-12-10 13:39:19.809000,1.04365,1.04364,1000000,1000000
2020-12-10 13:39:20.013000,1.04368,1.04364,3570000,1000000
2020-12-10 13:39:20.114000,1.04367,1.04365,1120000,1000000
2020-12-10 13:39:20.267000,1.04365,1.04364,1000000,1000000
2020-12-10 13:39:20.318000,1.04365,1.04363,1000000,1500000
2020-12-10 13:39:20.470000,1.04368,1.04364,4120000,1000000
2020-12-10 13:39:20.780000,1.04366,1.04364,2810000,1000000
2020-12-10 13:39:20.882000,1.04366,1.04364,2060000,1000000
2020-12-10 13:39:21.136000,1.04366,1.04365,1120000,1000000
2020-12-10 13:39:21.238000,1.04368,1.04364,1500000,1500000
2020-12-10 13:39:21.339000,1.04367,1.04365,4450000,1000000
2020-12-10 13:39:21.441000,1.04367,1.04365,3190000,1000000
2020-12-10 13:39:21.542000,1.04367,1.04366,1120000,1000000
2020-12-10 13:39:23.060000,1.04367,1.04365,1000000,1000000
2020-12-10 13:39:24.801000,1.04367,1.04365,1000000,1750000
2020-12-10 13:39:24.903000,1.04369,1.04367,1120000,1740000
2020-12-10 13:39:25.005000,1.04371,1.04369,2060000,1000000
2020-12-10 13:39:25.107000,1.04371,1.04369,2940000,1000000
2020-12-10 13:39:25.474000,1.04372,1.04367,4440000,1870000
2020-12-10 13:39:25.576000,1.04369,1.04367,1000000,1370000
2020-12-10 13:39:25.677000,1.04368,1.04366,1000000,2570000
2020-12-10 13:39:25.880000,1.04369,1.04366,1500000,2570000
2020-12-10 13:39:26.150000,1.04369,1.04366,2620000,1990000
2020-12-10 13:39:26.252000,1.04368,1.04365,2620000,2050000
2020-12-10 13:39:26.353000,1.04367,1.04365,1000000,1240000
2020-12-10 13:39:27.173000,1.04367,1.04364,1500000,1690000
2020-12-10 13:39:27.527000,1.04367,1.04365,1000000,1000000
2020-12-10 13:39:27.730000,1.04366,1.04364,1000000,1250000
2020-12-10 13:39:27.832000,1.04362,1.04361,1000000,1000000
2020-12-10 13:39:27.884000,1.04362,1.04358,1000000,4690000
2020-12-10 13:39:27.987000,1.04363,1.04362,1000000,1000000
2020-12-10 13:39:28.240000,1.04364,1.04363,1250000,1000000
2020-12-10 13:39:28.342000,1.04362,1.0436,1000000,2870000
2020-12-10 13:39:28.443000,1.04362,1.0436,1000000,1000000
2020-12-10 13:39:29.871000,1.04363,1.0436,1000000,1950000
2020-12-10 13:39:30.125000,1.04364,1.04359,1000000,2870000
2020-12-10 13:39:31.802000,1.04363,1.04362,1000000,1000000
2020-12-10 13:39:31.904000,1.04362,1.04361,1000000,1000000
2020-12-10 13:39:31.954000,1.04363,1.04359,1000000,2060000
2020-12-10 13:39:32.106000,1.04362,1.0436,1000000,2120000
2020-12-10 13:39:32.258000,1.04362,1.0436,1000000,1310000
2020-12-10 13:39:34.381000,1.04363,1.0436,1500000,2950000
2020-12-10 13:39:35.252000,1.04363,1.0436,1000000,2320000
2020-12-10 13:39:35.353000,1.04363,1.04361,1000000,1310000
2020-12-10 13:39:35.404000,1.04364,1.04363,1000000,1000000
2020-12-10 13:39:35.505000,1.04364,1.04362,1000000,1000000
2020-12-10 13:39:35.809000,1.04363,1.04362,1000000,1000000
2020-12-10 13:39:35.860000,1.04364,1.04359,1000000,4950000
2020-12-10 13:39:35.961000,1.04364,1.04361,4120000,1200000
2020-12-10 13:39:36.062000,1.04364,1.04362,1500000,1000000
2020-12-10 13:39:36.366000,1.04365,1.04362,1000000,2700000
2020-12-10 13:39:36.467000,1.04367,1.04361,2810000,2700000
2020-12-10 13:39:36.518000,1.04364,1.04362,1000000,1000000
2020-12-10 13:39:36.619000,1.04366,1.04362,1000000,1000000
2020-12-10 13:39:37.074000,1.04365,1.04362,1000000,1000000
2020-12-10 13:39:37.679000,1.04366,1.04363,4440000,1500000
2020-12-10 13:39:37.900000,1.04368,1.04363,3310000,1500000
2020-12-10 13:39:38.002000,1.04367,1.04364,1500000,3700000
2020-12-10 13:39:38.575000,1.04368,1.04366,1250000,1000000
2020-12-10 13:39:43.024000,1.04371,1.0437,1250000,1000000
2020-12-10 13:39:43.075000,1.04372,1.0437,1500000,1000000
2020-12-10 13:39:43.228000,1.04371,1.04369,1250000,2320000
2020-12-10 13:39:43.279000,1.04372,1.0437,1120000,1000000
2020-12-10 13:39:43.430000,1.04371,1.04369,1250000,1870000
2020-12-10 13:39:43.993000,1.04372,1.0437,2810000,1000000
2020-12-10 13:39:44.604000,1.04373,1.0437,2250000,2950000
2020-12-10 13:39:48.188000,1.04375,1.0437,2810000,1690000
2020-12-10 13:39:48.544000,1.04374,1.04371,2620000,3700000
2020-12-10 13:39:48.931000,1.04375,1.04373,1000000,2620000
2020-12-10 13:39:49.032000,1.04376,1.04375,1120000,1000000
2020-12-10 13:39:49.133000,1.04376,1.04374,1120000,1000000
2020-12-10 13:39:49.235000,1.04376,1.04373,1870000,1870000
2020-12-10 13:39:49.336000,1.04375,1.04372,1750000,2320000
2020-12-10 13:39:49.438000,1.04376,1.04374,1870000,1000000
2020-12-10 13:39:49.539000,1.04377,1.04375,1250000,1500000
2020-12-10 13:39:49.842000,1.04375,1.04373,1250000,2320000
2020-12-10 13:39:49.994000,1.04376,1.04374,2620000,1000000
2020-12-10 13:39:50.247000,1.04378,1.04373,3560000,1500000
2020-12-10 13:39:50.348000,1.04376,1.04373,1870000,1500000
2020-12-10 13:39:50.450000,1.04375,1.04373,1000000,1000000
2020-12-10 13:39:50.551000,1.04376,1.04373,1870000,1500000
2020-12-10 13:39:50.804000,1.04376,1.04374,1120000,1000000
2020-12-10 13:39:51.007000,1.04375,1.04372,1690000,1000000
2020-12-10 13:39:51.108000,1.04377,1.04372,3000000,1500000
2020-12-10 13:39:51.260000,1.04376,1.04374,1870000,1000000
2020-12-10 13:39:51.462000,1.04375,1.04372,2870000,1500000
2020-12-10 13:39:51.564000,1.04376,1.04374,2060000,1000000
2020-12-10 13:39:52,1.04375,1.04373,2120000,1000000
2020-12-10 13:39:52.102000,1.04375,1.04372,1500000,7570000
2020-12-10 13:39:52.203000,1.04376,1.04373,3940000,1500000
2020-12-10 13:39:52.607000,1.04375,1.04373,1370000,1950000
2020-12-10 13:39:52.709000,1.04376,1.04374,1310000,1000000
2020-12-10 13:39:53.134000,1.04375,1.04373,1370000,1500000
2020-12-10 13:39:53.184000,1.04377,1.04373,2060000,1000000
2020-12-10 13:39:53.286000,1.04375,1.04373,1000000,1000000
2020-12-10 13:39:53.597000,1.04377,1.04374,3560000,1000000
2020-12-10 13:39:53.698000,1.04377,1.04374,5190000,1000000
2020-12-10 13:39:53.749000,1.04375,1.04372,2060000,1690000
2020-12-10 13:39:53.850000,1.04374,1.04372,1250000,1570000
2020-12-10 13:39:54.154000,1.04373,1.04371,1000000,1390000
2020-12-10 13:39:54.306000,1.04374,1.04371,2060000,1390000
2020-12-10 13:39:54.407000,1.04373,1.04371,1000000,1250000
2020-12-10 13:39:54.959000,1.04373,1.0437,2810000,1500000
2020-12-10 13:39:55.010000,1.04371,1.0437,1500000,1000000
2020-12-10 13:39:55.061000,1.04372,1.04367,2620000,1200000
2020-12-10 13:39:55.111000,1.04371,1.04369,2810000,1000000
2020-12-10 13:39:55.213000,1.0437,1.04369,1000000,1000000
2020-12-10 13:39:55.314000,1.04371,1.0437,1000000,1000000
2020-12-10 13:39:55.416000,1.04371,1.04369,1000000,1000000
2020-12-10 13:39:55.517000,1.0437,1.04368,1000000,1120000
2020-12-10 13:39:55.619000,1.0437,1.04369,1000000,1000000
2020-12-10 13:39:55.872000,1.04369,1.04367,1000000,3000000
2020-12-10 13:39:55.973000,1.04368,1.04366,1000000,4870000
2020-12-10 13:39:56.075000,1.04367,1.04365,1000000,2120000
2020-12-10 13:39:58.608000,1.04368,1.04365,1500000,5510000
2020-12-10 13:39:58.962000,1.04368,1.04366,1500000,1250000
2020-12-10 13:40:00.076000,1.04368,1.04366,1000000,1690000
2020-12-10 13:40:00.386000,1.04368,1.04366,1000000,1250000
2020-12-10 13:40:00.843000,1.04371,1.04367,1620000,1000000
2020-12-10 13:40:00.945000,1.04371,1.0437,1120000,1250000
2020-12-10 13:40:01.046000,1.04373,1.04369,1500000,1000000
2020-12-10 13:40:01.148000,1.04372,1.0437,1120000,1000000
2020-12-10 13:40:07.157000,1.04371,1.04368,3190000,1870000
2020-12-10 13:40:07.259000,1.04369,1.04367,1000000,5320000
2020-12-10 13:40:07.362000,1.04368,1.04366,1870000,1000000
2020-12-10 13:40:07.464000,1.04367,1.04366,1120000,1000000
2020-12-10 13:40:10.483000,1.04369,1.04367,1000000,4070000
2020-12-10 13:40:10.534000,1.04371,1.04369,1200000,1000000
2020-12-10 13:40:10.686000,1.0437,1.04367,1500000,3460000
2020-12-10 13:40:10.788000,1.04369,1.04366,1500000,2510000
2020-12-10 13:40:10.939000,1.04368,1.04366,1000000,1250000
2020-12-10 13:40:11.040000,1.04369,1.04366,1870000,1390000
2020-12-10 13:40:11.193000,1.04369,1.04367,1000000,2120000
2020-12-10 13:40:11.344000,1.04371,1.04368,1870000,1390000
2020-12-10 13:40:11.446000,1.04371,1.04367,1000000,1000000
2020-12-10 13:40:11.597000,1.04371,1.04368,3000000,2140000
2020-12-10 13:40:11.938000,1.0437,1.04367,1000000,1950000
2020-12-10 13:40:11.989000,1.04368,1.04365,1500000,5770000
2020-12-10 13:40:12.091000,1.04368,1.04366,1000000,1000000
2020-12-10 13:40:12.648000,1.04368,1.04364,1500000,1000000
2020-12-10 13:40:12.800000,1.04366,1.04365,1000000,1000000
2020-12-10 13:40:12.902000,1.04367,1.04365,1500000,1250000
2020-12-10 13:40:14.254000,1.04368,1.04366,1500000,1000000
2020-12-10 13:40:14.612000,1.04367,1.04365,1000000,1760000
2020-12-10 13:40:15.372000,1.04367,1.04363,1000000,2060000
2020-12-10 13:40:15.574000,1.04366,1.04365,1000000,1250000
2020-12-10 13:40:16.871000,1.04368,1.04365,1500000,2950000
2020-12-10 13:40:16.972000,1.04369,1.04366,2250000,2500000
2020-12-10 13:40:17.124000,1.0437,1.04365,2060000,2060000
2020-12-10 13:40:18.054000,1.04369,1.04366,4440000,1500000
2020-12-10 13:40:18.306000,1.04368,1.04364,1000000,1000000
2020-12-10 13:40:18.761000,1.04368,1.04365,2620000,2950000
2020-12-10 13:40:18.862000,1.04368,1.04365,2620000,1950000
2020-12-10 13:40:18.964000,1.04368,1.04365,2620000,2950000
2020-12-10 13:40:20.749000,1.04368,1.04365,2250000,1250000
2020-12-10 13:40:21.614000,1.04368,1.04365,2250000,4160000
2020-12-10 13:40:21.716000,1.04368,1.04365,2250000,4390000
2020-12-10 13:40:24.991000,1.04368,1.04364,1000000,1120000
2020-12-10 13:40:26.543000,1.04368,1.04365,2620000,1690000
2020-12-10 13:40:27.608000,1.04367,1.04365,1000000,1310000
2020-12-10 13:40:29.469000,1.04366,1.04364,1000000,3070000
2020-12-10 13:40:29.570000,1.04362,1.04361,1500000,1500000
2020-12-10 13:40:29.723000,1.04363,1.04361,1500000,1390000
2020-12-10 13:40:29.824000,1.04363,1.0436,1870000,1690000
2020-12-10 13:40:30.282000,1.04362,1.04359,1000000,7150000
2020-12-10 13:40:30.384000,1.04362,1.04359,1500000,6150000
2020-12-10 13:40:33.539000,1.04362,1.04358,1500000,5320000
2020-12-10 13:40:33.691000,1.04362,1.04359,1500000,3820000
2020-12-10 13:40:33.893000,1.04362,1.0436,1500000,1370000
2020-12-10 13:40:34.670000,1.04362,1.0436,1000000,1310000
2020-12-10 13:40:35.127000,1.04362,1.0436,1000000,2120000
2020-12-10 13:40:35.237000,1.04362,1.0436,1000000,1310000
2020-12-10 13:40:35.490000,1.04361,1.04359,1000000,1870000
2020-12-10 13:40:35.812000,1.04361,1.04358,3000000,1870000
2020-12-10 13:40:36.065000,1.04361,1.04359,2250000,1250000
2020-12-10 13:40:36.166000,1.04363,1.04358,1000000,3700000
2020-12-10 13:40:36.555000,1.04363,1.0436,1870000,2120000
2020-12-10 13:40:37.085000,1.04363,1.0436,2060000,1310000
2020-12-10 13:40:37.186000,1.04363,1.0436,1870000,2120000
2020-12-10 13:40:38.250000,1.04365,1.04363,2190000,1500000
2020-12-10 13:40:38.353000,1.04366,1.04363,6620000,1500000
2020-12-10 13:40:38.556000,1.04365,1.04363,1500000,1250000
2020-12-10 13:40:38.709000,1.04366,1.04364,1690000,1500000
2020-12-10 13:40:38.871000,1.04365,1.04364,1000000,1000000
2020-12-10 13:40:38.972000,1.04365,1.04363,1500000,1250000
2020-12-10 13:40:39.073000,1.04366,1.04363,3500000,1500000
2020-12-10 13:40:39.175000,1.04366,1.04363,3000000,1950000
2020-12-10 13:40:39.630000,1.04366,1.04364,2620000,1000000
2020-12-10 13:40:40.542000,1.04366,1.04363,2250000,1000000
2020-12-10 13:40:40.643000,1.04364,1.04362,1250000,2250000
2020-12-10 13:40:40.745000,1.04366,1.04362,1120000,1690000
2020-12-10 13:40:40.846000,1.04366,1.04364,1120000,1000000
2020-12-10 13:40:41.507000,1.04367,1.04364,2060000,1500000
2020-12-10 13:40:41.609000,1.04367,1.04365,1000000,1000000
2020-12-10 13:40:41.813000,1.04367,1.04365,1000000,1750000
2020-12-10 13:40:41.915000,1.04368,1.04365,3000000,1500000
2020-12-10 13:40:42.168000,1.04367,1.04365,1000000,1950000
2020-12-10 13:40:42.270000,1.04367,1.04365,1000000,1000000
2020-12-10 13:40:42.473000,1.04366,1.04364,1000000,1000000
2020-12-10 13:40:42.575000,1.04366,1.04364,1000000,1760000
2020-12-10 13:40:43.145000,1.04365,1.04362,7390000,1620000
2020-12-10 13:40:43.247000,1.04362,1.0436,1000000,1250000
2020-12-10 13:40:43.451000,1.04362,1.0436,1000000,1000000
2020-12-10 13:40:43.706000,1.04362,1.04361,1000000,1000000
2020-12-10 13:40:44.669000,1.04365,1.04363,2000000,1000000
2020-12-10 13:40:45.731000,1.04366,1.04365,1000000,1000000
2020-12-10 13:40:46.576000,1.04365,1.04363,1500000,1500000
2020-12-10 13:40:46.628000,1.04363,1.04362,1000000,1570000
2020-12-10 13:40:46.729000,1.04365,1.04363,2440000,1000000
2020-12-10 13:40:46.780000,1.04364,1.04363,1250000,1000000
2020-12-10 13:40:46.932000,1.04364,1.04363,1000000,1000000
2020-12-10 13:40:47.187000,1.04364,1.04362,1000000,1000000
2020-12-10 13:40:47.288000,1.04363,1.04362,1000000,1000000
2020-12-10 13:40:47.390000,1.04364,1.04362,1000000,1000000
2020-12-10 13:40:47.795000,1.04362,1.0436,1000000,3020000
2020-12-10 13:40:48.149000,1.04363,1.04362,1000000,1000000
2020-12-10 13:40:48.251000,1.04363,1.04361,1000000,1070000
2020-12-10 13:40:48.403000,1.04363,1.04362,1000000,1000000
2020-12-10 13:40:48.605000,1.04363,1.04361,1000000,1630000
2020-12-10 13:40:48.707000,1.04363,1.04361,1000000,1630000
2020-12-10 13:40:48.810000,1.04363,1.0436,1000000,1070000
2020-12-10 13:40:48.911000,1.04363,1.04359,1000000,2270000
2020-12-10 13:40:49.318000,1.04361,1.04359,1500000,1810000
2020-12-10 13:40:49.420000,1.04361,1.04359,1000000,3940000
2020-12-10 13:40:49.521000,1.04362,1.04359,1000000,1250000
2020-12-10 13:40:49.774000,1.04361,1.04359,1000000,2630000
2020-12-10 13:40:49.976000,1.04362,1.0436,1000000,1000000
2020-12-10 13:40:51.461000,1.04362,1.04358,1500000,1630000
2020-12-10 13:40:52.074000,1.0436,1.04358,1000000,3690000
2020-12-10 13:40:52.480000,1.0436,1.04358,1500000,1200000
2020-12-10 13:40:52.566000,1.04361,1.04359,1500000,1250000
2020-12-10 13:40:52.668000,1.04361,1.0436,1000000,1250000
2020-12-10 13:40:53.248000,1.04362,1.0436,1000000,2200000
2020-12-10 13:40:53.604000,1.04362,1.04361,1000000,1250000
2020-12-10 13:40:53.706000,1.04363,1.04362,1000000,1690000
2020-12-10 13:40:53.858000,1.04363,1.04361,1000000,3260000
2020-12-10 13:40:54.010000,1.04363,1.04361,1000000,1760000
2020-12-10 13:40:54.111000,1.04362,1.0436,1500000,1760000
2020-12-10 13:40:54.213000,1.04362,1.0436,1500000,2570000
2020-12-10 13:40:54.314000,1.04362,1.0436,1500000,1010000
2020-12-10 13:40:54.415000,1.04364,1.0436,1000000,2570000
2020-12-10 13:40:54.517000,1.04363,1.04361,1000000,1100000
2020-12-10 13:40:54.622000,1.04362,1.0436,1500000,2510000
2020-12-10 13:40:54.724000,1.04364,1.0436,1500000,2950000
2020-12-10 13:40:54.876000,1.04363,1.04361,1000000,1010000
2020-12-10 13:40:55.078000,1.04362,1.0436,1000000,3320000
2020-12-10 13:40:55.382000,1.04363,1.04361,1500000,2200000
2020-12-10 13:40:55.635000,1.04363,1.0436,1500000,3760000
2020-12-10 13:40:55.737000,1.04362,1.0436,1000000,1760000
2020-12-10 13:40:56.394000,1.04362,1.04361,1000000,1100000
2020-12-10 13:40:56.496000,1.04363,1.04362,1500000,1310000
2020-12-10 13:40:57.154000,1.04364,1.04362,1500000,1760000
2020-12-10 13:40:57.306000,1.04364,1.04362,1000000,1760000
2020-12-10 13:40:57.407000,1.04364,1.04362,1500000,1760000
2020-12-10 13:40:57.845000,1.04363,1.04361,1000000,3760000
2020-12-10 13:40:57.947000,1.04364,1.04363,1500000,1000000
2020-12-10 13:40:58.099000,1.04366,1.04363,5250000,2570000
2020-12-10 13:40:58.251000,1.04365,1.04363,1500000,1820000
2020-12-10 13:40:58.403000,1.04366,1.04362,1000000,3010000
2020-12-10 13:40:58.504000,1.04366,1.04364,1000000,2200000
2020-12-10 13:40:59.782000,1.04367,1.04364,1870000,5800000
2020-12-10 13:41:01.453000,1.04367,1.04366,1000000,1000000
2020-12-10 13:41:01.656000,1.04367,1.04365,1500000,1390000
2020-12-10 13:41:01.961000,1.04367,1.04363,1000000,4570000
2020-12-10 13:41:02.063000,1.04366,1.04364,1500000,1100000
2020-12-10 13:41:02.265000,1.04367,1.04365,1500000,1000000
2020-12-10 13:41:02.367000,1.04366,1.04365,1000000,1000000
2020-12-10 13:41:02.468000,1.04366,1.04364,1500000,1570000
2020-12-10 13:41:02.923000,1.04366,1.04364,1000000,3320000
2020-12-10 13:41:06.762000,1.04368,1.04366,1250000,3570000
2020-12-10 13:41:06.965000,1.04368,1.04366,1000000,2570000
2020-12-10 13:41:07.067000,1.04367,1.04365,1500000,3090000
2020-12-10 13:41:07.219000,1.04367,1.04365,1000000,1310000
2020-12-10 13:41:07.320000,1.04366,1.04364,1000000,3070000
2020-12-10 13:41:07.574000,1.04365,1.04363,1000000,5700000
2020-12-10 13:41:07.829000,1.04365,1.04362,1500000,3260000
2020-12-10 13:41:07.930000,1.04364,1.04362,1500000,2140000
2020-12-10 13:41:08.032000,1.04364,1.04362,1500000,2200000
2020-12-10 13:41:08.437000,1.04363,1.04361,1500000,1250000
2020-12-10 13:41:08.538000,1.04363,1.04362,1000000,1250000
2020-12-10 13:41:08.993000,1.04364,1.04362,1000000,1250000
2020-12-10 13:41:09.145000,1.04363,1.04362,1000000,1250000
2020-12-10 13:41:10.365000,1.04365,1.04362,2250000,3470000
2020-12-10 13:41:10.467000,1.04365,1.04364,1000000,1250000
2020-12-10 13:41:11.244000,1.04364,1.04362,1000000,1570000
2020-12-10 13:41:11.648000,1.04363,1.04362,1000000,1200000
2020-12-10 13:41:13.067000,1.04364,1.04362,1000000,3010000
2020-12-10 13:41:13.169000,1.04365,1.04363,1000000,3010000
2020-12-10 13:41:13.422000,1.04366,1.04364,1500000,1880000
2020-12-10 13:41:14.349000,1.04366,1.04364,1000000,1630000
2020-12-10 13:41:14.450000,1.04365,1.04363,1000000,2020000
2020-12-10 13:41:14.552000,1.04365,1.04363,1000000,1200000
2020-12-10 13:41:15.329000,1.04364,1.04362,1000000,1630000
2020-12-10 13:41:15.683000,1.04366,1.04362,1500000,2140000
2020-12-10 13:41:16.188000,1.04364,1.04362,1000000,3690000
2020-12-10 13:41:16.290000,1.04364,1.04362,1000000,4070000
2020-12-10 13:41:16.543000,1.04365,1.04362,1500000,2760000
2020-12-10 13:41:16.645000,1.04363,1.04361,1000000,1260000
2020-12-10 13:41:16.746000,1.04363,1.04361,1000000,1000000
2020-12-10 13:41:17.050000,1.04362,1.04361,1000000,1820000
2020-12-10 13:41:17.152000,1.04363,1.0436,1760000,1390000
2020-12-10 13:41:17.253000,1.04362,1.0436,1000000,2570000
2020-12-10 13:41:17.608000,1.04362,1.0436,1000000,1250000
2020-12-10 13:41:17.711000,1.04361,1.0436,1000000,1250000
2020-12-10 13:41:18.042000,1.04361,1.04359,1000000,1510000
2020-12-10 13:41:18.144000,1.04361,1.04359,1500000,1370000
2020-12-10 13:41:18.594000,1.04361,1.04358,2440000,1910000
2020-12-10 13:41:18.695000,1.04361,1.04358,1500000,3660000
2020-12-10 13:41:18.797000,1.04361,1.04358,2440000,1910000
2020-12-10 13:41:18.948000,1.04359,1.04358,1000000,1120000
2020-12-10 13:41:19.050000,1.04359,1.04357,1000000,2680000
2020-12-10 13:41:19.151000,1.04359,1.04357,1000000,1630000
2020-12-10 13:41:19.253000,1.04359,1.04356,1000000,1070000
2020-12-10 13:41:19.608000,1.0436,1.04355,2250000,1840000
2020-12-10 13:41:19.711000,1.04357,1.04356,1000000,1310000
2020-12-10 13:41:19.812000,1.04357,1.04355,1000000,1320000
2020-12-10 13:41:19.914000,1.04356,1.04354,1000000,4650000
2020-12-10 13:41:20.015000,1.04357,1.04355,1000000,2570000
2020-12-10 13:41:20.319000,1.04356,1.04354,1000000,2140000
2020-12-10 13:41:20.472000,1.04356,1.04354,1500000,3010000
2020-12-10 13:41:20.724000,1.04357,1.04354,1500000,3380000
2020-12-10 13:41:20.826000,1.04356,1.04353,1500000,5400000
2020-12-10 13:41:21.243000,1.04356,1.04354,1500000,2560000
2020-12-10 13:41:22.255000,1.04357,1.04355,1500000,2870000
2020-12-10 13:41:22.357000,1.04358,1.04355,1500000,3820000
2020-12-10 13:41:23.395000,1.04357,1.04355,1000000,1310000
2020-12-10 13:41:23.497000,1.04356,1.04354,1500000,1320000
2020-12-10 13:41:23.599000,1.04356,1.04354,1500000,2930000
2020-12-10 13:41:23.752000,1.04358,1.04356,1870000,2440000
2020-12-10 13:41:24.156000,1.04359,1.04357,1500000,1310000
2020-12-10 13:41:24.258000,1.0436,1.04357,2320000,2810000
2020-12-10 13:41:24.308000,1.04358,1.04356,1000000,2700000
2020-12-10 13:41:24.412000,1.04359,1.04356,2060000,2820000
2020-12-10 13:41:24.513000,1.04359,1.04356,2060000,3450000
2020-12-10 13:41:25.381000,1.04359,1.04357,1000000,1000000
2020-12-10 13:41:25.483000,1.0436,1.04358,2250000,1000000
2020-12-10 13:41:25.585000,1.0436,1.04357,1870000,4010000
2020-12-10 13:41:26.463000,1.04358,1.04357,1000000,1120000
2020-12-10 13:41:27.504000,1.04358,1.04356,1000000,5140000
2020-12-10 13:41:27.708000,1.04357,1.04355,1000000,1000000
2020-12-10 13:41:27.810000,1.04353,1.04352,1500000,1310000
2020-12-10 13:41:27.912000,1.04354,1.04352,1500000,1120000
2020-12-10 13:41:28.216000,1.04352,1.04349,1000000,5340000
2020-12-10 13:41:29.600000,1.04353,1.0435,1500000,4650000
2020-12-10 13:41:29.701000,1.04355,1.04353,1000000,1000000
2020-12-10 13:41:29.803000,1.04354,1.04351,1000000,4570000
2020-12-10 13:41:30.057000,1.04353,1.04351,1000000,1260000
2020-12-10 13:41:30.362000,1.04353,1.0435,1500000,4010000
2020-12-10 13:41:30.616000,1.04352,1.0435,1000000,2060000
2020-12-10 13:41:30.717000,1.04353,1.04351,1500000,1000000
2020-12-10 13:41:31.819000,1.04355,1.04351,1500000,1000000
2020-12-10 13:41:32.454000,1.04354,1.04351,2440000,2700000
2020-12-10 13:41:32.607000,1.04354,1.04349,1000000,2570000
2020-12-10 13:41:32.708000,1.04354,1.04351,5890000,1000000
2020-12-10 13:41:33.130000,1.04352,1.0435,1000000,1760000
2020-12-10 13:41:33.232000,1.0435,1.04348,1500000,3900000
2020-12-10 13:41:33.335000,1.0435,1.04347,1000000,1000000
2020-12-10 13:41:33.437000,1.04349,1.04347,1500000,1200000
2020-12-10 13:41:33.539000,1.04347,1.04346,1000000,1200000
2020-12-10 13:41:33.642000,1.04346,1.04344,1000000,1320000
2020-12-10 13:41:33.744000,1.04344,1.04343,1500000,1000000
2020-12-10 13:41:34.150000,1.04343,1.04341,1000000,1390000
2020-12-10 13:41:34.404000,1.04343,1.04341,1000000,1270000
2020-12-10 13:41:34.981000,1.04344,1.04341,1500000,3150000
2020-12-10 13:41:36.653000,1.04345,1.04342,1500000,2960000
2020-12-10 13:41:36.754000,1.04344,1.04342,1000000,1820000
