time,ask,bid,ask_volume,bid_volume
2018-08-15 14:25:00.045000,1.1061,1.10609,1250000,1000000
2018-08-15 14:25:00.593000,1.10609,1.10608,1000000,1000000
2018-08-15 14:25:00.886000,1.10605,1.10603,1120000,2620000
2018-08-15 14:25:01.196000,1.10603,1.10602,1310000,1120000
2018-08-15 14:25:01.732000,1.10604,1.10602,1250000,1370000
2018-08-15 14:25:02.560000,1.10604,1.10602,1000000,1870000
2018-08-15 14:25:02.881000,1.10602,1.106,2060000,1000000
2018-08-15 14:25:03.312000,1.10603,1.10601,1000000,1120000
2018-08-15 14:25:03.859000,1.10604,1.10602,2060000,1120000
2018-08-15 14:25:04.482000,1.10602,1.10601,1000000,1120000
2018-08-15 14:25:04.764000,1.10605,1.10603,1370000,1000000
2018-08-15 14:25:05.088000,1.10603,1.10601,1250000,1950000
2018-08-15 14:25:05.247000,1.10604,1.10603,1000000,1000000
2018-08-15 14:25:05.757000,1.10604,1.10602,1500000,1120000
2018-08-15 14:25:06.276000,1.10603,1.10602,1000000,1000000
2018-08-15 14:25:07.125000,1.10604,1.10602,2060000,1500000
2018-08-15 14:25:07.388000,1.1061,1.10607,2510000,1250000
2018-08-15 14:25:07.584000,1.10607,1.10605,1620000,1650000
2018-08-15 14:25:08.098000,1.10609,1.10607,1560000,1000000
2018-08-15 14:25:08.203000,1.1061,1.10607,2060000,2700000
2018-08-15 14:25:08.721000,1.1061,1.10608,2060000,1120000
2018-08-15 14:25:09.125000,1.10608,1.10606,1690000,1370000
2018-08-15 14:25:09.485000,1.10606,1.10604,1690000,2770000
2018-08-15 14:25:09.661000,1.10605,1.10603,2060000,1000000
2018-08-15 14:25:10.373000,1.10606,1.10604,6940000,1000000
2018-08-15 14:25:10.915000,1.10606,1.10604,5060000,1000000
2018-08-15 14:25:12.265000,1.10606,1.10604,5810000,1000000
2018-08-15 14:25:12.802000,1.10606,1.10604,6190000,1000000
2018-08-15 14:25:13.590000,1.10605,1.10604,1250000,1000000
2018-08-15 14:25:13.747000,1.10603,1.10601,2060000,1000000
2018-08-15 14:25:14.279000,1.10604,1.10602,1310000,1000000
2018-08-15 14:25:14.542000,1.106,1.10599,1310000,1870000
2018-08-15 14:25:14.962000,1.10603,1.10601,1870000,1250000
2018-08-15 14:25:15.017000,1.10605,1.10603,2810000,2120000
2018-08-15 14:25:16.006000,1.10606,1.10603,6190000,1000000
2018-08-15 14:25:16.354000,1.10606,1.10604,4690000,1000000
2018-08-15 14:25:19.829000,1.10605,1.10603,1620000,1000000
2018-08-15 14:25:19.936000,1.106,1.10599,1000000,1870000
2018-08-15 14:25:20.095000,1.106,1.10598,1690000,1500000
2018-08-15 14:25:20.638000,1.106,1.10597,6020000,1690000
2018-08-15 14:25:22.898000,1.10594,1.10592,2060000,1500000
2018-08-15 14:25:23.532000,1.10593,1.10591,2810000,1000000
2018-08-15 14:25:25.025000,1.10593,1.1059,2810000,1500000
2018-08-15 14:25:25.548000,1.10593,1.1059,3560000,1500000
2018-08-15 14:25:26.172000,1.10592,1.10589,3370000,1310000
2018-08-15 14:25:26.515000,1.10588,1.10586,1120000,1500000
2018-08-15 14:25:27.093000,1.10588,1.10586,3370000,1000000
2018-08-15 14:25:27.299000,1.10591,1.10588,3640000,1000000
2018-08-15 14:25:27.827000,1.10592,1.10589,3940000,1120000
2018-08-15 14:25:28.274000,1.10588,1.10586,2060000,3820000
2018-08-15 14:25:28.326000,1.10588,1.10585,4690000,1000000
2018-08-15 14:25:28.845000,1.10588,1.10585,10390000,1000000
2018-08-15 14:25:29.316000,1.10588,1.10586,4310000,1000000
2018-08-15 14:25:29.839000,1.10588,1.10586,5060000,1000000
2018-08-15 14:25:30.345000,1.10591,1.10589,4310000,1000000
2018-08-15 14:25:30.901000,1.10592,1.10588,5250000,5440000
2018-08-15 14:25:30.955000,1.10592,1.1059,2620000,1000000
2018-08-15 14:25:32.209000,1.10592,1.1059,2440000,1000000
2018-08-15 14:25:33.320000,1.10592,1.1059,2440000,1000000
2018-08-15 14:25:34.078000,1.10592,1.1059,2440000,1000000
2018-08-15 14:25:34.463000,1.10588,1.10587,1500000,1000000
2018-08-15 14:25:35.461000,1.10589,1.10586,6260000,1000000
2018-08-15 14:25:35.911000,1.10587,1.10585,1120000,1690000
2018-08-15 14:25:37.741000,1.10588,1.10586,4500000,1190000
2018-08-15 14:25:37.958000,1.1059,1.10588,1000000,1310000
2018-08-15 14:25:38.482000,1.10591,1.1059,1000000,1000000
2018-08-15 14:25:39.855000,1.10592,1.10589,3370000,2060000
2018-08-15 14:25:40.360000,1.10591,1.1059,1000000,1000000
2018-08-15 14:25:41.209000,1.1059,1.10589,1250000,1000000
2018-08-15 14:25:41.738000,1.10593,1.1059,5440000,1500000
2018-08-15 14:25:42.242000,1.10592,1.10589,3190000,1500000
2018-08-15 14:25:42.779000,1.10589,1.10587,2810000,3070000
2018-08-15 14:25:42.892000,1.10584,1.10583,1690000,1000000
2018-08-15 14:25:43,1.10582,1.1058,1190000,1200000
2018-08-15 14:25:43.851000,1.10582,1.10579,5060000,1690000
2018-08-15 14:25:45.135000,1.10582,1.10579,5620000,1250000
2018-08-15 14:25:46.148000,1.10581,1.10579,1500000,1250000
2018-08-15 14:25:47.453000,1.10581,1.1058,1000000,1000000
2018-08-15 14:25:47.874000,1.10583,1.10581,3370000,3560000
2018-08-15 14:25:48.075000,1.10585,1.10583,1500000,1250000
2018-08-15 14:25:48.282000,1.10584,1.10581,2060000,4500000
2018-08-15 14:25:48.436000,1.10583,1.10581,1570000,1500000
2018-08-15 14:25:49.136000,1.10583,1.1058,2510000,2250000
2018-08-15 14:25:49.644000,1.10582,1.1058,4120000,1000000
2018-08-15 14:25:50.317000,1.10582,1.10579,4310000,1500000
2018-08-15 14:25:50.748000,1.10582,1.10581,1500000,1000000
2018-08-15 14:25:51.253000,1.10583,1.10581,3820000,1000000
2018-08-15 14:25:51.808000,1.10584,1.10582,4200000,1000000
2018-08-15 14:25:51.865000,1.10585,1.10582,1310000,2060000
2018-08-15 14:25:52.071000,1.10583,1.10582,1000000,2060000
2018-08-15 14:25:52.601000,1.10584,1.10582,1870000,1310000
2018-08-15 14:25:52.910000,1.10586,1.10583,5250000,1620000
2018-08-15 14:25:53.275000,1.10584,1.10582,1000000,2060000
2018-08-15 14:25:53.482000,1.10585,1.10583,1120000,1620000
2018-08-15 14:25:53.588000,1.10587,1.10585,1120000,1000000
2018-08-15 14:25:54.144000,1.10588,1.10586,4870000,1690000
2018-08-15 14:25:54.197000,1.10589,1.10587,1120000,2440000
2018-08-15 14:25:54.469000,1.10588,1.10586,1870000,2440000
2018-08-15 14:25:54.939000,1.1059,1.10587,4570000,1500000
2018-08-15 14:25:55.465000,1.1059,1.10588,1120000,1310000
2018-08-15 14:25:55.572000,1.10588,1.10586,1000000,5810000
2018-08-15 14:25:56.086000,1.10587,1.10585,1120000,1310000
2018-08-15 14:25:56.665000,1.10587,1.10585,1370000,1120000
2018-08-15 14:25:57.966000,1.10587,1.10584,1720000,3190000
2018-08-15 14:25:58.080000,1.10583,1.10582,1500000,1250000
2018-08-15 14:25:58.226000,1.10584,1.10581,1950000,2810000
2018-08-15 14:25:58.774000,1.10585,1.10582,2320000,1310000
2018-08-15 14:25:59.049000,1.10583,1.1058,3820000,4690000
2018-08-15 14:25:59.576000,1.10584,1.10581,3370000,2060000
2018-08-15 14:26:00.097000,1.10584,1.10582,1500000,2060000
2018-08-15 14:26:00.149000,1.10583,1.10581,1120000,1250000
2018-08-15 14:26:00.633000,1.10581,1.10579,1120000,5060000
2018-08-15 14:26:01.175000,1.10581,1.10578,1120000,3560000
2018-08-15 14:26:01.554000,1.10576,1.10573,1500000,3940000
2018-08-15 14:26:01.871000,1.10579,1.10577,1950000,1250000
2018-08-15 14:26:01.924000,1.1058,1.10577,4500000,2810000
2018-08-15 14:26:02.582000,1.10581,1.10578,2250000,1500000
2018-08-15 14:26:04.089000,1.10581,1.10578,2250000,2440000
2018-08-15 14:26:05.441000,1.10581,1.10578,2250000,1690000
2018-08-15 14:26:05.989000,1.10579,1.10577,1000000,4010000
2018-08-15 14:26:06.262000,1.10576,1.10573,3560000,1010000
2018-08-15 14:26:06.368000,1.10574,1.10572,1000000,1250000
2018-08-15 14:26:07.071000,1.10575,1.10572,1370000,1190000
2018-08-15 14:26:07.579000,1.10575,1.10573,1500000,2060000
2018-08-15 14:26:07.631000,1.10576,1.10574,6450000,4310000
2018-08-15 14:26:08.033000,1.10575,1.10574,1000000,2250000
2018-08-15 14:26:08.544000,1.10574,1.10572,1000000,3560000
2018-08-15 14:26:12.116000,1.10575,1.10573,1000000,2060000
2018-08-15 14:26:13.355000,1.10574,1.10572,1000000,3190000
2018-08-15 14:26:13.878000,1.10574,1.10571,1310000,4390000
2018-08-15 14:26:14.303000,1.10577,1.10576,3370000,2060000
2018-08-15 14:26:14.356000,1.1058,1.10578,1500000,2290000
2018-08-15 14:26:15.583000,1.10578,1.10576,1000000,2810000
2018-08-15 14:26:16.346000,1.10578,1.10576,1120000,2440000
2018-08-15 14:26:16.659000,1.1058,1.10578,1000000,2060000
2018-08-15 14:26:17.079000,1.10582,1.1058,3370000,1190000
2018-08-15 14:26:17.246000,1.10581,1.10579,1120000,1250000
2018-08-15 14:26:18.900000,1.10584,1.10583,1000000,1310000
2018-08-15 14:26:19.419000,1.10584,1.10582,1000000,2810000
2018-08-15 14:26:20.076000,1.10585,1.10583,2250000,1250000
2018-08-15 14:26:20.591000,1.10584,1.10582,1000000,2810000
2018-08-15 14:26:21.109000,1.10586,1.10583,3750000,3560000
2018-08-15 14:26:21.637000,1.10586,1.10583,3000000,2810000
2018-08-15 14:26:22.159000,1.10586,1.10584,1120000,2440000
2018-08-15 14:26:22.712000,1.10586,1.10584,1370000,1250000
2018-08-15 14:26:23.551000,1.10586,1.10584,1870000,1310000
2018-08-15 14:26:24.581000,1.10586,1.10583,1870000,5060000
2018-08-15 14:26:25.085000,1.10585,1.10583,1500000,2060000
2018-08-15 14:26:26.370000,1.10585,1.10583,1000000,2060000
2018-08-15 14:26:26.920000,1.10586,1.10583,1870000,2060000
2018-08-15 14:26:27.702000,1.10584,1.10582,1000000,5440000
2018-08-15 14:26:28.744000,1.10585,1.10583,1500000,1310000
2018-08-15 14:26:29.268000,1.10585,1.10583,1370000,1310000
2018-08-15 14:26:29.526000,1.10582,1.1058,1870000,4840000
2018-08-15 14:26:30.089000,1.10582,1.10579,4500000,2140000
2018-08-15 14:26:33.706000,1.10582,1.10579,4120000,2890000
2018-08-15 14:26:34.570000,1.10583,1.10581,2990000,1250000
2018-08-15 14:26:34.630000,1.10584,1.10583,1950000,1310000
2018-08-15 14:26:35.141000,1.10585,1.10584,1870000,2060000
2018-08-15 14:26:35.902000,1.10585,1.10584,1000000,2440000
2018-08-15 14:26:36.837000,1.1059,1.10589,3000000,1310000
2018-08-15 14:26:38.483000,1.1059,1.10588,1870000,3190000
2018-08-15 14:26:39.323000,1.10591,1.10589,1870000,1310000
2018-08-15 14:26:40.179000,1.1059,1.10588,1000000,6190000
2018-08-15 14:26:40.684000,1.10588,1.10587,1120000,2440000
2018-08-15 14:26:40.793000,1.10586,1.10585,1000000,1760000
2018-08-15 14:26:42.819000,1.10585,1.10583,1000000,6640000
2018-08-15 14:26:43.173000,1.10582,1.10581,1000000,1760000
2018-08-15 14:26:43.327000,1.10583,1.1058,4310000,1390000
2018-08-15 14:26:43.379000,1.10581,1.10579,1000000,2060000
2018-08-15 14:26:44.669000,1.10582,1.10579,4500000,2810000
2018-08-15 14:26:44.935000,1.10584,1.10582,1000000,4690000
2018-08-15 14:26:45.440000,1.10585,1.10583,1000000,2810000
2018-08-15 14:26:46.446000,1.10584,1.10583,1000000,1000000
2018-08-15 14:26:46.975000,1.10582,1.10581,1000000,2320000
2018-08-15 14:26:47.079000,1.10582,1.1058,3000000,2440000
2018-08-15 14:26:47.217000,1.10581,1.10579,1000000,2890000
2018-08-15 14:26:47.731000,1.10581,1.10579,1000000,2810000
2018-08-15 14:26:48.163000,1.10583,1.10581,3000000,1190000
2018-08-15 14:26:48.533000,1.10584,1.10583,1000000,1250000
2018-08-15 14:26:49.248000,1.10585,1.10584,1120000,1250000
2018-08-15 14:26:50.525000,1.10585,1.10584,1120000,1250000
2018-08-15 14:26:51.741000,1.1057,1.10569,1000000,1000000
2018-08-15 14:26:51.990000,1.10566,1.10563,1500000,4310000
2018-08-15 14:26:52.513000,1.10565,1.10564,1000000,1310000
2018-08-15 14:26:52.866000,1.10568,1.10566,1870000,1190000
2018-08-15 14:26:53.250000,1.10569,1.10566,2620000,1690000
2018-08-15 14:26:53.767000,1.10568,1.10566,1000000,1690000
2018-08-15 14:26:54.279000,1.10567,1.10565,1000000,3940000
2018-08-15 14:26:54.383000,1.10564,1.10562,6190000,1070000
2018-08-15 14:26:54.520000,1.10562,1.1056,1000000,1390000
2018-08-15 14:26:54.573000,1.10563,1.10562,1500000,1500000
2018-08-15 14:26:54.885000,1.10562,1.1056,1120000,1250000
2018-08-15 14:26:55.387000,1.10563,1.1056,2810000,2810000
2018-08-15 14:26:56.555000,1.10562,1.1056,1000000,2810000
2018-08-15 14:26:57.456000,1.10565,1.10563,5620000,13540000
2018-08-15 14:26:57.561000,1.10568,1.10565,4310000,1690000
2018-08-15 14:26:57.700000,1.10568,1.10566,1000000,1690000
2018-08-15 14:26:58.247000,1.10569,1.10567,3000000,1250000
2018-08-15 14:26:59.462000,1.1057,1.10567,3560000,1250000
2018-08-15 14:26:59.822000,1.10571,1.10569,3940000,1000000
2018-08-15 14:27:00.371000,1.10571,1.10569,3560000,1000000
2018-08-15 14:27:00.892000,1.1057,1.10568,3940000,1000000
2018-08-15 14:27:01.098000,1.10571,1.10569,3750000,1250000
2018-08-15 14:27:01.644000,1.10571,1.1057,1000000,1000000
2018-08-15 14:27:02.556000,1.10571,1.10568,6940000,1000000
2018-08-15 14:27:03.763000,1.10571,1.10569,2440000,1000000
2018-08-15 14:27:04.283000,1.10571,1.1057,1120000,1000000
2018-08-15 14:27:04.985000,1.1057,1.10568,4690000,1100000
2018-08-15 14:27:05.614000,1.1057,1.10567,6260000,2060000
2018-08-15 14:27:05.773000,1.10571,1.10569,2700000,1000000
2018-08-15 14:27:06.045000,1.10571,1.10568,4310000,1000000
2018-08-15 14:27:07.893000,1.10571,1.1057,3370000,1250000
2018-08-15 14:27:08.305000,1.10573,1.10571,6820000,1310000
2018-08-15 14:27:08.846000,1.10572,1.1057,1500000,1000000
2018-08-15 14:27:09.360000,1.10572,1.1057,1870000,1000000
2018-08-15 14:27:09.604000,1.10573,1.10572,2250000,1250000
2018-08-15 14:27:10.111000,1.10574,1.10572,4870000,1310000
2018-08-15 14:27:10.513000,1.10562,1.10559,1000000,10390000
2018-08-15 14:27:10.622000,1.10559,1.10557,1500000,1000000
2018-08-15 14:27:10.676000,1.10555,1.10553,1250000,1000000
2018-08-15 14:27:11.211000,1.10556,1.10554,3940000,1000000
2018-08-15 14:27:11.813000,1.10556,1.10554,4310000,1000000
2018-08-15 14:27:12.318000,1.10556,1.10554,4310000,1000000
2018-08-15 14:27:12.836000,1.10556,1.10553,4310000,1250000
2018-08-15 14:27:13.373000,1.10556,1.10553,4310000,1000000
2018-08-15 14:27:13.710000,1.10556,1.10554,3560000,1000000
2018-08-15 14:27:14.260000,1.10556,1.10554,1690000,1000000
2018-08-15 14:27:14.804000,1.10556,1.10554,1690000,1000000
2018-08-15 14:27:15.266000,1.10558,1.10557,1870000,1120000
2018-08-15 14:27:15.326000,1.10561,1.1056,1000000,1250000
2018-08-15 14:27:15.432000,1.10563,1.1056,4500000,1310000
2018-08-15 14:27:15.997000,1.10563,1.1056,4120000,1250000
2018-08-15 14:27:16.819000,1.10563,1.10561,2620000,1000000
2018-08-15 14:27:16.927000,1.10565,1.10563,1000000,2060000
2018-08-15 14:27:17.135000,1.10566,1.10564,1310000,1000000
2018-08-15 14:27:17.659000,1.10566,1.10563,3190000,1200000
2018-08-15 14:27:17.807000,1.10566,1.10565,1690000,1000000
2018-08-15 14:27:18.344000,1.10569,1.10567,4870000,1000000
2018-08-15 14:27:18.653000,1.10568,1.10565,13160000,2700000
2018-08-15 14:27:18.705000,1.10558,1.10555,4720000,4240000
2018-08-15 14:27:18.758000,1.10554,1.10552,1000000,6750000
2018-08-15 14:27:18.893000,1.10551,1.10549,1000000,1310000
2018-08-15 14:27:18.944000,1.1055,1.10548,1000000,1200000
2018-08-15 14:27:19.048000,1.10549,1.10546,1120000,5590000
2018-08-15 14:27:19.509000,1.10545,1.10544,1000000,1000000
2018-08-15 14:27:20.265000,1.10546,1.10545,1000000,2060000
2018-08-15 14:27:20.371000,1.10548,1.10546,1000000,1690000
2018-08-15 14:27:20.922000,1.10548,1.10546,1000000,2060000
2018-08-15 14:27:21.026000,1.1055,1.10548,2500000,2440000
2018-08-15 14:27:21.337000,1.10546,1.10544,1250000,3820000
2018-08-15 14:27:21.602000,1.10547,1.10545,2250000,2080000
2018-08-15 14:27:22.077000,1.10544,1.10543,1000000,1310000
2018-08-15 14:27:22.598000,1.10544,1.10542,1120000,1250000
2018-08-15 14:27:22.909000,1.10547,1.10545,1000000,1310000
2018-08-15 14:27:23.579000,1.10548,1.10546,1000000,1250000
2018-08-15 14:27:23.974000,1.10539,1.10538,3000000,1760000
2018-08-15 14:27:24.183000,1.1054,1.10538,2620000,1190000
2018-08-15 14:27:24.689000,1.10541,1.10538,3190000,1000000
2018-08-15 14:27:25.441000,1.10539,1.10536,1000000,4010000
2018-08-15 14:27:25.603000,1.1054,1.10538,3000000,1000000
2018-08-15 14:27:25.709000,1.10541,1.10539,1000000,1250000
2018-08-15 14:27:25.989000,1.10542,1.1054,1310000,1000000
2018-08-15 14:27:26.043000,1.1054,1.10539,1690000,1500000
2018-08-15 14:27:26.096000,1.10539,1.10537,1870000,1690000
2018-08-15 14:27:26.363000,1.10542,1.10539,6190000,1310000
2018-08-15 14:27:26.598000,1.10543,1.10541,1500000,1250000
2018-08-15 14:27:26.867000,1.10545,1.10544,1000000,1690000
2018-08-15 14:27:26.918000,1.10547,1.10544,1870000,1690000
2018-08-15 14:27:27.047000,1.10548,1.10546,6370000,4910000
2018-08-15 14:27:27.100000,1.1055,1.10548,2060000,1120000
2018-08-15 14:27:27.687000,1.1055,1.10548,1000000,3340000
2018-08-15 14:27:27.741000,1.10554,1.10552,1950000,1000000
2018-08-15 14:27:28.280000,1.10554,1.10552,1120000,1250000
2018-08-15 14:27:28.810000,1.10556,1.10554,2250000,1000000
2018-08-15 14:27:28.917000,1.10554,1.10551,3940000,1120000
2018-08-15 14:27:29.451000,1.10554,1.10552,1500000,1000000
2018-08-15 14:27:29.706000,1.10553,1.1055,1870000,3260000
2018-08-15 14:27:29.758000,1.10551,1.1055,1500000,1500000
2018-08-15 14:27:29.809000,1.10551,1.10548,2620000,4010000
2018-08-15 14:27:30.067000,1.10552,1.1055,3000000,1190000
2018-08-15 14:27:30.221000,1.10554,1.10552,2060000,1000000
2018-08-15 14:27:30.759000,1.10552,1.10551,2440000,1120000
2018-08-15 14:27:30.923000,1.10554,1.10552,2440000,1000000
2018-08-15 14:27:31.606000,1.10555,1.10553,2440000,1000000
2018-08-15 14:27:31.928000,1.10556,1.10554,2620000,1310000
2018-08-15 14:27:32.979000,1.10556,1.10554,1120000,2810000
2018-08-15 14:27:33.420000,1.10558,1.10556,3000000,1000000
2018-08-15 14:27:33.474000,1.10557,1.10555,2440000,1120000
2018-08-15 14:27:33.527000,1.10552,1.1055,1000000,1250000
2018-08-15 14:27:33.716000,1.10555,1.10554,1000000,1120000
2018-08-15 14:27:34.236000,1.10556,1.10553,3000000,2060000
2018-08-15 14:27:34.648000,1.10556,1.10554,2250000,1250000
2018-08-15 14:27:35.374000,1.10556,1.10554,3000000,1690000
2018-08-15 14:27:35.624000,1.10557,1.10556,3000000,1250000
2018-08-15 14:27:36.178000,1.10557,1.10555,1870000,3560000
2018-08-15 14:27:36.779000,1.10559,1.10558,1120000,1250000
2018-08-15 14:27:36.908000,1.1056,1.10558,1000000,1500000
2018-08-15 14:27:37.268000,1.10562,1.10559,3000000,1310000
2018-08-15 14:27:37.560000,1.10561,1.10559,1870000,1000000
2018-08-15 14:27:38.121000,1.10562,1.10559,3370000,3940000
2018-08-15 14:27:38.176000,1.10564,1.10562,6000000,1870000
2018-08-15 14:27:38.228000,1.10564,1.10562,4870000,2250000
2018-08-15 14:27:38.694000,1.10562,1.10559,1000000,8240000
2018-08-15 14:27:39.133000,1.10564,1.10563,2250000,2060000
2018-08-15 14:27:39.393000,1.10567,1.10565,1500000,1250000
2018-08-15 14:27:39.815000,1.10566,1.10564,2620000,1000000
2018-08-15 14:27:40.285000,1.10564,1.10562,1000000,3560000
2018-08-15 14:27:40.615000,1.10566,1.10564,2440000,1000000
2018-08-15 14:27:40.820000,1.10567,1.10565,1000000,1250000
2018-08-15 14:27:41.370000,1.10568,1.10565,1870000,2060000
2018-08-15 14:27:41.634000,1.10573,1.10571,12820000,1350000
2018-08-15 14:27:41.688000,1.10575,1.10573,2250000,1190000
2018-08-15 14:27:42.230000,1.10575,1.10573,1870000,1000000
2018-08-15 14:27:42.761000,1.10575,1.10573,1000000,1120000
2018-08-15 14:27:43.329000,1.10574,1.10572,3560000,1000000
2018-08-15 14:27:44.034000,1.10575,1.10573,1870000,1120000
2018-08-15 14:27:44.824000,1.10575,1.10573,1500000,1000000
2018-08-15 14:27:45.350000,1.10574,1.10572,2250000,1000000
2018-08-15 14:27:45.559000,1.10573,1.10571,1870000,1690000
2018-08-15 14:27:45.863000,1.1057,1.10569,1870000,1250000
2018-08-15 14:27:46.177000,1.1057,1.10567,3190000,5510000
2018-08-15 14:27:46.450000,1.10569,1.10566,1370000,6340000
2018-08-15 14:27:46.975000,1.10569,1.10567,1120000,1250000
2018-08-15 14:27:48.057000,1.10569,1.10567,1370000,1250000
2018-08-15 14:27:48.591000,1.10569,1.10567,1120000,1250000
2018-08-15 14:27:49.809000,1.10569,1.10567,1370000,1000000
2018-08-15 14:27:50.331000,1.1057,1.10568,1310000,1120000
2018-08-15 14:27:50.467000,1.10569,1.10567,1870000,1100000
2018-08-15 14:27:51.278000,1.10569,1.10566,1370000,4390000
2018-08-15 14:27:51.880000,1.10569,1.10566,1120000,2250000
2018-08-15 14:27:52.195000,1.10566,1.10563,1000000,3640000
2018-08-15 14:27:52.501000,1.10567,1.10565,1120000,2510000
2018-08-15 14:27:52.758000,1.10569,1.10567,1000000,2060000
2018-08-15 14:27:55.289000,1.10569,1.10567,1870000,1690000
2018-08-15 14:27:55.933000,1.10569,1.10567,1120000,1690000
2018-08-15 14:27:55.987000,1.1057,1.10568,1120000,1690000
2018-08-15 14:27:56.533000,1.1057,1.10567,5060000,2510000
2018-08-15 14:27:57.172000,1.1057,1.10568,2810000,1000000
2018-08-15 14:27:57.585000,1.1057,1.10567,5060000,2510000
2018-08-15 14:27:58.184000,1.1057,1.10566,5250000,5890000
2018-08-15 14:27:58.725000,1.10569,1.10567,1370000,1500000
2018-08-15 14:27:59.516000,1.10565,1.10564,1250000,3000000
2018-08-15 14:27:59.628000,1.10568,1.10566,1500000,1000000
2018-08-15 14:28:00.143000,1.10568,1.10565,2250000,2140000
2018-08-15 14:28:01.749000,1.10568,1.10565,1870000,2320000
2018-08-15 14:28:02.383000,1.10567,1.10565,1500000,1570000
2018-08-15 14:28:02.435000,1.10564,1.10562,1250000,4870000
2018-08-15 14:28:02.539000,1.10563,1.10561,1000000,2510000
2018-08-15 14:28:03.054000,1.10564,1.10561,5620000,2140000
2018-08-15 14:28:04.564000,1.10564,1.10561,8620000,1120000
2018-08-15 14:28:05.108000,1.10563,1.10561,2250000,1120000
2018-08-15 14:28:05.684000,1.10563,1.10561,2620000,1000000
2018-08-15 14:28:07.061000,1.10564,1.10561,7690000,1000000
2018-08-15 14:28:07.477000,1.10562,1.1056,3560000,1570000
2018-08-15 14:28:07.788000,1.10559,1.10558,3370000,1000000
2018-08-15 14:28:07.891000,1.1056,1.10557,4500000,2890000
2018-08-15 14:28:08.402000,1.1056,1.10558,4350000,1000000
2018-08-15 14:28:08.665000,1.10557,1.10556,1000000,2320000
2018-08-15 14:28:08.872000,1.10557,1.10554,1870000,4010000
2018-08-15 14:28:09.095000,1.10556,1.10554,1000000,2890000
2018-08-15 14:28:09.302000,1.10557,1.10554,2810000,2320000
2018-08-15 14:28:09.833000,1.10556,1.10554,1000000,1570000
2018-08-15 14:28:10.882000,1.10555,1.10553,1000000,3000000
2018-08-15 14:28:11.453000,1.10556,1.10553,2060000,2320000
2018-08-15 14:28:11.843000,1.10556,1.10555,1120000,1000000
2018-08-15 14:28:12.002000,1.10555,1.10553,2060000,1000000
2018-08-15 14:28:12.526000,1.10555,1.10553,2440000,1000000
2018-08-15 14:28:13.056000,1.10555,1.10553,2440000,1000000
2018-08-15 14:28:13.578000,1.10554,1.10551,1870000,3560000
2018-08-15 14:28:14.361000,1.10555,1.10553,2250000,1250000
2018-08-15 14:28:15,1.10555,1.10553,1000000,1620000
2018-08-15 14:28:15.365000,1.10562,1.1056,1200000,1190000
2018-08-15 14:28:16.620000,1.10563,1.10561,1870000,2440000
2018-08-15 14:28:17.281000,1.10562,1.10561,1000000,1690000
2018-08-15 14:28:17.795000,1.10563,1.10561,1870000,2440000
2018-08-15 14:28:18.330000,1.10562,1.10561,1000000,1690000
2018-08-15 14:28:18.843000,1.10563,1.10561,1250000,1120000
2018-08-15 14:28:19.185000,1.10561,1.10559,1000000,1120000
2018-08-15 14:28:20.384000,1.1056,1.10558,1000000,3000000
2018-08-15 14:28:20.897000,1.1056,1.10558,1620000,1120000
2018-08-15 14:28:21.204000,1.10565,1.10563,1000000,1000000
2018-08-15 14:28:21.931000,1.10563,1.10562,1000000,1100000
2018-08-15 14:28:22.449000,1.10563,1.10561,1120000,1870000
2018-08-15 14:28:24.070000,1.10563,1.1056,2250000,1760000
2018-08-15 14:28:25.388000,1.10561,1.10559,1000000,3260000
2018-08-15 14:28:25.544000,1.10561,1.10558,4310000,2060000
2018-08-15 14:28:26.142000,1.10561,1.1056,1870000,1250000
2018-08-15 14:28:26.356000,1.10564,1.10562,1870000,1690000
2018-08-15 14:28:26.869000,1.10565,1.10564,1100000,1000000
2018-08-15 14:28:27.371000,1.10565,1.10563,1120000,1000000
2018-08-15 14:28:27.925000,1.10566,1.10563,2810000,1120000
2018-08-15 14:28:28.237000,1.10567,1.10565,1000000,1950000
2018-08-15 14:28:28.777000,1.10568,1.10565,1500000,2810000
2018-08-15 14:28:29.290000,1.10568,1.10565,1120000,2890000
2018-08-15 14:28:29.859000,1.10569,1.10566,1500000,2810000
2018-08-15 14:28:30.487000,1.10569,1.10566,1000000,3260000
2018-08-15 14:28:31.349000,1.10571,1.1057,2620000,1000000
2018-08-15 14:28:31.455000,1.10572,1.1057,2620000,1000000
2018-08-15 14:28:31.956000,1.10572,1.10571,1120000,1000000
2018-08-15 14:28:32.724000,1.10571,1.10569,1120000,6250000
2018-08-15 14:28:33.241000,1.10572,1.1057,2250000,1000000
2018-08-15 14:28:34.540000,1.1057,1.10568,1870000,1100000
2018-08-15 14:28:35.010000,1.10569,1.10567,1370000,1120000
2018-08-15 14:28:35.516000,1.10569,1.10567,1500000,1370000
2018-08-15 14:28:36.050000,1.1057,1.10567,3940000,1870000
2018-08-15 14:28:36.576000,1.10569,1.10567,1000000,1870000
2018-08-15 14:28:36.879000,1.10568,1.10565,6560000,1500000
2018-08-15 14:28:36.985000,1.10568,1.10565,2810000,1870000
2018-08-15 14:28:37.529000,1.10567,1.10564,1250000,3750000
2018-08-15 14:28:37.893000,1.10568,1.10566,1000000,3190000
2018-08-15 14:28:38.630000,1.10568,1.10566,1690000,1000000
2018-08-15 14:28:39.120000,1.10569,1.10566,1870000,2810000
2018-08-15 14:28:40.910000,1.1057,1.10568,6670000,1250000
2018-08-15 14:28:41.325000,1.1057,1.10567,3940000,3190000
2018-08-15 14:28:41.851000,1.1057,1.10567,4690000,2060000
2018-08-15 14:28:42.365000,1.1057,1.10567,2810000,2060000
2018-08-15 14:28:42.899000,1.1057,1.10568,2060000,1000000
2018-08-15 14:28:43.213000,1.10574,1.10572,1000000,1310000
2018-08-15 14:28:43.617000,1.10571,1.10569,2250000,1500000
2018-08-15 14:28:44.078000,1.10571,1.10569,1370000,1000000
2018-08-15 14:28:44.600000,1.10571,1.10569,1370000,1500000
2018-08-15 14:28:45.288000,1.10571,1.10569,1120000,1000000
2018-08-15 14:28:45.795000,1.10571,1.10568,1370000,3560000
2018-08-15 14:28:46.345000,1.10572,1.10569,2250000,1000000
2018-08-15 14:28:46.658000,1.1057,1.10567,4120000,2060000
2018-08-15 14:28:48.258000,1.10569,1.10567,1370000,1120000
2018-08-15 14:28:48.866000,1.10569,1.10566,1370000,2060000
2018-08-15 14:28:49.374000,1.10569,1.10567,1000000,1120000
2018-08-15 14:28:49.907000,1.1057,1.10567,4870000,1500000
2018-08-15 14:28:50.240000,1.10572,1.10569,1870000,2810000
2018-08-15 14:28:50.656000,1.10573,1.10572,1120000,1250000
2018-08-15 14:28:50.892000,1.10572,1.1057,2250000,1000000
2018-08-15 14:28:51.404000,1.10571,1.10568,1570000,4310000
2018-08-15 14:28:51.913000,1.10572,1.10569,1870000,2440000
2018-08-15 14:28:52.404000,1.10569,1.10568,1000000,1870000
2018-08-15 14:28:52.506000,1.10569,1.10567,1000000,1120000
2018-08-15 14:28:52.661000,1.10569,1.10566,1690000,4120000
2018-08-15 14:28:53.004000,1.10566,1.10564,2620000,1120000
2018-08-15 14:28:53.158000,1.10568,1.10566,1000000,1310000
2018-08-15 14:28:53.682000,1.10567,1.10565,1120000,2810000
2018-08-15 14:28:54.203000,1.10568,1.10566,1500000,1000000
2018-08-15 14:28:54.889000,1.10569,1.10566,4120000,2810000
2018-08-15 14:28:55.646000,1.10568,1.10566,1370000,1500000
2018-08-15 14:28:56.173000,1.10568,1.10566,1120000,1500000
2018-08-15 14:28:56.694000,1.10569,1.10566,3560000,1500000
2018-08-15 14:28:56.976000,1.10569,1.10567,1000000,1250000
2018-08-15 14:28:57.093000,1.10569,1.10566,1870000,2060000
2018-08-15 14:28:57.199000,1.1057,1.10567,6560000,1000000
2018-08-15 14:28:58.668000,1.10568,1.10566,1120000,1310000
2018-08-15 14:29:00.021000,1.10569,1.10567,2250000,1000000
2018-08-15 14:29:00.567000,1.1057,1.10569,5620000,1000000
2018-08-15 14:29:00.780000,1.10567,1.10565,2440000,2320000
2018-08-15 14:29:00.931000,1.10565,1.10564,2440000,1500000
2018-08-15 14:29:01.035000,1.10563,1.10561,1000000,1310000
2018-08-15 14:29:01.400000,1.10565,1.10563,1000000,2440000
2018-08-15 14:29:01.520000,1.10566,1.10563,3450000,3560000
2018-08-15 14:29:01.878000,1.10567,1.10566,1250000,1120000
2018-08-15 14:29:02.055000,1.10564,1.10562,5250000,1000000
2018-08-15 14:29:02.599000,1.10563,1.10561,1870000,1000000
2018-08-15 14:29:03.120000,1.10562,1.1056,1000000,1120000
2018-08-15 14:29:04.463000,1.10563,1.1056,3370000,2060000
2018-08-15 14:29:05.050000,1.10563,1.1056,1000000,3640000
2018-08-15 14:29:05.595000,1.10563,1.10561,1500000,1250000
2018-08-15 14:29:06.792000,1.10564,1.10563,4500000,1250000
2018-08-15 14:29:07.049000,1.10566,1.10563,2620000,1870000
2018-08-15 14:29:07.165000,1.10567,1.10565,1500000,1000000
2018-08-15 14:29:07.707000,1.10566,1.10565,1120000,1000000
2018-08-15 14:29:09.440000,1.10567,1.10565,1500000,1500000
2018-08-15 14:29:10.099000,1.10566,1.10565,1000000,1000000
2018-08-15 14:29:10.609000,1.10567,1.10565,1500000,1000000
2018-08-15 14:29:11.613000,1.10566,1.10565,1120000,1000000
2018-08-15 14:29:12.195000,1.10566,1.10563,3940000,1950000
2018-08-15 14:29:12.249000,1.10564,1.10562,1500000,1310000
2018-08-15 14:29:12.547000,1.10562,1.10561,1500000,1000000
2018-08-15 14:29:13.063000,1.10562,1.1056,1120000,1000000
2018-08-15 14:29:14.935000,1.10561,1.10559,1120000,1950000
2018-08-15 14:29:15.881000,1.10562,1.10559,2620000,2510000
2018-08-15 14:29:16.201000,1.10563,1.10561,3000000,1000000
2018-08-15 14:29:16.713000,1.10563,1.10561,2250000,1000000
2018-08-15 14:29:17.394000,1.10563,1.10561,2440000,1000000
2018-08-15 14:29:17.911000,1.10562,1.1056,1000000,3640000
2018-08-15 14:29:18.732000,1.10562,1.10561,1000000,1000000
2018-08-15 14:29:19.246000,1.10562,1.1056,1370000,3260000
2018-08-15 14:29:19.360000,1.10563,1.10561,2250000,1690000
2018-08-15 14:29:20.796000,1.10564,1.10563,2250000,1870000
2018-08-15 14:29:20.899000,1.10565,1.10563,1500000,4200000
2018-08-15 14:29:21.409000,1.10566,1.10563,1500000,4390000
2018-08-15 14:29:21.954000,1.10567,1.10564,4310000,2700000
2018-08-15 14:29:22.435000,1.10568,1.10566,3370000,1000000
2018-08-15 14:29:22.956000,1.10568,1.10567,1120000,1500000
2018-08-15 14:29:23.460000,1.10569,1.10567,3190000,1000000
2018-08-15 14:29:26.114000,1.10569,1.10566,2620000,2510000
2018-08-15 14:29:26.660000,1.10574,1.10573,4350000,1000000
2018-08-15 14:29:26.866000,1.10576,1.10575,4120000,1000000
2018-08-15 14:29:27.398000,1.10576,1.10574,1500000,1950000
2018-08-15 14:29:27.915000,1.10576,1.10574,3750000,1000000
2018-08-15 14:29:28.456000,1.10575,1.10573,2060000,1000000
2018-08-15 14:29:28.799000,1.10572,1.10571,1000000,1000000
2018-08-15 14:29:29.348000,1.10575,1.10573,3560000,1000000
2018-08-15 14:29:29.996000,1.10574,1.10572,3190000,1120000
2018-08-15 14:29:30.509000,1.10575,1.10573,2250000,1000000
2018-08-15 14:29:30.764000,1.10573,1.10571,1120000,3260000
2018-08-15 14:29:31.075000,1.10574,1.10573,1000000,1000000
2018-08-15 14:29:32.337000,1.10572,1.10571,1870000,1250000
2018-08-15 14:29:32.389000,1.10572,1.10569,2810000,4840000
2018-08-15 14:29:32.916000,1.10572,1.10571,1500000,1000000
2018-08-15 14:29:33.430000,1.10573,1.10571,2250000,1250000
2018-08-15 14:29:33.977000,1.10572,1.1057,1120000,1690000
2018-08-15 14:29:35.348000,1.10571,1.1057,1000000,1250000
2018-08-15 14:29:35.451000,1.10573,1.10571,2620000,1000000
2018-08-15 14:29:35.503000,1.10574,1.10572,7010000,1000000
2018-08-15 14:29:36.042000,1.10574,1.10571,7010000,1250000
2018-08-15 14:29:36.382000,1.10572,1.1057,1500000,2510000
2018-08-15 14:29:36.537000,1.10574,1.10572,4120000,1250000
2018-08-15 14:29:38.293000,1.10572,1.1057,1000000,4760000
2018-08-15 14:29:38.814000,1.10572,1.10571,1000000,1310000
2018-08-15 14:29:39.208000,1.10574,1.10572,3560000,1000000
2018-08-15 14:29:39.633000,1.10576,1.10575,1000000,1120000
2018-08-15 14:29:39.824000,1.10574,1.10572,1690000,2620000
2018-08-15 14:29:39.882000,1.10574,1.10571,2440000,2060000
2018-08-15 14:29:40.145000,1.10575,1.10573,3520000,1250000
2018-08-15 14:29:40.670000,1.10576,1.10574,3750000,1000000
2018-08-15 14:29:41.409000,1.10577,1.10575,1500000,4390000
2018-08-15 14:29:41.461000,1.10579,1.10576,1000000,5140000
2018-08-15 14:29:41.870000,1.10576,1.10575,1120000,1120000
2018-08-15 14:29:42.447000,1.10576,1.10574,1500000,2890000
2018-08-15 14:29:43.003000,1.10576,1.10573,3000000,3640000
2018-08-15 14:29:43.525000,1.10576,1.10574,2620000,1120000
2018-08-15 14:29:45.207000,1.10576,1.10574,3370000,1000000
2018-08-15 14:29:46.871000,1.10576,1.10574,3000000,2510000
2018-08-15 14:29:48.695000,1.10576,1.10574,4690000,1000000
2018-08-15 14:29:48.949000,1.10573,1.1057,3560000,4010000
2018-08-15 14:29:49.053000,1.10571,1.1057,2250000,1100000
2018-08-15 14:29:49.558000,1.10571,1.10569,2250000,2510000
2018-08-15 14:29:49.874000,1.10568,1.10566,1120000,1200000
2018-08-15 14:29:50.489000,1.10569,1.10567,1500000,1000000
2018-08-15 14:29:51.426000,1.10569,1.10567,1120000,1120000
2018-08-15 14:29:52.885000,1.1057,1.10567,4500000,2060000
2018-08-15 14:29:53.388000,1.1057,1.10568,1500000,2060000
2018-08-15 14:29:53.698000,1.10574,1.10571,2660000,2140000
2018-08-15 14:29:54.106000,1.10574,1.10571,5810000,1000000
2018-08-15 14:29:54.158000,1.10574,1.10571,8060000,1120000
2018-08-15 14:29:54.497000,1.1057,1.10569,1500000,1250000
2018-08-15 14:29:55.074000,1.10571,1.10568,3370000,2440000
2018-08-15 14:29:55.620000,1.1057,1.10568,2250000,1120000
2018-08-15 14:29:57.236000,1.1057,1.10569,1120000,1250000
2018-08-15 14:29:57.398000,1.10573,1.1057,2620000,1000000
2018-08-15 14:29:57.603000,1.1057,1.10569,1500000,1000000
2018-08-15 14:29:57.913000,1.10572,1.1057,1200000,1000000
2018-08-15 14:29:58.437000,1.10573,1.1057,2620000,1000000
2018-08-15 14:29:58.932000,1.1057,1.10568,1870000,1390000
2018-08-15 14:30:00.274000,1.1057,1.10567,3190000,1950000
2018-08-15 14:30:00.839000,1.10561,1.1056,1120000,1870000
2018-08-15 14:30:00.891000,1.10564,1.1056,4690000,3190000
2018-08-15 14:30:01.308000,1.10562,1.10558,5060000,4760000
2018-08-15 14:30:01.823000,1.10562,1.1056,1120000,2060000
2018-08-15 14:30:02.323000,1.10564,1.10561,8890000,1310000
2018-08-15 14:30:02.428000,1.10563,1.1056,1310000,1000000
2018-08-15 14:30:02.966000,1.10561,1.10559,3190000,1000000
2018-08-15 14:30:03.476000,1.10561,1.10559,1250000,2250000
2018-08-15 14:30:03.914000,1.10563,1.1056,3820000,2810000
2018-08-15 14:30:04.687000,1.10564,1.1056,4310000,2810000
2018-08-15 14:30:05.298000,1.10564,1.10561,3560000,1310000
2018-08-15 14:30:05.352000,1.10566,1.10565,1100000,2060000
2018-08-15 14:30:05.404000,1.10568,1.10565,1070000,3560000
2018-08-15 14:30:05.662000,1.10566,1.10564,1370000,1870000
2018-08-15 14:30:06.182000,1.10565,1.10562,3370000,1310000
2018-08-15 14:30:06.422000,1.10567,1.10563,2320000,1310000
2018-08-15 14:30:06.628000,1.10565,1.10562,2440000,1500000
2018-08-15 14:30:07.270000,1.10564,1.10561,2250000,2060000
2018-08-15 14:30:07.773000,1.10564,1.10561,4310000,1310000
2018-08-15 14:30:08.044000,1.10563,1.1056,2810000,1310000
2018-08-15 14:30:08.096000,1.1056,1.10559,1000000,1870000
2018-08-15 14:30:08.403000,1.10562,1.1056,1120000,6560000
2018-08-15 14:30:08.814000,1.1056,1.10558,1000000,5810000
2018-08-15 14:30:09.146000,1.10558,1.10556,1690000,1500000
2018-08-15 14:30:09.667000,1.10558,1.10556,1870000,1690000
2018-08-15 14:30:10.182000,1.10558,1.10556,3000000,1310000
2018-08-15 14:30:10.978000,1.10557,1.10555,1310000,1000000
2018-08-15 14:30:11.490000,1.10558,1.10556,5440000,1000000
2018-08-15 14:30:11.920000,1.10555,1.10553,1690000,3820000
2018-08-15 14:30:12.234000,1.10551,1.1055,1120000,1000000
2018-08-15 14:30:12.682000,1.10551,1.10548,2440000,1120000
2018-08-15 14:30:12.786000,1.10549,1.10546,2440000,2700000
2018-08-15 14:30:12.985000,1.10547,1.10545,1370000,1870000
2018-08-15 14:30:13.297000,1.10544,1.10542,1000000,1950000
2018-08-15 14:30:13.551000,1.10546,1.10544,3000000,1000000
2018-08-15 14:30:14.115000,1.10545,1.10543,2060000,1120000
2018-08-15 14:30:14.218000,1.10543,1.10541,1000000,2440000
2018-08-15 14:30:14.397000,1.1054,1.10538,1000000,1500000
2018-08-15 14:30:14.567000,1.10539,1.10537,1120000,3190000
2018-08-15 14:30:15.078000,1.10539,1.10537,1250000,1370000
2018-08-15 14:30:15.131000,1.1054,1.10537,6220000,1690000
2018-08-15 14:30:15.286000,1.10541,1.10539,4120000,1120000
2018-08-15 14:30:15.339000,1.10542,1.1054,2140000,1500000
2018-08-15 14:30:15.599000,1.10541,1.10539,2040000,2320000
2018-08-15 14:30:15.802000,1.10542,1.1054,2440000,1000000
2018-08-15 14:30:16.336000,1.10543,1.1054,2810000,1310000
2018-08-15 14:30:16.818000,1.10541,1.10539,1000000,2810000
2018-08-15 14:30:17.282000,1.10544,1.10541,1570000,3190000
2018-08-15 14:30:17.825000,1.10544,1.10541,1120000,3190000
2018-08-15 14:30:18.369000,1.10546,1.10544,6020000,1250000
2018-08-15 14:30:18.587000,1.10547,1.10545,1000000,2440000
2018-08-15 14:30:19.051000,1.10545,1.10543,1000000,1950000
2018-08-15 14:30:19.421000,1.10544,1.10542,1000000,1310000
2018-08-15 14:30:19.523000,1.10545,1.10541,2250000,1190000
2018-08-15 14:30:19.576000,1.10543,1.10541,1500000,1310000
2018-08-15 14:30:19.628000,1.10545,1.10542,2510000,1500000
2018-08-15 14:30:20.134000,1.10545,1.10542,1000000,2440000
2018-08-15 14:30:20.562000,1.10546,1.10545,3370000,1500000
2018-08-15 14:30:20.721000,1.10549,1.10547,1200000,1310000
2018-08-15 14:30:21.262000,1.1055,1.10547,1500000,2060000
2018-08-15 14:30:21.631000,1.10548,1.10546,1310000,2250000
2018-08-15 14:30:21.941000,1.10546,1.10544,1120000,1500000
2018-08-15 14:30:22.272000,1.10545,1.10542,1120000,2440000
2018-08-15 14:30:22.790000,1.10544,1.10542,1310000,1120000
2018-08-15 14:30:23.504000,1.10543,1.10541,1120000,1250000
2018-08-15 14:30:23.768000,1.1054,1.10538,2890000,1000000
2018-08-15 14:30:24.190000,1.10539,1.10537,2250000,2320000
2018-08-15 14:30:24.241000,1.10538,1.10536,1120000,1000000
2018-08-15 14:30:24.344000,1.1054,1.10538,3820000,1690000
2018-08-15 14:30:24.875000,1.1054,1.10537,2060000,1120000
2018-08-15 14:30:25.245000,1.10541,1.10538,2250000,1310000
2018-08-15 14:30:25.928000,1.1054,1.10538,1000000,1120000
2018-08-15 14:30:26.557000,1.10537,1.10536,1690000,1000000
2018-08-15 14:30:26.664000,1.10537,1.10534,2620000,1310000
2018-08-15 14:30:26.900000,1.10538,1.10536,1500000,1250000
2018-08-15 14:30:27.215000,1.10543,1.1054,2440000,1120000
2018-08-15 14:30:27.725000,1.10541,1.10538,2060000,1570000
2018-08-15 14:30:28.236000,1.10541,1.10538,2440000,1000000
2018-08-15 14:30:28.688000,1.10541,1.10539,1120000,1370000
2018-08-15 14:30:29.494000,1.10543,1.10541,4420000,2060000
2018-08-15 14:30:29.703000,1.10545,1.10542,2620000,2140000
2018-08-15 14:30:29.822000,1.10547,1.10545,1120000,1250000
2018-08-15 14:30:30.327000,1.10548,1.10546,1120000,1000000
2018-08-15 14:30:31.098000,1.10548,1.10545,1870000,2440000
2018-08-15 14:30:31.603000,1.10548,1.10546,1120000,1250000
2018-08-15 14:30:32.991000,1.10548,1.10545,1870000,1690000
2018-08-15 14:30:33.327000,1.10546,1.10544,1000000,1500000
2018-08-15 14:30:33.837000,1.10547,1.10545,2250000,1120000
2018-08-15 14:30:34.210000,1.10545,1.10544,1000000,1000000
2018-08-15 14:30:34.714000,1.10545,1.10543,1120000,1500000
2018-08-15 14:30:35.228000,1.10546,1.10543,1500000,2060000
2018-08-15 14:30:35.730000,1.10546,1.10543,1500000,2060000
2018-08-15 14:30:36.519000,1.10547,1.10545,1120000,1000000
2018-08-15 14:30:37.033000,1.10548,1.10545,1000000,3260000
2018-08-15 14:30:37.747000,1.1055,1.10547,4200000,1310000
2018-08-15 14:30:38.132000,1.10552,1.1055,3190000,1000000
2018-08-15 14:30:38.648000,1.10551,1.10549,1870000,1120000
2018-08-15 14:30:39.189000,1.10552,1.10549,3190000,1500000
2018-08-15 14:30:39.550000,1.10553,1.10551,4950000,1000000
2018-08-15 14:30:39.782000,1.10555,1.10553,2440000,1000000
2018-08-15 14:30:40.294000,1.10554,1.10552,1120000,1000000
2018-08-15 14:30:40.487000,1.10556,1.10554,1870000,1250000
2018-08-15 14:30:41.967000,1.10556,1.10554,1370000,1000000
2018-08-15 14:30:42.680000,1.10556,1.10553,2060000,1500000
2018-08-15 14:30:43.222000,1.10556,1.10554,2620000,1000000
2018-08-15 14:30:43.769000,1.10556,1.10553,2060000,1120000
2018-08-15 14:30:44.272000,1.10555,1.10553,1000000,1120000
2018-08-15 14:30:44.777000,1.10556,1.10553,3560000,1120000
2018-08-15 14:30:45.086000,1.10557,1.10555,2250000,2060000
2018-08-15 14:30:45.589000,1.10557,1.10555,1000000,1310000
2018-08-15 14:30:46.372000,1.10558,1.10556,4690000,1000000
2018-08-15 14:30:46.880000,1.10557,1.10555,1000000,1310000
2018-08-15 14:30:47.771000,1.10557,1.10554,2810000,2510000
2018-08-15 14:30:48.611000,1.10557,1.10554,3190000,2060000
2018-08-15 14:30:49.631000,1.10556,1.10554,1000000,1310000
2018-08-15 14:30:50.770000,1.10557,1.10554,2250000,1310000
2018-08-15 14:30:51.309000,1.10557,1.10554,2250000,1190000
2018-08-15 14:30:51.625000,1.10559,1.10557,4310000,1000000
2018-08-15 14:30:51.843000,1.10566,1.10564,3640000,1000000
2018-08-15 14:30:51.982000,1.10567,1.10565,3000000,1310000
2018-08-15 14:30:52.319000,1.1057,1.10568,3420000,1000000
2018-08-15 14:30:52.822000,1.1057,1.10567,2250000,1310000
2018-08-15 14:30:53.331000,1.1057,1.10568,1500000,1000000
2018-08-15 14:30:53.880000,1.10569,1.10567,1000000,1310000
2018-08-15 14:30:54.399000,1.10569,1.10567,1120000,1250000
2018-08-15 14:30:55.169000,1.10568,1.10566,1000000,1690000
2018-08-15 14:30:55.721000,1.10567,1.10565,1120000,1000000
2018-08-15 14:30:57.148000,1.10567,1.10564,2250000,1250000
2018-08-15 14:30:57.325000,1.10566,1.10563,2250000,1310000
2018-08-15 14:30:57.450000,1.10567,1.10565,3750000,1690000
2018-08-15 14:30:57.775000,1.1057,1.10568,1000000,3190000
2018-08-15 14:30:57.829000,1.1057,1.10568,1120000,1000000
2018-08-15 14:30:57.956000,1.10568,1.10566,2440000,2320000
2018-08-15 14:30:58.409000,1.10567,1.10565,1690000,1000000
2018-08-15 14:30:58.501000,1.10564,1.10562,1690000,1570000
2018-08-15 14:30:58.814000,1.10566,1.10565,1120000,1000000
2018-08-15 14:30:59.013000,1.10567,1.10565,1500000,1120000
2018-08-15 14:30:59.517000,1.10568,1.10566,1120000,2810000
2018-08-15 14:31:00.027000,1.10569,1.10566,3560000,1120000
2018-08-15 14:31:00.529000,1.10569,1.10566,2810000,2440000
2018-08-15 14:31:01.049000,1.10568,1.10566,1000000,1690000
2018-08-15 14:31:03.485000,1.1057,1.10567,8440000,1500000
2018-08-15 14:31:04.014000,1.10569,1.10567,2060000,1000000
2018-08-15 14:31:04.608000,1.1057,1.10569,1120000,2440000
2018-08-15 14:31:04.661000,1.10572,1.1057,1500000,1000000
2018-08-15 14:31:05.089000,1.10574,1.10571,2620000,4310000
2018-08-15 14:31:05.429000,1.10584,1.10583,1500000,1120000
2018-08-15 14:31:05.700000,1.10586,1.10584,1250000,1000000
2018-08-15 14:31:05.752000,1.10587,1.10585,1950000,1190000
2018-08-15 14:31:05.961000,1.10592,1.10589,2890000,1500000
2018-08-15 14:31:06.172000,1.10592,1.1059,1000000,1690000
2018-08-15 14:31:06.275000,1.10593,1.1059,2320000,2060000
2018-08-15 14:31:07.059000,1.10592,1.10591,1250000,1000000
2018-08-15 14:31:07.214000,1.10591,1.10589,1310000,1120000
2018-08-15 14:31:07.368000,1.10587,1.10584,1310000,1120000
2018-08-15 14:31:07.552000,1.10585,1.10584,1120000,1000000
2018-08-15 14:31:07.604000,1.10584,1.10582,1250000,1870000
2018-08-15 14:31:07.656000,1.10582,1.1058,2060000,1200000
2018-08-15 14:31:07.760000,1.10582,1.10579,3560000,1000000
2018-08-15 14:31:08.264000,1.1058,1.10578,1000000,1120000
2018-08-15 14:31:08.420000,1.10582,1.1058,1120000,1500000
2018-08-15 14:31:08.695000,1.10586,1.10583,1500000,1310000
2018-08-15 14:31:09.480000,1.10584,1.10582,1000000,1500000
2018-08-15 14:31:10.002000,1.10585,1.10583,1000000,2060000
2018-08-15 14:31:10.588000,1.10586,1.10583,1120000,3560000
2018-08-15 14:31:10.906000,1.10582,1.10581,1000000,1000000
2018-08-15 14:31:11.011000,1.10586,1.10583,1000000,1690000
2018-08-15 14:31:11.218000,1.10588,1.10586,3000000,2060000
2018-08-15 14:31:11.534000,1.10586,1.10585,1000000,1000000
2018-08-15 14:31:11.687000,1.10589,1.10587,1120000,1000000
2018-08-15 14:31:11.944000,1.10587,1.10586,1000000,3150000
2018-08-15 14:31:12.495000,1.10587,1.10585,2250000,1000000
2018-08-15 14:31:12.702000,1.1059,1.10588,1570000,1500000
2018-08-15 14:31:13.209000,1.10591,1.10589,1690000,1500000
2018-08-15 14:31:13.588000,1.1059,1.10588,1370000,1690000
2018-08-15 14:31:13.692000,1.10591,1.10589,1120000,1120000
2018-08-15 14:31:14.745000,1.1059,1.10587,1500000,1690000
2018-08-15 14:31:15.303000,1.1059,1.10587,1690000,1870000
2018-08-15 14:31:16.056000,1.10589,1.10587,1000000,1120000
2018-08-15 14:31:16.319000,1.10588,1.10585,1690000,2060000
2018-08-15 14:31:16.717000,1.1059,1.10588,1950000,1000000
2018-08-15 14:31:16.768000,1.10591,1.10588,1120000,2440000
2018-08-15 14:31:17.112000,1.10589,1.10587,1000000,3000000
2018-08-15 14:31:17.165000,1.10591,1.10588,1120000,2440000
2018-08-15 14:31:17.755000,1.10592,1.1059,1000000,1310000
2018-08-15 14:31:18.330000,1.10591,1.1059,1120000,1000000
2018-08-15 14:31:18.876000,1.1059,1.10588,1000000,2700000
2018-08-15 14:31:18.978000,1.10588,1.10586,1000000,3340000
2018-08-15 14:31:19.517000,1.10589,1.10586,1120000,2440000
2018-08-15 14:31:20.046000,1.10588,1.10586,1000000,2440000
2018-08-15 14:31:20.599000,1.10588,1.10586,1000000,1690000
2018-08-15 14:31:21.113000,1.10587,1.10585,2060000,1000000
2018-08-15 14:31:21.167000,1.10584,1.10583,1250000,1200000
2018-08-15 14:31:21.685000,1.10583,1.10582,1000000,1000000
2018-08-15 14:31:22.151000,1.10581,1.10579,1120000,1500000
2018-08-15 14:31:22.307000,1.10581,1.10577,5890000,2060000
2018-08-15 14:31:22.411000,1.10578,1.10575,1690000,1750000
2018-08-15 14:31:22.744000,1.10575,1.10574,1000000,2060000
2018-08-15 14:31:23.193000,1.10574,1.10572,3190000,1200000
2018-08-15 14:31:23.247000,1.10572,1.1057,1000000,1500000
2018-08-15 14:31:24.365000,1.10576,1.10574,2620000,2060000
2018-08-15 14:31:24.762000,1.10574,1.10572,1000000,1120000
2018-08-15 14:31:24.923000,1.10573,1.10571,1000000,1310000
2018-08-15 14:31:25.426000,1.10571,1.10569,1000000,3190000
2018-08-15 14:31:27.928000,1.10571,1.10569,1000000,1690000
2018-08-15 14:31:28.451000,1.1057,1.10568,1000000,1690000
2018-08-15 14:31:28.553000,1.10568,1.10566,1000000,2890000
2018-08-15 14:31:28.656000,1.10567,1.10565,1000000,1310000
2018-08-15 14:31:29.535000,1.10567,1.10564,1690000,2250000
2018-08-15 14:31:30.063000,1.10567,1.10564,1500000,1690000
2018-08-15 14:31:30.710000,1.10568,1.10564,2060000,3260000
2018-08-15 14:31:30.762000,1.1057,1.10569,3750000,3190000
2018-08-15 14:31:30.866000,1.10573,1.1057,1570000,4120000
2018-08-15 14:31:31.378000,1.10574,1.10571,3560000,1250000
2018-08-15 14:31:31.908000,1.10573,1.10571,1000000,2140000
2018-08-15 14:31:32.415000,1.10573,1.10571,1000000,1310000
2018-08-15 14:31:35.036000,1.1057,1.10569,3190000,1570000
2018-08-15 14:31:35.088000,1.10568,1.10566,2440000,1690000
2018-08-15 14:31:35.192000,1.10567,1.10565,2060000,1500000
2018-08-15 14:31:35.245000,1.10567,1.10564,2060000,1870000
2018-08-15 14:31:35.397000,1.10564,1.10563,1000000,2250000
2018-08-15 14:31:35.450000,1.10562,1.1056,1120000,1000000
2018-08-15 14:31:35.849000,1.10561,1.10558,1000000,2810000
2018-08-15 14:31:36.106000,1.10561,1.10559,1000000,1190000
2018-08-15 14:31:36.650000,1.10562,1.10559,1120000,2440000
2018-08-15 14:31:36.960000,1.10564,1.10562,2320000,1500000
2018-08-15 14:31:37.012000,1.10566,1.10563,2700000,1690000
2018-08-15 14:31:37.559000,1.10567,1.10564,4010000,1000000
2018-08-15 14:31:37.779000,1.10568,1.10566,1100000,1250000
2018-08-15 14:31:38.454000,1.1057,1.10568,6450000,1250000
2018-08-15 14:31:38.718000,1.10573,1.10571,1000000,2060000
2018-08-15 14:31:41.863000,1.10573,1.10571,1370000,1250000
2018-08-15 14:31:41.967000,1.10571,1.10569,1620000,1120000
2018-08-15 14:31:42.276000,1.10569,1.10566,2810000,1250000
2018-08-15 14:31:42.795000,1.10569,1.10566,2810000,1690000
2018-08-15 14:31:44.690000,1.10568,1.10565,2060000,3190000
2018-08-15 14:31:45.214000,1.10568,1.10565,2620000,2810000
2018-08-15 14:31:46.816000,1.10568,1.10565,1870000,3940000
2018-08-15 14:31:47.434000,1.1057,1.10569,5700000,1000000
2018-08-15 14:31:47.593000,1.10572,1.10569,1950000,5810000
2018-08-15 14:31:47.696000,1.10572,1.1057,1120000,1190000
2018-08-15 14:31:48.459000,1.10573,1.1057,2060000,1000000
2018-08-15 14:31:48.961000,1.10571,1.10569,1000000,4690000
2018-08-15 14:31:49.505000,1.10572,1.10569,1120000,3640000
2018-08-15 14:31:50.007000,1.10571,1.10569,1000000,3940000
2018-08-15 14:31:50.652000,1.10572,1.1057,1000000,1570000
2018-08-15 14:31:51.069000,1.10577,1.10575,2250000,1690000
2018-08-15 14:31:51.122000,1.10575,1.10573,2250000,1950000
2018-08-15 14:31:51.297000,1.10574,1.10572,1000000,1870000
2018-08-15 14:31:52.162000,1.10573,1.10571,1000000,4390000
2018-08-15 14:31:52.759000,1.10573,1.10572,1000000,1000000
2018-08-15 14:31:53.263000,1.10573,1.10571,1000000,4310000
2018-08-15 14:31:54.121000,1.10573,1.10571,1000000,4310000
2018-08-15 14:31:55.021000,1.10573,1.10571,1000000,4310000
2018-08-15 14:31:55.572000,1.10572,1.1057,1120000,1000000
2018-08-15 14:31:55.906000,1.10567,1.10564,1000000,3190000
2018-08-15 14:31:56.428000,1.10566,1.10564,1000000,1250000
2018-08-15 14:31:57.310000,1.10566,1.10564,1000000,2060000
2018-08-15 14:31:57.519000,1.10568,1.10566,4120000,1250000
2018-08-15 14:31:58.324000,1.10567,1.10565,1120000,1000000
2018-08-15 14:31:58.535000,1.10564,1.10563,1250000,1000000
2018-08-15 14:31:58.589000,1.10563,1.10561,1500000,2140000
2018-08-15 14:31:58.991000,1.10566,1.10563,5890000,1870000
2018-08-15 14:31:59.818000,1.10567,1.10565,1120000,1690000
2018-08-15 14:32:00.343000,1.10567,1.10564,2060000,2250000
2018-08-15 14:32:00.894000,1.10565,1.10563,1310000,2620000
2018-08-15 14:32:01.436000,1.10566,1.10564,1000000,1000000
2018-08-15 14:32:01.703000,1.10565,1.10563,1000000,2060000
2018-08-15 14:32:02.018000,1.10567,1.10565,1000000,1690000
2018-08-15 14:32:02.172000,1.10568,1.10565,3000000,1190000
2018-08-15 14:32:02.225000,1.10567,1.10565,1000000,1690000
2018-08-15 14:32:02.837000,1.10567,1.10565,1000000,1160000
2018-08-15 14:32:03.184000,1.10563,1.10561,1000000,1690000
2018-08-15 14:32:03.696000,1.10563,1.10561,1000000,2440000
2018-08-15 14:32:04.318000,1.10562,1.1056,1000000,4390000
2018-08-15 14:32:05.587000,1.10562,1.1056,1000000,1690000
2018-08-15 14:32:05.903000,1.10556,1.10555,1000000,1250000
2018-08-15 14:32:06.012000,1.10558,1.10557,1000000,1000000
2018-08-15 14:32:06.560000,1.10559,1.10556,1690000,2060000
2018-08-15 14:32:06.663000,1.10556,1.10554,1000000,2920000
2018-08-15 14:32:07.096000,1.10554,1.10552,1250000,1720000
2018-08-15 14:32:07.800000,1.10554,1.10551,1310000,2810000
2018-08-15 14:32:08.110000,1.10553,1.1055,1370000,2810000
2018-08-15 14:32:08.339000,1.10555,1.10552,2440000,1870000
2018-08-15 14:32:09.152000,1.10553,1.10551,1000000,1310000
2018-08-15 14:32:10.463000,1.10552,1.1055,1000000,3190000
2018-08-15 14:32:10.589000,1.10551,1.10549,1000000,2440000
2018-08-15 14:32:10.641000,1.1055,1.10547,1690000,4200000
2018-08-15 14:32:11.053000,1.10551,1.1055,1120000,1000000
2018-08-15 14:32:11.211000,1.10553,1.10551,1500000,1250000
2018-08-15 14:32:11.756000,1.10555,1.10552,2060000,1500000
2018-08-15 14:32:12.287000,1.10555,1.10553,1500000,1000000
2018-08-15 14:32:12.838000,1.10554,1.10551,1310000,3190000
2018-08-15 14:32:13.382000,1.10554,1.10551,2440000,1690000
2018-08-15 14:32:13.918000,1.10554,1.10551,2440000,1690000
2018-08-15 14:32:14.027000,1.10549,1.10548,1000000,1200000
2018-08-15 14:32:14.570000,1.10549,1.10547,1000000,1250000
2018-08-15 14:32:15.303000,1.10548,1.10546,1000000,3190000
2018-08-15 14:32:15.406000,1.10551,1.10549,5250000,2250000
2018-08-15 14:32:15.509000,1.10552,1.1055,3370000,1190000
2018-08-15 14:32:15.766000,1.10552,1.10549,1690000,2620000
2018-08-15 14:32:15.819000,1.1055,1.10548,1250000,4200000
2018-08-15 14:32:16.262000,1.10549,1.10546,1310000,3260000
2018-08-15 14:32:16.938000,1.10545,1.10544,1000000,4720000
2018-08-15 14:32:17.467000,1.10547,1.10544,2810000,1120000
2018-08-15 14:32:17.778000,1.10548,1.10545,3000000,2810000
2018-08-15 14:32:17.976000,1.10549,1.10546,1250000,2440000
2018-08-15 14:32:18.484000,1.10549,1.10546,1310000,3860000
2018-08-15 14:32:19.017000,1.10549,1.10546,1250000,3190000
2018-08-15 14:32:19.542000,1.10549,1.10546,2440000,1010000
2018-08-15 14:32:20.043000,1.10549,1.10546,1310000,2890000
2018-08-15 14:32:20.251000,1.10551,1.1055,3750000,2850000
2018-08-15 14:32:20.410000,1.10554,1.10552,1120000,1120000
2018-08-15 14:32:22.023000,1.10554,1.10551,2440000,1760000
2018-08-15 14:32:22.442000,1.10554,1.10552,1120000,1120000
2018-08-15 14:32:26.192000,1.10554,1.10551,1620000,3560000
2018-08-15 14:32:26.499000,1.10551,1.1055,5810000,1120000
2018-08-15 14:32:26.816000,1.10549,1.10548,1310000,1000000
2018-08-15 14:32:26.868000,1.10549,1.10546,1310000,4310000
2018-08-15 14:32:27.390000,1.10549,1.10546,2060000,1120000
2018-08-15 14:32:27.926000,1.10548,1.10545,2250000,2060000
2018-08-15 14:32:29.234000,1.10547,1.10544,2250000,2060000
2018-08-15 14:32:29.388000,1.10544,1.10542,1620000,1870000
2018-08-15 14:32:29.643000,1.10543,1.1054,1620000,4240000
2018-08-15 14:32:30.163000,1.10543,1.10541,2250000,1310000
2018-08-15 14:32:30.934000,1.10542,1.1054,1000000,1250000
2018-08-15 14:32:31.540000,1.10543,1.1054,2620000,1310000
2018-08-15 14:32:32.697000,1.10544,1.10541,2810000,2060000
2018-08-15 14:32:33.752000,1.10544,1.10542,2440000,1000000
2018-08-15 14:32:34.412000,1.10545,1.10543,4500000,1000000
2018-08-15 14:32:34.684000,1.10547,1.10545,3190000,1000000
2018-08-15 14:32:35.137000,1.10549,1.10546,2440000,1120000
2018-08-15 14:32:35.294000,1.10548,1.10545,2060000,1570000
2018-08-15 14:32:35.795000,1.10548,1.10546,1690000,1000000
2018-08-15 14:32:36.171000,1.10547,1.10544,2060000,4200000
2018-08-15 14:32:36.326000,1.10547,1.10544,2810000,1420000
2018-08-15 14:32:37.336000,1.10548,1.10545,2620000,1250000
2018-08-15 14:32:37.700000,1.10545,1.10543,1310000,5550000
2018-08-15 14:32:38.040000,1.10544,1.10542,1620000,1000000
2018-08-15 14:32:38.403000,1.10545,1.10543,1120000,1120000
2018-08-15 14:32:38.916000,1.10545,1.10542,2440000,1500000
2018-08-15 14:32:39.433000,1.10545,1.10543,1120000,1120000
2018-08-15 14:32:39.944000,1.10545,1.10542,1690000,1870000
2018-08-15 14:32:40.208000,1.10543,1.10541,1370000,1310000
2018-08-15 14:32:40.734000,1.10544,1.10541,2060000,1540000
2018-08-15 14:32:41.213000,1.10542,1.10539,15560000,2550000
2018-08-15 14:32:41.267000,1.10537,1.10536,1000000,1200000
2018-08-15 14:32:41.819000,1.10539,1.10537,1310000,1000000
2018-08-15 14:32:42.332000,1.10539,1.10536,1120000,3260000
2018-08-15 14:32:42.385000,1.1054,1.10539,1500000,1250000
2018-08-15 14:32:42.800000,1.10542,1.10539,7310000,1120000
2018-08-15 14:32:43.367000,1.10542,1.1054,1120000,1000000
2018-08-15 14:32:45.086000,1.10543,1.1054,3370000,2440000
2018-08-15 14:32:45.361000,1.10546,1.10543,7390000,2440000
2018-08-15 14:32:45.875000,1.10546,1.10544,1000000,1310000
2018-08-15 14:32:46.427000,1.10547,1.10545,1870000,1000000
2018-08-15 14:32:47.458000,1.10548,1.10546,2620000,1000000
2018-08-15 14:32:47.986000,1.10548,1.10545,2620000,3190000
2018-08-15 14:32:48.363000,1.10547,1.10545,1370000,1870000
2018-08-15 14:32:48.569000,1.10548,1.10545,1870000,3190000
2018-08-15 14:32:49.272000,1.10548,1.10546,1120000,1690000
2018-08-15 14:32:49.689000,1.1055,1.10547,3560000,2060000
2018-08-15 14:32:50.134000,1.10548,1.10547,1120000,1000000
2018-08-15 14:32:51.482000,1.10548,1.10546,1120000,1690000
2018-08-15 14:32:52.011000,1.10549,1.10546,3000000,2440000
2018-08-15 14:32:52.336000,1.10548,1.10545,2250000,2060000
2018-08-15 14:32:52.391000,1.10546,1.10544,2060000,1870000
2018-08-15 14:32:52.910000,1.10545,1.10543,2250000,1000000
2018-08-15 14:32:55.411000,1.10544,1.10542,1120000,1500000
2018-08-15 14:32:55.724000,1.10546,1.10544,7500000,1250000
2018-08-15 14:32:56.363000,1.10547,1.10544,3000000,1310000
2018-08-15 14:32:57.206000,1.10546,1.10544,1120000,1500000
2018-08-15 14:32:57.882000,1.10547,1.10545,1870000,1250000
2018-08-15 14:32:58.902000,1.10549,1.10546,7870000,2810000
2018-08-15 14:32:59.584000,1.10549,1.10547,1870000,1250000
2018-08-15 14:32:59.637000,1.10549,1.10546,2620000,3190000
2018-08-15 14:33:00.138000,1.10548,1.10546,2010000,1310000
2018-08-15 14:33:00.950000,1.10549,1.10547,3130000,1000000
2018-08-15 14:33:01.642000,1.1055,1.10549,2250000,1500000
2018-08-15 14:33:01.835000,1.10556,1.10554,1870000,1000000
2018-08-15 14:33:01.889000,1.10557,1.10556,1000000,1120000
2018-08-15 14:33:02.182000,1.1056,1.10558,1500000,1250000
2018-08-15 14:33:02.826000,1.10559,1.10558,1000000,1250000
2018-08-15 14:33:03.233000,1.10557,1.10556,1500000,1200000
2018-08-15 14:33:03.491000,1.10554,1.10551,3000000,5740000
2018-08-15 14:33:04.023000,1.10555,1.10552,2810000,1120000
2018-08-15 14:33:04.168000,1.10552,1.1055,1690000,2620000
2018-08-15 14:33:04.263000,1.10549,1.10547,3750000,1000000
2018-08-15 14:33:04.418000,1.1055,1.10547,5250000,1870000
2018-08-15 14:33:04.624000,1.10549,1.10547,3370000,1000000
2018-08-15 14:33:05.163000,1.10549,1.10546,3370000,1500000
2018-08-15 14:33:05.500000,1.10548,1.10545,1620000,1870000
2018-08-15 14:33:06.093000,1.10548,1.10546,1870000,1250000
2018-08-15 14:33:06.199000,1.10549,1.10547,1000000,2810000
2018-08-15 14:33:06.742000,1.10549,1.10547,1000000,2060000
2018-08-15 14:33:07.297000,1.10549,1.10547,1500000,1250000
2018-08-15 14:33:07.805000,1.10549,1.10546,1500000,2250000
2018-08-15 14:33:08.251000,1.10545,1.10543,1370000,3190000
2018-08-15 14:33:08.637000,1.10544,1.1054,5440000,3450000
2018-08-15 14:33:08.901000,1.10544,1.10542,3370000,1000000
2018-08-15 14:33:10.119000,1.10543,1.10541,1000000,1250000
2018-08-15 14:33:10.620000,1.10543,1.10541,1000000,2060000
2018-08-15 14:33:11.033000,1.10541,1.1054,1500000,1500000
2018-08-15 14:33:11.171000,1.10538,1.10536,1120000,2810000
2018-08-15 14:33:11.718000,1.10538,1.10536,1870000,1690000
2018-08-15 14:33:12.139000,1.10539,1.10537,2620000,1190000
2018-08-15 14:33:12.383000,1.10537,1.10535,2440000,1000000
2018-08-15 14:33:13.085000,1.10537,1.10535,1370000,1000000
2018-08-15 14:33:13.641000,1.10538,1.10535,1370000,5060000
2018-08-15 14:33:13.693000,1.1054,1.10538,1570000,2810000
2018-08-15 14:33:14.138000,1.10542,1.1054,1870000,1120000
2018-08-15 14:33:14.650000,1.10542,1.1054,2060000,1120000
2018-08-15 14:33:15.199000,1.10542,1.1054,1120000,1120000
2018-08-15 14:33:16.922000,1.10543,1.1054,2250000,2440000
2018-08-15 14:33:17.483000,1.10543,1.1054,2250000,2060000
2018-08-15 14:33:18.444000,1.10543,1.1054,2250000,1690000
2018-08-15 14:33:18.496000,1.10546,1.10544,4500000,1190000
2018-08-15 14:33:18.549000,1.10547,1.10545,1000000,2060000
2018-08-15 14:33:18.704000,1.10549,1.10547,1000000,1120000
2018-08-15 14:33:19.264000,1.1055,1.10547,2440000,1120000
2018-08-15 14:33:19.630000,1.10549,1.10546,1870000,2810000
2018-08-15 14:33:20.089000,1.1055,1.10547,3370000,2060000
2018-08-15 14:33:20.592000,1.1055,1.10548,1500000,1250000
2018-08-15 14:33:21.194000,1.10553,1.1055,6190000,3940000
2018-08-15 14:33:21.406000,1.10551,1.10548,3560000,1200000
2018-08-15 14:33:21.945000,1.1055,1.10547,2060000,2700000
2018-08-15 14:33:22.579000,1.1055,1.10547,1120000,4760000
2018-08-15 14:33:23.105000,1.1055,1.10547,2060000,3070000
2018-08-15 14:33:23.745000,1.1055,1.10548,2060000,1120000
2018-08-15 14:33:24.271000,1.1055,1.10547,3190000,1120000
2018-08-15 14:33:24.773000,1.10549,1.10547,1310000,2100000
2018-08-15 14:33:25.450000,1.1055,1.10548,3190000,1000000
2018-08-15 14:33:25.976000,1.1055,1.10548,1000000,1120000
2018-08-15 14:33:26.478000,1.1055,1.10548,1370000,1000000
2018-08-15 14:33:27.388000,1.1055,1.10547,2810000,1300000
2018-08-15 14:33:27.925000,1.1055,1.10548,2810000,1000000
2018-08-15 14:33:28.494000,1.10551,1.10548,4310000,1120000
2018-08-15 14:33:29.043000,1.1055,1.10548,1000000,1120000
2018-08-15 14:33:30.221000,1.10551,1.10548,3940000,1120000
2018-08-15 14:33:30.376000,1.10552,1.1055,7500000,3100000
2018-08-15 14:33:30.534000,1.10555,1.10553,1370000,1000000
2018-08-15 14:33:31.077000,1.10556,1.10554,1370000,1310000
2018-08-15 14:33:32.162000,1.10556,1.10553,2060000,1570000
2018-08-15 14:33:33.284000,1.10556,1.10553,2810000,1500000
2018-08-15 14:33:34.699000,1.10555,1.10553,1120000,1120000
2018-08-15 14:33:37.548000,1.10555,1.10552,1870000,4010000
2018-08-15 14:33:38.082000,1.10555,1.10553,1500000,1000000
2018-08-15 14:33:38.613000,1.10555,1.10552,1870000,4010000
2018-08-15 14:33:39.156000,1.10555,1.10552,1870000,3190000
2018-08-15 14:33:40.225000,1.10555,1.10553,2060000,1000000
2018-08-15 14:33:40.594000,1.10552,1.1055,2250000,1250000
2018-08-15 14:33:41.109000,1.10553,1.10551,4870000,1250000
2018-08-15 14:33:41.525000,1.10555,1.10553,3560000,1000000
2018-08-15 14:33:42.112000,1.10555,1.10552,2440000,1500000
2018-08-15 14:33:42.633000,1.10555,1.10552,2250000,1690000
2018-08-15 14:33:43.156000,1.10555,1.10552,2250000,2510000
2018-08-15 14:33:43.813000,1.10553,1.10552,1000000,1250000
2018-08-15 14:33:44.435000,1.10553,1.10551,1370000,1760000
2018-08-15 14:33:45.278000,1.10553,1.10551,4120000,1250000
2018-08-15 14:33:45.812000,1.10554,1.10551,1120000,2060000
2018-08-15 14:33:46.881000,1.10552,1.1055,2440000,1950000
2018-08-15 14:33:47.377000,1.10551,1.10548,2810000,2620000
2018-08-15 14:33:47.923000,1.1055,1.10548,2060000,2400000
2018-08-15 14:33:49.520000,1.10551,1.10548,5060000,1000000
2018-08-15 14:33:50.323000,1.10549,1.10547,1120000,2060000
2018-08-15 14:33:51.034000,1.1055,1.10548,2060000,1000000
2018-08-15 14:33:52.301000,1.1055,1.10547,2060000,2440000
2018-08-15 14:33:52.853000,1.1055,1.10548,1310000,1500000
2018-08-15 14:33:54.881000,1.10549,1.10547,1000000,2440000
2018-08-15 14:33:56.523000,1.10546,1.10545,2440000,2850000
2018-08-15 14:33:56.682000,1.10545,1.10544,1000000,2440000
2018-08-15 14:33:56.985000,1.10545,1.10542,2440000,2660000
2018-08-15 14:33:57.090000,1.10543,1.10542,1000000,1000000
2018-08-15 14:33:57.416000,1.10543,1.1054,1120000,3190000
2018-08-15 14:33:57.968000,1.10543,1.1054,2620000,1310000
2018-08-15 14:33:58.496000,1.10542,1.1054,1370000,1250000
2018-08-15 14:33:58.838000,1.10539,1.10537,1250000,1100000
2018-08-15 14:33:59.855000,1.10538,1.10536,1000000,2810000
2018-08-15 14:34:00.166000,1.10541,1.10539,1100000,3060000
2018-08-15 14:34:00.476000,1.10543,1.1054,9260000,1310000
2018-08-15 14:34:00.757000,1.10539,1.10537,1310000,1570000
2018-08-15 14:34:01.364000,1.10539,1.10537,1250000,1120000
2018-08-15 14:34:01.876000,1.1054,1.10538,1690000,1000000
2018-08-15 14:34:02.718000,1.10541,1.10539,1190000,1000000
2018-08-15 14:34:03.236000,1.10542,1.1054,2060000,1000000
2018-08-15 14:34:03.773000,1.10542,1.10539,2620000,1250000
2018-08-15 14:34:04.571000,1.1054,1.10538,1120000,2440000
2018-08-15 14:34:05.048000,1.10539,1.10536,2060000,3940000
2018-08-15 14:34:06.599000,1.10538,1.10536,1120000,1310000
2018-08-15 14:34:06.971000,1.10538,1.10535,1870000,1760000
2018-08-15 14:34:07.483000,1.10537,1.10535,1120000,1310000
2018-08-15 14:34:08.112000,1.10538,1.10535,1870000,2440000
2018-08-15 14:34:08.571000,1.10537,1.10535,1870000,1310000
2018-08-15 14:34:09.256000,1.10537,1.10534,2810000,1120000
2018-08-15 14:34:09.890000,1.10537,1.10534,6190000,1870000
2018-08-15 14:34:10.458000,1.10537,1.10534,3370000,2810000
2018-08-15 14:34:10.978000,1.10536,1.10534,1870000,1310000
2018-08-15 14:34:11.500000,1.10537,1.10534,2620000,2440000
2018-08-15 14:34:12.413000,1.10536,1.10534,1370000,1540000
2018-08-15 14:34:12.950000,1.10537,1.10534,1500000,3560000
2018-08-15 14:34:13.214000,1.10535,1.10534,1870000,1000000
2018-08-15 14:34:13.763000,1.10535,1.10533,1870000,1250000
2018-08-15 14:34:14.080000,1.10533,1.1053,3560000,2060000
2018-08-15 14:34:14.612000,1.10532,1.1053,1370000,1250000
2018-08-15 14:34:15.154000,1.10531,1.10529,1370000,1390000
2018-08-15 14:34:15.671000,1.10531,1.10529,1120000,1250000
2018-08-15 14:34:15.989000,1.1052,1.10518,1000000,4310000
2018-08-15 14:34:16.324000,1.10524,1.10523,1000000,1000000
2018-08-15 14:34:16.601000,1.10526,1.10524,1310000,1000000
2018-08-15 14:34:16.710000,1.10525,1.10523,2440000,1500000
2018-08-15 14:34:16.938000,1.10524,1.10521,2810000,3750000
2018-08-15 14:34:17.605000,1.10523,1.10522,1120000,1000000
2018-08-15 14:34:17.821000,1.10522,1.1052,1310000,1500000
2018-08-15 14:34:18.027000,1.1052,1.10519,1000000,1870000
2018-08-15 14:34:18.270000,1.10519,1.10516,2810000,5510000
2018-08-15 14:34:18.540000,1.10518,1.10516,1480000,1000000
2018-08-15 14:34:18.881000,1.10516,1.10514,1120000,2620000
2018-08-15 14:34:19.740000,1.10517,1.10515,1000000,1120000
2018-08-15 14:34:19.895000,1.10519,1.10516,2440000,1120000
2018-08-15 14:34:20.124000,1.10519,1.10516,2810000,1000000
2018-08-15 14:34:20.585000,1.10519,1.10517,1500000,1000000
2018-08-15 14:34:21.092000,1.10518,1.10516,1000000,1500000
2018-08-15 14:34:21.779000,1.10519,1.10517,1310000,1000000
2018-08-15 14:34:21.938000,1.10521,1.1052,3070000,1000000
2018-08-15 14:34:22.441000,1.10523,1.10521,1870000,1000000
2018-08-15 14:34:22.782000,1.10521,1.10519,1000000,2140000
2018-08-15 14:34:22.833000,1.10519,1.10517,2060000,1120000
2018-08-15 14:34:22.885000,1.10521,1.10518,5140000,1000000
2018-08-15 14:34:22.938000,1.10521,1.1052,1870000,1000000
2018-08-15 14:34:23.041000,1.10524,1.10522,2060000,1000000
2018-08-15 14:34:23.093000,1.10524,1.10522,1690000,1120000
2018-08-15 14:34:23.381000,1.10525,1.10523,1310000,1000000
2018-08-15 14:34:24.148000,1.10524,1.10523,1690000,1000000
2018-08-15 14:34:24.360000,1.10523,1.10521,1310000,1000000
2018-08-15 14:34:24.873000,1.10522,1.1052,1310000,1000000
2018-08-15 14:34:25.184000,1.10521,1.10519,1190000,4870000
2018-08-15 14:34:25.347000,1.10523,1.10521,2890000,1000000
2018-08-15 14:34:25.603000,1.10525,1.10522,2060000,1000000
2018-08-15 14:34:26.142000,1.10525,1.10522,2060000,1500000
2018-08-15 14:34:26.245000,1.10525,1.10523,1310000,1000000
2018-08-15 14:34:26.897000,1.10525,1.10522,1310000,1870000
2018-08-15 14:34:28.477000,1.10525,1.10523,1310000,1000000
2018-08-15 14:34:30.092000,1.10526,1.10524,3190000,1000000
2018-08-15 14:34:30.607000,1.10525,1.10523,2060000,1000000
2018-08-15 14:34:31.905000,1.10525,1.10522,2060000,1500000
2018-08-15 14:34:32.439000,1.10525,1.10522,2060000,1000000
2018-08-15 14:34:33.797000,1.10521,1.1052,1000000,3220000
2018-08-15 14:34:33.961000,1.1052,1.10518,1690000,1500000
2018-08-15 14:34:34.065000,1.10523,1.10522,1000000,1000000
2018-08-15 14:34:34.538000,1.10525,1.10522,2060000,1500000
2018-08-15 14:34:35.069000,1.10525,1.10523,1870000,1000000
2018-08-15 14:34:35.524000,1.10524,1.10522,1190000,1120000
2018-08-15 14:34:35.784000,1.10525,1.10523,2440000,1000000
2018-08-15 14:34:36.496000,1.10524,1.10523,1000000,1120000
2018-08-15 14:34:36.653000,1.10521,1.1052,2060000,1000000
2018-08-15 14:34:36.705000,1.1052,1.10518,1000000,2320000
2018-08-15 14:34:37.217000,1.1052,1.10518,1870000,1250000
2018-08-15 14:34:38.729000,1.1052,1.10517,1870000,3190000
2018-08-15 14:34:39.483000,1.10519,1.10517,1120000,1250000
2018-08-15 14:34:40.042000,1.1052,1.10518,1870000,1250000
2018-08-15 14:34:40.841000,1.10521,1.10518,3370000,2440000
2018-08-15 14:34:41.346000,1.10521,1.1052,1500000,1000000
2018-08-15 14:34:41.792000,1.10523,1.10521,2510000,1000000
2018-08-15 14:34:42.335000,1.10524,1.10522,2060000,1000000
2018-08-15 14:34:43.888000,1.10523,1.10522,1120000,1000000
2018-08-15 14:34:44.021000,1.10523,1.10521,1620000,1000000
2018-08-15 14:34:44.073000,1.10523,1.10521,1000000,1310000
2018-08-15 14:34:44.584000,1.10524,1.10522,1690000,1000000
2018-08-15 14:34:44.965000,1.10521,1.10519,1120000,2620000
2018-08-15 14:34:45.468000,1.10523,1.10521,1500000,1250000
2018-08-15 14:34:45.988000,1.10524,1.10521,1120000,2810000
2018-08-15 14:34:46.502000,1.10525,1.10523,1000000,1310000
2018-08-15 14:34:47.251000,1.10526,1.10523,3370000,1310000
2018-08-15 14:34:48.044000,1.10525,1.10523,1000000,1310000
2018-08-15 14:34:48.778000,1.10524,1.10523,1120000,1000000
2018-08-15 14:34:49.282000,1.10524,1.10522,1870000,1310000
2018-08-15 14:34:49.545000,1.10525,1.10522,2700000,1690000
2018-08-15 14:34:50.054000,1.10525,1.10522,2620000,2440000
2018-08-15 14:34:53.086000,1.10527,1.10526,3070000,1250000
2018-08-15 14:34:53.193000,1.10529,1.10527,1120000,1250000
2018-08-15 14:34:53.858000,1.1053,1.10527,3560000,3040000
2018-08-15 14:34:53.912000,1.10534,1.10533,3820000,1690000
2018-08-15 14:34:53.966000,1.10534,1.10532,3150000,1250000
2018-08-15 14:34:54.142000,1.10537,1.10534,2700000,1690000
2018-08-15 14:34:54.195000,1.10535,1.10534,1000000,1250000
2018-08-15 14:34:54.819000,1.10534,1.10533,1000000,1250000
2018-08-15 14:34:55.650000,1.10536,1.10533,1570000,2810000
2018-08-15 14:34:56.720000,1.10536,1.10533,1870000,2060000
2018-08-15 14:34:57.610000,1.10536,1.10534,1500000,1310000
2018-08-15 14:34:59.854000,1.10537,1.10535,1000000,2060000
2018-08-15 14:35:00.440000,1.10537,1.10534,2620000,3190000
2018-08-15 14:35:00.555000,1.10534,1.10533,1000000,3940000
2018-08-15 14:35:00.962000,1.10533,1.10532,1870000,1120000
2018-08-15 14:35:01.376000,1.10532,1.1053,1870000,1310000
2018-08-15 14:35:03.677000,1.10532,1.10531,1120000,2250000
2018-08-15 14:35:03.731000,1.10535,1.10533,1000000,2810000
2018-08-15 14:35:04.043000,1.10538,1.10535,3820000,2440000
2018-08-15 14:35:04.586000,1.10538,1.10535,1870000,3940000
2018-08-15 14:35:05.389000,1.10539,1.10537,1310000,1190000
2018-08-15 14:35:05.870000,1.10542,1.10541,1000000,1250000
2018-08-15 14:35:06.180000,1.10542,1.10539,1870000,2510000
2018-08-15 14:35:06.470000,1.10542,1.10539,1870000,4310000
2018-08-15 14:35:06.972000,1.10542,1.1054,1120000,1250000
2018-08-15 14:35:07.599000,1.10542,1.10541,1120000,1250000
2018-08-15 14:35:08.310000,1.10545,1.10543,4570000,3100000
2018-08-15 14:35:08.618000,1.10544,1.10542,3370000,1250000
2018-08-15 14:35:09.158000,1.10543,1.1054,1870000,2060000
2018-08-15 14:35:09.567000,1.10542,1.10539,1870000,1690000
2018-08-15 14:35:10.091000,1.10543,1.1054,2700000,1250000
2018-08-15 14:35:10.612000,1.10543,1.10541,1000000,1250000
2018-08-15 14:35:11.240000,1.10545,1.10543,1570000,1690000
2018-08-15 14:35:11.618000,1.10548,1.10546,1270000,1690000
2018-08-15 14:35:11.773000,1.10549,1.10547,1120000,1310000
2018-08-15 14:35:12.032000,1.10551,1.10548,2700000,2060000
2018-08-15 14:35:12.561000,1.1055,1.10548,1120000,1310000
2018-08-15 14:35:15.274000,1.10551,1.10548,1870000,2060000
2018-08-15 14:35:18.952000,1.1055,1.10548,1000000,2660000
2018-08-15 14:35:19.904000,1.10549,1.10546,1870000,7760000
2018-08-15 14:35:20.243000,1.10546,1.10545,1000000,2060000
2018-08-15 14:35:20.311000,1.10545,1.10543,1000000,3940000
2018-08-15 14:35:20.576000,1.10544,1.10541,1870000,2660000
2018-08-15 14:35:21.121000,1.10542,1.1054,1000000,2440000
2018-08-15 14:35:21.774000,1.10542,1.1054,1870000,1310000
2018-08-15 14:35:22.122000,1.1054,1.10539,3370000,1120000
2018-08-15 14:35:22.174000,1.10539,1.10536,3750000,3190000
2018-08-15 14:35:22.379000,1.10539,1.10537,2250000,1000000
2018-08-15 14:35:22.482000,1.10541,1.10538,1950000,1870000
2018-08-15 14:35:23.028000,1.10541,1.10538,2250000,1720000
2018-08-15 14:35:23.473000,1.10539,1.10537,2250000,1800000
2018-08-15 14:35:23.996000,1.10539,1.10536,1870000,2810000
2018-08-15 14:35:24.530000,1.10538,1.10536,1250000,1120000
2018-08-15 14:35:25.508000,1.10539,1.10536,3000000,1310000
2018-08-15 14:35:26.312000,1.10539,1.10536,2620000,1620000
2018-08-15 14:35:26.860000,1.10538,1.10536,3750000,1000000
2018-08-15 14:35:27.397000,1.10538,1.10536,3750000,1000000
2018-08-15 14:35:28.105000,1.10534,1.10533,11440000,3000000
2018-08-15 14:35:28.259000,1.10533,1.10531,1120000,1690000
2018-08-15 14:35:28.365000,1.10533,1.1053,1870000,2440000
2018-08-15 14:35:28.710000,1.1053,1.10529,1000000,1870000
2018-08-15 14:35:28.814000,1.10527,1.10526,1500000,3450000
2018-08-15 14:35:29.259000,1.10529,1.10528,1000000,1120000
2018-08-15 14:35:29.362000,1.10527,1.10525,2250000,1120000
2018-08-15 14:35:29.414000,1.10527,1.10524,3000000,2060000
2018-08-15 14:35:29.615000,1.10527,1.10524,4500000,1690000
2018-08-15 14:35:29.718000,1.10527,1.10526,1000000,1000000
2018-08-15 14:35:29.821000,1.10529,1.10527,1570000,2060000
2018-08-15 14:35:30.357000,1.1053,1.10528,1500000,1250000
2018-08-15 14:35:31.676000,1.1053,1.10529,1500000,1000000
2018-08-15 14:35:32.087000,1.1053,1.10527,2620000,1310000
2018-08-15 14:35:32.457000,1.10527,1.10525,2620000,1950000
2018-08-15 14:35:32.971000,1.10527,1.10525,3370000,1120000
2018-08-15 14:35:33.488000,1.10527,1.10524,3370000,1250000
2018-08-15 14:35:33.646000,1.10527,1.10526,1120000,1000000
2018-08-15 14:35:34.177000,1.10529,1.10527,4950000,1000000
2018-08-15 14:35:34.711000,1.1053,1.10528,3820000,1250000
2018-08-15 14:35:35.218000,1.1053,1.10528,1120000,1310000
2018-08-15 14:35:35.782000,1.10531,1.10528,3370000,1690000
2018-08-15 14:35:36.294000,1.10531,1.10529,1370000,1250000
2018-08-15 14:35:38.037000,1.10532,1.10529,3450000,1310000
2018-08-15 14:35:38.145000,1.10533,1.10531,4870000,1690000
2018-08-15 14:35:38.199000,1.10534,1.10532,1500000,1690000
2018-08-15 14:35:38.411000,1.10535,1.10534,1120000,1250000
2018-08-15 14:35:38.884000,1.10533,1.10531,1500000,3670000
2018-08-15 14:35:39.280000,1.10536,1.10534,1200000,2370000
2018-08-15 14:35:39.807000,1.10536,1.10534,1870000,1310000
2018-08-15 14:35:40.932000,1.10536,1.10534,2250000,1690000
2018-08-15 14:35:42.689000,1.10536,1.10534,1870000,1310000
2018-08-15 14:35:43.426000,1.10536,1.10534,2250000,1690000
2018-08-15 14:35:45.226000,1.10536,1.10534,1870000,1310000
2018-08-15 14:35:45.755000,1.10535,1.10533,1870000,2060000
2018-08-15 14:35:46.287000,1.10535,1.10533,1870000,2060000
2018-08-15 14:35:47.719000,1.10535,1.10532,1870000,3560000
2018-08-15 14:35:48.356000,1.10536,1.10533,3370000,3190000
2018-08-15 14:35:50.145000,1.10536,1.10535,1000000,1250000
2018-08-15 14:35:50.411000,1.10533,1.10531,1870000,1310000
2018-08-15 14:35:51.843000,1.10535,1.10532,2060000,1310000
2018-08-15 14:35:52.631000,1.10536,1.10533,3260000,1690000
2018-08-15 14:35:53.146000,1.10535,1.10533,1870000,1120000
2018-08-15 14:35:53.557000,1.10536,1.10534,1120000,1250000
2018-08-15 14:35:54.611000,1.10536,1.10534,1870000,1000000
2018-08-15 14:35:54.940000,1.10533,1.10531,3000000,1310000
2018-08-15 14:35:55.307000,1.10532,1.1053,1870000,1690000
2018-08-15 14:35:55.527000,1.10532,1.10529,4200000,1310000
2018-08-15 14:35:59.414000,1.10532,1.10529,3000000,1690000
2018-08-15 14:36:00.050000,1.10531,1.10529,1000000,1690000
2018-08-15 14:36:00.578000,1.1053,1.10528,2620000,1250000
2018-08-15 14:36:01.546000,1.10528,1.10527,1000000,1000000
2018-08-15 14:36:02.021000,1.10531,1.10529,4500000,1000000
2018-08-15 14:36:02.531000,1.10531,1.10529,1120000,1000000
2018-08-15 14:36:03.086000,1.10533,1.10531,5740000,1000000
2018-08-15 14:36:05.152000,1.10533,1.10531,2440000,1000000
2018-08-15 14:36:05.682000,1.10533,1.1053,4120000,1250000
2018-08-15 14:36:06.492000,1.10533,1.10531,1500000,1250000
2018-08-15 14:36:06.649000,1.10536,1.10534,1100000,1690000
2018-08-15 14:36:07.164000,1.10537,1.10535,1870000,1000000
2018-08-15 14:36:07.677000,1.10537,1.10535,1500000,1250000
2018-08-15 14:36:08.260000,1.10537,1.10534,1620000,1310000
2018-08-15 14:36:08.414000,1.10537,1.10534,1870000,1690000
2018-08-15 14:36:08.946000,1.10538,1.10535,4390000,1310000
2018-08-15 14:36:09.051000,1.10538,1.10535,4390000,1250000
2018-08-15 14:36:09.602000,1.10538,1.10536,3940000,1000000
2018-08-15 14:36:09.811000,1.10537,1.10534,2060000,1120000
2018-08-15 14:36:10.348000,1.10536,1.10534,1310000,1120000
2018-08-15 14:36:10.663000,1.10535,1.10532,2060000,3560000
2018-08-15 14:36:11.031000,1.10536,1.10533,1690000,2810000
2018-08-15 14:36:12.534000,1.10536,1.10533,2060000,1690000
2018-08-15 14:36:13.162000,1.10536,1.10533,1190000,2470000
2018-08-15 14:36:13.674000,1.10536,1.10533,3560000,2250000
2018-08-15 14:36:14.211000,1.10534,1.10533,1000000,1000000
2018-08-15 14:36:14.749000,1.10535,1.10533,1250000,2250000
2018-08-15 14:36:15.254000,1.10536,1.10533,3940000,1500000
2018-08-15 14:36:16.189000,1.10534,1.10532,1250000,1500000
2018-08-15 14:36:16.344000,1.10533,1.10531,1620000,1120000
2018-08-15 14:36:18.300000,1.10533,1.1053,2440000,1120000
2018-08-15 14:36:18.807000,1.10532,1.10529,1620000,2440000
2018-08-15 14:36:19.013000,1.10533,1.1053,2060000,2810000
2018-08-15 14:36:19.545000,1.10532,1.1053,1120000,1120000
2018-08-15 14:36:19.675000,1.10533,1.10531,1690000,1370000
2018-08-15 14:36:20.192000,1.10533,1.10531,1250000,1120000
2018-08-15 14:36:20.784000,1.10534,1.10531,6560000,1620000
2018-08-15 14:36:21.332000,1.10533,1.10531,3750000,1620000
2018-08-15 14:36:22.169000,1.10533,1.10531,1870000,1250000
2018-08-15 14:36:22.684000,1.10533,1.1053,2250000,1190000
2018-08-15 14:36:23.234000,1.10533,1.10531,1000000,1310000
2018-08-15 14:36:23.570000,1.10536,1.10534,1120000,1690000
2018-08-15 14:36:25.381000,1.10537,1.10534,1870000,3750000
2018-08-15 14:36:28.372000,1.10535,1.10533,1120000,1390000
2018-08-15 14:36:28.921000,1.10536,1.10534,1690000,1000000
2018-08-15 14:36:29.237000,1.10533,1.10531,1000000,2060000
2018-08-15 14:36:29.744000,1.10533,1.10531,1870000,1250000
2018-08-15 14:36:30.545000,1.10533,1.10531,1500000,1310000
2018-08-15 14:36:31.047000,1.10534,1.10532,4690000,1120000
2018-08-15 14:36:31.153000,1.10536,1.10533,6190000,1310000
2018-08-15 14:36:31.206000,1.10537,1.10535,3940000,1000000
2018-08-15 14:36:31.414000,1.10539,1.10537,1310000,1000000
2018-08-15 14:36:31.908000,1.10539,1.10536,1500000,2320000
2018-08-15 14:36:33.659000,1.10536,1.10534,2810000,3070000
2018-08-15 14:36:34.213000,1.10539,1.10536,5810000,1000000
2018-08-15 14:36:34.753000,1.10538,1.10535,5810000,1500000
2018-08-15 14:36:34.908000,1.10534,1.10533,2440000,1000000
2018-08-15 14:36:35.170000,1.10536,1.10534,5320000,2690000
2018-08-15 14:36:35.719000,1.10538,1.10536,3190000,1000000
2018-08-15 14:36:36.058000,1.1054,1.10539,1570000,6190000
2018-08-15 14:36:36.110000,1.10544,1.10541,5140000,1000000
2018-08-15 14:36:36.265000,1.10542,1.1054,1310000,1120000
2018-08-15 14:36:36.317000,1.10541,1.10539,2060000,2250000
2018-08-15 14:36:36.560000,1.10543,1.1054,3940000,1120000
2018-08-15 14:36:36.611000,1.10542,1.1054,1620000,1000000
2018-08-15 14:36:37.201000,1.10543,1.1054,3190000,1120000
2018-08-15 14:36:37.306000,1.10544,1.10542,3370000,1000000
2018-08-15 14:36:37.747000,1.10541,1.10539,2250000,4500000
2018-08-15 14:36:37.853000,1.10539,1.10536,1310000,5850000
2018-08-15 14:36:38.063000,1.1054,1.10538,1620000,1500000
2018-08-15 14:36:38.391000,1.10541,1.10539,2440000,1000000
2018-08-15 14:36:38.854000,1.1054,1.10537,2440000,4050000
2018-08-15 14:36:39.274000,1.1054,1.10539,2620000,1000000
2018-08-15 14:36:39.791000,1.1054,1.10538,5440000,1000000
2018-08-15 14:36:40.293000,1.10539,1.10537,1120000,1000000
2018-08-15 14:36:43.843000,1.10539,1.10537,2620000,1250000
2018-08-15 14:36:44.358000,1.10539,1.10537,1870000,1250000
2018-08-15 14:36:46.261000,1.1054,1.10538,6940000,1000000
2018-08-15 14:36:46.984000,1.1054,1.10537,8060000,1310000
2018-08-15 14:36:47.530000,1.10539,1.10537,1000000,1310000
2018-08-15 14:36:48.072000,1.10539,1.10538,1000000,1000000
2018-08-15 14:36:48.851000,1.10539,1.10537,1870000,1250000
2018-08-15 14:36:50.742000,1.10539,1.10537,1500000,1250000
2018-08-15 14:36:52.099000,1.10539,1.10537,1000000,1250000
2018-08-15 14:36:53.924000,1.10541,1.10539,4500000,1000000
2018-08-15 14:36:54.452000,1.10543,1.1054,2440000,1000000
2018-08-15 14:36:54.766000,1.10544,1.10541,3940000,1000000
2018-08-15 14:36:55.274000,1.10542,1.1054,2060000,1000000
2018-08-15 14:36:55.586000,1.1054,1.10538,3750000,1000000
2018-08-15 14:36:55.901000,1.10539,1.10537,2250000,1000000
2018-08-15 14:36:56.239000,1.10537,1.10535,1310000,1120000
2018-08-15 14:36:56.778000,1.10537,1.10535,1690000,1000000
2018-08-15 14:36:57.297000,1.10537,1.10535,1000000,1000000
2018-08-15 14:36:57.828000,1.10537,1.10535,2440000,1000000
2018-08-15 14:36:58.844000,1.10537,1.10535,1690000,1000000
2018-08-15 14:36:59.402000,1.10538,1.10536,7310000,1000000
2018-08-15 14:36:59.925000,1.10537,1.10535,1000000,1800000
2018-08-15 14:37:00.428000,1.10538,1.10536,1690000,1000000
2018-08-15 14:37:00.954000,1.10537,1.10535,1690000,1000000
2018-08-15 14:37:01.110000,1.10538,1.10536,2250000,1000000
2018-08-15 14:37:03.134000,1.10538,1.10536,1690000,1000000
2018-08-15 14:37:03.691000,1.10538,1.10536,8810000,1000000
2018-08-15 14:37:03.797000,1.10535,1.10533,3940000,2320000
2018-08-15 14:37:03.903000,1.10533,1.10532,1000000,1000000
2018-08-15 14:37:04.451000,1.10534,1.10532,5810000,1000000
2018-08-15 14:37:05.001000,1.10532,1.1053,1370000,3640000
2018-08-15 14:37:05.158000,1.10529,1.10528,1120000,1950000
2018-08-15 14:37:05.211000,1.10528,1.10526,2060000,1120000
2018-08-15 14:37:05.548000,1.10531,1.10528,3940000,1000000
2018-08-15 14:37:05.960000,1.10529,1.10526,2440000,1950000
2018-08-15 14:37:06.199000,1.10527,1.10525,1690000,1000000
2018-08-15 14:37:06.731000,1.10527,1.10526,1690000,1000000
2018-08-15 14:37:07.236000,1.10527,1.10525,2250000,1000000
2018-08-15 14:37:07.553000,1.10528,1.10526,3940000,1000000
2018-08-15 14:37:07.709000,1.10529,1.10527,2620000,3190000
2018-08-15 14:37:07.829000,1.10531,1.10529,3560000,1000000
2018-08-15 14:37:08.035000,1.10532,1.1053,6370000,1000000
2018-08-15 14:37:08.540000,1.10537,1.10535,6190000,1000000
2018-08-15 14:37:08.592000,1.10537,1.10535,1000000,1000000
2018-08-15 14:37:08.695000,1.10537,1.10535,1000000,1000000
2018-08-15 14:37:08.953000,1.10537,1.10534,2440000,1500000
2018-08-15 14:37:09.149000,1.10537,1.10535,1250000,1000000
2018-08-15 14:37:09.355000,1.10536,1.10534,1690000,2700000
2018-08-15 14:37:09.690000,1.10537,1.10535,1500000,1000000
2018-08-15 14:37:10.211000,1.10538,1.10536,2060000,1000000
2018-08-15 14:37:11.142000,1.1054,1.10538,1670000,1690000
2018-08-15 14:37:11.214000,1.10542,1.10539,1760000,2620000
2018-08-15 14:37:11.266000,1.10543,1.10541,2360000,1000000
2018-08-15 14:37:11.481000,1.10544,1.10542,2060000,1000000
2018-08-15 14:37:12.778000,1.10543,1.10541,2060000,1120000
2018-08-15 14:37:12.983000,1.10544,1.10542,3560000,1000000
2018-08-15 14:37:13.770000,1.10544,1.10542,2060000,1000000
2018-08-15 14:37:15.012000,1.10545,1.10543,3490000,1120000
2018-08-15 14:37:15.426000,1.10543,1.10541,1250000,1120000
2018-08-15 14:37:15.966000,1.10543,1.10541,3190000,1000000
2018-08-15 14:37:16.314000,1.1054,1.10539,1000000,2810000
2018-08-15 14:37:16.365000,1.1054,1.10538,1120000,1000000
2018-08-15 14:37:16.570000,1.10541,1.1054,1120000,1000000
2018-08-15 14:37:16.725000,1.10543,1.10541,1000000,2810000
2018-08-15 14:37:17.262000,1.10544,1.10541,1120000,3190000
2018-08-15 14:37:17.804000,1.10545,1.10543,1120000,1690000
2018-08-15 14:37:18.320000,1.10546,1.10544,4090000,1000000
2018-08-15 14:37:18.862000,1.10545,1.10543,2890000,1000000
2018-08-15 14:37:19.544000,1.10545,1.10543,2510000,1000000
2018-08-15 14:37:20.054000,1.10545,1.10543,3260000,1000000
2018-08-15 14:37:20.597000,1.10545,1.10543,2890000,1000000
2018-08-15 14:37:21.360000,1.10545,1.10543,2140000,1000000
2018-08-15 14:37:21.873000,1.10546,1.10544,2510000,1000000
2018-08-15 14:37:21.976000,1.10547,1.10545,4310000,1120000
2018-08-15 14:37:22.232000,1.10549,1.10547,5060000,1000000
2018-08-15 14:37:22.569000,1.10546,1.10545,1000000,1120000
2018-08-15 14:37:22.833000,1.10546,1.10543,3940000,3940000
2018-08-15 14:37:23.365000,1.10546,1.10543,4120000,2440000
2018-08-15 14:37:24.034000,1.10546,1.10543,2620000,2060000
2018-08-15 14:37:24.141000,1.10547,1.10546,2810000,1120000
2018-08-15 14:37:24.198000,1.10548,1.10546,1570000,2060000
2018-08-15 14:37:24.728000,1.10548,1.10546,1000000,2060000
2018-08-15 14:37:25.253000,1.10549,1.10546,5060000,2440000
2018-08-15 14:37:26.934000,1.10549,1.10546,3560000,2810000
2018-08-15 14:37:27.469000,1.10549,1.10546,3190000,3190000
2018-08-15 14:37:29.945000,1.10549,1.10546,4310000,2440000
2018-08-15 14:37:30.451000,1.10549,1.10547,2250000,1310000
2018-08-15 14:37:30.955000,1.1055,1.10548,1200000,1310000
2018-08-15 14:37:31.276000,1.10552,1.10551,2620000,1000000
2018-08-15 14:37:31.430000,1.10554,1.10552,2060000,1000000
2018-08-15 14:37:31.673000,1.10555,1.10553,3450000,1190000
2018-08-15 14:37:32.233000,1.10555,1.10553,2620000,2060000
2018-08-15 14:37:33.103000,1.10556,1.10554,2250000,1620000
2018-08-15 14:37:33.605000,1.10557,1.10554,2250000,2440000
2018-08-15 14:37:34.148000,1.10556,1.10554,1000000,1690000
2018-08-15 14:37:34.780000,1.10557,1.10554,2060000,1690000
2018-08-15 14:37:35.123000,1.10558,1.10555,5250000,2810000
2018-08-15 14:37:35.643000,1.10559,1.10557,1120000,1690000
2018-08-15 14:37:36.178000,1.1056,1.10557,2440000,2290000
2018-08-15 14:37:37.018000,1.1056,1.10558,1690000,1000000
2018-08-15 14:37:37.484000,1.10561,1.1056,1000000,1000000
2018-08-15 14:37:37.969000,1.10562,1.1056,2060000,1000000
2018-08-15 14:37:38.674000,1.10564,1.10561,8890000,1250000
2018-08-15 14:37:39.714000,1.10564,1.10561,4310000,1000000
2018-08-15 14:37:39.822000,1.10565,1.10564,1000000,2810000
2018-08-15 14:37:39.875000,1.10567,1.10565,1000000,2060000
2018-08-15 14:37:40.378000,1.10567,1.10565,1000000,1310000
2018-08-15 14:37:40.830000,1.10568,1.10566,2440000,1000000
2018-08-15 14:37:41.391000,1.10568,1.10566,1690000,1000000
2018-08-15 14:37:41.909000,1.10569,1.10567,3190000,1000000
2018-08-15 14:37:42.513000,1.10569,1.10567,3260000,1000000
2018-08-15 14:37:42.849000,1.10569,1.10566,5060000,1000000
2018-08-15 14:37:43.370000,1.10569,1.10567,2060000,1000000
2018-08-15 14:37:43.874000,1.10569,1.10566,2810000,1250000
2018-08-15 14:37:44.180000,1.10569,1.10567,2060000,1000000
2018-08-15 14:37:44.314000,1.1057,1.10568,2140000,2620000
2018-08-15 14:37:44.366000,1.10574,1.10571,7390000,1000000
2018-08-15 14:37:44.571000,1.10575,1.10573,1310000,1120000
2018-08-15 14:37:45.078000,1.10576,1.10573,4120000,2060000
2018-08-15 14:37:45.237000,1.10577,1.10576,1500000,1000000
2018-08-15 14:37:45.343000,1.10579,1.10577,2250000,1250000
2018-08-15 14:37:45.590000,1.10577,1.10576,1870000,1310000
2018-08-15 14:37:45.901000,1.10575,1.10574,1000000,1000000
2018-08-15 14:37:46.430000,1.10576,1.10574,2810000,1000000
2018-08-15 14:37:47.141000,1.10576,1.10574,2810000,1000000
2018-08-15 14:37:47.552000,1.10574,1.10572,1000000,4390000
2018-08-15 14:37:48.080000,1.10575,1.10572,2810000,1760000
2018-08-15 14:37:48.650000,1.10575,1.10572,1690000,2510000
2018-08-15 14:37:49.021000,1.10574,1.10571,3190000,1310000
2018-08-15 14:37:49.180000,1.10572,1.1057,1000000,1310000
2018-08-15 14:37:49.487000,1.1057,1.10568,1870000,1250000
2018-08-15 14:37:50.383000,1.10569,1.10567,1120000,1690000
2018-08-15 14:37:50.925000,1.10569,1.10567,1000000,2060000
2018-08-15 14:37:51.565000,1.1057,1.10568,1500000,1620000
2018-08-15 14:37:51.682000,1.10572,1.1057,3000000,2060000
2018-08-15 14:37:52.069000,1.1057,1.10569,1250000,2250000
2018-08-15 14:37:52.172000,1.10568,1.10566,1120000,3260000
2018-08-15 14:37:52.734000,1.10569,1.10566,1120000,3190000
2018-08-15 14:37:53.241000,1.10568,1.10565,1870000,3560000
2018-08-15 14:37:54.356000,1.10567,1.10565,1000000,2810000
2018-08-15 14:37:54.888000,1.10568,1.10566,3000000,1250000
2018-08-15 14:37:55.417000,1.10568,1.10566,3000000,1190000
2018-08-15 14:37:57.408000,1.10569,1.10568,1120000,1250000
2018-08-15 14:37:57.515000,1.10571,1.10569,1870000,1310000
2018-08-15 14:37:58.022000,1.1057,1.10568,1000000,3560000
2018-08-15 14:37:58.438000,1.10572,1.1057,1500000,1250000
2018-08-15 14:37:58.993000,1.10572,1.10571,1000000,1000000
2018-08-15 14:37:59.540000,1.10573,1.1057,3190000,1690000
2018-08-15 14:37:59.803000,1.1057,1.10569,1000000,1870000
2018-08-15 14:38:00.210000,1.10572,1.1057,2620000,2060000
2018-08-15 14:38:00.769000,1.10573,1.10571,1500000,1310000
2018-08-15 14:38:01.084000,1.10575,1.10573,3750000,3190000
2018-08-15 14:38:01.382000,1.10579,1.10576,2700000,2060000
2018-08-15 14:38:01.489000,1.10577,1.10575,1000000,1690000
2018-08-15 14:38:02.088000,1.10576,1.10574,1000000,1120000
2018-08-15 14:38:02.410000,1.10586,1.10583,2890000,1310000
2018-08-15 14:38:02.676000,1.10586,1.10583,2250000,1250000
2018-08-15 14:38:02.884000,1.10586,1.10584,2060000,1120000
2018-08-15 14:38:02.937000,1.10586,1.10583,3190000,1120000
2018-08-15 14:38:03.041000,1.10584,1.10582,1120000,2060000
2018-08-15 14:38:03.094000,1.10582,1.1058,1870000,2890000
2018-08-15 14:38:03.146000,1.10582,1.1058,2250000,1120000
2018-08-15 14:38:03.682000,1.10582,1.10579,3750000,1310000
2018-08-15 14:38:04.204000,1.10581,1.10579,1870000,1250000
2018-08-15 14:38:05.311000,1.10582,1.1058,3000000,1310000
2018-08-15 14:38:05.364000,1.10583,1.10582,2020000,1250000
2018-08-15 14:38:05.579000,1.10588,1.10585,1500000,2440000
2018-08-15 14:38:05.682000,1.10586,1.10584,1120000,1010000
2018-08-15 14:38:07.397000,1.10586,1.10584,1000000,1690000
2018-08-15 14:38:07.801000,1.10582,1.10581,1120000,1870000
2018-08-15 14:38:08.162000,1.10584,1.10581,2440000,1310000
2018-08-15 14:38:08.687000,1.10583,1.10581,1570000,1690000
2018-08-15 14:38:09.257000,1.10582,1.10579,2060000,4200000
2018-08-15 14:38:09.790000,1.10581,1.10579,2060000,1000000
2018-08-15 14:38:10.314000,1.10583,1.10581,1870000,1000000
2018-08-15 14:38:10.630000,1.10584,1.10582,1870000,2810000
2018-08-15 14:38:10.684000,1.10587,1.10585,3940000,1000000
2018-08-15 14:38:10.791000,1.10587,1.10585,1870000,1120000
2018-08-15 14:38:13.625000,1.10589,1.10588,9370000,1000000
2018-08-15 14:38:13.735000,1.1059,1.10588,1310000,1120000
2018-08-15 14:38:14.283000,1.10589,1.10587,1310000,1120000
2018-08-15 14:38:14.981000,1.1059,1.10588,2060000,1000000
2018-08-15 14:38:15.758000,1.1059,1.10588,2810000,1000000
2018-08-15 14:38:16.079000,1.10594,1.10593,1250000,1000000
2018-08-15 14:38:16.625000,1.10595,1.10593,9940000,1000000
2018-08-15 14:38:16.999000,1.10597,1.10596,1200000,1000000
2018-08-15 14:38:17.578000,1.10597,1.10595,1620000,1000000
2018-08-15 14:38:18.044000,1.10595,1.10593,2140000,1570000
2018-08-15 14:38:18.584000,1.10594,1.10592,5810000,1000000
2018-08-15 14:38:19.100000,1.10594,1.10593,1310000,1000000
2018-08-15 14:38:21.153000,1.10594,1.1059,7120000,5890000
2018-08-15 14:38:21.461000,1.10595,1.10593,9370000,1120000
2018-08-15 14:38:22.250000,1.10596,1.10594,7120000,2810000
2018-08-15 14:38:22.537000,1.10594,1.10593,1000000,1000000
2018-08-15 14:38:23.572000,1.10596,1.10594,1500000,2440000
2018-08-15 14:38:23.728000,1.10598,1.10596,2440000,1000000
2018-08-15 14:38:24.233000,1.10598,1.10595,2440000,1000000
2018-08-15 14:38:24.668000,1.10597,1.10594,2000000,2250000
2018-08-15 14:38:24.772000,1.10595,1.10593,6370000,1120000
2018-08-15 14:38:24.875000,1.10594,1.10591,1120000,2510000
2018-08-15 14:38:24.978000,1.10594,1.10591,3190000,1000000
2018-08-15 14:38:25.600000,1.10594,1.10591,3000000,1390000
2018-08-15 14:38:26.114000,1.10593,1.10591,1500000,1310000
2018-08-15 14:38:26.356000,1.10593,1.1059,1870000,2060000
2018-08-15 14:38:26.782000,1.10593,1.10591,1500000,1310000
2018-08-15 14:38:27.325000,1.10594,1.10591,3000000,1310000
2018-08-15 14:38:28.391000,1.10594,1.10591,1310000,2060000
2018-08-15 14:38:29.181000,1.10594,1.10591,1690000,1690000
2018-08-15 14:38:29.730000,1.10594,1.10591,1690000,2060000
2018-08-15 14:38:31.163000,1.10594,1.10591,2440000,1250000
2018-08-15 14:38:32.613000,1.10594,1.10592,1000000,1310000
2018-08-15 14:38:41.320000,1.10593,1.10591,1500000,3190000
2018-08-15 14:38:41.372000,1.10592,1.1059,1120000,2440000
2018-08-15 14:38:41.631000,1.10589,1.10588,1250000,1870000
2018-08-15 14:38:41.860000,1.10592,1.1059,1120000,1120000
2018-08-15 14:38:42.385000,1.10594,1.10591,1620000,2810000
2018-08-15 14:38:42.891000,1.10594,1.10592,1620000,1500000
2018-08-15 14:38:43.622000,1.10592,1.10591,1120000,1310000
2018-08-15 14:38:43.831000,1.10592,1.1059,2960000,1570000
2018-08-15 14:38:43.937000,1.10589,1.10587,1200000,12260000
2018-08-15 14:38:44.400000,1.1059,1.10589,1390000,1000000
2018-08-15 14:38:44.719000,1.10592,1.1059,1310000,2250000
2018-08-15 14:38:45.915000,1.10594,1.10592,2060000,1120000
2018-08-15 14:38:46.434000,1.10594,1.10593,1120000,1000000
2018-08-15 14:38:48.028000,1.10595,1.10593,11440000,2870000
2018-08-15 14:38:48.079000,1.10598,1.10596,2060000,1870000
2018-08-15 14:38:48.234000,1.10597,1.10595,1370000,1690000
2018-08-15 14:38:48.495000,1.106,1.10597,3970000,1870000
2018-08-15 14:38:49.041000,1.10599,1.10596,1310000,4200000
2018-08-15 14:38:49.586000,1.10595,1.10594,6000000,1120000
2018-08-15 14:38:50.119000,1.10596,1.10594,1000000,1870000
2018-08-15 14:38:50.709000,1.10596,1.10594,2060000,1000000
2018-08-15 14:38:50.761000,1.10594,1.10593,1000000,1950000
2018-08-15 14:38:53.205000,1.10595,1.10592,6000000,2890000
2018-08-15 14:38:53.756000,1.10594,1.10592,1120000,1570000
2018-08-15 14:38:54.565000,1.10595,1.10594,1570000,1120000
2018-08-15 14:38:54.618000,1.10598,1.10597,1250000,1120000
2018-08-15 14:38:57.104000,1.106,1.10597,2840000,7310000
2018-08-15 14:38:57.636000,1.10599,1.10598,1000000,1120000
2018-08-15 14:39:01.441000,1.10599,1.10597,2810000,1000000
2018-08-15 14:39:01.783000,1.10597,1.10595,1560000,1000000
2018-08-15 14:39:02.092000,1.10597,1.10596,1120000,1500000
2018-08-15 14:39:02.339000,1.10599,1.10597,3560000,1870000
2018-08-15 14:39:02.754000,1.106,1.10599,1500000,1120000
2018-08-15 14:39:03.329000,1.10604,1.10602,1950000,2440000
2018-08-15 14:39:03.862000,1.10603,1.10601,1000000,2060000
2018-08-15 14:39:04.222000,1.10601,1.10599,2250000,4760000
2018-08-15 14:39:04.854000,1.106,1.10599,1120000,1500000
2018-08-15 14:39:05.862000,1.106,1.10598,1120000,2440000
2018-08-15 14:39:07.125000,1.106,1.10598,1370000,1690000
2018-08-15 14:39:07.822000,1.106,1.10599,1000000,1120000
2018-08-15 14:39:08.325000,1.10601,1.10599,4310000,1870000
2018-08-15 14:39:09.128000,1.10601,1.106,4120000,1000000
2018-08-15 14:39:09.613000,1.10605,1.10603,1500000,1310000
2018-08-15 14:39:10.694000,1.10606,1.10603,4310000,2440000
2018-08-15 14:39:10.951000,1.10606,1.10604,1310000,1000000
2018-08-15 14:39:11.501000,1.10606,1.10605,1120000,1000000
2018-08-15 14:39:13.034000,1.10607,1.10604,6560000,1950000
2018-08-15 14:39:13.541000,1.10607,1.10604,6560000,1120000
2018-08-15 14:39:14.076000,1.10607,1.10605,3190000,1500000
2018-08-15 14:39:17.031000,1.10608,1.10607,1100000,1310000
2018-08-15 14:39:17.260000,1.1061,1.10607,1540000,1760000
2018-08-15 14:39:17.856000,1.1061,1.10607,1160000,4010000
2018-08-15 14:39:18.464000,1.10611,1.10609,3410000,1000000
2018-08-15 14:39:19.744000,1.1061,1.10608,1160000,2250000
2018-08-15 14:39:20.390000,1.1061,1.10608,2290000,2620000
2018-08-15 14:39:22.107000,1.1061,1.10608,1540000,1000000
2018-08-15 14:39:23.580000,1.1061,1.10608,2290000,1000000
2018-08-15 14:39:24.114000,1.1061,1.10608,1540000,2250000
2018-08-15 14:39:24.168000,1.10609,1.10607,2060000,1500000
2018-08-15 14:39:24.275000,1.10608,1.10606,1310000,1500000
2018-08-15 14:39:24.912000,1.10609,1.10607,1120000,2060000
2018-08-15 14:39:25.527000,1.10609,1.10607,1370000,2060000
2018-08-15 14:39:25.855000,1.10607,1.10605,1690000,2700000
2018-08-15 14:39:26.904000,1.10608,1.10606,2440000,1870000
2018-08-15 14:39:27.441000,1.10607,1.10605,1690000,2250000
2018-08-15 14:39:27.966000,1.10607,1.10605,2440000,1120000
2018-08-15 14:39:28.508000,1.10607,1.10605,3190000,1120000
2018-08-15 14:39:29.826000,1.1061,1.10608,1200000,1690000
2018-08-15 14:39:29.878000,1.1061,1.10609,1250000,1500000
2018-08-15 14:39:30.387000,1.10613,1.1061,4310000,1870000
2018-08-15 14:39:32.053000,1.10613,1.1061,2810000,2250000
2018-08-15 14:39:32.637000,1.10613,1.10611,2060000,1500000
2018-08-15 14:39:32.843000,1.10616,1.10614,2060000,2620000
2018-08-15 14:39:33.381000,1.10615,1.10613,1120000,5250000
2018-08-15 14:39:33.536000,1.10614,1.10612,3940000,1500000
2018-08-15 14:39:33.847000,1.10611,1.1061,1310000,1500000
2018-08-15 14:39:34.941000,1.1061,1.10609,1000000,1870000
2018-08-15 14:39:35.456000,1.1061,1.10609,1000000,2810000
2018-08-15 14:39:36.004000,1.10611,1.10609,1120000,2440000
2018-08-15 14:39:36.326000,1.10616,1.10614,2890000,1000000
2018-08-15 14:39:36.891000,1.10616,1.10615,1000000,1000000
2018-08-15 14:39:37.401000,1.10617,1.10615,1310000,1500000
2018-08-15 14:39:38.180000,1.10618,1.10616,1620000,1000000
2018-08-15 14:39:38.558000,1.1062,1.10617,3820000,3560000
2018-08-15 14:39:38.817000,1.10618,1.10617,1000000,2620000
2018-08-15 14:39:39.336000,1.10618,1.10616,1000000,2440000
2018-08-15 14:39:40.210000,1.10618,1.10616,1000000,3940000
2018-08-15 14:39:40.532000,1.1062,1.10617,1250000,3940000
2018-08-15 14:39:41.384000,1.10619,1.10617,1500000,2060000
2018-08-15 14:39:41.905000,1.1062,1.10618,1310000,2250000
2018-08-15 14:39:42.167000,1.10622,1.1062,1760000,1000000
2018-08-15 14:39:42.562000,1.10621,1.10619,1620000,1500000
2018-08-15 14:39:42.872000,1.10622,1.1062,1310000,1000000
2018-08-15 14:39:43.414000,1.1062,1.10619,1690000,1000000
2018-08-15 14:39:43.671000,1.10618,1.10616,1120000,2060000
2018-08-15 14:39:44.193000,1.10619,1.10617,1120000,1310000
2018-08-15 14:39:44.636000,1.10621,1.10619,1200000,2810000
2018-08-15 14:39:44.688000,1.10622,1.10619,1310000,4690000
2018-08-15 14:39:44.792000,1.10623,1.10621,1620000,1500000
2018-08-15 14:39:45.230000,1.10624,1.10622,2250000,1310000
2018-08-15 14:39:45.793000,1.10624,1.10621,2440000,3190000
2018-08-15 14:39:46.029000,1.10619,1.10618,1250000,1870000
2018-08-15 14:39:46.132000,1.10616,1.10614,1000000,5620000
2018-08-15 14:39:46.451000,1.10609,1.10607,2440000,3450000
2018-08-15 14:39:46.956000,1.10608,1.10607,1000000,1120000
2018-08-15 14:39:47.375000,1.10607,1.10605,1000000,5810000
2018-08-15 14:39:47.429000,1.10608,1.10607,1120000,1000000
2018-08-15 14:39:48.058000,1.10608,1.10606,2440000,1120000
2018-08-15 14:39:48.212000,1.10609,1.10607,1870000,1310000
2018-08-15 14:39:48.737000,1.10609,1.10608,1500000,1000000
2018-08-15 14:39:50.296000,1.10608,1.10607,1870000,1120000
2018-08-15 14:39:50.487000,1.10607,1.10605,2060000,1120000
2018-08-15 14:39:50.595000,1.10608,1.10606,3260000,1000000
2018-08-15 14:39:50.801000,1.1061,1.10608,3370000,1690000
2018-08-15 14:39:51.130000,1.10607,1.10606,2250000,1000000
2018-08-15 14:39:51.489000,1.10605,1.10604,1000000,1500000
2018-08-15 14:39:51.952000,1.10604,1.10602,2310000,1870000
2018-08-15 14:39:52.492000,1.10604,1.10602,1870000,1310000
2018-08-15 14:39:52.886000,1.10604,1.10601,2320000,3560000
2018-08-15 14:39:52.938000,1.10605,1.10603,1690000,1120000
2018-08-15 14:39:53.449000,1.10606,1.10604,2250000,1000000
2018-08-15 14:39:54.442000,1.10606,1.10604,1690000,1120000
2018-08-15 14:39:55.781000,1.10606,1.10604,2060000,1000000
2018-08-15 14:39:56.556000,1.10605,1.10604,1000000,1000000
2018-08-15 14:39:56.762000,1.10605,1.10602,2060000,4010000
2018-08-15 14:39:57.019000,1.10605,1.10603,2060000,1870000
2018-08-15 14:39:57.313000,1.10606,1.10604,2060000,1000000
2018-08-15 14:39:57.884000,1.10606,1.10604,2060000,1000000
2018-08-15 14:39:58.372000,1.10602,1.10601,1500000,2440000
2018-08-15 14:39:58.530000,1.10604,1.10603,1120000,1000000
2018-08-15 14:39:58.880000,1.10602,1.10601,1500000,1690000
2018-08-15 14:39:59.398000,1.10605,1.10603,3820000,1690000
2018-08-15 14:39:59.930000,1.10606,1.10604,1690000,1000000
2018-08-15 14:40:00.710000,1.10606,1.10604,2440000,1500000
2018-08-15 14:40:01.692000,1.10603,1.10601,1450000,3190000
2018-08-15 14:40:02.031000,1.10605,1.10604,1310000,1000000
2018-08-15 14:40:02.302000,1.10604,1.10602,1870000,2440000
2018-08-15 14:40:02.804000,1.10604,1.10603,1250000,1120000
2018-08-15 14:40:03.354000,1.10608,1.10607,2700000,1000000
2018-08-15 14:40:03.411000,1.10611,1.1061,1000000,1000000
2018-08-15 14:40:03.677000,1.10611,1.10608,2810000,2620000
2018-08-15 14:40:03.991000,1.10606,1.10605,1000000,3000000
2018-08-15 14:40:04.510000,1.10606,1.10605,1000000,1000000
2018-08-15 14:40:05.169000,1.10606,1.10604,1120000,1870000
2018-08-15 14:40:06.649000,1.10605,1.10604,1000000,1120000
2018-08-15 14:40:07.192000,1.10606,1.10604,1120000,2060000
2018-08-15 14:40:07.921000,1.10605,1.10603,1120000,2440000
2018-08-15 14:40:08.434000,1.10605,1.10603,1120000,1310000
2018-08-15 14:40:08.945000,1.10606,1.10603,1500000,2440000
2018-08-15 14:40:09.424000,1.10606,1.10605,1000000,1120000
2018-08-15 14:40:10.307000,1.10606,1.10604,1310000,1870000
2018-08-15 14:40:11.792000,1.10607,1.10605,2430000,1000000
2018-08-15 14:40:12.141000,1.10609,1.10608,1120000,1000000
2018-08-15 14:40:12.244000,1.10611,1.10608,1690000,1870000
2018-08-15 14:40:12.502000,1.10611,1.1061,1120000,1000000
2018-08-15 14:40:13.061000,1.10612,1.1061,2440000,1000000
2018-08-15 14:40:14.991000,1.1061,1.10609,1120000,1000000
2018-08-15 14:40:15.526000,1.10611,1.1061,1000000,1250000
2018-08-15 14:40:16.054000,1.10612,1.1061,1120000,1250000
2018-08-15 14:40:17.083000,1.10612,1.1061,1370000,1250000
2018-08-15 14:40:17.724000,1.10613,1.10611,3370000,1500000
2018-08-15 14:40:18.225000,1.10612,1.1061,1000000,2060000
2018-08-15 14:40:21.505000,1.10614,1.10612,3070000,2310000
2018-08-15 14:40:22.029000,1.10614,1.10613,2250000,2060000
2018-08-15 14:40:22.134000,1.10617,1.10615,1370000,1870000
2018-08-15 14:40:22.674000,1.10617,1.10616,1310000,1000000
2018-08-15 14:40:24.194000,1.10617,1.10615,1370000,1870000
2018-08-15 14:40:24.538000,1.10615,1.10613,1310000,2250000
2018-08-15 14:40:25.065000,1.10616,1.10613,1310000,3370000
2018-08-15 14:40:25.528000,1.10612,1.10611,2440000,1000000
2018-08-15 14:40:25.637000,1.10611,1.10609,1310000,1870000
2018-08-15 14:40:25.971000,1.10609,1.10607,1120000,1690000
2018-08-15 14:40:26.494000,1.10609,1.10607,2320000,1500000
2018-08-15 14:40:26.734000,1.10611,1.10609,1760000,1500000
2018-08-15 14:40:27.551000,1.10612,1.1061,3560000,1000000
2018-08-15 14:40:28.098000,1.10612,1.1061,2620000,1000000
2018-08-15 14:40:28.610000,1.10612,1.1061,2250000,1870000
2018-08-15 14:40:29.096000,1.10613,1.10612,1500000,6000000
