time,ask,bid,ask_volume,bid_volume
2020-11-17 14:10:01.270000,1.04173,1.04171,1120000,1250000
2020-11-17 14:10:02.191000,1.04174,1.04172,1000000,1200000
2020-11-17 14:10:02.292000,1.04174,1.04172,1000000,1600000
2020-11-17 14:10:02.458000,1.04174,1.04172,1000000,1570000
2020-11-17 14:10:07.085000,1.04175,1.04173,1000000,1000000
2020-11-17 14:10:10.175000,1.04173,1.04171,1000000,2510000
2020-11-17 14:10:10.934000,1.04173,1.04172,1000000,1000000
2020-11-17 14:10:11.035000,1.04175,1.04172,2810000,2660000
2020-11-17 14:10:11.086000,1.04176,1.04175,1000000,1200000
2020-11-17 14:10:11.188000,1.04175,1.04174,1000000,1570000
2020-11-17 14:10:15.180000,1.04175,1.04173,1000000,6260000
2020-11-17 14:10:16.349000,1.04175,1.04173,1000000,4160000
2020-11-17 14:10:17.670000,1.04177,1.04175,1870000,1390000
2020-11-17 14:10:17.771000,1.04178,1.04176,2810000,1200000
2020-11-17 14:10:17.923000,1.04178,1.04174,1000000,1760000
2020-11-17 14:10:21.051000,1.04177,1.04174,1690000,2890000
2020-11-17 14:10:21.396000,1.04177,1.04175,1690000,1000000
2020-11-17 14:10:21.548000,1.04177,1.04174,1690000,2890000
2020-11-17 14:10:21.909000,1.04177,1.04175,1690000,1000000
2020-11-17 14:10:23.410000,1.04178,1.04177,1120000,1000000
2020-11-17 14:10:23.511000,1.04179,1.04177,2810000,1500000
2020-11-17 14:10:23.923000,1.0418,1.04178,1690000,1200000
2020-11-17 14:10:24.125000,1.0418,1.04178,3620000,1000000
2020-11-17 14:10:24.459000,1.04181,1.04177,2440000,1200000
2020-11-17 14:10:24.611000,1.0418,1.04177,3190000,2060000
2020-11-17 14:10:24.763000,1.0418,1.04177,4750000,1870000
2020-11-17 14:10:24.865000,1.04178,1.04177,1690000,1000000
2020-11-17 14:10:24.916000,1.04177,1.04175,2440000,1000000
2020-11-17 14:10:25.017000,1.04174,1.04172,1000000,2440000
2020-11-17 14:10:25.966000,1.04175,1.04173,2750000,1000000
2020-11-17 14:10:26.068000,1.04175,1.04173,1870000,1000000
2020-11-17 14:10:26.169000,1.04175,1.04173,2870000,1000000
2020-11-17 14:10:27.024000,1.04175,1.04173,2060000,1000000
2020-11-17 14:10:31.252000,1.04178,1.04177,1500000,1000000
2020-11-17 14:10:31.405000,1.04177,1.04175,1500000,1000000
2020-11-17 14:10:31.507000,1.04176,1.04174,1500000,1200000
2020-11-17 14:10:31.761000,1.04176,1.04175,1000000,1000000
2020-11-17 14:10:32.015000,1.04177,1.04175,2620000,1000000
2020-11-17 14:10:32.320000,1.04177,1.04176,1120000,1000000
2020-11-17 14:10:32.422000,1.04178,1.04175,2560000,1950000
2020-11-17 14:10:32.523000,1.04178,1.04175,2440000,1950000
2020-11-17 14:10:32.745000,1.04178,1.04176,2810000,1000000
2020-11-17 14:10:33.827000,1.04178,1.04177,1120000,1000000
2020-11-17 14:10:33.929000,1.04179,1.04177,1690000,1000000
2020-11-17 14:10:38.978000,1.0418,1.04179,1500000,1000000
2020-11-17 14:10:39.030000,1.04182,1.0418,2510000,1000000
2020-11-17 14:10:39.131000,1.04182,1.04179,1750000,4950000
2020-11-17 14:10:39.232000,1.0418,1.04179,1250000,1570000
2020-11-17 14:10:39.510000,1.04181,1.04179,1250000,2320000
2020-11-17 14:10:39.662000,1.04181,1.04179,1750000,2320000
2020-11-17 14:10:40.070000,1.04182,1.0418,2500000,1000000
2020-11-17 14:10:40.171000,1.04184,1.0418,3060000,1200000
2020-11-17 14:10:40.576000,1.04184,1.04183,1310000,3450000
2020-11-17 14:10:40.728000,1.04184,1.04182,1250000,3200000
2020-11-17 14:10:40.830000,1.04184,1.04182,1690000,1000000
2020-11-17 14:10:41.133000,1.04184,1.04183,1250000,1000000
2020-11-17 14:10:41.538000,1.04184,1.04182,3190000,1000000
2020-11-17 14:10:42.309000,1.04184,1.04182,4000000,1000000
2020-11-17 14:10:42.652000,1.04184,1.04182,3190000,1000000
2020-11-17 14:10:44.380000,1.04186,1.04182,1250000,1000000
2020-11-17 14:10:44.532000,1.04187,1.04183,2440000,1000000
2020-11-17 14:10:45.241000,1.04185,1.04183,1000000,2060000
2020-11-17 14:10:45.545000,1.04184,1.04182,1870000,2250000
2020-11-17 14:10:47.718000,1.04182,1.0418,1000000,2440000
2020-11-17 14:10:47.819000,1.04182,1.04179,1250000,1000000
2020-11-17 14:10:48.034000,1.0418,1.04179,1000000,1000000
2020-11-17 14:10:51.522000,1.04181,1.04179,1000000,1500000
2020-11-17 14:10:51.623000,1.04182,1.0418,1870000,1000000
2020-11-17 14:10:52.654000,1.04182,1.04178,1000000,1500000
2020-11-17 14:10:53.342000,1.0418,1.04178,2060000,1500000
2020-11-17 14:10:53.696000,1.04179,1.04178,1000000,1500000
2020-11-17 14:10:56.246000,1.04178,1.04176,1000000,3000000
2020-11-17 14:10:56.348000,1.04177,1.04175,2440000,1250000
2020-11-17 14:10:56.792000,1.04176,1.04174,1000000,4070000
2020-11-17 14:11:00.840000,1.04175,1.04174,1000000,1250000
2020-11-17 14:11:01.513000,1.04175,1.04173,1000000,1760000
2020-11-17 14:11:02.906000,1.04174,1.04173,1000000,1000000
2020-11-17 14:11:03.945000,1.04174,1.04172,1000000,1870000
2020-11-17 14:11:04.964000,1.04172,1.0417,1000000,5750000
2020-11-17 14:11:05.066000,1.04172,1.0417,2060000,1500000
2020-11-17 14:11:06.285000,1.04171,1.04169,1120000,1500000
2020-11-17 14:11:06.861000,1.04172,1.0417,3310000,1000000
2020-11-17 14:11:06.912000,1.04173,1.04171,2440000,1000000
2020-11-17 14:11:07.064000,1.04173,1.04172,1120000,1000000
2020-11-17 14:11:07.165000,1.04175,1.04173,1500000,1500000
2020-11-17 14:11:11.838000,1.04176,1.04174,1250000,1000000
2020-11-17 14:11:16.075000,1.04176,1.04172,1000000,2140000
2020-11-17 14:11:18.591000,1.04174,1.04172,1870000,1500000
2020-11-17 14:11:18.693000,1.04173,1.04172,1090000,1000000
2020-11-17 14:11:19.696000,1.04174,1.04172,3630000,1000000
2020-11-17 14:11:20.246000,1.04174,1.04172,3780000,1000000
2020-11-17 14:11:20.347000,1.04174,1.04172,3630000,1000000
2020-11-17 14:11:20.549000,1.04174,1.04172,3780000,1000000
2020-11-17 14:11:27.251000,1.04173,1.04171,1760000,1500000
2020-11-17 14:11:27.403000,1.0417,1.04169,1690000,4870000
2020-11-17 14:11:27.454000,1.04169,1.04168,1200000,1000000
2020-11-17 14:11:27.555000,1.04169,1.04167,1950000,1690000
2020-11-17 14:11:27.810000,1.04168,1.04167,1000000,1690000
2020-11-17 14:11:28.127000,1.04169,1.04168,1090000,1000000
2020-11-17 14:11:29.025000,1.04169,1.04167,2510000,1690000
2020-11-17 14:11:30.442000,1.04168,1.04166,1000000,1310000
2020-11-17 14:11:33.131000,1.04166,1.04165,1000000,1000000
2020-11-17 14:11:33.233000,1.04166,1.04164,2130000,1500000
2020-11-17 14:11:33.554000,1.04165,1.04163,1200000,1690000
2020-11-17 14:11:34.421000,1.04167,1.04163,4010000,1000000
2020-11-17 14:11:38.359000,1.04166,1.04164,3590000,1000000
2020-11-17 14:11:38.475000,1.04165,1.04163,1760000,1500000
2020-11-17 14:11:39.745000,1.04166,1.04164,3260000,1000000
2020-11-17 14:11:39.950000,1.04165,1.04163,1000000,1690000
2020-11-17 14:11:40.852000,1.04166,1.04164,2810000,1000000
2020-11-17 14:11:41.005000,1.04165,1.04163,1000000,2140000
2020-11-17 14:11:43.036000,1.04164,1.04163,1000000,1500000
2020-11-17 14:11:43.589000,1.04165,1.04163,1000000,1760000
2020-11-17 14:11:44.006000,1.04167,1.04165,2620000,1000000
2020-11-17 14:11:44.108000,1.04167,1.04166,1500000,1000000
2020-11-17 14:11:44.575000,1.04167,1.04165,2250000,1100000
2020-11-17 14:11:44.980000,1.04167,1.04166,1500000,1000000
2020-11-17 14:11:45.284000,1.04167,1.04165,2250000,1000000
2020-11-17 14:11:46.572000,1.04168,1.04167,1870000,1000000
2020-11-17 14:11:46.673000,1.04168,1.04166,2620000,1000000
2020-11-17 14:11:47.989000,1.04167,1.04166,1000000,1000000
2020-11-17 14:11:48.438000,1.04169,1.04165,2620000,1000000
2020-11-17 14:11:48.540000,1.04172,1.0417,1690000,1000000
2020-11-17 14:11:48.590000,1.04171,1.04168,1500000,6640000
2020-11-17 14:11:48.692000,1.0417,1.04168,1000000,2140000
2020-11-17 14:11:48.793000,1.0417,1.04168,1000000,2140000
2020-11-17 14:11:48.895000,1.0417,1.04169,1000000,1000000
2020-11-17 14:11:49.841000,1.04171,1.04169,1500000,1000000
2020-11-17 14:11:50.009000,1.0417,1.04168,1000000,2510000
2020-11-17 14:11:52.257000,1.04169,1.04167,1000000,4120000
2020-11-17 14:11:52.308000,1.04168,1.04166,1000000,1250000
2020-11-17 14:11:52.410000,1.04169,1.04166,1000000,1200000
2020-11-17 14:11:52.512000,1.04169,1.04167,1000000,2890000
2020-11-17 14:11:54.778000,1.04168,1.04166,1000000,3260000
2020-11-17 14:11:57.392000,1.04168,1.04164,1000000,1000000
2020-11-17 14:11:58.993000,1.04168,1.04165,1000000,1000000
2020-11-17 14:11:59.370000,1.04168,1.04166,3190000,1000000
2020-11-17 14:11:59.473000,1.04168,1.04164,1000000,1000000
2020-11-17 14:11:59.930000,1.04169,1.04165,5190000,1000000
2020-11-17 14:12:00.031000,1.04167,1.04165,1000000,1500000
2020-11-17 14:12:00.331000,1.04168,1.04166,3940000,1000000
2020-11-17 14:12:02.485000,1.04169,1.04167,1000000,1500000
2020-11-17 14:12:02.586000,1.04168,1.04166,1000000,2890000
2020-11-17 14:12:02.688000,1.04168,1.04166,1000000,3010000
2020-11-17 14:12:05.033000,1.04169,1.04168,1120000,1000000
2020-11-17 14:12:05.526000,1.04169,1.04167,1120000,1120000
2020-11-17 14:12:06.620000,1.04169,1.04168,1000000,1500000
2020-11-17 14:12:06.823000,1.04169,1.04167,1000000,1870000
2020-11-17 14:12:07.913000,1.04168,1.04167,1000000,1000000
2020-11-17 14:12:08.295000,1.04168,1.04166,1000000,3190000
2020-11-17 14:12:08.851000,1.0417,1.04168,4620000,1000000
2020-11-17 14:12:08.952000,1.0417,1.04167,1000000,7760000
2020-11-17 14:12:10.627000,1.0417,1.04168,1000000,1030000
2020-11-17 14:12:10.729000,1.04171,1.04169,2120000,1500000
2020-11-17 14:12:10.830000,1.04171,1.04169,1250000,1870000
2020-11-17 14:12:10.931000,1.04173,1.04171,3250000,1000000
2020-11-17 14:12:11.430000,1.04173,1.04171,1870000,1120000
2020-11-17 14:12:11.531000,1.04173,1.04172,1870000,1000000
2020-11-17 14:12:11.936000,1.04176,1.04173,6440000,2320000
2020-11-17 14:12:11.987000,1.04177,1.04174,1370000,1000000
2020-11-17 14:12:12.088000,1.04175,1.04173,1250000,3760000
2020-11-17 14:12:13.058000,1.04175,1.04173,1250000,2320000
2020-11-17 14:12:19.290000,1.04176,1.04175,1250000,1000000
2020-11-17 14:12:19.442000,1.04175,1.04174,1250000,1500000
2020-11-17 14:12:20.977000,1.04176,1.04174,1250000,1500000
2020-11-17 14:12:21.078000,1.04176,1.04174,1750000,1500000
2020-11-17 14:12:23.095000,1.04175,1.04173,1250000,5320000
2020-11-17 14:12:25.583000,1.04176,1.04174,1750000,1000000
2020-11-17 14:12:26.561000,1.04176,1.04175,1690000,1000000
2020-11-17 14:12:27.297000,1.04175,1.04173,1250000,5320000
2020-11-17 14:12:27.604000,1.04176,1.04174,1750000,1000000
2020-11-17 14:12:28.046000,1.04178,1.04176,6000000,1000000
2020-11-17 14:12:28.148000,1.04177,1.04176,1250000,1120000
2020-11-17 14:12:28.249000,1.04179,1.04177,4750000,1000000
2020-11-17 14:12:28.351000,1.04179,1.04177,1690000,1000000
2020-11-17 14:12:28.863000,1.04179,1.04177,1250000,3120000
2020-11-17 14:12:28.965000,1.0418,1.04178,1000000,2440000
2020-11-17 14:12:29.067000,1.04181,1.04179,2810000,1000000
2020-11-17 14:12:29.219000,1.04183,1.04181,1690000,1000000
2020-11-17 14:12:29.322000,1.04184,1.04183,1690000,1000000
2020-11-17 14:12:29.423000,1.04184,1.04182,2870000,1000000
2020-11-17 14:12:29.677000,1.04184,1.04183,1250000,1000000
2020-11-17 14:12:30.482000,1.04183,1.04181,1690000,1500000
2020-11-17 14:12:30.533000,1.04184,1.04182,4500000,1000000
2020-11-17 14:12:30.687000,1.04184,1.04182,3560000,1000000
2020-11-17 14:12:30.789000,1.04184,1.04181,1250000,1000000
2020-11-17 14:12:31.425000,1.04182,1.0418,1250000,2250000
2020-11-17 14:12:32.212000,1.04182,1.04181,1870000,1000000
2020-11-17 14:12:32.315000,1.04183,1.04181,1120000,1000000
2020-11-17 14:12:32.417000,1.04184,1.0418,1120000,1000000
2020-11-17 14:12:32.716000,1.04184,1.04182,4060000,1000000
2020-11-17 14:12:33.258000,1.04184,1.04182,4310000,1000000
2020-11-17 14:12:35.455000,1.04183,1.04182,1000000,1000000
2020-11-17 14:12:35.761000,1.04184,1.04182,3560000,1000000
2020-11-17 14:12:37.954000,1.04183,1.04182,1000000,1000000
2020-11-17 14:12:39.380000,1.04184,1.04182,3000000,1000000
2020-11-17 14:12:44.599000,1.04185,1.04183,3620000,1000000
2020-11-17 14:12:44.701000,1.04184,1.04182,1250000,1950000
2020-11-17 14:12:46.097000,1.04184,1.04183,1250000,1000000
2020-11-17 14:12:46.249000,1.04185,1.04181,1250000,1120000
2020-11-17 14:12:50.860000,1.04185,1.04183,3690000,1000000
2020-11-17 14:12:51.344000,1.04185,1.04183,1310000,1000000
2020-11-17 14:12:51.445000,1.04186,1.04182,1810000,1000000
2020-11-17 14:12:52.365000,1.04185,1.04183,1310000,1500000
2020-11-17 14:12:52.746000,1.04185,1.04184,1310000,1000000
2020-11-17 14:12:53.050000,1.04188,1.04187,1000000,1500000
2020-11-17 14:12:53.152000,1.04189,1.04188,1690000,1000000
2020-11-17 14:12:53.455000,1.0419,1.04189,1000000,1000000
2020-11-17 14:12:55.070000,1.04191,1.0419,1250000,1000000
2020-11-17 14:12:56.389000,1.04192,1.0419,1000000,1870000
2020-11-17 14:12:56.491000,1.04193,1.04191,1310000,2000000
2020-11-17 14:12:56.662000,1.04193,1.04191,1310000,1500000
2020-11-17 14:12:57.315000,1.04195,1.04193,4750000,1000000
2020-11-17 14:12:57.416000,1.04194,1.04191,1000000,1000000
2020-11-17 14:12:58.714000,1.04195,1.04193,1310000,1500000
2020-11-17 14:12:59.199000,1.04195,1.04193,2000000,1500000
2020-11-17 14:12:59.250000,1.04192,1.04191,1000000,1120000
2020-11-17 14:12:59.797000,1.04193,1.04192,1120000,1000000
2020-11-17 14:13:00.151000,1.04194,1.04192,1120000,1500000
2020-11-17 14:13:00.252000,1.04197,1.04193,2060000,1000000
2020-11-17 14:13:00.354000,1.04195,1.04193,1000000,2250000
2020-11-17 14:13:00.506000,1.04197,1.04193,1000000,1000000
2020-11-17 14:13:06.844000,1.04196,1.04194,3500000,1500000
2020-11-17 14:13:06.946000,1.04196,1.04192,1120000,1500000
2020-11-17 14:13:07.822000,1.04195,1.04194,1000000,1000000
2020-11-17 14:13:11.838000,1.04196,1.04194,1000000,1500000
2020-11-17 14:13:13.727000,1.04197,1.04194,1000000,1000000
2020-11-17 14:13:15.366000,1.04197,1.04195,1120000,1000000
2020-11-17 14:13:16.681000,1.04199,1.04197,1890000,1500000
2020-11-17 14:13:16.834000,1.04199,1.04197,1310000,1870000
2020-11-17 14:13:20.981000,1.04199,1.04198,1310000,1000000
2020-11-17 14:13:21.764000,1.04199,1.04197,1810000,1000000
2020-11-17 14:13:21.866000,1.04199,1.04197,2750000,1000000
2020-11-17 14:13:22.576000,1.04197,1.04195,1120000,1120000
2020-11-17 14:13:22.627000,1.04194,1.04193,1000000,1500000
2020-11-17 14:13:22.729000,1.04195,1.04194,1120000,1000000
2020-11-17 14:13:22.830000,1.04196,1.04194,2250000,1000000
2020-11-17 14:13:23.713000,1.04197,1.04194,1120000,1000000
2020-11-17 14:13:25.874000,1.04197,1.04195,1120000,1000000
2020-11-17 14:13:26.165000,1.04197,1.04196,1000000,1000000
2020-11-17 14:13:27.697000,1.04197,1.04195,1120000,1000000
2020-11-17 14:13:40.438000,1.04196,1.04195,1870000,1000000
2020-11-17 14:13:40.691000,1.04197,1.04195,1120000,1000000
2020-11-17 14:13:41.098000,1.04192,1.04189,1720000,5060000
2020-11-17 14:13:41.200000,1.04189,1.04188,1500000,1250000
2020-11-17 14:13:41.504000,1.0419,1.04188,3000000,1250000
2020-11-17 14:13:41.605000,1.04189,1.04188,1000000,1250000
2020-11-17 14:13:41.908000,1.0419,1.04187,1120000,3370000
2020-11-17 14:13:42.009000,1.0419,1.04189,1120000,1250000
2020-11-17 14:13:42.303000,1.0419,1.04187,1120000,3190000
2020-11-17 14:13:44.817000,1.04189,1.04187,1000000,1690000
2020-11-17 14:13:49.069000,1.04189,1.04188,1000000,1000000
2020-11-17 14:13:54.446000,1.0419,1.04188,1000000,2440000
2020-11-17 14:14:00.104000,1.04189,1.04187,1500000,1690000
2020-11-17 14:14:00.512000,1.04188,1.04186,1500000,1250000
2020-11-17 14:14:00.614000,1.0419,1.04187,1000000,1000000
2020-11-17 14:14:00.664000,1.04191,1.04188,3000000,1000000
2020-11-17 14:14:00.917000,1.04191,1.04188,1750000,2620000
2020-11-17 14:14:01.222000,1.04191,1.0419,1120000,1000000
2020-11-17 14:14:01.324000,1.04191,1.04189,1810000,1000000
2020-11-17 14:14:01.426000,1.04191,1.04189,1690000,1000000
2020-11-17 14:14:01.528000,1.04191,1.04189,2560000,1000000
2020-11-17 14:14:20.977000,1.04188,1.04187,1000000,1120000
2020-11-17 14:14:21.078000,1.04188,1.04186,2000000,1500000
2020-11-17 14:14:21.584000,1.04189,1.04185,1120000,1000000
2020-11-17 14:14:22.061000,1.04189,1.04186,1500000,3560000
2020-11-17 14:14:22.556000,1.04188,1.04186,1500000,1500000
2020-11-17 14:14:23.540000,1.04187,1.04185,1120000,2060000
2020-11-17 14:14:26.273000,1.04187,1.04186,1000000,1250000
2020-11-17 14:14:26.375000,1.04189,1.04186,4620000,2810000
2020-11-17 14:14:26.477000,1.04189,1.04186,1500000,2810000
2020-11-17 14:14:27.746000,1.0419,1.04186,1000000,1000000
2020-11-17 14:14:29.072000,1.04188,1.04186,1120000,5440000
2020-11-17 14:14:29.634000,1.04189,1.04187,1000000,1000000
2020-11-17 14:14:29.853000,1.0419,1.04187,2560000,1500000
2020-11-17 14:14:30.331000,1.0419,1.04187,2060000,1500000
2020-11-17 14:14:34.261000,1.04191,1.04187,1310000,1000000
2020-11-17 14:14:34.463000,1.04192,1.04187,2440000,1000000
2020-11-17 14:14:36.403000,1.04191,1.04189,1310000,2250000
2020-11-17 14:14:50.087000,1.04192,1.04189,1310000,1000000
2020-11-17 14:14:50.139000,1.04195,1.04193,1120000,1120000
2020-11-17 14:14:50.342000,1.04196,1.04194,1250000,1000000
2020-11-17 14:14:51.357000,1.04197,1.04194,1250000,1000000
2020-11-17 14:14:55.957000,1.04196,1.04194,1250000,1500000
2020-11-17 14:14:58.075000,1.04196,1.04194,3750000,1000000
2020-11-17 14:14:58.126000,1.04193,1.04191,1000000,1870000
2020-11-17 14:14:58.278000,1.04186,1.04184,2250000,2620000
2020-11-17 14:14:58.379000,1.04188,1.04185,1500000,1500000
2020-11-17 14:14:58.532000,1.04188,1.04187,1120000,1000000
2020-11-17 14:14:58.633000,1.04185,1.04183,2190000,2250000
2020-11-17 14:14:58.734000,1.04184,1.04182,3000000,1500000
2020-11-17 14:14:58.836000,1.04182,1.04179,1870000,1500000
2020-11-17 14:14:58.887000,1.0418,1.04178,1000000,3750000
2020-11-17 14:14:58.988000,1.04181,1.04178,1000000,1000000
2020-11-17 14:14:59.039000,1.04177,1.04175,1120000,4500000
2020-11-17 14:14:59.141000,1.04177,1.04174,2870000,1000000
2020-11-17 14:14:59.242000,1.04174,1.04173,1250000,1000000
2020-11-17 14:14:59.547000,1.04174,1.04171,1750000,1000000
2020-11-17 14:14:59.648000,1.04174,1.0417,1750000,3000000
2020-11-17 14:14:59.749000,1.04175,1.04171,1250000,1000000
2020-11-17 14:14:59.851000,1.0417,1.04169,1000000,1000000
2020-11-17 14:14:59.952000,1.0417,1.04168,1000000,1000000
2020-11-17 14:15:00.003000,1.04169,1.04167,1000000,3750000
2020-11-17 14:15:00.207000,1.04169,1.04166,1250000,1000000
2020-11-17 14:15:00.309000,1.04168,1.04166,1250000,1000000
2020-11-17 14:15:00.511000,1.04167,1.04166,1120000,1000000
2020-11-17 14:15:00.614000,1.04172,1.04169,1500000,1000000
2020-11-17 14:15:00.716000,1.04169,1.04168,1000000,1000000
2020-11-17 14:15:00.767000,1.04173,1.0417,1500000,1500000
2020-11-17 14:15:00.819000,1.04173,1.04167,1500000,1500000
2020-11-17 14:15:01.021000,1.04171,1.04168,1120000,1000000
2020-11-17 14:15:01.123000,1.04171,1.04168,2000000,1000000
2020-11-17 14:15:01.224000,1.04172,1.04167,1500000,1000000
2020-11-17 14:15:01.325000,1.04171,1.04166,1500000,1000000
2020-11-17 14:15:01.730000,1.0417,1.04167,1120000,1000000
2020-11-17 14:15:01.932000,1.04169,1.04166,1120000,1500000
2020-11-17 14:15:02.034000,1.04172,1.04169,1000000,1000000
2020-11-17 14:15:02.135000,1.04171,1.04167,1000000,1500000
2020-11-17 14:15:02.186000,1.04174,1.04171,3690000,1000000
2020-11-17 14:15:02.237000,1.04175,1.0417,1000000,1500000
2020-11-17 14:15:02.338000,1.04173,1.04171,1000000,1000000
2020-11-17 14:15:02.541000,1.04171,1.04167,1000000,4870000
2020-11-17 14:15:03.295000,1.04171,1.04168,1500000,1000000
2020-11-17 14:15:03.346000,1.04172,1.04171,1000000,1000000
2020-11-17 14:15:03.397000,1.04175,1.04171,1500000,1500000
2020-11-17 14:15:03.448000,1.04176,1.04174,1500000,1000000
2020-11-17 14:15:03.499000,1.04184,1.04182,1000000,1000000
2020-11-17 14:15:03.550000,1.04182,1.04177,1000000,1000000
2020-11-17 14:15:03.601000,1.04182,1.04181,3750000,1000000
2020-11-17 14:15:03.651000,1.0418,1.04176,1870000,2000000
2020-11-17 14:15:03.753000,1.0418,1.04177,5000000,1000000
2020-11-17 14:15:03.905000,1.0418,1.04177,1120000,1000000
2020-11-17 14:15:03.956000,1.0418,1.04177,1500000,1000000
2020-11-17 14:15:04.007000,1.04181,1.04178,1250000,1500000
2020-11-17 14:15:04.583000,1.04181,1.04178,1120000,1500000
2020-11-17 14:15:04.685000,1.04182,1.04178,3000000,1500000
2020-11-17 14:15:04.735000,1.04181,1.04178,1000000,1500000
2020-11-17 14:15:04.887000,1.04182,1.04178,1500000,1500000
2020-11-17 14:15:05.039000,1.04181,1.04178,1250000,1500000
2020-11-17 14:15:05.141000,1.04185,1.04182,1000000,1500000
2020-11-17 14:15:05.784000,1.04186,1.04182,1000000,1500000
2020-11-17 14:15:06.071000,1.04189,1.04187,1830000,1000000
2020-11-17 14:15:06.122000,1.04189,1.04185,1830000,1500000
2020-11-17 14:15:09.343000,1.04188,1.04184,1000000,2450000
2020-11-17 14:15:09.444000,1.04187,1.04184,1000000,1000000
2020-11-17 14:15:09.546000,1.04188,1.04184,1000000,1500000
2020-11-17 14:15:10.204000,1.04188,1.04185,1000000,1000000
2020-11-17 14:15:11.407000,1.04189,1.04185,1000000,2620000
2020-11-17 14:15:11.509000,1.04189,1.04186,1000000,1500000
2020-11-17 14:15:11.967000,1.0419,1.04186,1000000,2250000
2020-11-17 14:15:12.490000,1.04191,1.04187,1000000,1500000
2020-11-17 14:15:12.592000,1.04188,1.04186,1000000,1500000
2020-11-17 14:15:12.643000,1.0419,1.04186,1000000,2250000
2020-11-17 14:15:12.744000,1.04192,1.04186,1000000,1500000
2020-11-17 14:15:13.862000,1.04191,1.04188,1000000,1000000
2020-11-17 14:15:15.072000,1.04192,1.04188,1500000,1000000
2020-11-17 14:15:15.325000,1.04193,1.04189,2620000,1500000
2020-11-17 14:15:15.376000,1.04195,1.04193,1510000,1000000
2020-11-17 14:15:15.478000,1.04195,1.04193,1000000,1000000
2020-11-17 14:15:15.580000,1.04194,1.04191,1000000,3000000
2020-11-17 14:15:15.682000,1.04194,1.0419,1000000,1690000
2020-11-17 14:15:16.776000,1.04194,1.04191,1500000,1000000
2020-11-17 14:15:17.997000,1.04196,1.04192,2060000,1500000
2020-11-17 14:15:18.099000,1.04196,1.04193,1500000,1000000
2020-11-17 14:15:18.707000,1.04196,1.04194,1500000,1000000
2020-11-17 14:15:18.758000,1.04194,1.04193,1000000,1000000
2020-11-17 14:15:18.861000,1.04194,1.04192,1120000,1120000
2020-11-17 14:15:19.013000,1.04193,1.04191,1000000,1000000
2020-11-17 14:15:20.290000,1.04194,1.04191,1000000,1500000
2020-11-17 14:15:20.834000,1.04193,1.04191,1500000,1000000
2020-11-17 14:15:20.937000,1.04193,1.0419,1500000,1500000
2020-11-17 14:15:21.411000,1.0419,1.04189,1000000,1000000
2020-11-17 14:15:21.463000,1.04187,1.04186,1000000,1500000
2020-11-17 14:15:21.565000,1.04188,1.04187,1000000,1000000
2020-11-17 14:15:21.617000,1.04191,1.04187,5250000,1500000
2020-11-17 14:15:22.088000,1.04191,1.04188,5250000,1000000
2020-11-17 14:15:22.261000,1.04191,1.04187,5250000,1500000
2020-11-17 14:15:23.518000,1.04191,1.04187,4310000,1500000
2020-11-17 14:15:24.675000,1.04191,1.04188,2810000,1000000
2020-11-17 14:15:24.776000,1.04192,1.0419,2250000,1750000
2020-11-17 14:15:24.827000,1.04195,1.04193,1690000,1000000
2020-11-17 14:15:24.879000,1.04193,1.04191,1000000,1500000
2020-11-17 14:15:25.263000,1.04195,1.0419,1000000,1500000
2020-11-17 14:15:26.905000,1.04195,1.04191,3750000,2440000
2020-11-17 14:15:28.583000,1.04195,1.04191,4250000,2440000
2020-11-17 14:15:28.936000,1.04196,1.0419,3750000,2440000
2020-11-17 14:15:29.922000,1.04195,1.04191,5000000,2440000
2020-11-17 14:15:39.953000,1.04194,1.04191,1500000,1500000
2020-11-17 14:15:41.103000,1.04196,1.04192,4060000,1000000
2020-11-17 14:15:41.205000,1.04196,1.04192,6000000,3940000
2020-11-17 14:15:41.309000,1.04196,1.04193,1120000,1500000
2020-11-17 14:15:41.411000,1.04197,1.04194,1120000,2250000
2020-11-17 14:15:42.882000,1.04198,1.04197,1000000,1000000
2020-11-17 14:15:42.984000,1.042,1.04197,2870000,2250000
2020-11-17 14:15:43.085000,1.04197,1.04195,1000000,1000000
2020-11-17 14:15:43.389000,1.04198,1.04195,1310000,1500000
2020-11-17 14:15:43.491000,1.04201,1.04196,3370000,1500000
2020-11-17 14:15:43.643000,1.04201,1.04197,7060000,3190000
2020-11-17 14:15:44.151000,1.04201,1.04196,2190000,2250000
2020-11-17 14:15:45.210000,1.04201,1.04196,1690000,2620000
2020-11-17 14:15:45.413000,1.04199,1.04196,1000000,3310000
2020-11-17 14:15:45.514000,1.04199,1.04196,1120000,2810000
2020-11-17 14:15:47.420000,1.04199,1.04196,1620000,2440000
2020-11-17 14:15:50.513000,1.04199,1.04197,1620000,1000000
2020-11-17 14:15:50.614000,1.04199,1.04198,1000000,1000000
2020-11-17 14:15:50.665000,1.04201,1.04198,2560000,1000000
2020-11-17 14:15:50.716000,1.04201,1.04199,2440000,1000000
2020-11-17 14:15:50.817000,1.04203,1.042,3000000,1000000
2020-11-17 14:15:50.918000,1.04203,1.042,1250000,1000000
2020-11-17 14:15:51.763000,1.04204,1.04202,1500000,1000000
2020-11-17 14:15:51.865000,1.04206,1.04204,1750000,1000000
2020-11-17 14:15:51.966000,1.04207,1.04204,1250000,1000000
2020-11-17 14:15:52.068000,1.04207,1.04205,1750000,1000000
2020-11-17 14:15:52.270000,1.04207,1.04205,1690000,1000000
2020-11-17 14:15:53.293000,1.04208,1.04206,1250000,2700000
2020-11-17 14:15:53.344000,1.04211,1.04208,1500000,1500000
2020-11-17 14:15:53.445000,1.04209,1.04207,1750000,1000000
2020-11-17 14:15:54.213000,1.0421,1.04207,1000000,1000000
2020-11-17 14:15:56.017000,1.04208,1.04203,4000000,1000000
2020-11-17 14:15:56.143000,1.04206,1.04205,1000000,1000000
2020-11-17 14:15:57.008000,1.04207,1.04205,1690000,1000000
2020-11-17 14:16:01.561000,1.04207,1.04204,1000000,1000000
2020-11-17 14:16:01.663000,1.04206,1.04204,1000000,1000000
2020-11-17 14:16:01.830000,1.04205,1.04201,1500000,1120000
2020-11-17 14:16:01.983000,1.042,1.04199,1000000,1250000
2020-11-17 14:16:02.086000,1.04198,1.04196,3690000,1250000
2020-11-17 14:16:02.188000,1.04198,1.04197,1000000,1000000
2020-11-17 14:16:02.289000,1.042,1.04198,1000000,1000000
2020-11-17 14:16:02.437000,1.042,1.04199,1000000,1000000
2020-11-17 14:16:02.538000,1.04201,1.04199,1310000,1000000
2020-11-17 14:16:03.916000,1.04202,1.04199,1690000,1500000
2020-11-17 14:16:04.018000,1.04202,1.042,1250000,1000000
2020-11-17 14:16:06.236000,1.04203,1.042,1310000,1500000
2020-11-17 14:16:06.338000,1.04203,1.04201,4120000,1250000
2020-11-17 14:16:06.389000,1.04202,1.04199,5250000,1120000
2020-11-17 14:16:06.492000,1.04201,1.04198,2060000,1000000
2020-11-17 14:16:06.594000,1.042,1.04198,1500000,1000000
2020-11-17 14:16:07.392000,1.04198,1.04197,1000000,1690000
2020-11-17 14:16:09.631000,1.04199,1.04197,1120000,1000000
2020-11-17 14:16:09.732000,1.04199,1.04196,1310000,1000000
2020-11-17 14:16:12.486000,1.04198,1.04195,1000000,2440000
2020-11-17 14:16:12.587000,1.042,1.04198,2060000,1000000
2020-11-17 14:16:12.739000,1.04199,1.04195,2440000,3190000
2020-11-17 14:16:12.840000,1.04198,1.04195,1310000,3000000
2020-11-17 14:16:15.048000,1.04193,1.04191,1000000,4890000
2020-11-17 14:16:15.150000,1.04192,1.0419,1000000,2500000
2020-11-17 14:16:18.062000,1.04193,1.0419,5620000,1250000
2020-11-17 14:16:18.671000,1.04194,1.04189,5750000,1250000
2020-11-17 14:16:19.048000,1.04193,1.0419,5620000,1250000
2020-11-17 14:16:20.070000,1.04193,1.0419,5750000,1250000
2020-11-17 14:16:21.051000,1.04193,1.0419,5620000,1250000
2020-11-17 14:16:23.353000,1.0419,1.04189,1500000,1250000
2020-11-17 14:16:23.404000,1.04188,1.04186,1000000,3750000
2020-11-17 14:16:33.033000,1.04188,1.04186,1870000,1250000
2020-11-17 14:16:33.140000,1.04188,1.04186,2370000,1250000
2020-11-17 14:16:34.045000,1.04188,1.04186,2250000,1250000
2020-11-17 14:16:35.045000,1.04188,1.04186,2370000,1250000
2020-11-17 14:16:36.098000,1.04188,1.04186,1870000,1250000
2020-11-17 14:16:44.247000,1.04189,1.04188,1500000,1250000
2020-11-17 14:16:44.349000,1.0419,1.04187,2870000,1500000
2020-11-17 14:16:54.632000,1.0419,1.04188,1250000,1000000
2020-11-17 14:16:54.733000,1.04191,1.04189,1310000,1500000
2020-11-17 14:16:54.936000,1.04192,1.04189,1250000,4650000
2020-11-17 14:16:55.188000,1.04192,1.04189,1000000,8420000
2020-11-17 14:16:55.448000,1.04192,1.04189,1000000,8020000
2020-11-17 14:16:55.720000,1.04192,1.04189,1750000,2250000
2020-11-17 14:16:59.992000,1.04192,1.04189,1250000,3190000
2020-11-17 14:17:02.581000,1.04192,1.0419,1310000,1000000
2020-11-17 14:17:04.707000,1.04194,1.04193,1250000,1000000
2020-11-17 14:17:04.859000,1.04196,1.04193,1250000,3750000
2020-11-17 14:17:04.910000,1.04197,1.04194,1750000,2620000
2020-11-17 14:17:05.756000,1.04196,1.04194,1250000,3070000
2020-11-17 14:17:05.858000,1.04199,1.04198,1310000,1000000
2020-11-17 14:17:06.010000,1.04199,1.04197,1250000,2250000
2020-11-17 14:17:06.482000,1.042,1.04198,1940000,2250000
2020-11-17 14:17:06.533000,1.04205,1.04204,1690000,1500000
2020-11-17 14:17:06.635000,1.04208,1.04205,4500000,1000000
2020-11-17 14:17:06.685000,1.04205,1.04202,2540000,2000000
2020-11-17 14:17:06.787000,1.04204,1.04202,1000000,1000000
2020-11-17 14:17:07.053000,1.04205,1.04203,1600000,1000000
2020-11-17 14:17:07.154000,1.04205,1.04202,4100000,1500000
2020-11-17 14:17:07.679000,1.04205,1.04203,1600000,1000000
2020-11-17 14:17:07.781000,1.04207,1.04204,2060000,1500000
2020-11-17 14:17:08.845000,1.04207,1.04205,1250000,1000000
2020-11-17 14:17:10.522000,1.04207,1.04204,1750000,1500000
2020-11-17 14:17:10.573000,1.04204,1.04202,1250000,1500000
2020-11-17 14:17:10.725000,1.04201,1.042,1000000,1250000
2020-11-17 14:17:10.826000,1.04201,1.04199,1000000,1250000
2020-11-17 14:17:11.157000,1.04202,1.04199,3560000,1500000
2020-11-17 14:17:11.525000,1.04199,1.04198,1000000,1000000
2020-11-17 14:17:11.627000,1.04199,1.04197,1120000,3000000
2020-11-17 14:17:11.728000,1.04199,1.04196,2000000,4690000
2020-11-17 14:17:12.634000,1.04199,1.04196,1500000,1690000
2020-11-17 14:17:15.356000,1.042,1.04198,1310000,1000000
2020-11-17 14:17:15.457000,1.04199,1.04197,1870000,1000000
2020-11-17 14:17:15.880000,1.04198,1.04197,1000000,1000000
2020-11-17 14:17:15.981000,1.04198,1.04195,1000000,2440000
2020-11-17 14:17:18.950000,1.04198,1.04196,1000000,1250000
2020-11-17 14:17:19.214000,1.04199,1.04196,1500000,1690000
2020-11-17 14:17:21.302000,1.04199,1.04194,1000000,2510000
2020-11-17 14:17:21.555000,1.04197,1.04195,1250000,1000000
2020-11-17 14:17:21.606000,1.04194,1.04192,1000000,1310000
2020-11-17 14:17:21.708000,1.04194,1.0419,1000000,1750000
2020-11-17 14:17:22.156000,1.04194,1.04192,1000000,1250000
2020-11-17 14:17:23.726000,1.04192,1.04191,1000000,1690000
2020-11-17 14:17:24.016000,1.04194,1.04191,1120000,1750000
2020-11-17 14:17:26.728000,1.04195,1.04193,1310000,1000000
2020-11-17 14:17:27.212000,1.04194,1.04191,1000000,1690000
2020-11-17 14:17:27.313000,1.04193,1.0419,1120000,2440000
2020-11-17 14:17:27.720000,1.04193,1.0419,1620000,2440000
2020-11-17 14:17:28.750000,1.04193,1.0419,1870000,2440000
2020-11-17 14:17:30.773000,1.04193,1.0419,2000000,2440000
2020-11-17 14:17:33.735000,1.04193,1.0419,1870000,1690000
2020-11-17 14:17:35.731000,1.04194,1.04189,2000000,1690000
2020-11-17 14:17:45.608000,1.04193,1.04191,1120000,1250000
2020-11-17 14:17:45.709000,1.04194,1.04191,2250000,1310000
2020-11-17 14:17:46.610000,1.04193,1.04191,1000000,1310000
2020-11-17 14:17:46.711000,1.04194,1.04189,1310000,2250000
2020-11-17 14:17:47.270000,1.04194,1.04191,3000000,1390000
2020-11-17 14:17:47.422000,1.04195,1.04192,2060000,1100000
2020-11-17 14:17:47.524000,1.04195,1.04193,1120000,1000000
2020-11-17 14:17:47.625000,1.04197,1.04194,1250000,2250000
2020-11-17 14:17:47.727000,1.04198,1.04195,1310000,3820000
2020-11-17 14:17:47.828000,1.04199,1.04194,1250000,5900000
2020-11-17 14:17:48.081000,1.04193,1.04192,1000000,11510000
2020-11-17 14:17:48.132000,1.04193,1.0419,1870000,3640000
2020-11-17 14:17:48.234000,1.04193,1.0419,4060000,1000000
2020-11-17 14:17:50.429000,1.04192,1.04189,1120000,2440000
2020-11-17 14:17:50.480000,1.04192,1.0419,1000000,1250000
2020-11-17 14:17:50.582000,1.04192,1.04189,1000000,3620000
2020-11-17 14:17:52.121000,1.04192,1.04189,1000000,1690000
2020-11-17 14:17:53.062000,1.04194,1.04189,4440000,1000000
2020-11-17 14:17:53.164000,1.04193,1.0419,1500000,1690000
2020-11-17 14:17:53.316000,1.04194,1.04191,1870000,1250000
2020-11-17 14:17:53.872000,1.04193,1.04191,2440000,1000000
2020-11-17 14:17:53.974000,1.04194,1.04191,1690000,1000000
2020-11-17 14:17:56.221000,1.04194,1.04192,1000000,1000000
2020-11-17 14:17:56.824000,1.04193,1.04192,1000000,1000000
2020-11-17 14:17:57.078000,1.04194,1.04192,1500000,1000000
2020-11-17 14:17:57.231000,1.04194,1.04193,1000000,1000000
2020-11-17 14:17:57.333000,1.04195,1.04193,1690000,1000000
2020-11-17 14:17:57.498000,1.04194,1.04193,1000000,1000000
2020-11-17 14:17:57.599000,1.04194,1.04192,2060000,1500000
2020-11-17 14:17:57.986000,1.04195,1.04194,1120000,1500000
2020-11-17 14:17:58.089000,1.04196,1.04194,1690000,1500000
2020-11-17 14:17:58.190000,1.04197,1.04194,2810000,1500000
2020-11-17 14:17:58.292000,1.04197,1.04196,1310000,1000000
2020-11-17 14:17:58.445000,1.042,1.04199,1690000,1000000
2020-11-17 14:17:58.496000,1.04203,1.042,4310000,1500000
2020-11-17 14:17:58.598000,1.04205,1.042,2350000,1000000
2020-11-17 14:17:58.650000,1.04205,1.04203,1370000,6070000
2020-11-17 14:17:58.701000,1.04209,1.04205,1250000,1000000
2020-11-17 14:17:58.752000,1.04207,1.04205,1000000,3900000
2020-11-17 14:18:00.118000,1.04208,1.04206,1000000,1000000
2020-11-17 14:18:00.220000,1.04207,1.04205,3250000,1000000
2020-11-17 14:18:00.678000,1.04207,1.04205,2060000,1000000
2020-11-17 14:18:00.780000,1.04206,1.04204,1690000,1120000
2020-11-17 14:18:00.881000,1.04206,1.04205,1250000,1000000
2020-11-17 14:18:02.390000,1.04207,1.04203,1250000,1000000
2020-11-17 14:18:02.695000,1.04205,1.04202,2910000,2620000
2020-11-17 14:18:05.895000,1.04204,1.04202,1690000,1500000
2020-11-17 14:18:05.997000,1.04199,1.04198,1000000,1120000
2020-11-17 14:18:06.098000,1.04199,1.04197,1120000,1250000
2020-11-17 14:18:08.427000,1.04199,1.04196,2620000,1500000
2020-11-17 14:18:08.529000,1.04197,1.04194,1000000,1000000
2020-11-17 14:18:09.110000,1.04197,1.04195,2060000,1000000
2020-11-17 14:18:11.559000,1.04197,1.04194,2060000,1500000
2020-11-17 14:18:21.449000,1.04198,1.04195,5560000,1000000
2020-11-17 14:18:23.161000,1.04197,1.04194,1600000,2440000
2020-11-17 14:18:28.205000,1.04195,1.04193,1000000,4500000
2020-11-17 14:18:28.256000,1.04194,1.04191,3300000,7910000
2020-11-17 14:18:28.357000,1.04193,1.04191,1100000,3190000
2020-11-17 14:18:28.459000,1.04195,1.04192,1910000,2250000
2020-11-17 14:18:28.560000,1.04195,1.04192,1310000,2250000
2020-11-17 14:18:29.247000,1.04195,1.04192,3860000,2620000
2020-11-17 14:18:29.348000,1.04193,1.04191,1570000,1120000
2020-11-17 14:18:29.450000,1.04193,1.04191,1000000,2440000
2020-11-17 14:18:29.551000,1.04194,1.04192,1000000,1000000
2020-11-17 14:18:29.804000,1.04193,1.04191,2700000,1570000
2020-11-17 14:18:31.262000,1.04193,1.04191,2640000,1000000
2020-11-17 14:18:36.241000,1.04193,1.04191,2060000,1000000
2020-11-17 14:18:36.461000,1.04194,1.04192,1000000,1500000
2020-11-17 14:18:36.562000,1.04196,1.04192,1000000,1000000
2020-11-17 14:18:36.664000,1.04196,1.04193,2440000,1870000
2020-11-17 14:18:38.686000,1.04196,1.04193,2940000,1500000
2020-11-17 14:18:38.943000,1.04196,1.04193,1690000,2250000
2020-11-17 14:18:39.045000,1.04197,1.04194,1310000,2250000
2020-11-17 14:18:43.058000,1.04198,1.04195,4370000,1000000
2020-11-17 14:18:43.770000,1.04196,1.04193,1690000,5250000
2020-11-17 14:18:43.821000,1.04193,1.04192,1250000,1120000
2020-11-17 14:18:43.872000,1.04193,1.04191,1120000,1000000
2020-11-17 14:18:43.973000,1.04193,1.04191,2000000,1000000
2020-11-17 14:18:45.180000,1.04193,1.04191,1000000,1000000
2020-11-17 14:18:45.282000,1.04194,1.04189,1500000,2440000
2020-11-17 14:18:45.384000,1.04194,1.04192,1500000,1000000
2020-11-17 14:18:45.435000,1.04196,1.04193,7970000,1500000
2020-11-17 14:18:45.537000,1.04196,1.04194,2060000,1000000
2020-11-17 14:18:47.172000,1.04195,1.04193,1310000,1000000
2020-11-17 14:18:47.275000,1.04195,1.04192,2060000,2250000
2020-11-17 14:18:48.275000,1.04195,1.04193,1250000,1000000
2020-11-17 14:18:49.231000,1.04194,1.04193,1000000,1000000
2020-11-17 14:18:49.332000,1.04194,1.04192,1000000,1500000
2020-11-17 14:18:50.104000,1.04193,1.04191,1120000,1000000
2020-11-17 14:18:50.256000,1.04193,1.04191,1500000,1500000
2020-11-17 14:18:50.358000,1.04193,1.0419,1500000,2440000
2020-11-17 14:18:50.459000,1.04193,1.0419,1620000,2440000
2020-11-17 14:18:50.991000,1.04193,1.0419,1500000,2440000
2020-11-17 14:18:53.825000,1.04195,1.04193,1000000,1000000
2020-11-17 14:18:53.876000,1.04196,1.04193,4310000,1000000
2020-11-17 14:18:54.212000,1.04193,1.0419,1870000,6010000
2020-11-17 14:18:54.313000,1.04193,1.0419,3120000,3190000
2020-11-17 14:18:56.377000,1.04194,1.04191,2750000,1690000
2020-11-17 14:18:56.529000,1.04194,1.04191,1870000,1690000
2020-11-17 14:18:59.651000,1.04195,1.0419,2940000,1000000
2020-11-17 14:18:59.753000,1.04194,1.04189,2940000,1500000
2020-11-17 14:19:00.552000,1.04193,1.0419,2250000,1690000
2020-11-17 14:19:01.640000,1.04193,1.0419,2750000,1250000
2020-11-17 14:19:02.628000,1.04193,1.0419,2620000,1250000
2020-11-17 14:19:03.853000,1.04192,1.04189,1000000,3250000
2020-11-17 14:19:03.954000,1.04192,1.04189,1000000,2440000
2020-11-17 14:19:11.122000,1.04191,1.04189,1500000,1000000
2020-11-17 14:19:11.173000,1.04188,1.04186,1000000,3750000
2020-11-17 14:19:11.276000,1.04187,1.04184,3190000,6250000
2020-11-17 14:19:11.378000,1.04186,1.04184,1310000,3250000
2020-11-17 14:19:11.480000,1.04184,1.04181,3690000,1310000
2020-11-17 14:19:11.530000,1.04184,1.04182,2250000,1250000
2020-11-17 14:19:11.631000,1.04182,1.04181,1000000,1250000
2020-11-17 14:19:11.733000,1.04182,1.04179,1870000,2000000
2020-11-17 14:19:11.936000,1.04183,1.04182,1500000,1250000
2020-11-17 14:19:14.891000,1.04183,1.0418,1870000,2000000
2020-11-17 14:19:16.622000,1.04183,1.04182,1500000,1250000
2020-11-17 14:19:16.723000,1.04183,1.0418,1690000,1250000
2020-11-17 14:19:16.824000,1.04184,1.04179,1690000,1000000
2020-11-17 14:19:38.635000,1.04184,1.0418,1120000,1000000
2020-11-17 14:19:38.737000,1.04183,1.04181,1120000,1620000
2020-11-17 14:19:38.839000,1.04183,1.04181,1000000,2890000
2020-11-17 14:19:39.070000,1.04184,1.04181,2060000,4390000
2020-11-17 14:19:39.222000,1.04184,1.04181,1870000,7070000
2020-11-17 14:19:39.462000,1.04184,1.04181,2060000,3260000
2020-11-17 14:19:39.564000,1.04183,1.04181,1000000,1250000
2020-11-17 14:19:39.666000,1.04183,1.0418,1000000,2870000
2020-11-17 14:19:40.331000,1.04183,1.0418,1000000,1870000
2020-11-17 14:19:51.911000,1.04184,1.04181,3500000,1690000
2020-11-17 14:19:52.125000,1.04184,1.04181,2620000,2140000
2020-11-17 14:19:52.227000,1.04186,1.04182,1000000,1250000
2020-11-17 14:19:52.328000,1.04186,1.04183,2250000,1690000
2020-11-17 14:19:53.485000,1.04185,1.04183,1120000,1690000
2020-11-17 14:19:53.587000,1.04183,1.04181,1500000,2820000
2020-11-17 14:19:53.638000,1.04182,1.04179,2620000,2910000
2020-11-17 14:19:53.739000,1.04182,1.04179,2620000,1690000
2020-11-17 14:20:03.011000,1.04185,1.04182,3560000,1000000
2020-11-17 14:20:03.369000,1.04185,1.04183,1500000,1310000
2020-11-17 14:20:04.293000,1.04186,1.04183,1500000,2060000
2020-11-17 14:20:12.593000,1.04183,1.04182,5810000,1000000
2020-11-17 14:20:12.644000,1.04182,1.04179,1870000,1690000
2020-11-17 14:20:13.618000,1.0418,1.04177,1120000,7510000
2020-11-17 14:20:13.720000,1.0418,1.04177,4500000,2440000
2020-11-17 14:20:13.821000,1.04179,1.04177,1120000,1690000
2020-11-17 14:20:13.922000,1.04179,1.04177,1620000,1690000
2020-11-17 14:20:14.127000,1.0418,1.04176,2250000,1250000
2020-11-17 14:20:15.226000,1.04178,1.04177,1000000,1250000
2020-11-17 14:20:16.287000,1.04177,1.04176,1000000,1250000
2020-11-17 14:20:16.388000,1.04175,1.04173,1000000,2000000
2020-11-17 14:20:17.253000,1.04176,1.04175,1000000,1690000
2020-11-17 14:20:17.355000,1.04178,1.04174,1000000,2060000
2020-11-17 14:20:17.456000,1.04178,1.04175,1000000,1310000
2020-11-17 14:20:22.469000,1.04179,1.04177,2620000,1250000
2020-11-17 14:20:22.520000,1.04181,1.04178,2620000,1310000
2020-11-17 14:20:32.152000,1.0418,1.04177,1000000,4370000
2020-11-17 14:20:33.156000,1.0418,1.04177,1870000,2810000
2020-11-17 14:20:37.146000,1.0418,1.04177,2060000,3120000
2020-11-17 14:20:37.514000,1.0418,1.04177,2440000,1120000
2020-11-17 14:20:39.516000,1.0418,1.04177,2940000,1500000
2020-11-17 14:20:39.567000,1.04177,1.04175,1000000,1460000
2020-11-17 14:20:39.668000,1.04178,1.04175,2250000,2510000
2020-11-17 14:20:40.617000,1.04178,1.04175,1500000,3010000
2020-11-17 14:20:41.727000,1.04177,1.04174,1000000,6820000
2020-11-17 14:20:42.773000,1.04175,1.04173,1000000,2310000
2020-11-17 14:20:46.660000,1.04178,1.04176,2250000,1000000
2020-11-17 14:20:47.116000,1.04179,1.04177,1000000,1500000
2020-11-17 14:20:47.218000,1.0418,1.04177,1310000,1500000
2020-11-17 14:20:47.319000,1.0418,1.04177,1000000,4370000
2020-11-17 14:20:47.421000,1.0418,1.04177,1000000,3190000
2020-11-17 14:20:48.248000,1.0418,1.04177,1000000,3690000
2020-11-17 14:20:48.813000,1.04183,1.04178,1000000,2510000
2020-11-17 14:20:51.211000,1.04183,1.0418,1870000,3260000
2020-11-17 14:20:51.313000,1.04183,1.0418,1500000,4890000
2020-11-17 14:20:52.137000,1.04184,1.04181,2060000,3070000
2020-11-17 14:20:52.238000,1.04185,1.0418,1690000,3570000
2020-11-17 14:20:54.264000,1.04184,1.04181,1500000,4390000
2020-11-17 14:20:56.268000,1.04184,1.04181,1500000,4510000
2020-11-17 14:20:59.290000,1.04185,1.0418,1500000,4390000
2020-11-17 14:21:01.326000,1.04184,1.04181,1500000,4890000
2020-11-17 14:21:03.003000,1.04189,1.04186,7560000,2140000
2020-11-17 14:21:03.155000,1.04188,1.04186,1250000,2370000
2020-11-17 14:21:03.257000,1.04188,1.04186,1000000,1870000
2020-11-17 14:21:03.410000,1.04189,1.04187,1250000,1570000
2020-11-17 14:21:04.471000,1.04189,1.04186,1250000,2370000
2020-11-17 14:21:04.728000,1.04189,1.04186,1310000,1870000
2020-11-17 14:21:07.344000,1.0419,1.04188,4310000,1000000
2020-11-17 14:21:07.395000,1.04194,1.04191,3570000,2250000
2020-11-17 14:21:07.547000,1.04194,1.04191,1750000,3120000
2020-11-17 14:21:07.649000,1.04193,1.04191,1250000,3190000
2020-11-17 14:21:08.215000,1.04193,1.04191,1250000,3190000
2020-11-17 14:21:08.266000,1.04194,1.04191,1310000,6640000
2020-11-17 14:21:08.378000,1.04193,1.04191,1250000,3640000
2020-11-17 14:21:08.506000,1.04193,1.04192,1250000,1000000
2020-11-17 14:21:09.736000,1.04195,1.04192,2940000,1000000
2020-11-17 14:21:11.262000,1.04196,1.04195,1250000,3940000
2020-11-17 14:21:12.446000,1.04198,1.04195,2870000,1000000
2020-11-17 14:21:12.497000,1.042,1.04197,3190000,1000000
2020-11-17 14:21:12.598000,1.04198,1.04197,1250000,1000000
2020-11-17 14:21:13.119000,1.042,1.04197,3440000,1000000
2020-11-17 14:21:14.832000,1.042,1.04195,4100000,1000000
2020-11-17 14:21:15.652000,1.04199,1.04196,2160000,1690000
2020-11-17 14:21:15.754000,1.042,1.04197,3190000,1250000
2020-11-17 14:21:15.855000,1.042,1.04197,4000000,1000000
2020-11-17 14:21:17.557000,1.042,1.04198,2440000,1000000
2020-11-17 14:21:17.659000,1.042,1.04199,1250000,1500000
2020-11-17 14:21:18.013000,1.04202,1.04199,2440000,1690000
2020-11-17 14:21:18.343000,1.042,1.04199,1000000,1690000
2020-11-17 14:21:19.333000,1.04204,1.04201,5250000,1000000
2020-11-17 14:21:19.485000,1.04205,1.04204,1500000,1500000
2020-11-17 14:21:20.041000,1.04208,1.04206,1370000,1500000
2020-11-17 14:21:20.143000,1.04209,1.04207,1750000,1000000
2020-11-17 14:21:20.655000,1.04212,1.04209,7870000,1000000
2020-11-17 14:21:21.948000,1.04212,1.04209,2370000,1000000
2020-11-17 14:21:22.656000,1.04212,1.0421,1310000,1000000
2020-11-17 14:21:22.861000,1.04215,1.04211,6010000,2440000
2020-11-17 14:21:22.962000,1.04215,1.04211,4690000,2810000
2020-11-17 14:21:23.418000,1.04214,1.04211,1000000,2440000
2020-11-17 14:21:23.620000,1.04216,1.04213,3190000,1000000
2020-11-17 14:21:23.772000,1.04216,1.04214,2690000,1000000
2020-11-17 14:21:23.874000,1.04216,1.04213,1940000,1500000
2020-11-17 14:21:23.975000,1.04217,1.04214,3750000,1500000
2020-11-17 14:21:24.076000,1.04217,1.04215,2500000,1000000
2020-11-17 14:21:24.178000,1.04216,1.04214,1310000,1000000
2020-11-17 14:21:24.306000,1.04217,1.04215,2500000,1000000
2020-11-17 14:21:24.459000,1.04216,1.04214,2870000,1000000
2020-11-17 14:21:24.561000,1.04214,1.04213,1250000,1000000
2020-11-17 14:21:25.030000,1.04215,1.04211,1000000,1500000
2020-11-17 14:21:25.940000,1.04215,1.04212,3560000,1500000
2020-11-17 14:21:26.640000,1.04216,1.04213,4120000,2440000
2020-11-17 14:21:26.741000,1.04216,1.04213,2690000,1500000
2020-11-17 14:21:26.843000,1.04217,1.04214,1690000,1500000
2020-11-17 14:21:26.982000,1.04219,1.04217,1570000,1500000
2020-11-17 14:21:27.084000,1.04219,1.04216,1690000,1600000
2020-11-17 14:21:27.235000,1.04218,1.04216,1250000,1500000
2020-11-17 14:21:28.001000,1.04219,1.04216,2250000,1690000
2020-11-17 14:21:28.491000,1.04219,1.04216,2750000,1500000
2020-11-17 14:21:28.593000,1.04218,1.04216,1810000,1500000
2020-11-17 14:21:28.644000,1.04215,1.04214,1250000,1000000
2020-11-17 14:21:28.745000,1.04215,1.04213,2190000,1000000
2020-11-17 14:21:29.225000,1.04217,1.04216,1000000,1250000
2020-11-17 14:21:29.276000,1.04218,1.04216,2620000,1000000
2020-11-17 14:21:34.695000,1.04218,1.04215,1000000,1000000
2020-11-17 14:21:34.797000,1.04218,1.04216,1120000,1000000
2020-11-17 14:21:35.310000,1.04218,1.04216,1620000,1000000
2020-11-17 14:21:35.716000,1.04219,1.04215,1000000,1000000
2020-11-17 14:21:43.267000,1.04215,1.04213,1000000,3310000
2020-11-17 14:21:43.369000,1.04215,1.04213,4060000,1000000
2020-11-17 14:21:44.337000,1.04214,1.04212,1620000,1500000
2020-11-17 14:21:44.658000,1.04214,1.04212,2370000,1000000
2020-11-17 14:21:48.856000,1.04212,1.0421,3940000,4870000
2020-11-17 14:21:50.910000,1.04214,1.04209,3560000,1500000
2020-11-17 14:21:51.012000,1.04214,1.04211,3120000,1250000
2020-11-17 14:21:51.535000,1.04214,1.04211,2250000,3260000
2020-11-17 14:21:53.556000,1.04214,1.04211,2370000,2890000
2020-11-17 14:21:54.556000,1.04214,1.04211,3000000,3260000
2020-11-17 14:21:56.123000,1.04214,1.04213,1500000,1000000
2020-11-17 14:22:06.873000,1.04215,1.04214,1500000,4500000
2020-11-17 14:22:06.924000,1.04217,1.04214,2870000,1950000
2020-11-17 14:22:07.616000,1.04217,1.04215,2120000,1000000
2020-11-17 14:22:07.789000,1.04218,1.04215,4370000,1200000
2020-11-17 14:22:08.093000,1.04218,1.04217,2060000,1000000
2020-11-17 14:22:08.194000,1.04222,1.0422,4710000,1000000
2020-11-17 14:22:08.296000,1.04222,1.0422,1250000,1950000
2020-11-17 14:22:08.397000,1.04223,1.0422,1000000,2700000
2020-11-17 14:22:08.448000,1.04224,1.04222,1690000,1000000
2020-11-17 14:22:08.499000,1.04226,1.04223,4250000,1500000
2020-11-17 14:22:08.954000,1.04224,1.04223,1250000,1500000
2020-11-17 14:22:14.113000,1.04225,1.04223,4040000,1000000
2020-11-17 14:22:14.417000,1.04222,1.04221,1000000,4120000
2020-11-17 14:22:14.468000,1.04223,1.04218,5250000,2320000
2020-11-17 14:22:14.722000,1.04222,1.0422,1000000,1500000
2020-11-17 14:22:14.824000,1.04223,1.04221,1620000,1250000
2020-11-17 14:22:14.926000,1.04224,1.04222,1620000,1000000
2020-11-17 14:22:15.028000,1.04224,1.04222,1000000,1000000
2020-11-17 14:22:15.442000,1.04225,1.04222,4690000,1000000
2020-11-17 14:22:16.437000,1.04225,1.04222,5560000,1000000
2020-11-17 14:22:18.259000,1.04224,1.04221,1870000,2140000
2020-11-17 14:22:18.361000,1.04224,1.04221,3120000,2140000
2020-11-17 14:22:18.463000,1.04225,1.0422,1120000,2140000
2020-11-17 14:22:19.250000,1.04225,1.04222,4810000,1000000
2020-11-17 14:22:21.795000,1.04226,1.04221,4310000,1200000
2020-11-17 14:22:23.375000,1.04225,1.04222,4060000,1200000
2020-11-17 14:22:31.956000,1.04225,1.04223,2370000,1000000
2020-11-17 14:22:32.057000,1.04225,1.04223,1000000,1950000
2020-11-17 14:22:32.108000,1.04227,1.04225,3370000,1000000
2020-11-17 14:22:32.210000,1.04228,1.04227,1250000,1000000
2020-11-17 14:22:32.311000,1.04231,1.04229,1250000,1000000
2020-11-17 14:22:32.362000,1.04232,1.04231,1120000,2700000
2020-11-17 14:22:32.464000,1.04232,1.0423,1310000,1500000
2020-11-17 14:22:32.616000,1.04233,1.04231,2620000,1690000
2020-11-17 14:22:32.718000,1.04234,1.04231,2250000,4010000
2020-11-17 14:22:32.819000,1.04235,1.04232,3940000,1200000
2020-11-17 14:22:32.921000,1.04235,1.04232,1690000,1720000
2020-11-17 14:22:32.972000,1.04237,1.04235,1690000,1600000
2020-11-17 14:22:33.022000,1.04236,1.04234,1500000,2770000
2020-11-17 14:22:33.124000,1.04235,1.04233,1690000,1000000
2020-11-17 14:22:33.225000,1.04234,1.04232,1500000,1000000
2020-11-17 14:22:33.327000,1.04233,1.04231,2250000,1250000
2020-11-17 14:22:33.580000,1.04233,1.04231,2440000,1000000
2020-11-17 14:22:33.681000,1.04233,1.04231,3190000,1000000
2020-11-17 14:22:34.105000,1.04233,1.0423,5120000,1200000
2020-11-17 14:22:34.207000,1.04231,1.04229,1500000,1950000
2020-11-17 14:22:34.309000,1.04231,1.0423,1500000,2140000
2020-11-17 14:22:34.410000,1.04233,1.04229,2250000,1390000
2020-11-17 14:22:35.107000,1.04233,1.0423,3750000,2200000
2020-11-17 14:22:35.771000,1.04234,1.04231,4310000,1390000
2020-11-17 14:22:36.396000,1.04234,1.04232,1690000,1000000
2020-11-17 14:22:37.106000,1.04235,1.04232,1120000,2100000
2020-11-17 14:22:37.730000,1.04235,1.04233,3310000,1000000
2020-11-17 14:22:38.237000,1.04235,1.04233,1500000,1000000
2020-11-17 14:22:38.339000,1.04236,1.04232,2250000,1000000
2020-11-17 14:22:38.731000,1.04235,1.04233,2250000,1000000
2020-11-17 14:22:42.138000,1.04235,1.04233,2500000,1500000
2020-11-17 14:22:42.189000,1.04233,1.04231,1250000,1120000
2020-11-17 14:22:42.291000,1.04232,1.04229,3310000,1950000
2020-11-17 14:22:42.392000,1.04232,1.0423,1810000,1000000
2020-11-17 14:22:42.494000,1.04232,1.0423,1310000,1000000
2020-11-17 14:22:43.019000,1.04231,1.04229,1000000,1500000
2020-11-17 14:22:43.650000,1.04231,1.04228,1500000,1200000
2020-11-17 14:22:45.955000,1.04232,1.0423,1870000,1000000
2020-11-17 14:22:47.365000,1.04233,1.04232,1450000,1000000
2020-11-17 14:22:47.467000,1.04235,1.04232,5120000,1500000
2020-11-17 14:22:47.568000,1.04235,1.04232,1690000,2890000
2020-11-17 14:22:47.961000,1.04238,1.04237,3560000,1000000
2020-11-17 14:22:48.063000,1.04238,1.04236,1250000,1500000
2020-11-17 14:22:48.367000,1.04239,1.04236,1250000,1000000
2020-11-17 14:22:48.469000,1.04238,1.04236,1370000,1000000
2020-11-17 14:22:51.117000,1.04238,1.04236,1250000,3260000
2020-11-17 14:22:52.194000,1.04238,1.04237,1250000,1000000
2020-11-17 14:22:52.971000,1.04238,1.04235,1000000,1000000
2020-11-17 14:22:53.022000,1.04236,1.04234,1000000,3520000
2020-11-17 14:22:54.137000,1.04235,1.04234,1000000,1500000
2020-11-17 14:22:56.992000,1.04236,1.04235,1000000,1950000
2020-11-17 14:22:57.044000,1.04238,1.04236,1250000,1950000
2020-11-17 14:22:57.145000,1.04241,1.04236,2060000,1500000
2020-11-17 14:22:57.601000,1.04242,1.0424,1000000,2890000
2020-11-17 14:22:59.892000,1.04242,1.04239,1310000,1950000
2020-11-17 14:23:01.692000,1.0424,1.04239,1250000,1000000
2020-11-17 14:23:02.577000,1.04238,1.04234,1000000,3170000
2020-11-17 14:23:02.678000,1.04237,1.04234,2750000,2890000
2020-11-17 14:23:06.504000,1.04235,1.04233,1000000,1690000
2020-11-17 14:23:07.541000,1.04233,1.04232,1000000,1250000
2020-11-17 14:23:07.593000,1.0423,1.04229,3190000,1000000
2020-11-17 14:23:07.644000,1.0423,1.04227,2250000,1000000
2020-11-17 14:23:07.746000,1.0423,1.04227,2250000,1750000
2020-11-17 14:23:07.848000,1.04226,1.04225,1000000,2700000
2020-11-17 14:23:07.949000,1.04226,1.04224,1810000,1200000
2020-11-17 14:23:08,1.04229,1.04227,3120000,1200000
2020-11-17 14:23:08.101000,1.04229,1.04227,1120000,1700000
2020-11-17 14:23:08.457000,1.0423,1.04227,1500000,3670000
2020-11-17 14:23:09.056000,1.0423,1.04227,1000000,5250000
2020-11-17 14:23:10.297000,1.04229,1.04226,2060000,1100000
2020-11-17 14:23:10.399000,1.04229,1.04226,4440000,1000000
2020-11-17 14:23:10.760000,1.04229,1.04226,3190000,1000000
2020-11-17 14:23:11.890000,1.0423,1.04227,2810000,1000000
2020-11-17 14:23:21.354000,1.04229,1.04226,1000000,2250000
2020-11-17 14:23:22.465000,1.04227,1.04225,1000000,2320000
2020-11-17 14:23:25.978000,1.04221,1.0422,1000000,1000000
2020-11-17 14:23:26.029000,1.04221,1.04218,1310000,4090000
2020-11-17 14:23:26.131000,1.0422,1.04218,1690000,1270000
2020-11-17 14:23:26.690000,1.0422,1.04217,1310000,2140000
2020-11-17 14:23:28.535000,1.0422,1.04215,7060000,1000000
2020-11-17 14:23:29.379000,1.0422,1.04219,1000000,3450000
2020-11-17 14:23:29.430000,1.04223,1.04221,2060000,1000000
2020-11-17 14:23:30.042000,1.04224,1.04222,1750000,1200000
2020-11-17 14:23:31.841000,1.0422,1.04219,1250000,1120000
2020-11-17 14:23:31.942000,1.0422,1.04218,2560000,1000000
2020-11-17 14:23:32.510000,1.0422,1.04218,2060000,1000000
2020-11-17 14:23:32.663000,1.0422,1.04217,3190000,1690000
2020-11-17 14:23:32.766000,1.04219,1.04217,1500000,1690000
2020-11-17 14:23:32.868000,1.04218,1.04217,1000000,1690000
2020-11-17 14:23:33.766000,1.04219,1.04217,1870000,1690000
2020-11-17 14:23:34.232000,1.0422,1.04217,3560000,1690000
2020-11-17 14:23:36.229000,1.04219,1.04217,2620000,1250000
2020-11-17 14:23:36.330000,1.04218,1.04216,1690000,1250000
2020-11-17 14:23:36.431000,1.04218,1.04216,1810000,1250000
2020-11-17 14:23:36.533000,1.04218,1.04216,1690000,1250000
2020-11-17 14:23:38.561000,1.04219,1.04216,2060000,1690000
2020-11-17 14:23:39.027000,1.04218,1.04216,2620000,1000000
2020-11-17 14:23:39.128000,1.04217,1.04215,1310000,1000000
2020-11-17 14:23:40.594000,1.04217,1.04214,2060000,2250000
2020-11-17 14:23:43.758000,1.04216,1.04214,1000000,1500000
2020-11-17 14:23:44.265000,1.04219,1.04216,7060000,1000000
2020-11-17 14:23:44.366000,1.04219,1.04216,1690000,1950000
2020-11-17 14:23:45.617000,1.04218,1.04216,1250000,1000000
2020-11-17 14:23:47.196000,1.04219,1.04216,1310000,1690000
2020-11-17 14:23:47.350000,1.0422,1.04215,7810000,1250000
2020-11-17 14:23:47.452000,1.04219,1.04216,2060000,3640000
2020-11-17 14:23:47.710000,1.0422,1.04215,2250000,6020000
2020-11-17 14:23:49.634000,1.0422,1.04217,1310000,5590000
2020-11-17 14:23:49.736000,1.04223,1.04221,1690000,1500000
2020-11-17 14:23:49.889000,1.04223,1.04222,1250000,1000000
2020-11-17 14:23:53.606000,1.04225,1.04223,1250000,3550000
2020-11-17 14:23:53.708000,1.04226,1.04222,1250000,2320000
2020-11-17 14:23:55.122000,1.04226,1.04223,2060000,1950000
2020-11-17 14:23:55.457000,1.04224,1.04223,1000000,1000000
2020-11-17 14:23:55.559000,1.04224,1.04222,1000000,1690000
2020-11-17 14:23:55.668000,1.04223,1.04222,1000000,1250000
2020-11-17 14:23:57.098000,1.04223,1.04221,1870000,1000000
2020-11-17 14:23:58.439000,1.0422,1.04218,1500000,2910000
2020-11-17 14:23:58.541000,1.04219,1.04217,1000000,2570000
2020-11-17 14:23:58.894000,1.04218,1.04214,1500000,2310000
2020-11-17 14:23:59.350000,1.04218,1.04216,1120000,8420000
2020-11-17 14:24:00.407000,1.04219,1.04216,1870000,5400000
2020-11-17 14:24:00.522000,1.04219,1.04217,1120000,1200000
2020-11-17 14:24:00.624000,1.0422,1.04217,2060000,3150000
2020-11-17 14:24:01.995000,1.0422,1.04217,3310000,1000000
2020-11-17 14:24:02.965000,1.0422,1.04217,3190000,1000000
2020-11-17 14:24:03.067000,1.04215,1.04214,1500000,1000000
2020-11-17 14:24:03.168000,1.04215,1.04213,1870000,1450000
2020-11-17 14:24:03.815000,1.04214,1.04212,1500000,2010000
2020-11-17 14:24:11.322000,1.04213,1.04212,1000000,1250000
2020-11-17 14:24:11.373000,1.0421,1.04208,1000000,4270000
2020-11-17 14:24:11.474000,1.0421,1.04209,1000000,1250000
2020-11-17 14:24:11.589000,1.04211,1.04209,1120000,1250000
2020-11-17 14:24:11.792000,1.04213,1.0421,1500000,2950000
2020-11-17 14:24:11.893000,1.04214,1.04213,1000000,1000000
2020-11-17 14:24:11.995000,1.04217,1.04216,1250000,1000000
2020-11-17 14:24:12.096000,1.04218,1.04216,1690000,1000000
2020-11-17 14:24:15.623000,1.04217,1.04215,1690000,2350000
2020-11-17 14:24:15.775000,1.04217,1.04215,2060000,1000000
2020-11-17 14:24:21.908000,1.04217,1.04214,2810000,1570000
2020-11-17 14:24:27.849000,1.04216,1.04214,1000000,1500000
2020-11-17 14:24:34.978000,1.04218,1.04214,1000000,1000000
2020-11-17 14:24:48.569000,1.04218,1.04215,2250000,1690000
2020-11-17 14:24:51.440000,1.04218,1.04216,1500000,1000000
2020-11-17 14:24:51.541000,1.04222,1.04221,1120000,1500000
2020-11-17 14:24:51.592000,1.04224,1.04221,1310000,10250000
2020-11-17 14:24:51.694000,1.04225,1.04224,1250000,1000000
2020-11-17 14:24:51.804000,1.04225,1.04223,1250000,1500000
2020-11-17 14:24:51.905000,1.04226,1.04223,2500000,1870000
2020-11-17 14:24:52.018000,1.04226,1.04222,1750000,1120000
2020-11-17 14:24:53.160000,1.04226,1.04224,2120000,1000000
2020-11-17 14:24:53.262000,1.04226,1.04225,1250000,1500000
2020-11-17 14:24:56.323000,1.04228,1.04225,3560000,1500000
2020-11-17 14:24:58.195000,1.04224,1.04222,1000000,3970000
2020-11-17 14:24:58.246000,1.04223,1.0422,4250000,2890000
2020-11-17 14:24:58.399000,1.0422,1.04219,1120000,1250000
2020-11-17 14:25:00.431000,1.04221,1.04219,2060000,1250000
2020-11-17 14:25:01.149000,1.04221,1.04218,1000000,1690000
2020-11-17 14:25:02.884000,1.04223,1.0422,1870000,1690000
2020-11-17 14:25:02.985000,1.04224,1.04221,2250000,1000000
2020-11-17 14:25:04.250000,1.04223,1.04221,1000000,1000000
2020-11-17 14:25:04.596000,1.04223,1.04219,5060000,1390000
2020-11-17 14:25:11.147000,1.04223,1.04219,4810000,1760000
2020-11-17 14:25:11.248000,1.04223,1.04219,4690000,1760000
2020-11-17 14:25:11.890000,1.04222,1.04219,1000000,1390000
2020-11-17 14:25:12.436000,1.0422,1.04217,1000000,5140000
2020-11-17 14:25:12.863000,1.04219,1.04217,1000000,1500000
2020-11-17 14:25:21.710000,1.04219,1.04216,1500000,4390000
2020-11-17 14:25:21.813000,1.04215,1.04213,1620000,1690000
2020-11-17 14:25:21.916000,1.04216,1.04213,1000000,1690000
2020-11-17 14:25:22.170000,1.04216,1.04215,1000000,1690000
2020-11-17 14:25:24.077000,1.04217,1.04216,1000000,1250000
2020-11-17 14:25:28.875000,1.04216,1.04214,1000000,1500000
2020-11-17 14:25:28.926000,1.04214,1.04213,1120000,1200000
2020-11-17 14:25:28.977000,1.04215,1.0421,1500000,3340000
2020-11-17 14:25:29.901000,1.04213,1.04211,1120000,1310000
2020-11-17 14:25:30.002000,1.04212,1.04211,1000000,1250000
2020-11-17 14:25:30.103000,1.0421,1.04209,2620000,1250000
2020-11-17 14:25:30.407000,1.0421,1.04208,1000000,1390000
2020-11-17 14:25:30.509000,1.04211,1.04209,1120000,1250000
2020-11-17 14:25:33.235000,1.04211,1.0421,1000000,1000000
2020-11-17 14:25:33.287000,1.04213,1.0421,1120000,4010000
2020-11-17 14:25:33.542000,1.04213,1.04211,1000000,1000000
2020-11-17 14:25:35.781000,1.0421,1.04209,1500000,1200000
2020-11-17 14:25:35.882000,1.04209,1.04207,1500000,1250000
2020-11-17 14:25:38.526000,1.04208,1.04207,1000000,1250000
2020-11-17 14:25:43.150000,1.04208,1.04206,3940000,1250000
2020-11-17 14:25:44.917000,1.04208,1.04206,1000000,3190000
2020-11-17 14:25:45.271000,1.04208,1.04206,1000000,4100000
2020-11-17 14:25:45.525000,1.04209,1.04206,1500000,5300000
2020-11-17 14:25:47.047000,1.04208,1.04206,1000000,1000000
2020-11-17 14:25:47.149000,1.04207,1.04206,1000000,1000000
2020-11-17 14:25:47.427000,1.04207,1.04204,1500000,4310000
2020-11-17 14:25:49.700000,1.04205,1.04202,1500000,1310000
2020-11-17 14:25:49.802000,1.04205,1.04203,1500000,1310000
2020-11-17 14:25:50.286000,1.04205,1.04203,1000000,1750000
2020-11-17 14:25:52.335000,1.04205,1.04202,1500000,3640000
2020-11-17 14:25:52.436000,1.04205,1.04202,1120000,4150000
2020-11-17 14:25:52.589000,1.04207,1.04201,1870000,4900000
2020-11-17 14:25:53.175000,1.04206,1.04203,1120000,1820000
2020-11-17 14:25:56.700000,1.04208,1.04205,1500000,4970000
2020-11-17 14:25:56.834000,1.04211,1.04209,1250000,1000000
2020-11-17 14:25:59.870000,1.04213,1.04211,2870000,1000000
2020-11-17 14:26:00.409000,1.04214,1.04212,1250000,2000000
2020-11-17 14:26:01.863000,1.04216,1.04215,1250000,1000000
2020-11-17 14:26:02.480000,1.04218,1.04215,1690000,3470000
2020-11-17 14:26:05.159000,1.04216,1.04213,6700000,4250000
2020-11-17 14:26:05.210000,1.04211,1.0421,1000000,1250000
2020-11-17 14:26:05.312000,1.0421,1.04207,2370000,3960000
2020-11-17 14:26:05.414000,1.0421,1.04207,2370000,2210000
2020-11-17 14:26:05.768000,1.0421,1.04207,1120000,3340000
2020-11-17 14:26:06.331000,1.04211,1.04208,2440000,1000000
2020-11-17 14:26:13.486000,1.04211,1.04209,1000000,1000000
2020-11-17 14:26:13.637000,1.04211,1.04208,1500000,2510000
2020-11-17 14:26:13.789000,1.04211,1.04209,1000000,1250000
2020-11-17 14:26:13.890000,1.04213,1.04208,2250000,2510000
2020-11-17 14:26:14.093000,1.04213,1.0421,2250000,3320000
2020-11-17 14:26:16.446000,1.0421,1.04208,1690000,1000000
2020-11-17 14:26:16.548000,1.04208,1.04206,2250000,1250000
2020-11-17 14:26:16.650000,1.04207,1.04205,1870000,1250000
2020-11-17 14:26:25.512000,1.04208,1.04206,1500000,1250000
2020-11-17 14:26:29.015000,1.04208,1.04205,2060000,1000000
2020-11-17 14:26:29.116000,1.04207,1.04205,1000000,1000000
2020-11-17 14:26:29.471000,1.04207,1.04204,1500000,4390000
2020-11-17 14:26:35.074000,1.04208,1.04206,2250000,1250000
2020-11-17 14:26:35.175000,1.0421,1.04206,2370000,1250000
2020-11-17 14:26:35.277000,1.0421,1.04209,1000000,1000000
2020-11-17 14:26:38.310000,1.04214,1.04213,4690000,1000000
2020-11-17 14:26:38.412000,1.04215,1.04213,2440000,1120000
2020-11-17 14:26:38.564000,1.04219,1.04214,2120000,1000000
2020-11-17 14:26:38.614000,1.04218,1.04216,1690000,1000000
2020-11-17 14:26:38.918000,1.04218,1.04215,1690000,8900000
2020-11-17 14:26:39.020000,1.0422,1.04216,6190000,4200000
2020-11-17 14:26:39.223000,1.0422,1.04217,2440000,1000000
2020-11-17 14:26:39.590000,1.04221,1.0422,1690000,1500000
2020-11-17 14:26:39.641000,1.04223,1.0422,2440000,3070000
2020-11-17 14:26:39.743000,1.04223,1.04219,1250000,2700000
2020-11-17 14:26:40.554000,1.04223,1.0422,2440000,2250000
2020-11-17 14:26:42.254000,1.04222,1.0422,1250000,3750000
2020-11-17 14:26:43.985000,1.04219,1.04217,2720000,1120000
2020-11-17 14:26:44.087000,1.04219,1.04215,1870000,1250000
2020-11-17 14:26:44.449000,1.04218,1.04215,2250000,1690000
2020-11-17 14:26:49.490000,1.04214,1.04213,1000000,1570000
2020-11-17 14:26:49.591000,1.04213,1.04211,1500000,1250000
2020-11-17 14:26:49.794000,1.04215,1.04212,2620000,1250000
2020-11-17 14:26:50.423000,1.04216,1.04212,1500000,1250000
2020-11-17 14:26:52.271000,1.04215,1.04212,1000000,4760000
2020-11-17 14:26:54.224000,1.04213,1.04211,1000000,2810000
2020-11-17 14:26:54.551000,1.04214,1.04212,1000000,1250000
2020-11-17 14:26:56.139000,1.04215,1.04212,1500000,2060000
2020-11-17 14:27:04.571000,1.04216,1.04212,1000000,1250000
2020-11-17 14:27:08.690000,1.04216,1.04213,1000000,1310000
2020-11-17 14:27:08.792000,1.04217,1.04215,1000000,1370000
2020-11-17 14:27:08.843000,1.04216,1.04214,1000000,1000000
2020-11-17 14:27:09.297000,1.04215,1.04214,1000000,1000000
2020-11-17 14:27:09.398000,1.04215,1.04213,1000000,2810000
2020-11-17 14:27:09.550000,1.04216,1.04213,1500000,3560000
2020-11-17 14:27:11.880000,1.04215,1.04213,1870000,1000000
2020-11-17 14:27:12.342000,1.04214,1.04212,1000000,2060000
2020-11-17 14:27:14.395000,1.04216,1.04215,1500000,1250000
2020-11-17 14:27:14.496000,1.04217,1.04215,1000000,2560000
2020-11-17 14:27:14.749000,1.04218,1.04215,1120000,3690000
2020-11-17 14:27:17.233000,1.04219,1.04214,2250000,1250000
2020-11-17 14:27:20.291000,1.04217,1.04215,1000000,1250000
2020-11-17 14:27:28.065000,1.04213,1.04211,1000000,2060000
2020-11-17 14:27:28.116000,1.04211,1.0421,1000000,1690000
2020-11-17 14:27:28.218000,1.0421,1.04209,1000000,1250000
2020-11-17 14:27:28.375000,1.04209,1.04208,1500000,1250000
2020-11-17 14:27:28.648000,1.04207,1.04205,1000000,2000000
2020-11-17 14:27:28.750000,1.04208,1.04206,1000000,1000000
2020-11-17 14:27:29.054000,1.04209,1.04206,1120000,4000000
2020-11-17 14:27:29.213000,1.04209,1.04206,1120000,4060000
2020-11-17 14:27:29.315000,1.04209,1.04206,1120000,4000000
2020-11-17 14:27:29.416000,1.04209,1.04206,1120000,4060000
2020-11-17 14:27:29.688000,1.04209,1.04207,1000000,1310000
2020-11-17 14:27:30.175000,1.04211,1.04207,4810000,2510000
2020-11-17 14:27:30.276000,1.04211,1.04208,1500000,1750000
2020-11-17 14:27:30.377000,1.04209,1.04207,1000000,1250000
2020-11-17 14:27:32.342000,1.0421,1.04206,4870000,5120000
2020-11-17 14:27:32.443000,1.0421,1.04207,1000000,3700000
2020-11-17 14:27:32.545000,1.04209,1.04207,1000000,2950000
2020-11-17 14:27:32.646000,1.04209,1.04207,1500000,1250000
2020-11-17 14:27:34.533000,1.04208,1.04206,1000000,1250000
2020-11-17 14:27:34.635000,1.04206,1.04204,1000000,1750000
2020-11-17 14:27:34.686000,1.04205,1.04202,1000000,2950000
2020-11-17 14:27:34.838000,1.04205,1.04203,1000000,1250000
2020-11-17 14:27:35.040000,1.04208,1.04202,4440000,5500000
2020-11-17 14:27:35.141000,1.04207,1.04203,2620000,6250000
2020-11-17 14:27:35.962000,1.04207,1.04204,1000000,3250000
2020-11-17 14:27:36.267000,1.04208,1.04205,1000000,2950000
2020-11-17 14:27:39.443000,1.0421,1.04206,2250000,6020000
2020-11-17 14:27:39.544000,1.04212,1.04206,2440000,7690000
2020-11-17 14:27:41.347000,1.04211,1.04209,1690000,1000000
2020-11-17 14:27:41.449000,1.04211,1.04208,1690000,1500000
2020-11-17 14:27:41.804000,1.04212,1.04208,1250000,1000000
2020-11-17 14:27:41.855000,1.04213,1.0421,2440000,1000000
2020-11-17 14:27:44.004000,1.0421,1.04208,1000000,1200000
2020-11-17 14:27:44.106000,1.0421,1.04207,2370000,1690000
2020-11-17 14:27:44.207000,1.0421,1.04207,1870000,1690000
2020-11-17 14:27:45.351000,1.04209,1.04206,1120000,1250000
2020-11-17 14:27:46.276000,1.04209,1.04208,1120000,1000000
2020-11-17 14:27:46.377000,1.0421,1.04207,1000000,4070000
2020-11-17 14:27:48.285000,1.0421,1.04208,1000000,2870000
2020-11-17 14:27:51.779000,1.04211,1.04207,1000000,2060000
2020-11-17 14:27:51.880000,1.04209,1.04208,1000000,2060000
2020-11-17 14:27:52.137000,1.04209,1.04207,1000000,1310000
2020-11-17 14:27:52.238000,1.04208,1.04206,1000000,3750000
2020-11-17 14:27:52.592000,1.04207,1.04205,1000000,1690000
2020-11-17 14:27:52.896000,1.04206,1.04204,1000000,2440000
2020-11-17 14:27:52.997000,1.04205,1.04204,1500000,1000000
2020-11-17 14:27:53.048000,1.04203,1.04201,1000000,2620000
2020-11-17 14:27:53.149000,1.04204,1.04202,2440000,1250000
2020-11-17 14:27:53.301000,1.04203,1.04201,1870000,1250000
2020-11-17 14:27:54.925000,1.04202,1.042,1500000,1250000
2020-11-17 14:27:55.027000,1.04202,1.04199,1000000,1250000
2020-11-17 14:27:55.178000,1.042,1.04198,1000000,1940000
2020-11-17 14:27:55.229000,1.04198,1.04196,1000000,4000000
2020-11-17 14:27:55.829000,1.04198,1.04195,2620000,3450000
2020-11-17 14:27:55.930000,1.04197,1.04194,1000000,1750000
2020-11-17 14:27:56.032000,1.04196,1.04194,1690000,1940000
2020-11-17 14:27:56.206000,1.04196,1.04194,1250000,1750000
2020-11-17 14:27:56.641000,1.04197,1.04194,2810000,1750000
2020-11-17 14:27:56.838000,1.04196,1.04194,1250000,1750000
2020-11-17 14:27:57.910000,1.04193,1.04192,1000000,1310000
2020-11-17 14:27:58.214000,1.04193,1.04191,1000000,2810000
2020-11-17 14:27:58.366000,1.04194,1.04191,1000000,6310000
2020-11-17 14:27:58.893000,1.04193,1.04191,1000000,5810000
2020-11-17 14:27:59.418000,1.04192,1.04191,1000000,1690000
2020-11-17 14:28:02.209000,1.04192,1.0419,1000000,3190000
2020-11-17 14:28:02.260000,1.0419,1.04188,1000000,2060000
2020-11-17 14:28:02.617000,1.04191,1.04188,8370000,1250000
2020-11-17 14:28:02.718000,1.04189,1.04188,1000000,1250000
2020-11-17 14:28:03.610000,1.04191,1.04189,1000000,5440000
2020-11-17 14:28:03.712000,1.04192,1.0419,1000000,2810000
2020-11-17 14:28:05.172000,1.04193,1.0419,1000000,1250000
2020-11-17 14:28:17.048000,1.04193,1.04191,1000000,2560000
2020-11-17 14:28:17.201000,1.04192,1.04191,1000000,1310000
2020-11-17 14:28:20.710000,1.04193,1.04192,1000000,1250000
2020-11-17 14:28:20.811000,1.04195,1.04194,1000000,1250000
2020-11-17 14:28:21.274000,1.04196,1.04194,1000000,1310000
2020-11-17 14:28:21.376000,1.04196,1.04195,1000000,1250000
2020-11-17 14:28:21.477000,1.04196,1.04194,1000000,2060000
2020-11-17 14:28:26.867000,1.04196,1.04193,1000000,2810000
2020-11-17 14:28:28.195000,1.04193,1.04191,1000000,3010000
2020-11-17 14:28:28.296000,1.04194,1.04191,1120000,2510000
2020-11-17 14:28:36.127000,1.04193,1.04191,1870000,1250000
2020-11-17 14:28:37.209000,1.04194,1.0419,2370000,1250000
2020-11-17 14:28:38.178000,1.04193,1.04191,2250000,1250000
2020-11-17 14:28:41.211000,1.04193,1.04191,2370000,1250000
2020-11-17 14:28:45.578000,1.04193,1.04191,1000000,2440000
2020-11-17 14:28:45.679000,1.04193,1.04191,1000000,2560000
2020-11-17 14:28:45.831000,1.04194,1.04191,2250000,5560000
2020-11-17 14:28:46.084000,1.04195,1.04193,1120000,1310000
2020-11-17 14:28:47.775000,1.04195,1.04192,1500000,2140000
2020-11-17 14:28:51.369000,1.04193,1.0419,1000000,2060000
2020-11-17 14:28:51.572000,1.04194,1.04191,2810000,1690000
2020-11-17 14:28:51.673000,1.04194,1.04191,3120000,1690000
2020-11-17 14:28:52.194000,1.04194,1.04191,3000000,1690000
2020-11-17 14:28:52.699000,1.04194,1.04191,3120000,1690000
2020-11-17 14:28:54.329000,1.04194,1.04189,2250000,1250000
2020-11-17 14:28:54.582000,1.04192,1.0419,1000000,1250000
2020-11-17 14:28:54.788000,1.04192,1.04189,1500000,1690000
2020-11-17 14:28:55.459000,1.04191,1.04189,1000000,1250000
2020-11-17 14:28:55.561000,1.04191,1.04188,2250000,2810000
2020-11-17 14:28:58.564000,1.04192,1.0419,1120000,1750000
2020-11-17 14:28:58.665000,1.04193,1.04192,1000000,1250000
2020-11-17 14:28:58.716000,1.04195,1.04192,6370000,1310000
2020-11-17 14:28:58.817000,1.04195,1.0419,1500000,3370000
2020-11-17 14:28:59.842000,1.04193,1.04192,1000000,1310000
2020-11-17 14:29:01.174000,1.04193,1.04191,2250000,1250000
2020-11-17 14:29:01.276000,1.04194,1.04192,2370000,1000000
2020-11-17 14:29:01.378000,1.04195,1.04193,1500000,2500000
2020-11-17 14:29:01.430000,1.04196,1.04193,2810000,3320000
2020-11-17 14:29:09.513000,1.04196,1.04195,1000000,1250000
2020-11-17 14:29:09.664000,1.04197,1.04195,1500000,1310000
2020-11-17 14:29:10.956000,1.04198,1.04196,1000000,3000000
2020-11-17 14:29:11.057000,1.042,1.04197,1750000,1120000
2020-11-17 14:29:13.657000,1.04198,1.04196,1000000,1750000
2020-11-17 14:29:14.106000,1.04197,1.04196,1000000,1250000
2020-11-17 14:29:14.207000,1.04197,1.04194,1000000,3620000
2020-11-17 14:29:14.359000,1.04197,1.04194,3560000,1000000
2020-11-17 14:29:14.588000,1.04196,1.04193,1000000,2810000
2020-11-17 14:29:19.348000,1.04195,1.04193,1000000,1250000
2020-11-17 14:29:19.399000,1.04193,1.04192,1000000,1250000
2020-11-17 14:29:19.501000,1.04193,1.04191,2750000,1690000
2020-11-17 14:29:19.602000,1.04195,1.04191,1000000,1250000
2020-11-17 14:29:19.805000,1.04195,1.04192,1000000,2810000
2020-11-17 14:29:24.486000,1.04194,1.04192,1500000,1000000
2020-11-17 14:29:24.647000,1.04194,1.04191,2620000,1250000
2020-11-17 14:29:25.146000,1.04193,1.04191,1000000,1250000
2020-11-17 14:29:25.248000,1.04194,1.04191,2620000,1690000
2020-11-17 14:29:31.685000,1.04195,1.04193,1120000,1250000
2020-11-17 14:29:32.663000,1.04195,1.04193,1000000,2120000
2020-11-17 14:29:36.223000,1.04199,1.04196,1000000,1000000
2020-11-17 14:29:36.274000,1.042,1.04198,2440000,1000000
2020-11-17 14:29:36.325000,1.04202,1.04199,1500000,2060000
2020-11-17 14:29:36.376000,1.04202,1.042,1000000,1620000
2020-11-17 14:29:36.955000,1.04203,1.04199,1250000,1120000
2020-11-17 14:29:40.410000,1.04198,1.04196,2250000,2060000
2020-11-17 14:29:40.663000,1.04197,1.04196,1000000,1250000
2020-11-17 14:29:41.303000,1.04196,1.04195,1690000,1250000
2020-11-17 14:29:41.740000,1.04197,1.04194,1000000,1250000
2020-11-17 14:29:42.503000,1.04198,1.04195,1000000,3250000
2020-11-17 14:29:42.756000,1.04199,1.04195,2250000,3620000
2020-11-17 14:29:43.150000,1.04197,1.04194,1000000,5870000
2020-11-17 14:29:43.302000,1.04197,1.04194,2250000,1690000
2020-11-17 14:29:47.068000,1.04197,1.04194,1500000,1750000
2020-11-17 14:29:47.271000,1.04198,1.04196,1000000,1750000
2020-11-17 14:29:47.323000,1.042,1.04196,2250000,3250000
2020-11-17 14:29:47.424000,1.04199,1.04196,1500000,1310000
2020-11-17 14:29:48.705000,1.04198,1.04196,1000000,1250000
2020-11-17 14:29:50.460000,1.04197,1.04194,1500000,2120000
2020-11-17 14:29:50.563000,1.04197,1.04194,1500000,1250000
2020-11-17 14:29:50.614000,1.04194,1.04192,1500000,1250000
2020-11-17 14:29:50.717000,1.04193,1.04192,1000000,1250000
2020-11-17 14:29:55.633000,1.04193,1.0419,1000000,4120000
2020-11-17 14:29:55.685000,1.04194,1.04191,1000000,1250000
2020-11-17 14:30:00.324000,1.04192,1.04189,2810000,6000000
