time,ask,bid,ask_volume,bid_volume
2018-02-14 14:55:00.089000,1.0738,1.07376,5890000,1000000
2018-02-14 14:55:00.784000,1.0738,1.07378,4030000,1870000
2018-02-14 14:55:00.996000,1.07386,1.07384,3710000,1570000
2018-02-14 14:55:01.298000,1.07389,1.07387,1000000,1200000
2018-02-14 14:55:01.613000,1.07386,1.07384,1250000,1200000
2018-02-14 14:55:01.768000,1.0739,1.07387,1390000,1500000
2018-02-14 14:55:01.997000,1.07392,1.07388,2890000,1500000
2018-02-14 14:55:02.515000,1.07392,1.07389,3560000,1120000
2018-02-14 14:55:03.020000,1.07391,1.07388,3370000,1000000
2018-02-14 14:55:03.331000,1.07388,1.07386,3190000,2320000
2018-02-14 14:55:03.544000,1.0739,1.07387,1390000,1000000
2018-02-14 14:55:05.664000,1.07394,1.07392,1500000,1120000
2018-02-14 14:55:05.796000,1.07393,1.0739,1000000,5700000
2018-02-14 14:55:06.020000,1.07389,1.07387,4910000,2700000
2018-02-14 14:55:06.072000,1.07388,1.07386,2250000,1100000
2018-02-14 14:55:06.371000,1.0739,1.07386,1000000,1570000
2018-02-14 14:55:07.210000,1.07391,1.07386,5890000,1470000
2018-02-14 14:55:08.297000,1.07391,1.07386,8360000,1200000
2018-02-14 14:55:08.889000,1.07391,1.07386,5140000,5700000
2018-02-14 14:55:10.162000,1.07391,1.07387,5740000,1500000
2018-02-14 14:55:11.911000,1.07389,1.07387,2250000,1120000
2018-02-14 14:55:12.018000,1.07389,1.07385,3750000,1010000
2018-02-14 14:55:12.359000,1.07386,1.07384,1120000,1950000
2018-02-14 14:55:12.465000,1.07388,1.07384,1500000,4010000
2018-02-14 14:55:12.569000,1.07386,1.07383,2250000,2320000
2018-02-14 14:55:12.621000,1.07385,1.07383,1620000,1100000
2018-02-14 14:55:12.674000,1.07385,1.07381,1760000,1500000
2018-02-14 14:55:13.387000,1.07384,1.0738,5060000,1950000
2018-02-14 14:55:13.996000,1.07383,1.0738,1120000,2250000
2018-02-14 14:55:14.101000,1.07385,1.07381,1250000,1570000
2018-02-14 14:55:15.053000,1.07385,1.07381,1310000,2700000
2018-02-14 14:55:15.565000,1.07384,1.07381,1000000,1500000
2018-02-14 14:55:15.773000,1.07384,1.07381,1870000,1120000
2018-02-14 14:55:16.086000,1.07379,1.07377,1500000,1000000
2018-02-14 14:55:16.651000,1.07379,1.07375,1370000,4760000
2018-02-14 14:55:17.178000,1.0738,1.07377,7570000,1870000
2018-02-14 14:55:17.230000,1.07382,1.07378,1470000,2620000
2018-02-14 14:55:17.590000,1.07381,1.07378,2810000,1100000
2018-02-14 14:55:17.692000,1.0738,1.07376,3940000,1200000
2018-02-14 14:55:17.897000,1.07382,1.07378,1010000,1000000
2018-02-14 14:55:18.515000,1.0738,1.07377,1620000,1100000
2018-02-14 14:55:18.620000,1.0738,1.07375,8740000,2140000
2018-02-14 14:55:19.216000,1.07382,1.07378,2060000,1100000
2018-02-14 14:55:19.529000,1.0738,1.07376,3560000,1950000
2018-02-14 14:55:19.875000,1.07372,1.07369,1620000,1100000
2018-02-14 14:55:20.394000,1.07373,1.07368,3640000,1100000
2018-02-14 14:55:20.898000,1.07374,1.07369,11140000,2700000
2018-02-14 14:55:20.950000,1.07374,1.07369,5700000,4200000
2018-02-14 14:55:21.052000,1.07374,1.07371,2250000,1000000
2018-02-14 14:55:21.437000,1.07378,1.07373,4200000,2700000
2018-02-14 14:55:22.061000,1.07378,1.07373,1950000,4570000
2018-02-14 14:55:22.577000,1.07378,1.07373,1870000,6070000
2018-02-14 14:55:23.089000,1.07378,1.07373,3820000,5320000
2018-02-14 14:55:23.606000,1.07377,1.07373,1370000,1570000
2018-02-14 14:55:24.160000,1.07378,1.07373,1950000,4570000
2018-02-14 14:55:24.728000,1.07378,1.07373,1870000,4570000
2018-02-14 14:55:24.832000,1.07379,1.07375,2140000,1500000
2018-02-14 14:55:24.884000,1.07379,1.07376,1010000,1500000
2018-02-14 14:55:25.436000,1.0738,1.07376,1500000,5890000
2018-02-14 14:55:25.647000,1.07383,1.07379,1000000,1470000
2018-02-14 14:55:25.869000,1.07385,1.0738,4570000,3070000
2018-02-14 14:55:27.448000,1.07385,1.07381,1120000,4270000
2018-02-14 14:55:27.936000,1.07388,1.07384,1500000,2700000
2018-02-14 14:55:28.450000,1.07389,1.07385,1200000,1870000
2018-02-14 14:55:29.648000,1.07388,1.07385,1000000,1570000
2018-02-14 14:55:29.856000,1.07386,1.07383,1000000,1120000
2018-02-14 14:55:29.962000,1.07388,1.07383,5890000,2700000
2018-02-14 14:55:30.993000,1.07389,1.07385,1950000,1690000
2018-02-14 14:55:31.548000,1.07389,1.07385,3820000,1120000
2018-02-14 14:55:32.041000,1.07389,1.07385,3070000,1690000
2018-02-14 14:55:32.093000,1.07389,1.07385,1570000,1690000
2018-02-14 14:55:32.611000,1.07388,1.07385,1000000,1200000
2018-02-14 14:55:33.136000,1.07388,1.07383,3450000,1950000
2018-02-14 14:55:34.114000,1.07387,1.07383,1000000,1950000
2018-02-14 14:55:34.475000,1.07385,1.07382,3190000,1200000
2018-02-14 14:55:35.016000,1.07385,1.07382,5060000,1000000
2018-02-14 14:55:35.772000,1.07385,1.07381,5060000,1950000
2018-02-14 14:55:36.180000,1.07383,1.07379,1660000,4690000
2018-02-14 14:55:36.694000,1.07382,1.07378,1760000,3000000
2018-02-14 14:55:37.213000,1.07384,1.0738,1690000,1870000
2018-02-14 14:55:37.657000,1.07385,1.07382,1000000,1870000
2018-02-14 14:55:37.912000,1.07387,1.07383,2060000,1120000
2018-02-14 14:55:37.964000,1.07387,1.07383,1000000,1750000
2018-02-14 14:55:38.412000,1.07386,1.07383,1130000,1500000
2018-02-14 14:55:38.517000,1.07389,1.07385,2890000,1370000
2018-02-14 14:55:39.252000,1.07389,1.07385,1310000,1470000
2018-02-14 14:55:39.761000,1.07389,1.07385,1690000,1000000
2018-02-14 14:55:40.324000,1.07389,1.07385,1140000,1000000
2018-02-14 14:55:40.842000,1.07389,1.07385,2510000,1000000
2018-02-14 14:55:41.381000,1.07389,1.07385,3640000,1750000
2018-02-14 14:55:41.773000,1.07387,1.07385,2250000,1370000
2018-02-14 14:55:41.826000,1.07386,1.07384,1500000,3450000
2018-02-14 14:55:42.088000,1.07386,1.07382,2250000,1570000
2018-02-14 14:55:42.640000,1.07385,1.07381,8700000,1500000
2018-02-14 14:55:42.846000,1.0738,1.07379,1120000,1950000
2018-02-14 14:55:43.350000,1.07381,1.07378,1100000,3450000
2018-02-14 14:55:43.762000,1.07383,1.07379,1690000,2770000
2018-02-14 14:55:44.072000,1.07383,1.07382,1000000,1500000
2018-02-14 14:55:44.124000,1.07386,1.07383,1260000,1120000
2018-02-14 14:55:44.436000,1.07389,1.07385,4010000,1500000
2018-02-14 14:55:44.949000,1.0739,1.07386,2020000,4390000
2018-02-14 14:55:45.055000,1.07391,1.07387,3070000,2250000
2018-02-14 14:55:45.599000,1.07392,1.07388,1000000,4760000
2018-02-14 14:55:46.109000,1.07391,1.07388,1000000,1100000
2018-02-14 14:55:47.088000,1.07391,1.07387,1870000,3070000
2018-02-14 14:55:48.661000,1.07391,1.07387,1130000,3820000
2018-02-14 14:55:49.749000,1.07393,1.07388,2270000,5620000
2018-02-14 14:55:49.856000,1.07397,1.07393,1570000,1500000
2018-02-14 14:55:49.910000,1.07397,1.07394,1100000,1870000
2018-02-14 14:55:50.258000,1.07399,1.07396,1250000,1950000
2018-02-14 14:55:50.801000,1.07399,1.07395,1690000,1950000
2018-02-14 14:55:52.268000,1.07397,1.07395,1500000,2320000
2018-02-14 14:55:52.477000,1.07397,1.07393,3560000,1570000
2018-02-14 14:55:52.755000,1.074,1.07395,4160000,6370000
2018-02-14 14:55:53.884000,1.07401,1.07397,2290000,1750000
2018-02-14 14:55:53.988000,1.07402,1.07398,1200000,1370000
2018-02-14 14:55:54.143000,1.07404,1.07401,3370000,2320000
2018-02-14 14:55:54.200000,1.07406,1.07403,1120000,1000000
2018-02-14 14:55:54.752000,1.07407,1.07403,2250000,1570000
2018-02-14 14:55:54.804000,1.07408,1.07405,1950000,1000000
2018-02-14 14:55:55.122000,1.07412,1.07409,1950000,1000000
2018-02-14 14:55:55.698000,1.07411,1.07409,1000000,1000000
2018-02-14 14:55:56.066000,1.07416,1.07413,1500000,1000000
2018-02-14 14:55:56.476000,1.07415,1.07411,3220000,1570000
2018-02-14 14:55:56.983000,1.07415,1.07411,1120000,5700000
2018-02-14 14:55:57.143000,1.07414,1.0741,2810000,1950000
2018-02-14 14:55:57.356000,1.07414,1.07409,4990000,5890000
2018-02-14 14:55:57.988000,1.07409,1.07407,2250000,2620000
2018-02-14 14:55:58.092000,1.07409,1.07405,7010000,1000000
2018-02-14 14:55:58.593000,1.07408,1.07403,4610000,2700000
2018-02-14 14:55:58.809000,1.07406,1.07401,1570000,4760000
2018-02-14 14:55:59.051000,1.07404,1.07401,1870000,3640000
2018-02-14 14:55:59.103000,1.07403,1.07398,9110000,3640000
2018-02-14 14:55:59.636000,1.07402,1.07397,1800000,8510000
2018-02-14 14:56:00.180000,1.07402,1.07397,3900000,2020000
2018-02-14 14:56:00.699000,1.07402,1.07397,1610000,4650000
2018-02-14 14:56:00.806000,1.07406,1.07402,1200000,2250000
2018-02-14 14:56:01.328000,1.07407,1.07404,1910000,1000000
2018-02-14 14:56:01.835000,1.07406,1.07402,1120000,2700000
2018-02-14 14:56:02.336000,1.07407,1.07402,1800000,5470000
2018-02-14 14:56:03.230000,1.07405,1.07401,1870000,4650000
2018-02-14 14:56:03.624000,1.07397,1.07394,1120000,5140000
2018-02-14 14:56:04.184000,1.07399,1.07395,2770000,4310000
2018-02-14 14:56:04.251000,1.074,1.07396,4910000,1120000
2018-02-14 14:56:04.975000,1.07403,1.07399,7010000,1500000
2018-02-14 14:56:05.486000,1.07403,1.07398,10990000,2320000
2018-02-14 14:56:06.456000,1.07402,1.07398,1120000,3000000
2018-02-14 14:56:07.003000,1.07401,1.07397,1250000,2700000
2018-02-14 14:56:07.110000,1.074,1.07396,3940000,1950000
2018-02-14 14:56:07.267000,1.07401,1.07396,3560000,2320000
2018-02-14 14:56:07.679000,1.07399,1.07395,1000000,7390000
2018-02-14 14:56:07.785000,1.07397,1.07394,2060000,1000000
2018-02-14 14:56:08.101000,1.07396,1.07392,5660000,3450000
2018-02-14 14:56:08.435000,1.07406,1.07402,6040000,2620000
2018-02-14 14:56:08.589000,1.07403,1.07399,1500000,3820000
2018-02-14 14:56:09.139000,1.07404,1.07401,1100000,1690000
2018-02-14 14:56:10.209000,1.07404,1.074,1230000,2810000
2018-02-14 14:56:10.773000,1.07403,1.07398,4690000,5890000
2018-02-14 14:56:11.454000,1.07404,1.07399,4110000,4690000
2018-02-14 14:56:11.969000,1.07403,1.07399,1120000,4010000
2018-02-14 14:56:12.176000,1.07404,1.07401,1200000,1120000
2018-02-14 14:56:12.493000,1.07407,1.07403,1120000,3070000
2018-02-14 14:56:13.057000,1.07407,1.07403,2440000,1570000
2018-02-14 14:56:13.372000,1.07405,1.07402,1220000,1570000
2018-02-14 14:56:13.506000,1.07404,1.074,1590000,1390000
2018-02-14 14:56:14.010000,1.07404,1.07399,2810000,5890000
2018-02-14 14:56:14.538000,1.07404,1.07401,1120000,1500000
2018-02-14 14:56:15.051000,1.07404,1.074,1690000,1200000
2018-02-14 14:56:15.174000,1.07402,1.07399,1120000,2700000
2018-02-14 14:56:15.704000,1.074,1.07397,1000000,1100000
2018-02-14 14:56:16.029000,1.07408,1.07405,1120000,1570000
2018-02-14 14:56:16.531000,1.0741,1.07406,2890000,1950000
2018-02-14 14:56:17.306000,1.0741,1.07406,1200000,1010000
2018-02-14 14:56:17.609000,1.07409,1.07404,3940000,5890000
2018-02-14 14:56:18.044000,1.07407,1.07402,5360000,1570000
2018-02-14 14:56:18.612000,1.07407,1.07404,8170000,1370000
2018-02-14 14:56:19.120000,1.07408,1.07405,1950000,1500000
2018-02-14 14:56:19.223000,1.0741,1.07406,3340000,4950000
2018-02-14 14:56:19.497000,1.07411,1.07407,3410000,4120000
2018-02-14 14:56:19.603000,1.07412,1.07408,2390000,5620000
2018-02-14 14:56:20.122000,1.07413,1.07409,1120000,1200000
2018-02-14 14:56:20.421000,1.07415,1.07412,1120000,1120000
2018-02-14 14:56:20.473000,1.07416,1.07412,5700000,1750000
2018-02-14 14:56:20.917000,1.07414,1.07411,4390000,1370000
2018-02-14 14:56:21.229000,1.07412,1.07411,1250000,1000000
2018-02-14 14:56:21.334000,1.07412,1.07409,2810000,1370000
2018-02-14 14:56:21.387000,1.07412,1.07407,6040000,3450000
2018-02-14 14:56:21.920000,1.07412,1.07407,4990000,1570000
2018-02-14 14:56:22.266000,1.07409,1.07405,1310000,1200000
2018-02-14 14:56:22.810000,1.07409,1.07404,4390000,3070000
2018-02-14 14:56:23.320000,1.07408,1.07404,1000000,1850000
2018-02-14 14:56:23.621000,1.07403,1.07402,1690000,1000000
2018-02-14 14:56:23.675000,1.07402,1.07398,1500000,2890000
2018-02-14 14:56:24.176000,1.07403,1.07399,5810000,1570000
2018-02-14 14:56:24.285000,1.07403,1.07402,1870000,1120000
2018-02-14 14:56:24.337000,1.07406,1.07402,1950000,4500000
2018-02-14 14:56:24.492000,1.07407,1.07402,1950000,10010000
2018-02-14 14:56:25.004000,1.07408,1.07404,2440000,2320000
2018-02-14 14:56:25.773000,1.07407,1.07404,1000000,2320000
2018-02-14 14:56:26.293000,1.07409,1.07404,6190000,3450000
2018-02-14 14:56:26.450000,1.07407,1.07404,1000000,1000000
2018-02-14 14:56:26.854000,1.07407,1.07404,1870000,1120000
2018-02-14 14:56:27.506000,1.07405,1.07403,1000000,7200000
2018-02-14 14:56:27.828000,1.07403,1.074,2250000,2700000
2018-02-14 14:56:28.340000,1.07404,1.07401,1870000,2250000
2018-02-14 14:56:28.392000,1.07405,1.07401,1880000,2250000
2018-02-14 14:56:28.495000,1.07403,1.074,1120000,3070000
2018-02-14 14:56:29.371000,1.07402,1.07401,1000000,1120000
2018-02-14 14:56:29.903000,1.07403,1.074,4870000,3370000
2018-02-14 14:56:30.217000,1.07404,1.07403,1000000,1120000
2018-02-14 14:56:30.270000,1.07406,1.07403,1390000,1120000
2018-02-14 14:56:30.711000,1.07403,1.074,2810000,1950000
2018-02-14 14:56:31.446000,1.07402,1.074,1000000,1870000
2018-02-14 14:56:31.608000,1.07401,1.07399,1200000,1120000
2018-02-14 14:56:31.714000,1.074,1.07398,5660000,1100000
2018-02-14 14:56:31.767000,1.07395,1.07394,1000000,1100000
2018-02-14 14:56:31.821000,1.07399,1.07397,3000000,1000000
2018-02-14 14:56:32.034000,1.07403,1.07399,1310000,2400000
2018-02-14 14:56:32.541000,1.07402,1.07398,3370000,2140000
2018-02-14 14:56:32.699000,1.07402,1.07397,9300000,2700000
2018-02-14 14:56:33.011000,1.07402,1.07397,4010000,2640000
2018-02-14 14:56:33.254000,1.07402,1.07397,5890000,2070000
2018-02-14 14:56:33.695000,1.07403,1.074,2700000,2440000
2018-02-14 14:56:33.799000,1.07405,1.07401,1390000,1500000
2018-02-14 14:56:34.344000,1.07405,1.074,2210000,3640000
2018-02-14 14:56:35.005000,1.07404,1.074,1000000,2890000
2018-02-14 14:56:35.266000,1.07401,1.074,3790000,1500000
2018-02-14 14:56:35.318000,1.07401,1.07398,1760000,1000000
2018-02-14 14:56:35.371000,1.07402,1.07398,5620000,2140000
2018-02-14 14:56:35.918000,1.07404,1.074,3450000,2060000
2018-02-14 14:56:36.722000,1.07405,1.07401,1250000,1570000
2018-02-14 14:56:37.350000,1.07405,1.07401,1760000,2700000
2018-02-14 14:56:37.711000,1.07403,1.074,2440000,3450000
2018-02-14 14:56:37.996000,1.07402,1.07399,1190000,2700000
2018-02-14 14:56:38.524000,1.07399,1.07396,2250000,2320000
2018-02-14 14:56:38.840000,1.07398,1.07395,2890000,1120000
2018-02-14 14:56:40.572000,1.07396,1.07393,1000000,2700000
2018-02-14 14:56:41.114000,1.07394,1.07392,1310000,1570000
2018-02-14 14:56:41.641000,1.07396,1.07393,3750000,1370000
2018-02-14 14:56:41.808000,1.07398,1.07395,4950000,1870000
2018-02-14 14:56:41.861000,1.074,1.07395,6260000,4200000
2018-02-14 14:56:42.374000,1.07397,1.07395,1500000,1120000
2018-02-14 14:56:42.759000,1.074,1.07396,1100000,3560000
2018-02-14 14:56:43.070000,1.07403,1.07399,4120000,6070000
2018-02-14 14:56:43.452000,1.07405,1.07403,1370000,1000000
2018-02-14 14:56:43.673000,1.07408,1.07403,3820000,2620000
2018-02-14 14:56:44.480000,1.07406,1.07403,1000000,4870000
2018-02-14 14:56:44.787000,1.07408,1.07404,1100000,3370000
2018-02-14 14:56:45.467000,1.07408,1.07404,5060000,1850000
2018-02-14 14:56:45.968000,1.07408,1.07403,5140000,2320000
2018-02-14 14:56:46.486000,1.07407,1.07403,1310000,2320000
2018-02-14 14:56:47.048000,1.07406,1.07404,1190000,1000000
2018-02-14 14:56:47.421000,1.07408,1.07403,2890000,6450000
2018-02-14 14:56:48.238000,1.07408,1.07404,1690000,1200000
2018-02-14 14:56:48.754000,1.07408,1.07404,4390000,1120000
2018-02-14 14:56:49.928000,1.07408,1.07404,2620000,1950000
2018-02-14 14:56:50.033000,1.0741,1.07406,1010000,6000000
2018-02-14 14:56:50.398000,1.07409,1.07406,1310000,3450000
2018-02-14 14:56:50.553000,1.0741,1.07407,4010000,1120000
2018-02-14 14:56:50.707000,1.07412,1.07408,4760000,1500000
2018-02-14 14:56:50.861000,1.0741,1.07407,2440000,1870000
2018-02-14 14:56:50.963000,1.07411,1.07408,1760000,1370000
2018-02-14 14:56:51.200000,1.07413,1.07408,3260000,2320000
2018-02-14 14:56:51.303000,1.0741,1.07407,1000000,2320000
2018-02-14 14:56:51.355000,1.0741,1.07407,2890000,1120000
2018-02-14 14:56:51.457000,1.0741,1.07407,1120000,1120000
2018-02-14 14:56:51.509000,1.07411,1.07407,4950000,1000000
2018-02-14 14:56:52.214000,1.07409,1.07406,1000000,2360000
2018-02-14 14:56:52.419000,1.0741,1.07406,1500000,7800000
2018-02-14 14:56:52.936000,1.0741,1.07406,1010000,5250000
2018-02-14 14:56:53.248000,1.07408,1.07407,1000000,1000000
2018-02-14 14:56:53.782000,1.07409,1.07405,4410000,1950000
2018-02-14 14:56:54.382000,1.07407,1.07404,1120000,1950000
2018-02-14 14:56:54.898000,1.07409,1.07404,7390000,1950000
2018-02-14 14:56:55.435000,1.07407,1.07404,1000000,1950000
2018-02-14 14:56:55.950000,1.07408,1.07404,2440000,1950000
2018-02-14 14:56:56.304000,1.0741,1.07406,3640000,1950000
2018-02-14 14:56:56.662000,1.07408,1.07406,1190000,1050000
2018-02-14 14:56:57.199000,1.07408,1.07405,1190000,1500000
2018-02-14 14:56:57.724000,1.07407,1.07404,1250000,1500000
2018-02-14 14:56:58.879000,1.07407,1.07403,2060000,3450000
2018-02-14 14:56:59.404000,1.07407,1.07403,5890000,1120000
2018-02-14 14:57:00.277000,1.07407,1.07404,3260000,1000000
2018-02-14 14:57:00.331000,1.07409,1.07407,3940000,1370000
2018-02-14 14:57:00.597000,1.0741,1.07406,2440000,1200000
2018-02-14 14:57:00.701000,1.0741,1.07406,2210000,3370000
2018-02-14 14:57:00.753000,1.0741,1.07406,2590000,3000000
2018-02-14 14:57:01.954000,1.0741,1.07407,2610000,1000000
2018-02-14 14:57:02.281000,1.07409,1.07406,1190000,3000000
2018-02-14 14:57:02.384000,1.0741,1.07406,2590000,4870000
2018-02-14 14:57:02.979000,1.0741,1.07408,1460000,1000000
2018-02-14 14:57:03.031000,1.07413,1.07411,1690000,1000000
2018-02-14 14:57:03.189000,1.07415,1.07411,2510000,3750000
2018-02-14 14:57:03.246000,1.07416,1.07413,3220000,1000000
2018-02-14 14:57:03.791000,1.07418,1.07413,4010000,3370000
2018-02-14 14:57:04.337000,1.07418,1.07414,1010000,1870000
2018-02-14 14:57:04.856000,1.07418,1.07414,5440000,1200000
2018-02-14 14:57:05.637000,1.07415,1.07413,1190000,1100000
2018-02-14 14:57:05.827000,1.07417,1.07412,2810000,8320000
2018-02-14 14:57:06.341000,1.07417,1.07413,1120000,7950000
2018-02-14 14:57:06.574000,1.07421,1.07418,5140000,1000000
2018-02-14 14:57:06.881000,1.07417,1.07413,4310000,1200000
2018-02-14 14:57:07.086000,1.07417,1.07416,1250000,1120000
2018-02-14 14:57:07.289000,1.07416,1.07414,1000000,1570000
2018-02-14 14:57:07.495000,1.07419,1.07415,2810000,1200000
2018-02-14 14:57:08.005000,1.07418,1.07414,1310000,2700000
2018-02-14 14:57:08.506000,1.07418,1.07415,1190000,1200000
2018-02-14 14:57:08.920000,1.07417,1.07412,2810000,4200000
2018-02-14 14:57:09.357000,1.07414,1.07411,1250000,3070000
2018-02-14 14:57:09.460000,1.07414,1.0741,2620000,3450000
2018-02-14 14:57:09.768000,1.07411,1.0741,1310000,1000000
2018-02-14 14:57:09.935000,1.07411,1.07407,1310000,3070000
2018-02-14 14:57:10.453000,1.07411,1.07407,1310000,3070000
2018-02-14 14:57:10.992000,1.07411,1.07408,2060000,1000000
2018-02-14 14:57:11.200000,1.07408,1.07406,1120000,1950000
2018-02-14 14:57:11.762000,1.07408,1.07406,1500000,1000000
2018-02-14 14:57:12.105000,1.07406,1.07403,1690000,1570000
2018-02-14 14:57:12.469000,1.07406,1.07402,3190000,1950000
2018-02-14 14:57:13.018000,1.07405,1.07403,1310000,1000000
2018-02-14 14:57:13.536000,1.07406,1.07402,4310000,1100000
2018-02-14 14:57:14.079000,1.07404,1.07401,3000000,3450000
2018-02-14 14:57:14.393000,1.07399,1.07397,1310000,1000000
2018-02-14 14:57:14.939000,1.07399,1.07395,2810000,1570000
2018-02-14 14:57:15.486000,1.07396,1.07394,1190000,1950000
2018-02-14 14:57:15.592000,1.07397,1.07394,2620000,1950000
2018-02-14 14:57:15.920000,1.074,1.07396,1760000,1500000
2018-02-14 14:57:16.128000,1.07401,1.07398,1760000,1500000
2018-02-14 14:57:16.649000,1.074,1.07397,1250000,1570000
2018-02-14 14:57:17.169000,1.07399,1.07396,1030000,1570000
2018-02-14 14:57:17.583000,1.07397,1.07395,1000000,2700000
2018-02-14 14:57:17.687000,1.07396,1.07392,1690000,4950000
2018-02-14 14:57:18.230000,1.07396,1.07392,4410000,1100000
2018-02-14 14:57:18.538000,1.07395,1.07391,1690000,1570000
2018-02-14 14:57:19.512000,1.07394,1.07391,1870000,1200000
2018-02-14 14:57:19.617000,1.07392,1.07388,2140000,4120000
2018-02-14 14:57:20.135000,1.07391,1.07386,5320000,5320000
2018-02-14 14:57:20.232000,1.07391,1.07388,6260000,1620000
2018-02-14 14:57:20.286000,1.07393,1.0739,4690000,1200000
2018-02-14 14:57:20.598000,1.07395,1.07392,1690000,1000000
2018-02-14 14:57:20.650000,1.07396,1.07392,1010000,4050000
2018-02-14 14:57:21.182000,1.07395,1.07392,1250000,1120000
2018-02-14 14:57:21.698000,1.07396,1.07393,1120000,1570000
2018-02-14 14:57:22.226000,1.07396,1.07392,1310000,3820000
2018-02-14 14:57:23.571000,1.07396,1.07392,4010000,1120000
2018-02-14 14:57:23.624000,1.07394,1.07392,1690000,1000000
2018-02-14 14:57:23.728000,1.07394,1.0739,1690000,1950000
2018-02-14 14:57:24.345000,1.0739,1.07388,1310000,2250000
2018-02-14 14:57:24.398000,1.0739,1.07386,2060000,1950000
2018-02-14 14:57:24.873000,1.07392,1.0739,1070000,1000000
2018-02-14 14:57:24.979000,1.07394,1.07391,1390000,2250000
2018-02-14 14:57:25.221000,1.07392,1.0739,1190000,2100000
2018-02-14 14:57:25.273000,1.07392,1.07388,3940000,3820000
2018-02-14 14:57:25.865000,1.07392,1.07388,1250000,4800000
2018-02-14 14:57:26.117000,1.07391,1.07388,1690000,1500000
2018-02-14 14:57:26.631000,1.07391,1.07386,4950000,6070000
2018-02-14 14:57:26.942000,1.07392,1.07388,1760000,1870000
2018-02-14 14:57:27.199000,1.07391,1.07387,2620000,1570000
2018-02-14 14:57:27.849000,1.07391,1.07386,3820000,3820000
2018-02-14 14:57:29.304000,1.07391,1.07388,1390000,1120000
2018-02-14 14:57:29.858000,1.07392,1.07388,4390000,1120000
2018-02-14 14:57:30.400000,1.07391,1.07387,6820000,1000000
2018-02-14 14:57:30.722000,1.07386,1.07383,3260000,2620000
2018-02-14 14:57:31.235000,1.07386,1.07383,1230000,1870000
2018-02-14 14:57:31.556000,1.0739,1.07386,1200000,10500000
2018-02-14 14:57:31.864000,1.07393,1.0739,1200000,1000000
2018-02-14 14:57:32.323000,1.07396,1.07391,2890000,3070000
2018-02-14 14:57:34.528000,1.07396,1.07392,1870000,4010000
2018-02-14 14:57:35.051000,1.07395,1.07391,1000000,4390000
2018-02-14 14:57:35.460000,1.07394,1.0739,1620000,2170000
2018-02-14 14:57:35.961000,1.07394,1.0739,1000000,5890000
2018-02-14 14:57:36.317000,1.07394,1.0739,3000000,2360000
2018-02-14 14:57:36.866000,1.07394,1.0739,1470000,1310000
2018-02-14 14:57:36.972000,1.07389,1.07387,1250000,2250000
2018-02-14 14:57:37.285000,1.07386,1.07383,1000000,3000000
2018-02-14 14:57:37.794000,1.07387,1.07384,2320000,1000000
2018-02-14 14:57:38.019000,1.07384,1.07382,1370000,1200000
2018-02-14 14:57:38.125000,1.07383,1.0738,1500000,1000000
2018-02-14 14:57:39.050000,1.07383,1.07379,1500000,2700000
2018-02-14 14:57:39.647000,1.07382,1.07378,2440000,6450000
2018-02-14 14:57:39.854000,1.07383,1.07379,1200000,2060000
2018-02-14 14:57:40.364000,1.07383,1.07379,1500000,1050000
2018-02-14 14:57:41.641000,1.07382,1.07378,3750000,1140000
2018-02-14 14:57:42.091000,1.07381,1.07376,5060000,5320000
2018-02-14 14:57:42.297000,1.07378,1.07374,1500000,2320000
2018-02-14 14:57:42.877000,1.07379,1.07375,1500000,1200000
2018-02-14 14:57:43.492000,1.07379,1.07375,1120000,4570000
2018-02-14 14:57:45.016000,1.07381,1.07376,3150000,1760000
2018-02-14 14:57:45.533000,1.0738,1.07376,2250000,1570000
2018-02-14 14:57:46.124000,1.0738,1.07376,1690000,2320000
2018-02-14 14:57:46.645000,1.07379,1.07375,1000000,1570000
2018-02-14 14:57:47.173000,1.07379,1.07375,1290000,1570000
2018-02-14 14:57:47.684000,1.07379,1.07375,1000000,1950000
2018-02-14 14:57:48.003000,1.07382,1.07378,1570000,1120000
2018-02-14 14:57:48.354000,1.07384,1.0738,3260000,1000000
2018-02-14 14:57:48.559000,1.07382,1.07378,1690000,1200000
2018-02-14 14:57:49.081000,1.0738,1.07376,4690000,1570000
2018-02-14 14:57:49.630000,1.0738,1.07376,1870000,2890000
2018-02-14 14:57:49.940000,1.07384,1.0738,3560000,1570000
2018-02-14 14:57:50.486000,1.07384,1.07379,4390000,1100000
2018-02-14 14:57:51.546000,1.07383,1.07379,1470000,1120000
2018-02-14 14:57:52.049000,1.07383,1.07378,1570000,4950000
2018-02-14 14:57:52.630000,1.07382,1.07379,1010000,1000000
2018-02-14 14:57:53.178000,1.07382,1.07378,1250000,5320000
2018-02-14 14:57:53.695000,1.07379,1.07378,1870000,1000000
2018-02-14 14:57:53.889000,1.07381,1.07378,1570000,1120000
2018-02-14 14:57:54.312000,1.07379,1.07378,1250000,1000000
2018-02-14 14:57:54.374000,1.0738,1.07375,2890000,3450000
2018-02-14 14:57:54.911000,1.07379,1.07374,4990000,2320000
2018-02-14 14:57:55.676000,1.07378,1.07373,1620000,8700000
2018-02-14 14:57:55.853000,1.07373,1.07371,1250000,1950000
2018-02-14 14:57:56.125000,1.07371,1.07369,1250000,1000000
2018-02-14 14:57:56.362000,1.07371,1.07367,1250000,5320000
2018-02-14 14:57:57.457000,1.07371,1.07366,1390000,8320000
2018-02-14 14:57:57.509000,1.07368,1.07366,1000000,3070000
2018-02-14 14:57:58.105000,1.07371,1.07366,2890000,4950000
2018-02-14 14:57:58.645000,1.07369,1.07365,1690000,2320000
2018-02-14 14:57:59.173000,1.07369,1.07364,3640000,1950000
2018-02-14 14:57:59.494000,1.07366,1.07361,2140000,2890000
2018-02-14 14:58:00.145000,1.07364,1.07361,2810000,1870000
2018-02-14 14:58:00.197000,1.07361,1.07358,2250000,3260000
2018-02-14 14:58:00.303000,1.07359,1.07356,1190000,1950000
2018-02-14 14:58:00.785000,1.07357,1.07354,1000000,3000000
2018-02-14 14:58:01.279000,1.07359,1.07355,1760000,4870000
2018-02-14 14:58:02.047000,1.07359,1.07355,1310000,6070000
2018-02-14 14:58:02.150000,1.07361,1.0736,1500000,1870000
2018-02-14 14:58:02.362000,1.07375,1.07373,1200000,1000000
2018-02-14 14:58:02.415000,1.07377,1.07375,1120000,1870000
2018-02-14 14:58:02.527000,1.07383,1.0738,5100000,6000000
2018-02-14 14:58:02.580000,1.07386,1.07383,2510000,2250000
2018-02-14 14:58:03.097000,1.07387,1.07384,5060000,1000000
2018-02-14 14:58:03.608000,1.07386,1.07383,2060000,1570000
2018-02-14 14:58:04.775000,1.07384,1.07382,1190000,3820000
2018-02-14 14:58:04.827000,1.07386,1.07383,1690000,1870000
2018-02-14 14:58:05.013000,1.07384,1.07382,1190000,1500000
2018-02-14 14:58:05.066000,1.07386,1.07383,2510000,1500000
2018-02-14 14:58:05.793000,1.07387,1.07383,4690000,1950000
2018-02-14 14:58:06.315000,1.07387,1.07384,5060000,1000000
2018-02-14 14:58:06.979000,1.07387,1.07383,7010000,1120000
2018-02-14 14:58:07.541000,1.07387,1.07383,5510000,3370000
2018-02-14 14:58:07.643000,1.07388,1.07386,2250000,1200000
2018-02-14 14:58:07.950000,1.07392,1.07388,2440000,1950000
2018-02-14 14:58:08.484000,1.07392,1.07388,3190000,1200000
2018-02-14 14:58:09.244000,1.07392,1.07388,2250000,1850000
2018-02-14 14:58:09.402000,1.07392,1.07388,5120000,1100000
2018-02-14 14:58:09.945000,1.07393,1.0739,1250000,1500000
2018-02-14 14:58:12.034000,1.07394,1.0739,2140000,1000000
2018-02-14 14:58:12.628000,1.07392,1.07389,2250000,6070000
2018-02-14 14:58:13.142000,1.07392,1.07389,3260000,1000000
2018-02-14 14:58:13.408000,1.07387,1.07385,1000000,1000000
2018-02-14 14:58:13.921000,1.07387,1.07384,1760000,1120000
2018-02-14 14:58:14.128000,1.07387,1.07383,2140000,4500000
2018-02-14 14:58:14.677000,1.07387,1.07384,2140000,1120000
2018-02-14 14:58:15.208000,1.07387,1.07384,1870000,1000000
2018-02-14 14:58:15.370000,1.07389,1.07385,3190000,1100000
2018-02-14 14:58:15.823000,1.07388,1.07384,1310000,4200000
2018-02-14 14:58:16.368000,1.07388,1.07384,2440000,1570000
2018-02-14 14:58:16.572000,1.07386,1.07382,1370000,2700000
2018-02-14 14:58:17.189000,1.07387,1.07383,2440000,4570000
2018-02-14 14:58:17.720000,1.07387,1.07384,2440000,1000000
2018-02-14 14:58:18.258000,1.07387,1.07384,1870000,1570000
2018-02-14 14:58:19.666000,1.07385,1.07383,1000000,5320000
2018-02-14 14:58:19.770000,1.07384,1.07381,1120000,1500000
2018-02-14 14:58:20.382000,1.07383,1.0738,1160000,3450000
2018-02-14 14:58:20.538000,1.07382,1.0738,1690000,1000000
2018-02-14 14:58:21.045000,1.07383,1.07381,5060000,1000000
2018-02-14 14:58:21.406000,1.07383,1.07379,1690000,4570000
2018-02-14 14:58:21.963000,1.07383,1.07381,1690000,1870000
2018-02-14 14:58:22.514000,1.07384,1.07381,2060000,1000000
2018-02-14 14:58:22.825000,1.07383,1.0738,1370000,3070000
2018-02-14 14:58:23.240000,1.07386,1.07383,3260000,1500000
2018-02-14 14:58:23.884000,1.07387,1.07383,2890000,3370000
2018-02-14 14:58:24.407000,1.07387,1.07384,1310000,1870000
2018-02-14 14:58:24.934000,1.07385,1.07381,1250000,4200000
2018-02-14 14:58:25.475000,1.07386,1.07381,4010000,2250000
2018-02-14 14:58:26,1.07385,1.07381,1390000,2250000
2018-02-14 14:58:28.316000,1.07384,1.07382,1010000,1000000
2018-02-14 14:58:28.421000,1.07386,1.07383,1760000,1000000
2018-02-14 14:58:29.165000,1.07386,1.07381,1760000,4950000
2018-02-14 14:58:29.677000,1.07387,1.07383,2890000,1000000
2018-02-14 14:58:30.305000,1.07387,1.07384,2810000,1000000
2018-02-14 14:58:30.613000,1.07391,1.07389,4690000,1000000
2018-02-14 14:58:30.717000,1.07392,1.0739,1120000,1000000
2018-02-14 14:58:31.252000,1.07393,1.07389,1760000,3750000
2018-02-14 14:58:33.228000,1.07393,1.0739,1310000,1000000
2018-02-14 14:58:34.247000,1.07393,1.07389,1310000,7200000
2018-02-14 14:58:34.451000,1.07392,1.07389,2060000,3370000
2018-02-14 14:58:34.997000,1.07393,1.07389,1760000,3000000
2018-02-14 14:58:35.536000,1.07392,1.07387,2510000,4120000
2018-02-14 14:58:36.051000,1.07391,1.07386,3260000,5250000
2018-02-14 14:58:36.554000,1.0739,1.07386,1760000,4120000
2018-02-14 14:58:37.618000,1.07389,1.07385,1000000,3820000
2018-02-14 14:58:38.738000,1.07389,1.07385,1200000,1870000
2018-02-14 14:58:39.969000,1.07389,1.07385,1200000,1870000
2018-02-14 14:58:40.203000,1.07389,1.07385,1570000,1500000
2018-02-14 14:58:41.921000,1.07389,1.07386,1570000,1500000
2018-02-14 14:58:42.074000,1.0739,1.07388,1950000,1000000
2018-02-14 14:58:42.459000,1.07392,1.07389,1760000,1500000
2018-02-14 14:58:42.978000,1.07393,1.0739,3260000,1000000
2018-02-14 14:58:43.389000,1.07391,1.07387,1690000,1950000
2018-02-14 14:58:43.493000,1.0739,1.07386,3260000,2620000
2018-02-14 14:58:44.065000,1.07389,1.07386,3260000,1500000
2018-02-14 14:58:44.575000,1.07389,1.07385,2140000,1870000
2018-02-14 14:58:45.355000,1.07389,1.07386,2140000,1000000
2018-02-14 14:58:45.871000,1.0739,1.07386,1390000,2250000
2018-02-14 14:58:49.750000,1.0739,1.07389,1100000,1500000
2018-02-14 14:58:49.855000,1.07392,1.07389,2060000,2250000
2018-02-14 14:58:50.598000,1.07393,1.0739,2510000,1000000
2018-02-14 14:58:51.110000,1.07393,1.0739,1390000,1000000
2018-02-14 14:58:51.659000,1.07393,1.07389,1390000,4500000
2018-02-14 14:58:52.904000,1.07392,1.07388,2060000,4950000
2018-02-14 14:58:53.238000,1.0739,1.07387,1190000,1500000
2018-02-14 14:58:54.290000,1.0739,1.07387,1190000,2250000
2018-02-14 14:58:54.705000,1.07389,1.07386,1250000,1950000
2018-02-14 14:58:55.220000,1.07389,1.07386,1690000,1120000
2018-02-14 14:58:56.579000,1.07389,1.07387,1000000,1370000
2018-02-14 14:58:56.665000,1.07391,1.07389,1000000,1000000
2018-02-14 14:58:56.978000,1.07393,1.07389,1390000,4870000
2018-02-14 14:58:57.293000,1.0739,1.07386,2810000,3820000
2018-02-14 14:58:57.479000,1.0739,1.07386,2510000,1870000
2018-02-14 14:58:57.989000,1.07389,1.07385,1120000,2320000
2018-02-14 14:58:58.884000,1.07389,1.07386,1000000,1870000
2018-02-14 14:58:59.239000,1.07391,1.07387,1390000,1500000
2018-02-14 14:58:59.812000,1.07391,1.07387,1310000,3450000
2018-02-14 14:59:00.020000,1.0739,1.07386,1310000,4570000
2018-02-14 14:59:00.307000,1.07391,1.07389,1390000,1120000
2018-02-14 14:59:00.409000,1.07391,1.07387,2060000,2320000
2018-02-14 14:59:02.999000,1.07391,1.07388,3190000,1870000
2018-02-14 14:59:03.053000,1.07392,1.07389,1760000,3000000
2018-02-14 14:59:03.585000,1.07392,1.07389,1250000,4870000
2018-02-14 14:59:03.878000,1.07392,1.07388,3640000,1870000
2018-02-14 14:59:04.414000,1.07391,1.07387,1390000,1870000
2018-02-14 14:59:05.001000,1.07391,1.07388,1100000,4120000
2018-02-14 14:59:05.523000,1.07392,1.07389,1310000,4120000
2018-02-14 14:59:06.061000,1.07392,1.0739,1120000,1000000
2018-02-14 14:59:08.040000,1.07393,1.0739,1250000,1500000
2018-02-14 14:59:08.563000,1.07393,1.0739,1250000,3750000
2018-02-14 14:59:13.042000,1.07393,1.0739,1760000,1500000
2018-02-14 14:59:13.783000,1.07393,1.07389,1390000,2250000
2018-02-14 14:59:13.889000,1.07391,1.07387,1000000,2700000
2018-02-14 14:59:14.244000,1.0739,1.07386,2510000,2620000
2018-02-14 14:59:14.764000,1.07389,1.07385,1200000,1500000
2018-02-14 14:59:15.269000,1.07389,1.07384,3260000,3820000
2018-02-14 14:59:15.782000,1.07388,1.07384,1200000,2250000
2018-02-14 14:59:16.348000,1.07388,1.07384,1200000,3000000
2018-02-14 14:59:16.662000,1.07391,1.07387,1390000,2250000
2018-02-14 14:59:17.189000,1.0739,1.07387,1100000,1120000
2018-02-14 14:59:17.732000,1.07391,1.07388,1070000,6370000
2018-02-14 14:59:17.786000,1.07392,1.07389,1870000,2700000
2018-02-14 14:59:18.330000,1.07393,1.07389,1200000,6000000
2018-02-14 14:59:19.738000,1.07391,1.07387,1190000,4270000
2018-02-14 14:59:19.943000,1.07389,1.07384,2440000,3450000
2018-02-14 14:59:20.468000,1.07388,1.07384,1570000,3750000
2018-02-14 14:59:20.998000,1.07388,1.07385,1950000,1000000
2018-02-14 14:59:21.564000,1.07388,1.07386,1570000,1000000
2018-02-14 14:59:21.994000,1.0739,1.07387,1000000,1870000
2018-02-14 14:59:22.282000,1.07389,1.07386,2890000,1120000
2018-02-14 14:59:22.870000,1.07389,1.07384,3260000,2250000
2018-02-14 14:59:23.413000,1.07389,1.07386,1100000,10120000
2018-02-14 14:59:23.572000,1.07391,1.07387,1100000,2250000
2018-02-14 14:59:23.964000,1.07389,1.07386,3260000,1000000
2018-02-14 14:59:24.015000,1.07389,1.07384,3260000,2620000
2018-02-14 14:59:25.260000,1.07387,1.07383,1120000,2700000
2018-02-14 14:59:25.835000,1.07385,1.07383,2810000,1000000
2018-02-14 14:59:25.943000,1.07383,1.07379,1200000,3000000
2018-02-14 14:59:26.448000,1.07382,1.07379,1200000,1000000
2018-02-14 14:59:27.059000,1.07382,1.07378,1200000,3000000
2018-02-14 14:59:27.568000,1.07382,1.07379,1200000,1000000
2018-02-14 14:59:28.081000,1.07382,1.07378,1200000,1870000
2018-02-14 14:59:28.665000,1.07381,1.07377,1200000,4200000
2018-02-14 14:59:28.950000,1.07378,1.07377,1120000,1000000
2018-02-14 14:59:29.003000,1.07378,1.07374,1120000,2700000
2018-02-14 14:59:29.524000,1.07379,1.07375,1570000,3000000
2018-02-14 14:59:30.038000,1.07379,1.07374,2900000,1570000
2018-02-14 14:59:30.443000,1.07379,1.07377,2250000,1000000
2018-02-14 14:59:30.948000,1.07379,1.07376,2440000,1500000
2018-02-14 14:59:31,1.07379,1.07375,2140000,1000000
2018-02-14 14:59:31.556000,1.0738,1.07377,1950000,1000000
2018-02-14 14:59:31.864000,1.07382,1.07379,1390000,1500000
2018-02-14 14:59:32.413000,1.07384,1.0738,2890000,2250000
2018-02-14 14:59:32.725000,1.07386,1.07383,1120000,6370000
2018-02-14 14:59:32.925000,1.07388,1.07384,1950000,1000000
2018-02-14 14:59:33.186000,1.07389,1.07386,8140000,3000000
2018-02-14 14:59:33.528000,1.07387,1.07384,1500000,1570000
2018-02-14 14:59:33.855000,1.07384,1.07383,1690000,3000000
2018-02-14 14:59:33.958000,1.07383,1.0738,2140000,1270000
2018-02-14 14:59:34.465000,1.07383,1.07378,2890000,4780000
2018-02-14 14:59:35.035000,1.07381,1.07378,2250000,3750000
2018-02-14 14:59:35.563000,1.07381,1.07378,1000000,3370000
2018-02-14 14:59:36.075000,1.07382,1.07378,1200000,3370000
2018-02-14 14:59:36.459000,1.07382,1.07379,1500000,1370000
2018-02-14 14:59:37.123000,1.07382,1.07379,1000000,1000000
2018-02-14 14:59:37.636000,1.07383,1.07379,1200000,1120000
2018-02-14 14:59:38.536000,1.07383,1.07378,3640000,1570000
2018-02-14 14:59:39.217000,1.07383,1.07379,1200000,1000000
2018-02-14 14:59:42.376000,1.07383,1.0738,1100000,1500000
2018-02-14 14:59:43.134000,1.07384,1.07379,3260000,3370000
2018-02-14 14:59:43.824000,1.07384,1.07379,2510000,6370000
2018-02-14 14:59:44.488000,1.0738,1.07378,2060000,2250000
2018-02-14 14:59:44.591000,1.0738,1.07375,3260000,1120000
2018-02-14 14:59:45.570000,1.07379,1.07374,6260000,1100000
2018-02-14 14:59:45.778000,1.07377,1.07373,1000000,1400000
2018-02-14 14:59:47.780000,1.07376,1.07372,1390000,2620000
2018-02-14 14:59:47.884000,1.07374,1.0737,1570000,1120000
2018-02-14 14:59:48.300000,1.07372,1.07367,1500000,7050000
2018-02-14 14:59:48.811000,1.07372,1.07366,2290000,8480000
2018-02-14 14:59:49.333000,1.07372,1.07367,1690000,1370000
2018-02-14 14:59:49.836000,1.07372,1.07368,3190000,1000000
2018-02-14 14:59:51.227000,1.07371,1.07367,1190000,1500000
2018-02-14 14:59:51.728000,1.07369,1.07366,1500000,1120000
2018-02-14 14:59:51.987000,1.07369,1.07364,3260000,1870000
2018-02-14 14:59:52.259000,1.07371,1.07368,4690000,1500000
2018-02-14 14:59:52.467000,1.0737,1.07367,1000000,1120000
2018-02-14 14:59:52.728000,1.07369,1.07364,1120000,4500000
2018-02-14 14:59:53.244000,1.07368,1.07364,1000000,3980000
2018-02-14 14:59:53.296000,1.07365,1.0736,2060000,5550000
2018-02-14 14:59:53.504000,1.07361,1.07358,3370000,1350000
2018-02-14 14:59:54.083000,1.07362,1.07358,2250000,1000000
2018-02-14 14:59:54.187000,1.07362,1.07358,1500000,1370000
2018-02-14 14:59:54.705000,1.07364,1.0736,1000000,3200000
2018-02-14 14:59:55.296000,1.07366,1.07363,1000000,5450000
2018-02-14 14:59:55.349000,1.07368,1.07365,1000000,1370000
2018-02-14 14:59:55.461000,1.07371,1.07369,1050000,1370000
2018-02-14 14:59:55.968000,1.07371,1.07369,1000000,1500000
2018-02-14 14:59:56.504000,1.07372,1.07369,1000000,1500000
2018-02-14 14:59:57.217000,1.07373,1.07368,2440000,2770000
2018-02-14 14:59:58.015000,1.07374,1.0737,1310000,1370000
2018-02-14 14:59:58.530000,1.07374,1.07371,1250000,2170000
2018-02-14 14:59:59.484000,1.07374,1.07371,1690000,1420000
2018-02-14 15:00:00.856000,1.07374,1.07371,2060000,2140000
2018-02-14 15:00:01.378000,1.07373,1.07369,1000000,3670000
2018-02-14 15:00:02.086000,1.07372,1.07368,1000000,1820000
2018-02-14 15:00:02.638000,1.07373,1.07369,4690000,1870000
2018-02-14 15:00:03.993000,1.07372,1.07369,1500000,1120000
2018-02-14 15:00:04.253000,1.07373,1.07369,1000000,2620000
2018-02-14 15:00:04.972000,1.07373,1.0737,2250000,1300000
2018-02-14 15:00:05.515000,1.07373,1.07368,1120000,10990000
2018-02-14 15:00:06.729000,1.07371,1.07368,1310000,3700000
2018-02-14 15:00:06.886000,1.07369,1.07367,2250000,2470000
2018-02-14 15:00:07.389000,1.07369,1.07366,26700001,2100000
2018-02-14 15:00:08.002000,1.07368,1.07363,3370000,3190000
2018-02-14 15:00:08.904000,1.07368,1.07367,1120000,2100000
2018-02-14 15:00:09.416000,1.07369,1.07367,1310000,2470000
2018-02-14 15:00:09.665000,1.07368,1.07364,5060000,2620000
2018-02-14 15:00:09.977000,1.07369,1.07367,2810000,2470000
2018-02-14 15:00:10.271000,1.07367,1.07365,1190000,1000000
2018-02-14 15:00:10.783000,1.07368,1.07364,1390000,1120000
2018-02-14 15:00:10.836000,1.07369,1.07366,2140000,1000000
2018-02-14 15:00:11.121000,1.07369,1.07364,2890000,5700000
2018-02-14 15:00:11.957000,1.07369,1.07366,3640000,1000000
2018-02-14 15:00:12.012000,1.07368,1.07364,1390000,2250000
2018-02-14 15:00:12.529000,1.07369,1.07364,4390000,1200000
2018-02-14 15:00:13.007000,1.07367,1.07363,3940000,1100000
2018-02-14 15:00:13.322000,1.07364,1.07362,1250000,1000000
2018-02-14 15:00:13.856000,1.07365,1.07362,1010000,1500000
2018-02-14 15:00:15.268000,1.07366,1.07362,1570000,4350000
2018-02-14 15:00:15.322000,1.07367,1.07364,4390000,1120000
2018-02-14 15:00:15.380000,1.07366,1.07363,8140000,1500000
2018-02-14 15:00:15.434000,1.07363,1.07362,2620000,1500000
2018-02-14 15:00:15.593000,1.07364,1.0736,2440000,2320000
2018-02-14 15:00:16.137000,1.07363,1.07358,1620000,4420000
2018-02-14 15:00:16.188000,1.07364,1.0736,1010000,1870000
2018-02-14 15:00:16.691000,1.07365,1.07361,1690000,1100000
2018-02-14 15:00:17.126000,1.07366,1.07362,1760000,2620000
2018-02-14 15:00:17.655000,1.07363,1.07361,2250000,1000000
2018-02-14 15:00:17.707000,1.07362,1.07358,1250000,4200000
2018-02-14 15:00:17.964000,1.07365,1.07361,3640000,2250000
2018-02-14 15:00:18.487000,1.07366,1.07361,1760000,8700000
2018-02-14 15:00:18.540000,1.07366,1.07362,1250000,1100000
2018-02-14 15:00:20.261000,1.07366,1.07362,2060000,1100000
2018-02-14 15:00:20.776000,1.07367,1.07361,5890000,7050000
2018-02-14 15:00:21.890000,1.07367,1.07363,4010000,1500000
2018-02-14 15:00:21.993000,1.07367,1.07365,1010000,1000000
2018-02-14 15:00:22.510000,1.07369,1.07365,1690000,1650000
2018-02-14 15:00:23.409000,1.07369,1.07366,1190000,3450000
2018-02-14 15:00:23.722000,1.07371,1.07367,4390000,1870000
2018-02-14 15:00:24.034000,1.07377,1.07373,2140000,1870000
2018-02-14 15:00:24.813000,1.07374,1.07372,1690000,2700000
2018-02-14 15:00:24.971000,1.07376,1.07371,2140000,3750000
2018-02-14 15:00:25.076000,1.07371,1.07367,1310000,4050000
2018-02-14 15:00:25.129000,1.07371,1.07367,3190000,1100000
2018-02-14 15:00:25.612000,1.07368,1.07366,1310000,1000000
2018-02-14 15:00:25.718000,1.07366,1.07363,1250000,2250000
2018-02-14 15:00:26.242000,1.07366,1.07362,2140000,1000000
2018-02-14 15:00:26.581000,1.07363,1.0736,2810000,1450000
2018-02-14 15:00:26.632000,1.07362,1.07359,1250000,1870000
2018-02-14 15:00:27.607000,1.07363,1.0736,1760000,1500000
2018-02-14 15:00:27.711000,1.07365,1.07361,1120000,2700000
2018-02-14 15:00:28.461000,1.07364,1.0736,2060000,6450000
2018-02-14 15:00:28.626000,1.07362,1.07357,1760000,2320000
2018-02-14 15:00:29.966000,1.07361,1.07357,1250000,1200000
2018-02-14 15:00:30.473000,1.07361,1.07357,2510000,1000000
2018-02-14 15:00:31.182000,1.07362,1.07357,2510000,2700000
2018-02-14 15:00:31.236000,1.07363,1.0736,2140000,1370000
2018-02-14 15:00:31.401000,1.07365,1.07362,2140000,1000000
2018-02-14 15:00:31.911000,1.07366,1.07362,2440000,1950000
2018-02-14 15:00:32.531000,1.07366,1.07365,1000000,1500000
2018-02-14 15:00:32.636000,1.0737,1.07367,1390000,1500000
2018-02-14 15:00:33.017000,1.07371,1.07368,1250000,6070000
2018-02-14 15:00:33.069000,1.07373,1.07368,1310000,6670000
2018-02-14 15:00:33.643000,1.07372,1.07368,2510000,1000000
2018-02-14 15:00:34.302000,1.07372,1.07368,1760000,1000000
2018-02-14 15:00:34.966000,1.07371,1.07367,3190000,2700000
2018-02-14 15:00:35.520000,1.07368,1.07367,1000000,1100000
2018-02-14 15:00:35.697000,1.07367,1.07364,1120000,1000000
2018-02-14 15:00:36.243000,1.07368,1.07364,1010000,1870000
2018-02-14 15:00:36.908000,1.07368,1.07366,1000000,2250000
2018-02-14 15:00:36.960000,1.0737,1.07367,1310000,1100000
2018-02-14 15:00:37.496000,1.07367,1.07366,1250000,1500000
2018-02-14 15:00:37.653000,1.07367,1.07363,1690000,3280000
2018-02-14 15:00:37.904000,1.07369,1.07366,2700000,2250000
2018-02-14 15:00:38.424000,1.07371,1.07366,2510000,2320000
2018-02-14 15:00:38.750000,1.07368,1.07363,5510000,2320000
2018-02-14 15:00:39.066000,1.07369,1.07365,1690000,1470000
2018-02-14 15:00:39.415000,1.07367,1.07366,3190000,1540000
2018-02-14 15:00:39.468000,1.07367,1.07363,3190000,1200000
2018-02-14 15:00:40.004000,1.07367,1.07363,1250000,1470000
2018-02-14 15:00:41.024000,1.07368,1.07364,2060000,1950000
2018-02-14 15:00:41.129000,1.0737,1.07367,3410000,1120000
2018-02-14 15:00:41.305000,1.07372,1.07367,2810000,4570000
2018-02-14 15:00:42.152000,1.07371,1.07367,1190000,2700000
2018-02-14 15:00:42.817000,1.07372,1.07367,2440000,3820000
2018-02-14 15:00:43.523000,1.07372,1.0737,2060000,2100000
2018-02-14 15:00:43.627000,1.07376,1.07373,1250000,1120000
2018-02-14 15:00:44.441000,1.07377,1.07373,1000000,3820000
2018-02-14 15:00:44.701000,1.0738,1.07377,7420000,2250000
2018-02-14 15:00:44.805000,1.07383,1.07379,1200000,2060000
2018-02-14 15:00:44.962000,1.07384,1.07381,1100000,1500000
2018-02-14 15:00:45.098000,1.07386,1.07382,4390000,1870000
2018-02-14 15:00:45.611000,1.07388,1.07383,3070000,1100000
2018-02-14 15:00:45.859000,1.07386,1.07382,2440000,1200000
2018-02-14 15:00:46.280000,1.07384,1.07381,3000000,1570000
2018-02-14 15:00:46.537000,1.07387,1.07381,6640000,4200000
2018-02-14 15:00:46.795000,1.07388,1.07382,3990000,4200000
2018-02-14 15:00:47.101000,1.07391,1.07387,1000000,3820000
2018-02-14 15:00:47.612000,1.07392,1.07387,6190000,2700000
2018-02-14 15:00:48.151000,1.07393,1.07388,4500000,2320000
2018-02-14 15:00:48.561000,1.07392,1.07387,4690000,3820000
2018-02-14 15:00:49.062000,1.07391,1.07386,2620000,1570000
2018-02-14 15:00:49.371000,1.07387,1.07383,1000000,2320000
2018-02-14 15:00:49.720000,1.07385,1.07381,1500000,1070000
2018-02-14 15:00:50.032000,1.07383,1.07378,1120000,3820000
2018-02-14 15:00:50.552000,1.07383,1.07378,2810000,2320000
2018-02-14 15:00:50.866000,1.0738,1.07376,2620000,2700000
2018-02-14 15:00:51.386000,1.0738,1.07376,3190000,2320000
2018-02-14 15:00:51.737000,1.07373,1.0737,3190000,1100000
2018-02-14 15:00:52.240000,1.07372,1.07369,2440000,1100000
2018-02-14 15:00:52.549000,1.07375,1.07373,1190000,1950000
2018-02-14 15:00:52.601000,1.07377,1.07373,2810000,1200000
2018-02-14 15:00:53.196000,1.07376,1.07373,1390000,1200000
2018-02-14 15:00:53.964000,1.07377,1.07373,2440000,1570000
2018-02-14 15:00:54.398000,1.07378,1.07374,2440000,1200000
2018-02-14 15:00:54.712000,1.07374,1.07372,2810000,1200000
2018-02-14 15:00:55.249000,1.07375,1.07371,1390000,2320000
2018-02-14 15:00:55.356000,1.07377,1.07372,3190000,3070000
2018-02-14 15:00:56.033000,1.07374,1.07371,2060000,1950000
2018-02-14 15:00:56.553000,1.07374,1.0737,5060000,2700000
2018-02-14 15:00:56.860000,1.07371,1.07368,1250000,1200000
2018-02-14 15:00:57.015000,1.07371,1.07367,1310000,2700000
2018-02-14 15:00:57.861000,1.07371,1.07367,1540000,1570000
2018-02-14 15:00:58.019000,1.07373,1.07369,1920000,2700000
2018-02-14 15:00:58.072000,1.07374,1.07369,4760000,5700000
2018-02-14 15:00:58.124000,1.07374,1.07371,3190000,1500000
2018-02-14 15:00:58.226000,1.07373,1.07369,1690000,1950000
2018-02-14 15:00:58.329000,1.07372,1.07367,1310000,6450000
2018-02-14 15:00:58.855000,1.07372,1.07367,3560000,1570000
2018-02-14 15:00:59.925000,1.07373,1.07368,4760000,1570000
2018-02-14 15:01:00.133000,1.07371,1.07368,1190000,2320000
2018-02-14 15:01:01.382000,1.0737,1.07368,1190000,1100000
2018-02-14 15:01:01.581000,1.07372,1.07368,1310000,1570000
2018-02-14 15:01:02.096000,1.07371,1.07368,1490000,2320000
2018-02-14 15:01:02.399000,1.07373,1.07368,5060000,1570000
2018-02-14 15:01:03.012000,1.07373,1.07368,3260000,3070000
2018-02-14 15:01:03.117000,1.07374,1.07373,4200000,1000000
2018-02-14 15:01:03.344000,1.07378,1.07374,2510000,3370000
2018-02-14 15:01:03.447000,1.07379,1.07378,3260000,1120000
2018-02-14 15:01:03.953000,1.07379,1.07375,2440000,3070000
2018-02-14 15:01:04.469000,1.07379,1.07376,1190000,1100000
2018-02-14 15:01:06.177000,1.0738,1.07375,5890000,2700000
2018-02-14 15:01:06.627000,1.07378,1.07375,1500000,1120000
2018-02-14 15:01:06.734000,1.07377,1.07373,1010000,1000000
2018-02-14 15:01:07.091000,1.07379,1.07374,4200000,3820000
2018-02-14 15:01:07.708000,1.07379,1.07374,1120000,2320000
2018-02-14 15:01:08.323000,1.07379,1.07374,1500000,2320000
2018-02-14 15:01:09.013000,1.07378,1.07374,2060000,1470000
2018-02-14 15:01:09.489000,1.07375,1.07372,3940000,1570000
2018-02-14 15:01:09.644000,1.07374,1.0737,1690000,1200000
2018-02-14 15:01:10.195000,1.07374,1.0737,2810000,1570000
2018-02-14 15:01:10.299000,1.07373,1.07369,2360000,1950000
2018-02-14 15:01:10.821000,1.07373,1.07367,2140000,5510000
2018-02-14 15:01:11.138000,1.07375,1.0737,4840000,2700000
2018-02-14 15:01:11.189000,1.07374,1.0737,1310000,1200000
2018-02-14 15:01:11.293000,1.07372,1.07369,1250000,1200000
2018-02-14 15:01:11.869000,1.07373,1.07367,2440000,9640000
2018-02-14 15:01:12.381000,1.07372,1.07367,2440000,2320000
2018-02-14 15:01:12.924000,1.07373,1.07368,1000000,7800000
2018-02-14 15:01:13.628000,1.07374,1.07368,4310000,8920000
2018-02-14 15:01:14.152000,1.07372,1.07369,1000000,1570000
2018-02-14 15:01:14.489000,1.07372,1.0737,1000000,1200000
2018-02-14 15:01:15.376000,1.07373,1.0737,2620000,1200000
2018-02-14 15:01:15.893000,1.07373,1.07369,1500000,3070000
2018-02-14 15:01:16.452000,1.07376,1.07372,5140000,1870000
2018-02-14 15:01:16.976000,1.07376,1.07373,1250000,1470000
2018-02-14 15:01:17.433000,1.07378,1.07375,1000000,2700000
2018-02-14 15:01:18.532000,1.07378,1.07374,1120000,2700000
2018-02-14 15:01:19.233000,1.07375,1.07373,1000000,2700000
2018-02-14 15:01:19.285000,1.07378,1.07373,3000000,3640000
2018-02-14 15:01:19.814000,1.07379,1.07375,3000000,1200000
2018-02-14 15:01:20.350000,1.07379,1.07375,3370000,1200000
2018-02-14 15:01:20.886000,1.07379,1.07374,4120000,2320000
2018-02-14 15:01:21.405000,1.07378,1.07374,2620000,1950000
2018-02-14 15:01:21.944000,1.07378,1.07374,2250000,1200000
2018-02-14 15:01:23.901000,1.07378,1.07374,1500000,1760000
2018-02-14 15:01:24.006000,1.0738,1.07376,1200000,2250000
2018-02-14 15:01:24.214000,1.07383,1.07378,2060000,5590000
2018-02-14 15:01:25.289000,1.07382,1.07377,1000000,5700000
2018-02-14 15:01:25.803000,1.07382,1.07377,1120000,4950000
2018-02-14 15:01:26.029000,1.0738,1.07377,1120000,1570000
2018-02-14 15:01:26.546000,1.0738,1.07375,2250000,4200000
2018-02-14 15:01:26.702000,1.07379,1.07375,1500000,1100000
2018-02-14 15:01:27.242000,1.0738,1.07379,2620000,1000000
2018-02-14 15:01:27.345000,1.07384,1.07379,6070000,1950000
2018-02-14 15:01:27.881000,1.07384,1.07379,5250000,2320000
2018-02-14 15:01:28.807000,1.07386,1.07384,1950000,1500000
2018-02-14 15:01:28.860000,1.07386,1.07383,1200000,1120000
2018-02-14 15:01:29.370000,1.07386,1.07382,3370000,1100000
2018-02-14 15:01:30.312000,1.07385,1.07381,1000000,1470000
2018-02-14 15:01:30.826000,1.07386,1.07382,1000000,3070000
2018-02-14 15:01:31.429000,1.07386,1.07382,1000000,2700000
2018-02-14 15:01:32.004000,1.07385,1.07381,1120000,2320000
2018-02-14 15:01:32.161000,1.07383,1.0738,1120000,1950000
2018-02-14 15:01:32.682000,1.07383,1.07378,3000000,4200000
2018-02-14 15:01:33.016000,1.0738,1.07377,1000000,1120000
2018-02-14 15:01:33.222000,1.07379,1.07375,3370000,1100000
2018-02-14 15:01:33.273000,1.07376,1.07373,2250000,4350000
2018-02-14 15:01:33.325000,1.07377,1.07373,4570000,2620000
2018-02-14 15:01:33.598000,1.07375,1.07371,1000000,6450000
2018-02-14 15:01:33.650000,1.07377,1.07371,6640000,5320000
2018-02-14 15:01:34.533000,1.07378,1.07373,4120000,1200000
2018-02-14 15:01:35.045000,1.07378,1.07373,1870000,5170000
2018-02-14 15:01:37.176000,1.07374,1.07372,1500000,2700000
2018-02-14 15:01:37.278000,1.07373,1.0737,1500000,1100000
2018-02-14 15:01:37.890000,1.07372,1.07369,1000000,1070000
2018-02-14 15:01:38.306000,1.07374,1.0737,1100000,1500000
2018-02-14 15:01:38.665000,1.07373,1.07369,2320000,2060000
2018-02-14 15:01:39.136000,1.07372,1.07369,6750000,1100000
2018-02-14 15:01:39.188000,1.07372,1.07367,8510000,1200000
2018-02-14 15:01:39.913000,1.07372,1.07367,1950000,2510000
2018-02-14 15:01:40.445000,1.07371,1.07367,2250000,2320000
2018-02-14 15:01:40.972000,1.07372,1.07367,1000000,4760000
2018-02-14 15:01:41.511000,1.07371,1.07366,1950000,2700000
2018-02-14 15:01:42.624000,1.07371,1.07365,3260000,6820000
2018-02-14 15:01:43.238000,1.07371,1.07366,2140000,3450000
2018-02-14 15:01:44.127000,1.07368,1.07364,3640000,1500000
2018-02-14 15:01:44.546000,1.0737,1.07366,3900000,1500000
2018-02-14 15:01:44.908000,1.07372,1.07366,5810000,7420000
2018-02-14 15:01:45.517000,1.0737,1.07366,1120000,2320000
2018-02-14 15:01:48.024000,1.07371,1.07367,2440000,1070000
2018-02-14 15:01:48.526000,1.07372,1.07368,1690000,1070000
2018-02-14 15:01:49.925000,1.07372,1.07368,2440000,1100000
2018-02-14 15:01:50.237000,1.07368,1.07364,2060000,1570000
2018-02-14 15:01:50.933000,1.07363,1.07362,1310000,1870000
2018-02-14 15:01:51.039000,1.07362,1.07357,2440000,4570000
2018-02-14 15:01:51.589000,1.07362,1.07358,1310000,1070000
2018-02-14 15:01:53.296000,1.07362,1.07358,1310000,1100000
2018-02-14 15:01:54.005000,1.07362,1.07357,3560000,6300000
2018-02-14 15:01:54.162000,1.07361,1.07357,2060000,1100000
2018-02-14 15:01:54.681000,1.0736,1.07356,1120000,2320000
2018-02-14 15:01:55.231000,1.0736,1.07356,3940000,1100000
2018-02-14 15:01:55.707000,1.07356,1.07354,1000000,1500000
2018-02-14 15:01:55.971000,1.07356,1.07352,1370000,1570000
2018-02-14 15:01:56.941000,1.07352,1.07351,1120000,1100000
2018-02-14 15:01:56.995000,1.07351,1.07348,4310000,2700000
2018-02-14 15:01:57.358000,1.0735,1.07345,5510000,3820000
2018-02-14 15:01:58.260000,1.07348,1.07345,5890000,1870000
2018-02-14 15:01:58.312000,1.07347,1.07343,1250000,3820000
2018-02-14 15:01:59.116000,1.07346,1.07341,2320000,7800000
2018-02-14 15:01:59.659000,1.07346,1.07343,1000000,1720000
2018-02-14 15:01:59.711000,1.07348,1.07344,2060000,1200000
2018-02-14 15:02:00.700000,1.07347,1.07343,1000000,7870000
2018-02-14 15:02:00.754000,1.07346,1.07341,2140000,3220000
2018-02-14 15:02:01.283000,1.07344,1.0734,2140000,1000000
2018-02-14 15:02:01.691000,1.07343,1.07338,2890000,1570000
2018-02-14 15:02:02.193000,1.07342,1.07338,1100000,1100000
2018-02-14 15:02:03.454000,1.07342,1.07337,1200000,5920000
2018-02-14 15:02:03.978000,1.07342,1.07339,1200000,1000000
2018-02-14 15:02:04.506000,1.07341,1.07338,2890000,1500000
2018-02-14 15:02:04.864000,1.07339,1.07337,1250000,1500000
2018-02-14 15:02:04.915000,1.07338,1.07335,1310000,1100000
2018-02-14 15:02:05.432000,1.07339,1.07335,4010000,1500000
2018-02-14 15:02:05.810000,1.07337,1.07333,1250000,3300000
2018-02-14 15:02:06.553000,1.07338,1.07333,3640000,2550000
2018-02-14 15:02:07.106000,1.07337,1.07333,1010000,2250000
2018-02-14 15:02:08.165000,1.07338,1.07334,1760000,1370000
2018-02-14 15:02:08.526000,1.07333,1.07332,4690000,1000000
2018-02-14 15:02:08.577000,1.07333,1.0733,4310000,2850000
2018-02-14 15:02:08.707000,1.07333,1.07331,1500000,1500000
2018-02-14 15:02:08.759000,1.07336,1.07333,2140000,1500000
2018-02-14 15:02:09.438000,1.07338,1.07333,2510000,8170000
2018-02-14 15:02:10.007000,1.07338,1.07333,1390000,5920000
2018-02-14 15:02:10.061000,1.07339,1.07336,2140000,3220000
2018-02-14 15:02:10.268000,1.0734,1.07335,4460000,3070000
2018-02-14 15:02:10.661000,1.07341,1.07338,1650000,1500000
2018-02-14 15:02:10.713000,1.07343,1.07338,1840000,3970000
2018-02-14 15:02:11.255000,1.07343,1.07339,1290000,1370000
2018-02-14 15:02:11.308000,1.07344,1.07339,1760000,2700000
2018-02-14 15:02:11.822000,1.07344,1.07339,5510000,1870000
2018-02-14 15:02:12.329000,1.07344,1.07339,1310000,9300000
2018-02-14 15:02:12.728000,1.07345,1.07341,1310000,1570000
2018-02-14 15:02:13.433000,1.07345,1.0734,4010000,6670000
2018-02-14 15:02:13.732000,1.07346,1.07343,4570000,2620000
2018-02-14 15:02:13.788000,1.07348,1.07343,7010000,1370000
2018-02-14 15:02:14.238000,1.07345,1.07342,1310000,2320000
2018-02-14 15:02:14.450000,1.07348,1.07344,2890000,3750000
2018-02-14 15:02:14.956000,1.07349,1.07344,2510000,3450000
2018-02-14 15:02:15.654000,1.07352,1.0735,1370000,1120000
2018-02-14 15:02:15.708000,1.07354,1.07349,5140000,8620000
2018-02-14 15:02:15.814000,1.07348,1.07347,1250000,1120000
2018-02-14 15:02:15.986000,1.07349,1.07345,2440000,1100000
2018-02-14 15:02:16.209000,1.07349,1.07345,2060000,1850000
2018-02-14 15:02:16.434000,1.07351,1.07347,3640000,1000000
2018-02-14 15:02:17.247000,1.07351,1.07347,1010000,3070000
2018-02-14 15:02:17.349000,1.07354,1.0735,2590000,1500000
2018-02-14 15:02:17.494000,1.07355,1.07351,1390000,6750000
2018-02-14 15:02:17.545000,1.07356,1.07352,2810000,15820000
2018-02-14 15:02:18.078000,1.07355,1.07351,3190000,1100000
2018-02-14 15:02:18.599000,1.07354,1.0735,3190000,1200000
2018-02-14 15:02:18.805000,1.07355,1.07351,2440000,1070000
2018-02-14 15:02:20.421000,1.07357,1.07352,6940000,1200000
2018-02-14 15:02:20.736000,1.07355,1.07351,1310000,1200000
2018-02-14 15:02:21.245000,1.07355,1.07351,1310000,1200000
2018-02-14 15:02:21.806000,1.07354,1.07349,5890000,2700000
2018-02-14 15:02:21.860000,1.07352,1.07348,3560000,2320000
2018-02-14 15:02:21.966000,1.07351,1.07347,2890000,1000000
2018-02-14 15:02:22.627000,1.07351,1.07346,3640000,5250000
2018-02-14 15:02:23.145000,1.07349,1.07346,1760000,1000000
2018-02-14 15:02:23.661000,1.07349,1.07344,1760000,1570000
2018-02-14 15:02:24.174000,1.0735,1.07346,2510000,1000000
2018-02-14 15:02:24.702000,1.07351,1.07348,3820000,2250000
2018-02-14 15:02:24.754000,1.07353,1.0735,1500000,1000000
2018-02-14 15:02:24.808000,1.07355,1.07351,2140000,1370000
2018-02-14 15:02:25.132000,1.07357,1.07353,1250000,10570000
2018-02-14 15:02:25.204000,1.07356,1.07353,1000000,1200000
2018-02-14 15:02:25.518000,1.07355,1.07351,1290000,1370000
2018-02-14 15:02:26.063000,1.07356,1.07351,4010000,1500000
2018-02-14 15:02:26.583000,1.07357,1.07351,4390000,3820000
2018-02-14 15:02:27.126000,1.07356,1.07351,2890000,1370000
2018-02-14 15:02:27.664000,1.07355,1.0735,5140000,1500000
2018-02-14 15:02:28.191000,1.0735,1.07349,1500000,2360000
2018-02-14 15:02:28.366000,1.0735,1.07346,1290000,1370000
2018-02-14 15:02:28.887000,1.0735,1.07346,1310000,1100000
2018-02-14 15:02:28.993000,1.07351,1.07346,3820000,1950000
2018-02-14 15:02:29.888000,1.07352,1.07347,2210000,1850000
2018-02-14 15:02:30.324000,1.07351,1.07347,2140000,1000000
2018-02-14 15:02:30.833000,1.07351,1.07346,7010000,1120000
2018-02-14 15:02:32.359000,1.07349,1.07344,3940000,1950000
2018-02-14 15:02:33.097000,1.07347,1.07344,1000000,1470000
2018-02-14 15:02:33.149000,1.07346,1.07343,1250000,4200000
2018-02-14 15:02:33.661000,1.07348,1.07344,1390000,1000000
2018-02-14 15:02:33.970000,1.07346,1.07343,1500000,2620000
2018-02-14 15:02:34.167000,1.07345,1.0734,4010000,2700000
2018-02-14 15:02:35.963000,1.07339,1.07338,1250000,2440000
2018-02-14 15:02:36.015000,1.07339,1.07335,2510000,1370000
2018-02-14 15:02:36.173000,1.07336,1.07333,1870000,1500000
2018-02-14 15:02:36.282000,1.07335,1.07331,1250000,2320000
2018-02-14 15:02:36.885000,1.07335,1.07331,3560000,1100000
2018-02-14 15:02:37.387000,1.07334,1.0733,2440000,1200000
2018-02-14 15:02:37.591000,1.07336,1.07331,1320000,4500000
2018-02-14 15:02:37.796000,1.07338,1.07333,2510000,1870000
2018-02-14 15:02:38.353000,1.07338,1.07334,1010000,1370000
2018-02-14 15:02:38.457000,1.0734,1.07339,1120000,1000000
2018-02-14 15:02:38.510000,1.07342,1.07339,1470000,1370000
2018-02-14 15:02:38.563000,1.07343,1.07339,1950000,1870000
2018-02-14 15:02:39.077000,1.07344,1.0734,2250000,1100000
2018-02-14 15:02:39.672000,1.07345,1.07341,2510000,1870000
2018-02-14 15:02:40.213000,1.07346,1.07342,2890000,1000000
2018-02-14 15:02:40.878000,1.07347,1.07343,2320000,1120000
2018-02-14 15:02:40.931000,1.0735,1.07345,2700000,1570000
2018-02-14 15:02:41.241000,1.07351,1.07347,4950000,1370000
2018-02-14 15:02:41.931000,1.07351,1.0735,1120000,1120000
2018-02-14 15:02:42.035000,1.07354,1.0735,3450000,1870000
2018-02-14 15:02:42.140000,1.07352,1.0735,2250000,1120000
2018-02-14 15:02:42.245000,1.07351,1.07347,2620000,1950000
2018-02-14 15:02:42.298000,1.07348,1.07347,1000000,1100000
2018-02-14 15:02:42.485000,1.07345,1.0734,3560000,3450000
2018-02-14 15:02:43.080000,1.07343,1.07339,1120000,2700000
2018-02-14 15:02:43.393000,1.0734,1.07337,1120000,1000000
2018-02-14 15:02:43.601000,1.07342,1.07338,1200000,1000000
2018-02-14 15:02:44.012000,1.07344,1.0734,1200000,1870000
2018-02-14 15:02:44.272000,1.07345,1.07341,1100000,1500000
2018-02-14 15:02:44.781000,1.07346,1.07344,2320000,2620000
2018-02-14 15:02:45.092000,1.0735,1.07346,1100000,1750000
2018-02-14 15:02:45.324000,1.07348,1.07345,1000000,1120000
2018-02-14 15:02:45.659000,1.07347,1.07343,1500000,1950000
2018-02-14 15:02:45.938000,1.07346,1.07342,3000000,2320000
2018-02-14 15:02:46.044000,1.07343,1.0734,1000000,3070000
2018-02-14 15:02:46.546000,1.07344,1.0734,1570000,1370000
2018-02-14 15:02:47.150000,1.07343,1.07339,1500000,1950000
2018-02-14 15:02:47.537000,1.07344,1.07342,1000000,12110000
2018-02-14 15:02:47.696000,1.07348,1.07344,1100000,1750000
2018-02-14 15:02:47.931000,1.0735,1.07346,1250000,2320000
2018-02-14 15:02:48.783000,1.0735,1.07346,1250000,2700000
2018-02-14 15:02:49.320000,1.07351,1.07346,1200000,5320000
2018-02-14 15:02:49.877000,1.07347,1.07345,16389999,1870000
2018-02-14 15:02:49.929000,1.07343,1.0734,1870000,1870000
2018-02-14 15:02:49.984000,1.0734,1.07339,1000000,1570000
2018-02-14 15:02:50.116000,1.0734,1.07337,3940000,3490000
2018-02-14 15:02:50.169000,1.07334,1.0733,6260000,1000000
2018-02-14 15:02:50.276000,1.07335,1.07332,1570000,3750000
2018-02-14 15:02:50.381000,1.07336,1.07332,1570000,1870000
2018-02-14 15:02:50.537000,1.07334,1.0733,1500000,3070000
2018-02-14 15:02:51.073000,1.07337,1.07333,1450000,1870000
2018-02-14 15:02:51.125000,1.07338,1.07333,4950000,1870000
2018-02-14 15:02:51.381000,1.07341,1.07338,1200000,1000000
2018-02-14 15:02:51.693000,1.07341,1.07339,1000000,4570000
2018-02-14 15:02:51.900000,1.07343,1.07339,4310000,4570000
2018-02-14 15:02:52.106000,1.07341,1.07339,1250000,4950000
2018-02-14 15:02:52.507000,1.07341,1.07337,7010000,2700000
2018-02-14 15:02:52.559000,1.07339,1.07337,1000000,1950000
2018-02-14 15:02:52.816000,1.07338,1.07334,1120000,1470000
2018-02-14 15:02:54.010000,1.0734,1.07338,1690000,1310000
2018-02-14 15:02:54.062000,1.07341,1.07338,1250000,2810000
2018-02-14 15:02:54.220000,1.07343,1.07338,1690000,3490000
2018-02-14 15:02:54.946000,1.07344,1.0734,3450000,1500000
2018-02-14 15:02:55.474000,1.07344,1.07341,1500000,1470000
2018-02-14 15:02:55.628000,1.07347,1.07343,3370000,1570000
2018-02-14 15:02:55.782000,1.07345,1.07343,1500000,3190000
2018-02-14 15:02:55.998000,1.07343,1.07339,2050000,3450000
2018-02-14 15:02:56.050000,1.0734,1.07338,2250000,5620000
2018-02-14 15:02:56.152000,1.07339,1.07336,1120000,1450000
2018-02-14 15:02:56.204000,1.07339,1.07334,3190000,3540000
2018-02-14 15:02:56.309000,1.07336,1.07332,1120000,1470000
2018-02-14 15:02:57.172000,1.07335,1.07331,3560000,1950000
2018-02-14 15:02:57.378000,1.07333,1.07329,1870000,1570000
2018-02-14 15:02:57.902000,1.07333,1.07328,6640000,3940000
2018-02-14 15:02:58.015000,1.07329,1.07326,1500000,4010000
2018-02-14 15:02:58.068000,1.07333,1.07328,3260000,4310000
2018-02-14 15:02:58.575000,1.07332,1.07329,1310000,1000000
2018-02-14 15:02:59.076000,1.07334,1.07329,7390000,2060000
2018-02-14 15:02:59.287000,1.07334,1.07329,4010000,4010000
2018-02-14 15:03:00.048000,1.07334,1.07329,8260000,1760000
2018-02-14 15:03:00.550000,1.07331,1.07329,1000000,1620000
2018-02-14 15:03:00.912000,1.07331,1.07328,1500000,2060000
2018-02-14 15:03:00.985000,1.07329,1.07327,1000000,4120000
2018-02-14 15:03:01.221000,1.07331,1.07326,3260000,2510000
2018-02-14 15:03:01.734000,1.07332,1.07328,1200000,1500000
2018-02-14 15:03:02.971000,1.07333,1.07328,3070000,2140000
2018-02-14 15:03:03.136000,1.07334,1.07328,8510000,10010000
2018-02-14 15:03:03.552000,1.07332,1.07329,1500000,1120000
2018-02-14 15:03:04.082000,1.07333,1.07329,2140000,1000000
2018-02-14 15:03:04.250000,1.07329,1.07326,2140000,1950000
2018-02-14 15:03:04.365000,1.07328,1.07323,5440000,4990000
2018-02-14 15:03:04.529000,1.07325,1.07322,4420000,3000000
2018-02-14 15:03:04.582000,1.0733,1.07326,2890000,1500000
2018-02-14 15:03:04.687000,1.07328,1.07323,1760000,2700000
2018-02-14 15:03:05.174000,1.07326,1.07322,1120000,3070000
2018-02-14 15:03:05.330000,1.07323,1.07319,1950000,2810000
2018-02-14 15:03:05.865000,1.07324,1.0732,1100000,1250000
2018-02-14 15:03:06.226000,1.07323,1.07319,5140000,1500000
2018-02-14 15:03:06.768000,1.07322,1.07317,1070000,2400000
2018-02-14 15:03:07.284000,1.07323,1.07317,9640000,2470000
2018-02-14 15:03:07.609000,1.07323,1.0732,6450000,1300000
2018-02-14 15:03:07.663000,1.07325,1.0732,1470000,3040000
2018-02-14 15:03:07.924000,1.07323,1.07318,5890000,2660000
2018-02-14 15:03:07.977000,1.07322,1.07318,1120000,1100000
2018-02-14 15:03:08.525000,1.07321,1.07317,1120000,1200000
2018-02-14 15:03:09.046000,1.07323,1.07318,5510000,3000000
2018-02-14 15:03:09.413000,1.07324,1.0732,4010000,1000000
2018-02-14 15:03:09.743000,1.07325,1.07321,1200000,1840000
2018-02-14 15:03:10.410000,1.07324,1.07321,1500000,1010000
2018-02-14 15:03:10.516000,1.07324,1.07319,8210000,2360000
2018-02-14 15:03:10.977000,1.07325,1.07322,1100000,1000000
2018-02-14 15:03:11.369000,1.07326,1.07323,1100000,1350000
2018-02-14 15:03:11.891000,1.07328,1.07323,7010000,1570000
2018-02-14 15:03:12.130000,1.07326,1.07321,1390000,4310000
2018-02-14 15:03:12.181000,1.07324,1.07321,1500000,2320000
2018-02-14 15:03:12.689000,1.07324,1.07321,1570000,1870000
2018-02-14 15:03:13.582000,1.07326,1.07321,2510000,2740000
2018-02-14 15:03:14.111000,1.07326,1.07321,4570000,2890000
2018-02-14 15:03:15.275000,1.07324,1.07321,1470000,3520000
2018-02-14 15:03:15.812000,1.07325,1.07321,1570000,1120000
2018-02-14 15:03:16.119000,1.07322,1.07318,1200000,3940000
2018-02-14 15:03:17.374000,1.07322,1.07318,1000000,3640000
2018-02-14 15:03:17.896000,1.07322,1.07318,1570000,3190000
2018-02-14 15:03:18.218000,1.07322,1.07317,2890000,3300000
2018-02-14 15:03:18.762000,1.07322,1.07317,3260000,1500000
2018-02-14 15:03:19.268000,1.0732,1.07316,1950000,1120000
2018-02-14 15:03:21.309000,1.07319,1.07316,1000000,1120000
2018-02-14 15:03:21.818000,1.07321,1.07317,2890000,1000000
2018-02-14 15:03:22.337000,1.0732,1.07315,4760000,2700000
2018-02-14 15:03:22.984000,1.07321,1.07316,4010000,1000000
2018-02-14 15:03:23.036000,1.07321,1.07317,2890000,1500000
2018-02-14 15:03:23.244000,1.07322,1.07319,2510000,1000000
2018-02-14 15:03:23.957000,1.07322,1.07317,2510000,6750000
2018-02-14 15:03:24.480000,1.0732,1.07317,1200000,2250000
2018-02-14 15:03:25.138000,1.07321,1.07317,5320000,3940000
2018-02-14 15:03:25.648000,1.07322,1.07318,1950000,6190000
2018-02-14 15:03:26.183000,1.07322,1.07319,1200000,1500000
2018-02-14 15:03:26.391000,1.07323,1.07321,1570000,1000000
2018-02-14 15:03:26.641000,1.07328,1.07326,2620000,3670000
2018-02-14 15:03:27.008000,1.07331,1.07328,1690000,1000000
2018-02-14 15:03:27.901000,1.07332,1.07327,1760000,10240000
2018-02-14 15:03:28.416000,1.07332,1.07328,1500000,1760000
2018-02-14 15:03:28.964000,1.07332,1.07328,1120000,3640000
2018-02-14 15:03:29.746000,1.07333,1.07329,1570000,1000000
2018-02-14 15:03:30.260000,1.07333,1.0733,1500000,1000000
2018-02-14 15:03:30.798000,1.07333,1.07329,1200000,1270000
2018-02-14 15:03:31.410000,1.07333,1.07328,2700000,7010000
2018-02-14 15:03:32.135000,1.07332,1.07329,1120000,1000000
2018-02-14 15:03:32.308000,1.07331,1.07327,1500000,1200000
2018-02-14 15:03:32.823000,1.07331,1.07328,3370000,1000000
2018-02-14 15:03:32.927000,1.07331,1.07326,4390000,3070000
2018-02-14 15:03:33.236000,1.07328,1.07325,9070000,1000000
2018-02-14 15:03:33.288000,1.07327,1.07323,1120000,1950000
2018-02-14 15:03:33.339000,1.07328,1.07325,2700000,1000000
2018-02-14 15:03:33.494000,1.07329,1.07325,1200000,4120000
2018-02-14 15:03:34.038000,1.07328,1.07323,8140000,1570000
2018-02-14 15:03:34.498000,1.07327,1.07324,2320000,1000000
2018-02-14 15:03:34.815000,1.07328,1.07323,5510000,3450000
2018-02-14 15:03:35.122000,1.07326,1.07322,1000000,5510000
2018-02-14 15:03:35.701000,1.07327,1.07323,1100000,3000000
2018-02-14 15:03:36.162000,1.07326,1.07322,1500000,1950000
2018-02-14 15:03:36.706000,1.07325,1.07321,1250000,2700000
2018-02-14 15:03:37.019000,1.07324,1.0732,4310000,1950000
2018-02-14 15:03:37.176000,1.07323,1.07319,5440000,1100000
2018-02-14 15:03:37.566000,1.07324,1.07321,3560000,1000000
2018-02-14 15:03:37.721000,1.07326,1.07322,3190000,1100000
2018-02-14 15:03:38.191000,1.07323,1.07322,1120000,1200000
2018-02-14 15:03:38.246000,1.07323,1.07319,3940000,1500000
2018-02-14 15:03:39.090000,1.07322,1.07319,1310000,1200000
2018-02-14 15:03:39.636000,1.07322,1.07318,2060000,3070000
2018-02-14 15:03:40.866000,1.07323,1.07318,8140000,4200000
2018-02-14 15:03:41.381000,1.07323,1.07318,3940000,6450000
2018-02-14 15:03:41.960000,1.07323,1.07318,5440000,4200000
2018-02-14 15:03:42.470000,1.07322,1.07318,1310000,3450000
2018-02-14 15:03:42.973000,1.07323,1.07318,9640000,4570000
2018-02-14 15:03:43.506000,1.07323,1.07318,5440000,4570000
2018-02-14 15:03:43.612000,1.07324,1.07321,1250000,1570000
2018-02-14 15:03:44.138000,1.07326,1.07322,3640000,1000000
2018-02-14 15:03:44.946000,1.07325,1.07321,3260000,1650000
2018-02-14 15:03:45.468000,1.07327,1.07323,5140000,1000000
2018-02-14 15:03:46.604000,1.07327,1.07323,2890000,1120000
2018-02-14 15:03:47.900000,1.07327,1.07323,2510000,1000000
2018-02-14 15:03:48.201000,1.07325,1.07322,1690000,1470000
2018-02-14 15:03:48.707000,1.07326,1.07321,7760000,2100000
2018-02-14 15:03:49.823000,1.07326,1.07322,3260000,1200000
2018-02-14 15:03:50.585000,1.07325,1.07321,1000000,4570000
2018-02-14 15:03:50.926000,1.07324,1.0732,1390000,1370000
2018-02-14 15:03:51.130000,1.07326,1.07321,2140000,4720000
2018-02-14 15:03:51.285000,1.07327,1.07324,3260000,1500000
2018-02-14 15:03:51.593000,1.0733,1.07327,1690000,1370000
2018-02-14 15:03:52.110000,1.07329,1.07326,1690000,1950000
2018-02-14 15:03:52.632000,1.07329,1.07325,4760000,1500000
2018-02-14 15:03:53.172000,1.0733,1.07326,5510000,1120000
2018-02-14 15:03:53.966000,1.07329,1.07325,3940000,3070000
2018-02-14 15:03:54.070000,1.07328,1.07324,3640000,3370000
2018-02-14 15:03:54.387000,1.07324,1.07322,1000000,1950000
2018-02-14 15:03:54.441000,1.07324,1.0732,1390000,4500000
2018-02-14 15:03:55.031000,1.07325,1.07321,1620000,2320000
2018-02-14 15:03:55.396000,1.07323,1.0732,2060000,3070000
2018-02-14 15:03:55.918000,1.07325,1.07321,1690000,2700000
2018-02-14 15:03:56.704000,1.07323,1.0732,1250000,3820000
2018-02-14 15:03:56.849000,1.07323,1.07319,3640000,3750000
2018-02-14 15:03:57.219000,1.0732,1.07318,1250000,2250000
2018-02-14 15:03:57.694000,1.07319,1.07316,1250000,1570000
2018-02-14 15:03:58.215000,1.07321,1.07316,7010000,5320000
2018-02-14 15:03:58.749000,1.0732,1.07317,1190000,1200000
2018-02-14 15:03:59.635000,1.0732,1.07316,2440000,2700000
2018-02-14 15:04:00.307000,1.0732,1.07317,3190000,1120000
2018-02-14 15:04:01.783000,1.0732,1.07317,1080000,1120000
2018-02-14 15:04:02.052000,1.07321,1.07318,1690000,1870000
2018-02-14 15:04:02.259000,1.07323,1.07319,1250000,7200000
2018-02-14 15:04:02.806000,1.07324,1.07319,5890000,6820000
2018-02-14 15:04:03.117000,1.07324,1.0732,5810000,1340000
2018-02-14 15:04:03.526000,1.07326,1.07322,2060000,1200000
2018-02-14 15:04:03.950000,1.07327,1.07323,2060000,1950000
2018-02-14 15:04:04.171000,1.07329,1.07326,2510000,1500000
2018-02-14 15:04:04.327000,1.07331,1.07327,1760000,2620000
2018-02-14 15:04:04.839000,1.07331,1.07327,1690000,4200000
2018-02-14 15:04:05.353000,1.0733,1.07327,1310000,1000000
2018-02-14 15:04:06.176000,1.07331,1.07327,1620000,1570000
2018-02-14 15:04:06.520000,1.07332,1.07328,1390000,1870000
2018-02-14 15:04:07.066000,1.07334,1.07329,8140000,1570000
2018-02-14 15:04:07.594000,1.07334,1.0733,6260000,1000000
2018-02-14 15:04:07.978000,1.07334,1.07332,1870000,1000000
2018-02-14 15:04:08.217000,1.07334,1.07329,5890000,4200000
2018-02-14 15:04:08.271000,1.07331,1.07329,1120000,1200000
2018-02-14 15:04:08.585000,1.07321,1.07317,1250000,1570000
2018-02-14 15:04:08.639000,1.07323,1.0732,1950000,1500000
2018-02-14 15:04:09.247000,1.07323,1.07319,4390000,1120000
2018-02-14 15:04:09.717000,1.0732,1.07316,3190000,1950000
2018-02-14 15:04:10.286000,1.0732,1.07317,2620000,1000000
2018-02-14 15:04:10.863000,1.0732,1.07317,1310000,1000000
2018-02-14 15:04:11.387000,1.07319,1.07316,1250000,1100000
2018-02-14 15:04:11.924000,1.07319,1.07317,1250000,1000000
2018-02-14 15:04:12.435000,1.0732,1.07317,2250000,1100000
2018-02-14 15:04:13.407000,1.07322,1.07317,3640000,2700000
2018-02-14 15:04:13.748000,1.07323,1.0732,1190000,2320000
2018-02-14 15:04:14.039000,1.07324,1.07319,1250000,6820000
2018-02-14 15:04:14.142000,1.07325,1.07321,1310000,3640000
2018-02-14 15:04:14.457000,1.07322,1.07319,3190000,1570000
2018-02-14 15:04:14.509000,1.07322,1.07318,3940000,1100000
2018-02-14 15:04:14.870000,1.07324,1.07319,9170000,4870000
2018-02-14 15:04:15.074000,1.07326,1.07321,1570000,2510000
2018-02-14 15:04:15.228000,1.07327,1.07322,1760000,2320000
2018-02-14 15:04:15.485000,1.07325,1.07321,2250000,1200000
2018-02-14 15:04:15.998000,1.07325,1.0732,5140000,4950000
2018-02-14 15:04:16.594000,1.07324,1.07321,2060000,1000000
2018-02-14 15:04:16.851000,1.07321,1.07318,1870000,1200000
2018-02-14 15:04:17.160000,1.0732,1.07317,1190000,2920000
2018-02-14 15:04:17.672000,1.07317,1.07314,1190000,2320000
2018-02-14 15:04:17.725000,1.07319,1.07315,1760000,1120000
2018-02-14 15:04:18.132000,1.07318,1.07317,1000000,1000000
2018-02-14 15:04:18.183000,1.0732,1.07317,1310000,2320000
2018-02-14 15:04:18.726000,1.07321,1.07317,2810000,4310000
2018-02-14 15:04:18.882000,1.0732,1.07317,2440000,1500000
2018-02-14 15:04:19.247000,1.07317,1.07316,1120000,1500000
2018-02-14 15:04:19.511000,1.07315,1.07311,1310000,7950000
2018-02-14 15:04:19.563000,1.07318,1.07314,2890000,1870000
2018-02-14 15:04:19.878000,1.07321,1.07316,3190000,2740000
2018-02-14 15:04:19.982000,1.07321,1.07316,3560000,5660000
2018-02-14 15:04:20.530000,1.0732,1.07316,2060000,3070000
2018-02-14 15:04:21.039000,1.0732,1.07317,1310000,1100000
2018-02-14 15:04:21.843000,1.07319,1.07317,1250000,1000000
2018-02-14 15:04:22.352000,1.07319,1.07316,1250000,1240000
2018-02-14 15:04:23.093000,1.07321,1.07316,5890000,2810000
2018-02-14 15:04:23.594000,1.07321,1.07317,4310000,1100000
2018-02-14 15:04:24.222000,1.07322,1.07318,2140000,3000000
2018-02-14 15:04:24.433000,1.07323,1.07319,2510000,1990000
2018-02-14 15:04:24.538000,1.07324,1.0732,1310000,1760000
2018-02-14 15:04:24.849000,1.07322,1.0732,1190000,1000000
2018-02-14 15:04:25.006000,1.07325,1.07321,1120000,2510000
2018-02-14 15:04:25.508000,1.07326,1.07321,4390000,3640000
2018-02-14 15:04:25.767000,1.07324,1.07321,1310000,1760000
2018-02-14 15:04:26.076000,1.07326,1.07321,1310000,8360000
2018-02-14 15:04:26.838000,1.07326,1.07322,2060000,1100000
2018-02-14 15:04:27.441000,1.07323,1.0732,1120000,3070000
2018-02-14 15:04:27.951000,1.07325,1.07321,4010000,2620000
2018-02-14 15:04:28.471000,1.07326,1.07321,1390000,5510000
2018-02-14 15:04:28.786000,1.07323,1.0732,3560000,1100000
2018-02-14 15:04:29.209000,1.07323,1.07319,3940000,1190000
2018-02-14 15:04:29.315000,1.07322,1.07318,1570000,2250000
2018-02-14 15:04:29.423000,1.07323,1.0732,1010000,1500000
2018-02-14 15:04:29.476000,1.07324,1.0732,1500000,5320000
2018-02-14 15:04:30.769000,1.07325,1.07321,1190000,3640000
2018-02-14 15:04:31.030000,1.07326,1.07321,1540000,3640000
2018-02-14 15:04:31.135000,1.07325,1.07321,1190000,2510000
2018-02-14 15:04:31.832000,1.07325,1.07321,1310000,4570000
2018-02-14 15:04:31.986000,1.07322,1.07319,2620000,1570000
2018-02-14 15:04:32.504000,1.07323,1.0732,1200000,1120000
2018-02-14 15:04:33.177000,1.07325,1.0732,5740000,4200000
2018-02-14 15:04:33.444000,1.07323,1.0732,2440000,2320000
2018-02-14 15:04:33.964000,1.07321,1.07319,2250000,1870000
2018-02-14 15:04:34.486000,1.07322,1.07319,1010000,2620000
2018-02-14 15:04:36.191000,1.07321,1.07319,1000000,2620000
2018-02-14 15:04:36.507000,1.07321,1.07317,6260000,1000000
2018-02-14 15:04:36.836000,1.07317,1.07315,1120000,1100000
2018-02-14 15:04:37.366000,1.07318,1.07315,1410000,1000000
2018-02-14 15:04:37.912000,1.0732,1.07316,1760000,1870000
2018-02-14 15:04:38.422000,1.07321,1.07316,2890000,3450000
2018-02-14 15:04:39.027000,1.07321,1.07316,2510000,4200000
2018-02-14 15:04:39.537000,1.07322,1.07317,3260000,4720000
2018-02-14 15:04:40.051000,1.07321,1.07316,5140000,3450000
2018-02-14 15:04:41.053000,1.0732,1.07316,1310000,3450000
2018-02-14 15:04:41.593000,1.07321,1.07316,2140000,4200000
2018-02-14 15:04:42.401000,1.07321,1.07316,3640000,4570000
2018-02-14 15:04:42.825000,1.07318,1.07316,1000000,1870000
2018-02-14 15:04:43.350000,1.07319,1.07314,11890000,3110000
2018-02-14 15:04:43.670000,1.07317,1.07314,1390000,1500000
2018-02-14 15:04:43.774000,1.07315,1.07312,1000000,2320000
2018-02-14 15:04:43.827000,1.07313,1.0731,1000000,3070000
2018-02-14 15:04:43.880000,1.07313,1.0731,1000000,2250000
2018-02-14 15:04:44.036000,1.07314,1.07312,1000000,1120000
2018-02-14 15:04:44.371000,1.07311,1.07309,1100000,3190000
2018-02-14 15:04:44.634000,1.07311,1.07307,1690000,3450000
2018-02-14 15:04:45.036000,1.07308,1.07306,1370000,1000000
2018-02-14 15:04:45.588000,1.07311,1.0731,2550000,1000000
2018-02-14 15:04:45.659000,1.07312,1.0731,1000000,2250000
2018-02-14 15:04:45.712000,1.07317,1.07313,16570000,1500000
2018-02-14 15:04:46.233000,1.07319,1.07315,1620000,4570000
2018-02-14 15:04:46.720000,1.07321,1.07318,2140000,1120000
2018-02-14 15:04:47.621000,1.07321,1.07316,3940000,3820000
2018-02-14 15:04:48.121000,1.07322,1.07318,1310000,2320000
2018-02-14 15:04:48.647000,1.07323,1.07318,5510000,3700000
2018-02-14 15:04:49.566000,1.07325,1.0732,2140000,13570000
2018-02-14 15:04:49.948000,1.07328,1.07322,5510000,4120000
2018-02-14 15:04:50.535000,1.07328,1.07323,4010000,3820000
2018-02-14 15:04:50.639000,1.07329,1.07326,1100000,5250000
2018-02-14 15:04:50.690000,1.07331,1.07327,1390000,3370000
2018-02-14 15:04:50.997000,1.07333,1.07329,2510000,2250000
2018-02-14 15:04:51.445000,1.07329,1.07327,1690000,1870000
2018-02-14 15:04:51.503000,1.07329,1.07326,3170000,1120000
2018-02-14 15:04:51.713000,1.07329,1.07326,1250000,4870000
2018-02-14 15:04:52.229000,1.07332,1.07328,1760000,1000000
2018-02-14 15:04:53.882000,1.07329,1.07327,1310000,1000000
2018-02-14 15:04:54.145000,1.07329,1.07325,5870000,1870000
2018-02-14 15:04:54.673000,1.07328,1.07324,2060000,2810000
2018-02-14 15:04:54.883000,1.0733,1.07326,4390000,4690000
2018-02-14 15:04:55.208000,1.07333,1.07329,1390000,2620000
2018-02-14 15:04:55.732000,1.07332,1.0733,4690000,1000000
2018-02-14 15:04:55.872000,1.07332,1.07328,1690000,2700000
2018-02-14 15:04:56.027000,1.07334,1.07329,4390000,3450000
2018-02-14 15:04:56.539000,1.07333,1.07329,2890000,1870000
2018-02-14 15:04:56.931000,1.07334,1.07332,1870000,2250000
2018-02-14 15:04:57.035000,1.07338,1.07333,5140000,1500000
2018-02-14 15:04:57.139000,1.07339,1.07334,3640000,3750000
2018-02-14 15:04:57.302000,1.07337,1.07333,1690000,1950000
2018-02-14 15:04:57.411000,1.07332,1.07327,6260000,1950000
2018-02-14 15:04:58.128000,1.0733,1.07326,1000000,6220000
2018-02-14 15:04:58.638000,1.07331,1.07326,2140000,4720000
2018-02-14 15:04:59.049000,1.07328,1.07326,1950000,2210000
2018-02-14 15:04:59.101000,1.07328,1.07323,3450000,4570000
2018-02-14 15:04:59.153000,1.07327,1.07323,1500000,1200000
2018-02-14 15:04:59.518000,1.07328,1.07326,1070000,1000000
2018-02-14 15:04:59.708000,1.07327,1.07323,4010000,1500000
2018-02-14 15:05:00.083000,1.07322,1.0732,3750000,2960000
2018-02-14 15:05:00.137000,1.07322,1.07318,4390000,1370000
2018-02-14 15:05:00.646000,1.07325,1.0732,3260000,1500000
2018-02-14 15:05:01.681000,1.07324,1.07321,1570000,1000000
2018-02-14 15:05:01.826000,1.07324,1.07319,3900000,4390000
2018-02-14 15:05:02.337000,1.07324,1.07319,4200000,4910000
2018-02-14 15:05:02.593000,1.07324,1.07322,3820000,16910000
2018-02-14 15:05:02.732000,1.07328,1.07325,1120000,4870000
2018-02-14 15:05:03.046000,1.07331,1.07326,3640000,1120000
2018-02-14 15:05:03.553000,1.07329,1.07325,1120000,4160000
2018-02-14 15:05:04.068000,1.0733,1.07325,1570000,8290000
2018-02-14 15:05:04.616000,1.07331,1.07325,4760000,7010000
2018-02-14 15:05:04.926000,1.07331,1.07325,2320000,18030001
2018-02-14 15:05:05.032000,1.07333,1.07327,4390000,4120000
2018-02-14 15:05:05.265000,1.0733,1.07327,1620000,1000000
2018-02-14 15:05:05.369000,1.07329,1.07325,4120000,1760000
2018-02-14 15:05:05.473000,1.07327,1.07323,1570000,3190000
2018-02-14 15:05:06.024000,1.07327,1.07322,1570000,7390000
2018-02-14 15:05:06.831000,1.07325,1.07321,1000000,6600000
2018-02-14 15:05:07.028000,1.07323,1.07318,4570000,1100000
2018-02-14 15:05:09.158000,1.07322,1.07318,1570000,1000000
2018-02-14 15:05:09.681000,1.07322,1.07318,1100000,1000000
2018-02-14 15:05:10.579000,1.07324,1.07319,5320000,1120000
2018-02-14 15:05:11.085000,1.07322,1.07318,1100000,1000000
2018-02-14 15:05:11.676000,1.07321,1.07317,1100000,2620000
2018-02-14 15:05:12.241000,1.0732,1.07316,1500000,4200000
2018-02-14 15:05:12.300000,1.07318,1.07315,1000000,2850000
2018-02-14 15:05:12.801000,1.07319,1.07316,1100000,1000000
2018-02-14 15:05:13.209000,1.07321,1.07316,2140000,3070000
2018-02-14 15:05:13.758000,1.07322,1.07316,7390000,4570000
2018-02-14 15:05:17.194000,1.07322,1.0732,2140000,1000000
2018-02-14 15:05:18.469000,1.07322,1.07318,3260000,1120000
2018-02-14 15:05:18.831000,1.07324,1.0732,6640000,1000000
2018-02-14 15:05:19.165000,1.07322,1.07319,1390000,1120000
2018-02-14 15:05:20.053000,1.07322,1.07318,1100000,1370000
2018-02-14 15:05:20.572000,1.07324,1.0732,1760000,1500000
2018-02-14 15:05:21.024000,1.07323,1.07319,5510000,1500000
2018-02-14 15:05:21.127000,1.07321,1.07317,1120000,4200000
2018-02-14 15:05:21.639000,1.07323,1.07318,2890000,3820000
2018-02-14 15:05:22.042000,1.07322,1.07318,5510000,1000000
2018-02-14 15:05:23.326000,1.0732,1.07318,1000000,1000000
2018-02-14 15:05:23.434000,1.0732,1.07316,6190000,1100000
2018-02-14 15:05:23.942000,1.07321,1.07316,5510000,2620000
2018-02-14 15:05:24.462000,1.0732,1.07315,4010000,5660000
2018-02-14 15:05:24.970000,1.0732,1.07315,7010000,4910000
2018-02-14 15:05:25.918000,1.07319,1.07315,2510000,2020000
2018-02-14 15:05:26.550000,1.07319,1.07315,1250000,3600000
2018-02-14 15:05:26.653000,1.07318,1.07315,3640000,1350000
2018-02-14 15:05:26.961000,1.0732,1.07317,1760000,1000000
2018-02-14 15:05:27.122000,1.07321,1.07317,4310000,3820000
2018-02-14 15:05:27.666000,1.07322,1.07317,3560000,4950000
2018-02-14 15:05:28.840000,1.07322,1.07317,8140000,3600000
2018-02-14 15:05:29.012000,1.07318,1.07317,1250000,1200000
2018-02-14 15:05:29.118000,1.07309,1.07307,4310000,1870000
2018-02-14 15:05:29.171000,1.07308,1.07306,5140000,3000000
2018-02-14 15:05:29.277000,1.07307,1.07303,4390000,3370000
2018-02-14 15:05:29.382000,1.07308,1.07305,2510000,1120000
2018-02-14 15:05:30.108000,1.07306,1.07303,4310000,1500000
2018-02-14 15:05:30.639000,1.07306,1.07301,2510000,4200000
2018-02-14 15:05:30.980000,1.07313,1.07309,1950000,1910000
2018-02-14 15:05:31.315000,1.07311,1.07307,5440000,2320000
2018-02-14 15:05:31.367000,1.0731,1.07306,3560000,3820000
2018-02-14 15:05:31.470000,1.07309,1.07305,4310000,1100000
2018-02-14 15:05:31.573000,1.0731,1.07305,2440000,3820000
2018-02-14 15:05:31.878000,1.07311,1.07307,5140000,1500000
2018-02-14 15:05:32.367000,1.07312,1.07307,2060000,4570000
2018-02-14 15:05:33.121000,1.07312,1.07308,2510000,1370000
2018-02-14 15:05:33.381000,1.07311,1.07307,1010000,1120000
2018-02-14 15:05:33.924000,1.07313,1.07308,7390000,3750000
2018-02-14 15:05:34.139000,1.07313,1.0731,3070000,3000000
2018-02-14 15:05:34.705000,1.07313,1.07309,4200000,1000000
2018-02-14 15:05:35.221000,1.07313,1.07308,2890000,1570000
2018-02-14 15:05:36.210000,1.07312,1.07307,1010000,2320000
2018-02-14 15:05:36.561000,1.07314,1.07309,1390000,13240000
2018-02-14 15:05:37.099000,1.07315,1.07313,2960000,3750000
2018-02-14 15:05:37.254000,1.0732,1.07316,2890000,1370000
2018-02-14 15:05:37.356000,1.07319,1.07315,2510000,4310000
2018-02-14 15:05:37.408000,1.07318,1.07314,2440000,1390000
2018-02-14 15:05:37.622000,1.07319,1.07316,1100000,2620000
2018-02-14 15:05:37.928000,1.07322,1.07317,5510000,1000000
2018-02-14 15:05:38.434000,1.0732,1.07317,1000000,1500000
2018-02-14 15:05:38.965000,1.07322,1.07319,1570000,5250000
2018-02-14 15:05:39.018000,1.07323,1.07319,1000000,8320000
2018-02-14 15:05:39.569000,1.07323,1.07319,1000000,5700000
2018-02-14 15:05:39.622000,1.07321,1.07319,1000000,1000000
2018-02-14 15:05:39.938000,1.07319,1.07317,1000000,1000000
2018-02-14 15:05:40.217000,1.07321,1.07318,4010000,1000000
2018-02-14 15:05:40.421000,1.07319,1.07317,1000000,1120000
2018-02-14 15:05:40.950000,1.0732,1.07316,1120000,2700000
2018-02-14 15:05:41.456000,1.07318,1.07315,1690000,1570000
2018-02-14 15:05:41.768000,1.0732,1.07316,1120000,3820000
2018-02-14 15:05:42.481000,1.07319,1.07316,2250000,3000000
2018-02-14 15:05:43.021000,1.0732,1.07316,1390000,2250000
2018-02-14 15:05:43.488000,1.07318,1.07314,1000000,6070000
2018-02-14 15:05:44.035000,1.07317,1.07313,1000000,1570000
2018-02-14 15:05:44.297000,1.07319,1.07315,3450000,3000000
2018-02-14 15:05:44.808000,1.07321,1.07316,4390000,3750000
2018-02-14 15:05:45.282000,1.07317,1.07313,1500000,1950000
2018-02-14 15:05:45.803000,1.07317,1.07313,1100000,1500000
2018-02-14 15:05:46.316000,1.07318,1.07314,1500000,1570000
2018-02-14 15:05:46.847000,1.07317,1.07314,1690000,1000000
2018-02-14 15:05:47.359000,1.07317,1.07313,1760000,1120000
2018-02-14 15:05:47.709000,1.07315,1.07312,1950000,2250000
2018-02-14 15:05:48.081000,1.07317,1.07313,1570000,3000000
2018-02-14 15:05:48.183000,1.07318,1.07314,1760000,1000000
2018-02-14 15:05:48.417000,1.07319,1.07316,5890000,1000000
2018-02-14 15:05:48.630000,1.0732,1.07316,1120000,2320000
2018-02-14 15:05:49.019000,1.07319,1.07315,1310000,5510000
2018-02-14 15:05:49.541000,1.07318,1.07314,1390000,1500000
2018-02-14 15:05:50.062000,1.07319,1.07315,2890000,2810000
2018-02-14 15:05:50.840000,1.07319,1.07316,1200000,1000000
2018-02-14 15:05:51.148000,1.07317,1.07316,1120000,1000000
2018-02-14 15:05:51.303000,1.07317,1.07314,1120000,1120000
2018-02-14 15:05:51.980000,1.07317,1.07313,2510000,1500000
2018-02-14 15:05:52.496000,1.07317,1.07313,1760000,1870000
2018-02-14 15:05:53.144000,1.07316,1.07312,1010000,2620000
2018-02-14 15:05:55.661000,1.07317,1.07312,1570000,6070000
2018-02-14 15:05:56.019000,1.07313,1.07309,3000000,1570000
2018-02-14 15:05:56.174000,1.0731,1.07306,1950000,1870000
2018-02-14 15:05:56.720000,1.07309,1.07305,1690000,1100000
2018-02-14 15:05:57,1.0731,1.07307,2700000,3370000
2018-02-14 15:05:57.052000,1.07313,1.07308,3260000,6750000
2018-02-14 15:05:57.605000,1.07312,1.07309,3000000,1500000
2018-02-14 15:05:57.762000,1.07313,1.0731,1120000,1000000
2018-02-14 15:05:58.290000,1.07314,1.0731,1760000,1000000
2018-02-14 15:05:58.835000,1.07313,1.0731,3070000,1000000
2018-02-14 15:05:59.307000,1.07315,1.07311,2740000,2250000
2018-02-14 15:06:00.289000,1.07315,1.07311,1540000,3940000
2018-02-14 15:06:00.494000,1.07317,1.07315,3070000,1000000
2018-02-14 15:06:00.546000,1.07319,1.07315,2340000,2320000
2018-02-14 15:06:01.013000,1.07316,1.07315,1000000,1100000
2018-02-14 15:06:01.174000,1.07313,1.07309,6560000,1200000
2018-02-14 15:06:01.806000,1.07311,1.07307,1310000,5700000
2018-02-14 15:06:02.325000,1.07312,1.07308,1870000,1570000
2018-02-14 15:06:02.427000,1.07313,1.0731,1000000,2620000
2018-02-14 15:06:02.826000,1.07315,1.07311,1000000,3450000
2018-02-14 15:06:03.503000,1.07315,1.07311,3190000,3820000
2018-02-14 15:06:04.415000,1.07314,1.0731,1310000,7200000
2018-02-14 15:06:05.086000,1.07315,1.07311,1310000,4570000
2018-02-14 15:06:05.295000,1.07317,1.07313,1310000,3070000
2018-02-14 15:06:05.449000,1.07321,1.07319,1120000,2320000
2018-02-14 15:06:05.556000,1.07323,1.07321,1120000,1310000
2018-02-14 15:06:05.610000,1.07323,1.07319,2060000,1100000
2018-02-14 15:06:06.112000,1.07322,1.07319,1120000,1200000
2018-02-14 15:06:06.320000,1.07321,1.07317,2810000,3820000
2018-02-14 15:06:06.827000,1.07321,1.07317,2810000,1100000
2018-02-14 15:06:07.526000,1.07321,1.07317,2060000,1950000
2018-02-14 15:06:08.189000,1.07322,1.07318,2510000,1000000
2018-02-14 15:06:08.929000,1.07323,1.07318,3260000,2700000
2018-02-14 15:06:09.345000,1.07326,1.07323,1000000,1120000
2018-02-14 15:06:09.687000,1.07321,1.07318,1010000,1120000
2018-02-14 15:06:10.097000,1.0732,1.07315,1690000,5510000
2018-02-14 15:06:10.659000,1.07319,1.07315,1690000,2140000
2018-02-14 15:06:11.298000,1.07319,1.07316,1250000,1000000
2018-02-14 15:06:11.817000,1.07321,1.07317,2890000,1000000
2018-02-14 15:06:13.184000,1.0732,1.07316,2700000,1000000
2018-02-14 15:06:13.697000,1.0732,1.07315,4010000,4010000
2018-02-14 15:06:14.393000,1.0732,1.07315,4010000,1760000
2018-02-14 15:06:14.903000,1.0732,1.07315,4010000,1760000
2018-02-14 15:06:16.383000,1.0732,1.07316,1200000,2250000
2018-02-14 15:06:16.436000,1.07321,1.07318,1010000,1000000
2018-02-14 15:06:16.979000,1.07322,1.07318,1950000,1120000
2018-02-14 15:06:17.483000,1.07322,1.07318,3640000,1120000
2018-02-14 15:06:18.234000,1.07322,1.07319,1950000,1500000
2018-02-14 15:06:18.287000,1.07323,1.0732,1100000,1500000
2018-02-14 15:06:18.546000,1.07323,1.07318,3640000,2700000
2018-02-14 15:06:19.080000,1.07323,1.07319,1950000,1500000
2018-02-14 15:06:19.144000,1.07324,1.07321,3640000,1000000
2018-02-14 15:06:19.250000,1.07323,1.07318,1760000,5510000
2018-02-14 15:06:20.196000,1.07322,1.07319,3190000,1500000
2018-02-14 15:06:20.712000,1.07322,1.07317,4390000,2320000
2018-02-14 15:06:20.766000,1.07323,1.07321,1570000,1310000
2018-02-14 15:06:20.966000,1.07322,1.07318,1250000,1100000
2018-02-14 15:06:21.514000,1.07323,1.07321,3450000,1500000
2018-02-14 15:06:21.672000,1.07323,1.07319,5810000,1100000
2018-02-14 15:06:22.044000,1.07323,1.07321,3000000,1000000
2018-02-14 15:06:22.200000,1.07321,1.07318,1000000,1100000
2018-02-14 15:06:22.671000,1.07323,1.0732,1950000,1000000
2018-02-14 15:06:23.109000,1.07321,1.07318,1250000,1100000
2018-02-14 15:06:23.517000,1.07321,1.07317,2140000,1000000
2018-02-14 15:06:23.726000,1.07319,1.07315,1100000,5440000
2018-02-14 15:06:24.248000,1.0732,1.07316,1450000,1500000
2018-02-14 15:06:24.840000,1.0732,1.07316,1470000,3750000
2018-02-14 15:06:25.348000,1.07322,1.07319,1450000,2620000
2018-02-14 15:06:25.555000,1.07323,1.07318,5510000,2250000
2018-02-14 15:06:28.971000,1.07323,1.07319,1100000,5620000
2018-02-14 15:06:29.305000,1.07326,1.07323,1000000,1500000
2018-02-14 15:06:29.931000,1.07326,1.07321,5890000,3640000
2018-02-14 15:06:30.442000,1.07326,1.07321,6640000,2140000
2018-02-14 15:06:30.975000,1.07326,1.07323,1000000,1870000
2018-02-14 15:06:31.393000,1.07328,1.07323,2510000,7590000
2018-02-14 15:06:31.929000,1.07328,1.07323,5510000,2340000
2018-02-14 15:06:32.446000,1.07327,1.07323,1000000,3610000
2018-02-14 15:06:32.944000,1.07329,1.07325,7010000,1000000
2018-02-14 15:06:33.243000,1.07328,1.07323,1570000,6610000
2018-02-14 15:06:33.663000,1.07325,1.07322,1000000,5490000
2018-02-14 15:06:33.994000,1.07322,1.07316,10390000,8320000
2018-02-14 15:06:34.531000,1.07321,1.07316,6640000,4570000
2018-02-14 15:06:35.045000,1.0732,1.07316,1470000,1500000
2018-02-14 15:06:35.583000,1.0732,1.07316,1120000,2700000
2018-02-14 15:06:36.112000,1.07319,1.07315,1310000,5510000
2018-02-14 15:06:37.273000,1.0732,1.07316,1200000,4500000
2018-02-14 15:06:37.325000,1.07321,1.07318,1200000,1870000
2018-02-14 15:06:37.460000,1.07322,1.07318,2700000,1000000
2018-02-14 15:06:38.038000,1.07322,1.07317,2890000,4570000
2018-02-14 15:06:39.138000,1.0732,1.07317,1000000,1120000
2018-02-14 15:06:39.192000,1.07318,1.07315,1000000,4120000
2018-02-14 15:06:39.710000,1.07319,1.07316,1000000,1870000
2018-02-14 15:06:40.231000,1.0732,1.07316,1200000,1120000
2018-02-14 15:06:40.896000,1.0732,1.07316,2320000,1870000
2018-02-14 15:06:41.406000,1.0732,1.07316,2320000,1120000
2018-02-14 15:06:41.718000,1.07319,1.07315,2510000,3000000
2018-02-14 15:06:41.921000,1.0732,1.07316,2700000,1870000
2018-02-14 15:06:42.231000,1.0732,1.07315,1950000,7760000
2018-02-14 15:06:42.452000,1.0732,1.07316,1200000,1120000
2018-02-14 15:06:42.961000,1.07321,1.07316,2700000,3000000
2018-02-14 15:06:43.015000,1.07318,1.07316,1250000,1100000
2018-02-14 15:06:43.330000,1.07317,1.07315,2810000,1000000
2018-02-14 15:06:43.433000,1.0732,1.07315,5140000,1120000
2018-02-14 15:06:43.964000,1.07319,1.07315,1120000,1570000
2018-02-14 15:06:44.389000,1.07317,1.07314,1250000,4800000
2018-02-14 15:06:44.711000,1.07316,1.07313,1000000,3370000
2018-02-14 15:06:45.246000,1.07315,1.07311,1500000,4950000
2018-02-14 15:06:45.998000,1.07317,1.07315,1100000,3190000
2018-02-14 15:06:46.049000,1.07318,1.07315,1000000,5140000
2018-02-14 15:06:46.560000,1.07319,1.07316,1310000,1200000
2018-02-14 15:06:46.614000,1.07317,1.07314,5810000,1450000
2018-02-14 15:06:46.666000,1.07316,1.07313,2440000,2700000
2018-02-14 15:06:47.024000,1.07311,1.07308,2440000,1100000
2018-02-14 15:06:47.622000,1.07314,1.0731,1310000,3450000
2018-02-14 15:06:47.933000,1.07306,1.07304,1250000,1570000
2018-02-14 15:06:48.272000,1.07301,1.07298,1100000,1870000
2018-02-14 15:06:48.487000,1.07298,1.07297,1000000,3750000
2018-02-14 15:06:48.595000,1.07299,1.07295,2660000,1300000
2018-02-14 15:06:48.648000,1.073,1.07296,2850000,4870000
2018-02-14 15:06:49.097000,1.07299,1.07295,1870000,1200000
2018-02-14 15:06:49.538000,1.07295,1.07292,1390000,1000000
2018-02-14 15:06:49.897000,1.07297,1.07292,3260000,1570000
2018-02-14 15:06:50.163000,1.07298,1.07294,3710000,1100000
2018-02-14 15:06:50.473000,1.07301,1.07298,1250000,3860000
2018-02-14 15:06:50.779000,1.07304,1.07301,2810000,3820000
2018-02-14 15:06:50.831000,1.07305,1.07301,2440000,4200000
2018-02-14 15:06:51.908000,1.07304,1.073,1010000,2850000
2018-02-14 15:06:52.012000,1.07305,1.07302,1100000,4350000
2018-02-14 15:06:52.551000,1.07305,1.07301,1760000,1120000
2018-02-14 15:06:52.961000,1.07307,1.07305,2060000,1500000
2018-02-14 15:06:53.502000,1.07309,1.07305,1190000,3070000
2018-02-14 15:06:54.091000,1.07309,1.07304,3640000,2320000
2018-02-14 15:06:54.705000,1.07309,1.07305,1190000,4050000
2018-02-14 15:06:55.284000,1.0731,1.07306,1190000,5320000
2018-02-14 15:06:55.338000,1.07313,1.07309,1390000,1000000
2018-02-14 15:06:55.543000,1.07315,1.07311,2890000,1000000
2018-02-14 15:06:55.951000,1.07313,1.07311,2440000,1100000
2018-02-14 15:06:56.002000,1.07311,1.07309,1000000,1120000
2018-02-14 15:06:56.571000,1.07312,1.07309,1250000,1200000
2018-02-14 15:06:56.675000,1.07311,1.07308,1190000,4950000
2018-02-14 15:06:57.623000,1.07311,1.07307,5140000,1120000
2018-02-14 15:06:59.120000,1.07311,1.0731,2890000,1000000
2018-02-14 15:06:59.470000,1.07314,1.07311,1290000,3750000
2018-02-14 15:06:59.971000,1.07312,1.07308,5890000,1000000
2018-02-14 15:07:00.555000,1.07313,1.07309,1390000,4780000
2018-02-14 15:07:01.143000,1.07312,1.07308,1190000,4390000
2018-02-14 15:07:01.705000,1.07313,1.07309,1190000,1100000
2018-02-14 15:07:02.258000,1.07313,1.0731,1190000,2770000
2018-02-14 15:07:02.772000,1.07313,1.07311,1250000,1570000
2018-02-14 15:07:03.181000,1.07314,1.07311,1000000,4950000
2018-02-14 15:07:03.273000,1.07316,1.07313,2250000,1500000
2018-02-14 15:07:03.325000,1.07318,1.07316,1690000,1500000
2018-02-14 15:07:03.686000,1.07316,1.07314,1250000,1190000
2018-02-14 15:07:03.903000,1.07319,1.07316,1190000,1100000
2018-02-14 15:07:04.376000,1.0732,1.07317,1760000,1000000
2018-02-14 15:07:05.256000,1.07324,1.07322,4690000,3750000
2018-02-14 15:07:05.320000,1.07326,1.07322,1310000,2700000
2018-02-14 15:07:05.423000,1.07325,1.07321,4010000,1120000
2018-02-14 15:07:05.816000,1.07322,1.07318,1310000,3820000
2018-02-14 15:07:05.922000,1.07322,1.07317,3640000,2320000
2018-02-14 15:07:05.974000,1.07321,1.07317,1190000,2320000
2018-02-14 15:07:06.496000,1.0732,1.07317,1190000,1950000
2018-02-14 15:07:06.705000,1.0732,1.07316,2060000,2320000
2018-02-14 15:07:06.917000,1.07319,1.07314,3260000,1570000
2018-02-14 15:07:07.385000,1.07317,1.07313,5440000,1100000
2018-02-14 15:07:07.561000,1.07315,1.07311,2810000,1100000
2018-02-14 15:07:07.928000,1.07314,1.07313,1000000,2250000
2018-02-14 15:07:07.980000,1.07317,1.07313,7010000,5250000
2018-02-14 15:07:08.578000,1.07317,1.07314,1190000,2320000
2018-02-14 15:07:09.102000,1.07317,1.07313,2060000,3820000
2018-02-14 15:07:09.420000,1.07316,1.07312,3190000,2320000
2018-02-14 15:07:10.245000,1.07316,1.07313,1250000,1100000
2018-02-14 15:07:10.631000,1.07319,1.07315,1310000,5510000
2018-02-14 15:07:11.154000,1.07317,1.07314,1310000,5620000
2018-02-14 15:07:11.665000,1.07317,1.07314,2060000,2250000
2018-02-14 15:07:12.011000,1.07316,1.07313,1690000,1100000
2018-02-14 15:07:12.601000,1.07317,1.07313,1310000,1100000
2018-02-14 15:07:13.145000,1.07316,1.07313,1190000,1200000
2018-02-14 15:07:13.524000,1.07318,1.07314,1620000,2700000
2018-02-14 15:07:14.170000,1.07316,1.07313,1310000,1100000
2018-02-14 15:07:14.708000,1.07316,1.07313,1310000,1950000
2018-02-14 15:07:15.339000,1.07316,1.07313,1310000,2700000
2018-02-14 15:07:15.500000,1.07316,1.07312,3560000,1950000
2018-02-14 15:07:16.040000,1.07317,1.07313,2810000,1200000
2018-02-14 15:07:16.609000,1.07316,1.07313,2060000,1200000
2018-02-14 15:07:16.802000,1.07313,1.07311,2440000,4500000
2018-02-14 15:07:16.907000,1.07312,1.07308,1500000,5700000
2018-02-14 15:07:17.432000,1.07312,1.07308,1310000,2320000
2018-02-14 15:07:17.936000,1.07312,1.07308,1390000,1120000
2018-02-14 15:07:18.180000,1.07314,1.07311,2440000,1500000
2018-02-14 15:07:18.819000,1.07314,1.0731,1760000,1120000
2018-02-14 15:07:19.350000,1.07313,1.0731,4390000,1000000
2018-02-14 15:07:19.760000,1.07311,1.07308,2440000,1950000
2018-02-14 15:07:20.279000,1.07312,1.07308,4390000,1120000
2018-02-14 15:07:20.587000,1.07308,1.07304,2060000,3820000
2018-02-14 15:07:22.566000,1.07307,1.07304,1250000,4500000
2018-02-14 15:07:23.139000,1.07305,1.07304,1120000,1000000
2018-02-14 15:07:23.247000,1.07304,1.07301,2060000,1000000
2018-02-14 15:07:23.301000,1.07305,1.07303,1570000,3370000
2018-02-14 15:07:23.818000,1.07306,1.07303,1690000,1000000
2018-02-14 15:07:24.335000,1.07306,1.07303,1310000,7760000
2018-02-14 15:07:24.853000,1.07307,1.07304,1250000,5700000
2018-02-14 15:07:25.514000,1.07306,1.07304,1190000,6000000
2018-02-14 15:07:25.825000,1.07305,1.07303,1390000,1120000
2018-02-14 15:07:26.375000,1.07305,1.07303,1250000,2250000
2018-02-14 15:07:26.528000,1.07304,1.07301,1190000,6450000
2018-02-14 15:07:27.038000,1.07303,1.073,1190000,1200000
2018-02-14 15:07:27.613000,1.07303,1.073,1690000,1500000
2018-02-14 15:07:27.935000,1.07305,1.07301,1760000,1870000
2018-02-14 15:07:28.471000,1.07306,1.07302,2210000,1950000
2018-02-14 15:07:28.843000,1.07307,1.07304,1910000,2620000
2018-02-14 15:07:28.948000,1.07308,1.07305,1310000,3000000
2018-02-14 15:07:29.667000,1.07307,1.07304,1310000,3070000
2018-02-14 15:07:30,1.07308,1.07305,1250000,2250000
2018-02-14 15:07:30.207000,1.07307,1.07304,1250000,1870000
2018-02-14 15:07:30.742000,1.07309,1.07305,1310000,1200000
2018-02-14 15:07:31.002000,1.07307,1.07304,1310000,1570000
2018-02-14 15:07:31.307000,1.07305,1.07304,1250000,1000000
2018-02-14 15:07:31.358000,1.07304,1.073,2060000,2320000
2018-02-14 15:07:31.563000,1.07305,1.07303,2810000,2620000
2018-02-14 15:07:31.668000,1.07307,1.07304,1560000,1120000
2018-02-14 15:07:31.944000,1.07305,1.07303,2440000,1950000
2018-02-14 15:07:32.454000,1.07302,1.07299,1250000,1000000
2018-02-14 15:07:32.989000,1.07301,1.07297,1310000,1570000
2018-02-14 15:07:33.094000,1.07298,1.07296,1560000,1000000
2018-02-14 15:07:33.146000,1.07298,1.07294,1560000,2700000
2018-02-14 15:07:33.469000,1.073,1.07297,1190000,1950000
2018-02-14 15:07:33.835000,1.07302,1.07298,1250000,1950000
2018-02-14 15:07:34.224000,1.07303,1.073,1310000,1500000
2018-02-14 15:07:34.760000,1.073,1.07297,1690000,2320000
2018-02-14 15:07:34.813000,1.07301,1.07296,1690000,7200000
2018-02-14 15:07:35.075000,1.07303,1.07298,7010000,2320000
2018-02-14 15:07:35.627000,1.07302,1.07299,2890000,1000000
2018-02-14 15:07:35.679000,1.07299,1.07297,1250000,7200000
2018-02-14 15:07:36.010000,1.07291,1.07287,2060000,1950000
2018-02-14 15:07:36.308000,1.07293,1.07289,4540000,1120000
2018-02-14 15:07:36.412000,1.07291,1.07289,1190000,1000000
2018-02-14 15:07:36.519000,1.0729,1.07287,2440000,1120000
2018-02-14 15:07:36.571000,1.07291,1.07289,1190000,1000000
2018-02-14 15:07:37.626000,1.07289,1.07287,1190000,1870000
2018-02-14 15:07:37.730000,1.0729,1.07288,1690000,1120000
2018-02-14 15:07:37.795000,1.07287,1.07284,1000000,1200000
2018-02-14 15:07:38.026000,1.07287,1.07284,2440000,1120000
2018-02-14 15:07:38.566000,1.07287,1.07284,3640000,1500000
2018-02-14 15:07:39.117000,1.07286,1.07283,1010000,3000000
2018-02-14 15:07:39.221000,1.07284,1.07281,1370000,3450000
2018-02-14 15:07:39.569000,1.07282,1.07279,1190000,5320000
2018-02-14 15:07:40.078000,1.07282,1.0728,1190000,1000000
2018-02-14 15:07:40.286000,1.07281,1.07278,1190000,1570000
2018-02-14 15:07:40.918000,1.0728,1.07277,1190000,1570000
2018-02-14 15:07:42.033000,1.0728,1.07276,1250000,9450000
2018-02-14 15:07:42.563000,1.07279,1.07276,1250000,2320000
2018-02-14 15:07:42.617000,1.07278,1.07276,2440000,1570000
2018-02-14 15:07:43.135000,1.07277,1.07275,1310000,1100000
2018-02-14 15:07:44.117000,1.07279,1.07275,2890000,2060000
2018-02-14 15:07:44.683000,1.0728,1.07276,1310000,1470000
2018-02-14 15:07:45.196000,1.07282,1.07277,4360000,2100000
2018-02-14 15:07:45.452000,1.07277,1.07275,1500000,1000000
2018-02-14 15:07:45.659000,1.07279,1.07276,1960000,1640000
2018-02-14 15:07:45.929000,1.07281,1.07276,5260000,1950000
2018-02-14 15:07:46.244000,1.07283,1.0728,6010000,1370000
2018-02-14 15:07:46.584000,1.07292,1.07289,3390000,1470000
2018-02-14 15:07:46.947000,1.07293,1.0729,1120000,1120000
2018-02-14 15:07:47.052000,1.07295,1.0729,10390000,1870000
2018-02-14 15:07:47.209000,1.07294,1.0729,6190000,1570000
2018-02-14 15:07:47.501000,1.07294,1.07292,1000000,1370000
2018-02-14 15:07:47.552000,1.07297,1.07292,6110000,3070000
2018-02-14 15:07:47.604000,1.07297,1.07295,1200000,1000000
2018-02-14 15:07:47.940000,1.07294,1.0729,2890000,1370000
2018-02-14 15:07:48.452000,1.07291,1.07289,1120000,1500000
