time,ask,bid,ask_volume,bid_volume
2018-03-23 12:25:00.039000,1.05149,1.05144,3190000,3640000
2018-03-23 12:25:00.496000,1.05143,1.0514,1000000,2510000
2018-03-23 12:25:01.012000,1.05143,1.05139,3000000,1250000
2018-03-23 12:25:01.765000,1.05142,1.05138,1000000,5440000
2018-03-23 12:25:06.235000,1.05142,1.05139,1000000,1000000
2018-03-23 12:25:06.748000,1.05143,1.05138,2810000,7390000
2018-03-23 12:25:07.267000,1.05143,1.05139,2810000,1000000
2018-03-23 12:25:07.789000,1.05142,1.05138,1000000,5140000
2018-03-23 12:25:08.240000,1.05141,1.05138,1870000,1870000
2018-03-23 12:25:08.779000,1.05141,1.05138,1500000,2250000
2018-03-23 12:25:09.311000,1.05142,1.05138,1500000,5510000
2018-03-23 12:25:09.669000,1.05143,1.05141,1250000,2250000
2018-03-23 12:25:10.004000,1.05146,1.05143,1370000,1250000
2018-03-23 12:25:10.539000,1.05147,1.05142,6260000,1310000
2018-03-23 12:25:11.068000,1.05145,1.05142,2440000,1000000
2018-03-23 12:25:11.171000,1.05143,1.05139,6940000,1870000
2018-03-23 12:25:11.538000,1.05141,1.05137,2250000,2510000
2018-03-23 12:25:15.858000,1.05141,1.05138,2440000,1000000
2018-03-23 12:25:16.796000,1.05141,1.05137,1310000,1120000
2018-03-23 12:25:17.724000,1.05139,1.05136,3190000,3820000
2018-03-23 12:25:17.776000,1.05138,1.05133,2440000,9260000
2018-03-23 12:25:17.827000,1.05138,1.05133,2440000,8140000
2018-03-23 12:25:18.133000,1.05136,1.05133,3940000,1500000
2018-03-23 12:25:18.236000,1.05135,1.05131,1250000,4570000
2018-03-23 12:25:18.492000,1.05136,1.05133,1120000,1500000
2018-03-23 12:25:19.037000,1.05136,1.05132,1000000,6000000
2018-03-23 12:25:19.550000,1.05137,1.05133,2060000,1500000
2018-03-23 12:25:20.411000,1.05137,1.05132,2060000,5700000
2018-03-23 12:25:20.921000,1.05134,1.0513,1000000,6070000
2018-03-23 12:25:21.430000,1.05135,1.0513,1870000,4010000
2018-03-23 12:25:22.247000,1.05135,1.0513,3940000,3070000
2018-03-23 12:25:22.761000,1.05133,1.05129,1000000,4760000
2018-03-23 12:25:24.491000,1.05133,1.05128,3190000,4010000
2018-03-23 12:25:25.144000,1.05133,1.05131,1120000,3940000
2018-03-23 12:25:25.247000,1.05136,1.05132,1310000,1570000
2018-03-23 12:25:26.314000,1.05134,1.05132,1000000,1100000
2018-03-23 12:25:26.523000,1.05133,1.05129,1120000,2890000
2018-03-23 12:25:26.782000,1.05135,1.05132,2440000,1000000
2018-03-23 12:25:27.326000,1.05135,1.05132,1250000,1000000
2018-03-23 12:25:27.886000,1.05135,1.05131,1190000,4570000
2018-03-23 12:25:28.422000,1.05133,1.0513,2060000,1000000
2018-03-23 12:25:28.983000,1.05133,1.05131,1250000,1000000
2018-03-23 12:25:29.523000,1.05135,1.05131,2440000,1100000
2018-03-23 12:25:30.030000,1.05136,1.05132,1500000,1570000
2018-03-23 12:25:30.537000,1.05137,1.05133,4330000,1000000
2018-03-23 12:25:31.034000,1.05139,1.05135,1310000,1000000
2018-03-23 12:25:31.291000,1.05141,1.05137,2620000,1500000
2018-03-23 12:25:31.802000,1.05142,1.05138,1120000,2620000
2018-03-23 12:25:32.323000,1.05142,1.05139,1120000,1000000
2018-03-23 12:25:32.427000,1.05145,1.05144,1000000,1000000
2018-03-23 12:25:32.585000,1.05144,1.05142,1120000,1250000
2018-03-23 12:25:32.691000,1.05147,1.05143,2810000,1500000
2018-03-23 12:25:32.931000,1.05155,1.05153,1000000,1000000
2018-03-23 12:25:33.242000,1.05155,1.05151,7690000,2700000
2018-03-23 12:25:33.347000,1.05152,1.0515,2060000,2320000
2018-03-23 12:25:33.519000,1.05152,1.05148,2000000,2700000
2018-03-23 12:25:34.662000,1.05151,1.05146,3940000,2700000
2018-03-23 12:25:35.191000,1.05149,1.05145,3040000,2140000
2018-03-23 12:25:35.725000,1.05149,1.05144,3190000,4390000
2018-03-23 12:25:36.233000,1.05147,1.05144,2440000,1100000
2018-03-23 12:25:36.345000,1.05147,1.05142,3560000,3450000
2018-03-23 12:25:36.795000,1.05144,1.0514,2060000,1200000
2018-03-23 12:25:37.199000,1.05144,1.0514,5810000,1100000
2018-03-23 12:25:37.252000,1.05142,1.05137,4690000,5320000
2018-03-23 12:25:37.769000,1.05141,1.05137,1310000,1200000
2018-03-23 12:25:38.292000,1.05141,1.05137,2060000,1100000
2018-03-23 12:25:40.969000,1.0514,1.05137,2440000,1100000
2018-03-23 12:25:41.030000,1.05137,1.05135,10870000,1950000
2018-03-23 12:25:41.202000,1.05137,1.05134,8060000,1100000
2018-03-23 12:25:41.715000,1.05137,1.05133,8440000,1200000
2018-03-23 12:25:42.247000,1.05137,1.05134,2810000,1100000
2018-03-23 12:25:43.641000,1.05137,1.05134,1310000,1000000
2018-03-23 12:25:44.695000,1.05137,1.05133,1690000,1200000
2018-03-23 12:25:45.438000,1.05137,1.05133,1310000,2700000
2018-03-23 12:25:45.832000,1.05131,1.05129,1000000,1950000
2018-03-23 12:25:46.022000,1.05129,1.05125,3940000,4570000
2018-03-23 12:25:46.074000,1.05127,1.05124,1620000,2700000
2018-03-23 12:25:46.177000,1.05127,1.05123,1620000,1200000
2018-03-23 12:25:46.677000,1.05125,1.0512,2440000,9070000
2018-03-23 12:25:46.749000,1.05124,1.05119,5810000,2510000
2018-03-23 12:25:46.956000,1.05125,1.05121,2440000,1120000
2018-03-23 12:25:47.459000,1.05123,1.05119,1250000,2510000
2018-03-23 12:25:47.969000,1.05124,1.05121,1000000,1000000
2018-03-23 12:25:48.491000,1.05126,1.05122,2810000,1100000
2018-03-23 12:25:49.180000,1.05127,1.05122,1310000,2320000
2018-03-23 12:25:49.731000,1.05127,1.05122,1250000,1950000
2018-03-23 12:25:50.266000,1.05127,1.05122,2060000,2320000
2018-03-23 12:25:50.817000,1.05127,1.05122,2440000,1950000
2018-03-23 12:25:51.390000,1.05127,1.05122,1310000,6450000
2018-03-23 12:25:51.907000,1.05129,1.05126,2320000,1000000
2018-03-23 12:25:52.422000,1.0513,1.05126,1120000,1570000
2018-03-23 12:25:52.782000,1.05128,1.05124,1870000,1950000
2018-03-23 12:25:52.885000,1.05128,1.05124,2250000,1100000
2018-03-23 12:25:53.394000,1.05128,1.05124,3940000,1000000
2018-03-23 12:25:53.906000,1.05128,1.05123,3560000,1200000
2018-03-23 12:25:54.787000,1.05123,1.05122,1120000,2250000
2018-03-23 12:25:54.839000,1.05124,1.0512,1250000,1690000
2018-03-23 12:25:55.372000,1.05123,1.05119,1000000,5890000
2018-03-23 12:25:56.788000,1.05124,1.0512,2250000,1390000
2018-03-23 12:25:57.303000,1.05125,1.05121,1190000,1000000
2018-03-23 12:25:57.636000,1.05126,1.05122,1870000,1120000
2018-03-23 12:25:58.146000,1.05126,1.05122,1000000,3820000
2018-03-23 12:25:59.517000,1.05127,1.05122,1690000,3450000
2018-03-23 12:26:00.689000,1.05128,1.05125,1120000,1000000
2018-03-23 12:26:01.396000,1.05128,1.05124,1690000,2700000
2018-03-23 12:26:01.911000,1.0513,1.05125,2810000,2510000
2018-03-23 12:26:02.418000,1.05131,1.05126,3750000,3640000
2018-03-23 12:26:02.936000,1.05132,1.05128,2060000,1120000
2018-03-23 12:26:03.801000,1.05132,1.05128,1870000,3560000
2018-03-23 12:26:04.114000,1.05133,1.0513,1000000,1620000
2018-03-23 12:26:04.986000,1.05133,1.0513,1690000,1120000
2018-03-23 12:26:05.766000,1.05133,1.05129,2440000,1570000
2018-03-23 12:26:06.220000,1.05133,1.0513,1000000,2060000
2018-03-23 12:26:06.731000,1.05133,1.05129,2810000,1500000
2018-03-23 12:26:06.919000,1.05133,1.05128,7010000,1120000
2018-03-23 12:26:07.430000,1.05133,1.0513,3000000,1370000
2018-03-23 12:26:07.942000,1.05135,1.0513,6340000,1370000
2018-03-23 12:26:08.520000,1.05135,1.0513,5210000,1370000
2018-03-23 12:26:08.831000,1.05133,1.05129,2810000,1000000
2018-03-23 12:26:09.345000,1.05133,1.05128,3940000,1200000
2018-03-23 12:26:09.678000,1.05133,1.05132,2250000,1250000
2018-03-23 12:26:09.731000,1.05137,1.05132,3070000,3190000
2018-03-23 12:26:10.197000,1.05133,1.0513,1500000,2320000
2018-03-23 12:26:10.300000,1.05135,1.05131,2470000,1250000
2018-03-23 12:26:10.618000,1.05136,1.05132,1000000,3190000
2018-03-23 12:26:11.083000,1.05136,1.05131,1560000,3070000
2018-03-23 12:26:13.048000,1.05134,1.0513,4690000,1250000
2018-03-23 12:26:13.824000,1.05133,1.0513,2250000,2060000
2018-03-23 12:26:13.930000,1.05136,1.05131,1120000,5510000
2018-03-23 12:26:13.982000,1.05136,1.05132,1000000,1500000
2018-03-23 12:26:14.513000,1.05136,1.05131,1310000,4950000
2018-03-23 12:26:16.786000,1.05136,1.05131,3260000,3370000
2018-03-23 12:26:16.940000,1.05131,1.0513,1000000,1000000
2018-03-23 12:26:17.145000,1.05129,1.05127,1550000,1000000
2018-03-23 12:26:17.467000,1.05129,1.05125,1920000,4570000
2018-03-23 12:26:18.883000,1.05131,1.05128,1120000,1310000
2018-03-23 12:26:18.989000,1.05132,1.05129,1870000,1690000
2018-03-23 12:26:19.363000,1.05131,1.05127,4120000,1950000
2018-03-23 12:26:19.673000,1.0513,1.05125,2810000,2700000
2018-03-23 12:26:21.660000,1.05128,1.05125,1250000,2250000
2018-03-23 12:26:21.764000,1.05128,1.05123,6640000,2250000
2018-03-23 12:26:21.817000,1.05128,1.05126,3820000,12000000
2018-03-23 12:26:21.869000,1.0513,1.05126,3000000,1690000
2018-03-23 12:26:21.973000,1.05132,1.05128,2140000,1250000
2018-03-23 12:26:22.528000,1.05132,1.05128,1000000,1190000
2018-03-23 12:26:23.038000,1.05133,1.05129,1000000,1310000
2018-03-23 12:26:23.258000,1.05131,1.05128,1500000,1570000
2018-03-23 12:26:23.361000,1.05131,1.05127,1500000,1500000
2018-03-23 12:26:23.670000,1.05129,1.05128,1000000,1000000
2018-03-23 12:26:24.083000,1.05128,1.05125,1000000,1000000
2018-03-23 12:26:24.440000,1.05128,1.05126,1120000,4500000
2018-03-23 12:26:24.493000,1.05131,1.05127,3070000,1500000
2018-03-23 12:26:24.546000,1.05131,1.05128,1500000,4870000
2018-03-23 12:26:24.598000,1.05133,1.05129,1100000,5440000
2018-03-23 12:26:24.802000,1.05135,1.05131,1000000,1000000
2018-03-23 12:26:25.318000,1.05136,1.05131,1000000,5510000
2018-03-23 12:26:26.737000,1.05137,1.05133,4500000,1690000
2018-03-23 12:26:27.283000,1.05136,1.05132,1690000,1000000
2018-03-23 12:26:27.885000,1.05136,1.05131,1500000,2510000
2018-03-23 12:26:28.047000,1.05135,1.05131,2060000,1500000
2018-03-23 12:26:28.941000,1.05135,1.0513,5250000,5140000
2018-03-23 12:26:31.551000,1.05136,1.05133,2320000,1000000
2018-03-23 12:26:32.067000,1.05137,1.05133,3450000,1000000
2018-03-23 12:26:36.652000,1.05137,1.05133,2920000,1000000
2018-03-23 12:26:37.184000,1.05136,1.05132,2510000,3000000
2018-03-23 12:26:37.490000,1.05134,1.05129,1310000,9070000
2018-03-23 12:26:37.897000,1.05132,1.05129,2620000,1000000
2018-03-23 12:26:39.544000,1.05132,1.05128,2440000,1120000
2018-03-23 12:26:40.802000,1.05129,1.05126,1000000,5320000
2018-03-23 12:26:40.907000,1.05129,1.05125,3000000,2250000
2018-03-23 12:26:41.912000,1.05129,1.05125,4120000,1500000
2018-03-23 12:26:42.122000,1.05129,1.05126,1000000,2060000
2018-03-23 12:26:42.175000,1.05131,1.05127,1950000,2060000
2018-03-23 12:26:42.228000,1.05131,1.0513,1000000,1250000
2018-03-23 12:26:42.280000,1.05135,1.05131,2700000,2440000
2018-03-23 12:26:42.332000,1.05135,1.05132,1000000,1620000
2018-03-23 12:26:42.868000,1.05137,1.05132,4310000,1570000
2018-03-23 12:26:43.328000,1.05135,1.05131,4010000,1100000
2018-03-23 12:26:44.762000,1.05134,1.0513,1910000,1690000
2018-03-23 12:26:45.266000,1.05136,1.05131,5890000,1870000
2018-03-23 12:26:47.981000,1.05134,1.0513,4690000,3450000
2018-03-23 12:26:48.517000,1.05132,1.05129,1120000,1000000
2018-03-23 12:26:49.540000,1.05135,1.05131,1000000,1500000
2018-03-23 12:26:50.086000,1.05136,1.05132,1500000,1500000
2018-03-23 12:26:52.045000,1.05134,1.05131,5060000,1570000
2018-03-23 12:26:52.098000,1.05132,1.0513,3370000,1250000
2018-03-23 12:26:52.217000,1.05128,1.05127,1120000,1500000
2018-03-23 12:26:52.270000,1.05131,1.05127,4500000,1250000
2018-03-23 12:26:52.479000,1.05132,1.05128,2440000,2250000
2018-03-23 12:26:52.532000,1.05132,1.0513,1120000,1310000
2018-03-23 12:26:53.049000,1.05133,1.0513,1120000,1310000
2018-03-23 12:26:53.359000,1.05131,1.05129,1000000,1000000
2018-03-23 12:26:53.904000,1.05131,1.05128,1000000,1000000
2018-03-23 12:26:54.214000,1.05128,1.05125,2620000,1000000
2018-03-23 12:26:54.478000,1.05126,1.05122,2250000,1200000
2018-03-23 12:26:54.529000,1.05125,1.05121,3190000,1950000
2018-03-23 12:26:55.061000,1.05123,1.0512,1000000,1250000
2018-03-23 12:26:55.571000,1.05123,1.0512,3560000,1000000
2018-03-23 12:26:57.359000,1.05123,1.05121,1120000,1500000
2018-03-23 12:26:57.411000,1.05125,1.05122,1950000,1000000
2018-03-23 12:26:58.519000,1.05126,1.05122,1310000,1500000
2018-03-23 12:26:59.032000,1.05126,1.05122,1690000,1000000
2018-03-23 12:26:59.136000,1.05127,1.05123,1950000,1370000
2018-03-23 12:27:00.479000,1.05128,1.05124,1870000,1500000
2018-03-23 12:27:00.995000,1.05128,1.05124,1870000,1950000
2018-03-23 12:27:01.510000,1.0513,1.05125,4390000,2620000
2018-03-23 12:27:02.036000,1.05128,1.05125,1000000,1500000
2018-03-23 12:27:02.143000,1.05126,1.05122,1120000,1570000
2018-03-23 12:27:03.195000,1.05125,1.05121,1250000,4950000
2018-03-23 12:27:04.211000,1.05126,1.05121,2890000,3370000
2018-03-23 12:27:04.370000,1.05126,1.05122,1000000,4690000
2018-03-23 12:27:04.631000,1.05128,1.05124,3370000,1370000
2018-03-23 12:27:05.851000,1.05129,1.05127,1000000,1000000
2018-03-23 12:27:06.057000,1.05131,1.05127,2060000,1870000
2018-03-23 12:27:06.720000,1.05132,1.05128,3560000,1000000
2018-03-23 12:27:07.162000,1.05131,1.05128,1310000,1000000
2018-03-23 12:27:07.673000,1.05131,1.05127,2510000,1370000
2018-03-23 12:27:08.188000,1.05131,1.05127,3640000,1370000
2018-03-23 12:27:09.329000,1.0513,1.05125,4310000,1950000
2018-03-23 12:27:09.641000,1.05128,1.05124,2250000,1950000
2018-03-23 12:27:10.162000,1.05128,1.05124,5810000,1750000
2018-03-23 12:27:10.677000,1.05128,1.05123,7690000,2700000
2018-03-23 12:27:12.234000,1.05127,1.05123,1500000,1870000
2018-03-23 12:27:20.212000,1.05127,1.05123,2270000,1370000
2018-03-23 12:27:22.188000,1.05127,1.05123,1310000,1370000
2018-03-23 12:27:26.336000,1.05128,1.05123,6640000,1370000
2018-03-23 12:27:27.520000,1.05127,1.05123,1000000,1370000
2018-03-23 12:27:28.037000,1.05128,1.05123,5890000,1370000
2018-03-23 12:27:30.769000,1.05127,1.05123,1000000,2060000
2018-03-23 12:27:34.106000,1.05129,1.05126,1570000,2440000
2018-03-23 12:27:34.311000,1.0513,1.05126,1250000,4310000
2018-03-23 12:27:35.263000,1.05131,1.05128,2510000,1000000
2018-03-23 12:27:35.368000,1.05132,1.05128,3560000,1870000
2018-03-23 12:27:35.700000,1.05132,1.05128,3560000,2250000
2018-03-23 12:27:38.957000,1.05132,1.05128,1310000,4500000
2018-03-23 12:27:39.009000,1.05135,1.05132,1070000,1370000
2018-03-23 12:27:39.060000,1.05136,1.05133,1120000,1000000
2018-03-23 12:27:39.570000,1.05135,1.05132,3190000,1500000
2018-03-23 12:27:40.086000,1.05135,1.05131,2060000,1000000
2018-03-23 12:27:40.622000,1.05134,1.0513,5140000,1000000
2018-03-23 12:27:40.829000,1.05135,1.05131,1000000,1500000
2018-03-23 12:27:41.347000,1.05134,1.05129,4760000,2620000
2018-03-23 12:27:42.887000,1.05134,1.05129,2440000,4200000
2018-03-23 12:27:44.350000,1.05135,1.05131,2510000,1500000
2018-03-23 12:27:44.860000,1.05136,1.05131,2440000,6450000
2018-03-23 12:27:45.553000,1.05137,1.05132,4650000,1620000
2018-03-23 12:27:48.673000,1.05137,1.05134,1000000,1250000
2018-03-23 12:27:48.778000,1.0514,1.05136,4570000,1000000
2018-03-23 12:27:49.160000,1.05143,1.0514,2620000,1000000
2018-03-23 12:27:49.682000,1.05143,1.05139,3940000,1120000
2018-03-23 12:27:49.993000,1.05141,1.05136,1000000,3260000
2018-03-23 12:27:52.065000,1.05141,1.05135,7170000,5700000
2018-03-23 12:27:52.520000,1.05142,1.05138,4690000,1000000
2018-03-23 12:27:53.072000,1.05142,1.05138,3560000,1000000
2018-03-23 12:27:53.614000,1.05141,1.05137,1500000,2620000
2018-03-23 12:27:55.432000,1.05141,1.05137,1690000,1870000
2018-03-23 12:27:55.976000,1.05141,1.05137,1690000,1870000
2018-03-23 12:27:57.550000,1.05142,1.05138,3260000,1000000
2018-03-23 12:27:58.062000,1.05142,1.05137,5510000,2250000
2018-03-23 12:27:58.454000,1.05141,1.05136,5440000,2700000
2018-03-23 12:27:58.987000,1.0514,1.05137,4390000,1000000
2018-03-23 12:27:59.770000,1.05139,1.05136,1540000,1000000
2018-03-23 12:28:00.464000,1.05139,1.05135,5290000,1370000
2018-03-23 12:28:01.209000,1.05138,1.05134,1120000,3750000
2018-03-23 12:28:01.866000,1.05139,1.05134,6260000,3370000
2018-03-23 12:28:02.404000,1.05138,1.05134,1310000,2620000
2018-03-23 12:28:02.716000,1.05136,1.05132,4760000,1370000
2018-03-23 12:28:02.911000,1.05135,1.05131,3260000,1000000
2018-03-23 12:28:03.412000,1.05135,1.05131,1690000,3000000
2018-03-23 12:28:03.939000,1.05135,1.05131,2060000,2620000
2018-03-23 12:28:04.429000,1.05133,1.0513,1190000,1370000
2018-03-23 12:28:04.931000,1.05133,1.0513,1190000,1000000
2018-03-23 12:28:06.891000,1.05132,1.05129,1310000,1000000
2018-03-23 12:28:07.909000,1.05132,1.05129,1540000,1000000
2018-03-23 12:28:08.985000,1.05132,1.05128,4160000,1870000
2018-03-23 12:28:09.534000,1.05132,1.05128,4540000,1370000
2018-03-23 12:28:14.058000,1.05134,1.05131,1120000,2170000
2018-03-23 12:28:14.371000,1.0515,1.05147,2810000,1370000
2018-03-23 12:28:15.545000,1.05151,1.05147,1120000,3000000
2018-03-23 12:28:16.053000,1.05151,1.05148,1120000,1370000
2018-03-23 12:28:16.590000,1.05152,1.05148,2140000,1370000
2018-03-23 12:28:17.095000,1.05152,1.05148,3300000,1370000
2018-03-23 12:28:17.201000,1.05145,1.05142,1540000,1120000
2018-03-23 12:28:17.307000,1.05143,1.05141,1120000,1500000
2018-03-23 12:28:17.722000,1.05142,1.05139,2810000,2620000
2018-03-23 12:28:18.846000,1.05142,1.05138,2890000,3190000
2018-03-23 12:28:19.362000,1.05141,1.05138,1000000,1000000
2018-03-23 12:28:19.880000,1.0514,1.05137,1000000,3750000
2018-03-23 12:28:20.196000,1.05143,1.05139,1100000,3750000
2018-03-23 12:28:22.192000,1.05144,1.05139,3640000,3000000
2018-03-23 12:28:22.766000,1.05144,1.05139,2510000,3750000
2018-03-23 12:28:23.279000,1.05144,1.05139,3640000,4500000
2018-03-23 12:28:25.549000,1.05144,1.05139,5890000,3750000
2018-03-23 12:28:25.654000,1.05144,1.05142,2700000,2810000
2018-03-23 12:28:25.812000,1.05147,1.05142,2320000,3940000
2018-03-23 12:28:25.916000,1.05148,1.05143,3070000,3940000
2018-03-23 12:28:26.445000,1.05147,1.05143,1200000,3940000
2018-03-23 12:28:27.345000,1.05148,1.05143,4570000,3940000
2018-03-23 12:28:27.804000,1.05149,1.05145,2320000,3940000
2018-03-23 12:28:28.320000,1.05151,1.05146,2320000,4690000
2018-03-23 12:28:29.307000,1.05151,1.05147,2320000,1310000
2018-03-23 12:28:32.656000,1.05151,1.05147,2250000,2060000
2018-03-23 12:28:33.265000,1.05153,1.05151,1200000,1690000
2018-03-23 12:28:33.747000,1.05155,1.05151,5700000,1690000
2018-03-23 12:28:34.952000,1.05155,1.05151,2700000,3560000
2018-03-23 12:28:35.346000,1.05153,1.0515,4120000,1000000
2018-03-23 12:28:35.448000,1.05153,1.05148,8130000,1690000
2018-03-23 12:28:36.005000,1.05152,1.05147,6820000,2060000
2018-03-23 12:28:36.353000,1.05153,1.05148,3070000,5440000
2018-03-23 12:28:37.992000,1.05151,1.05148,1500000,1000000
2018-03-23 12:28:38.096000,1.05144,1.05141,1000000,1000000
2018-03-23 12:28:38.631000,1.05145,1.05141,1950000,1190000
2018-03-23 12:28:38.890000,1.05146,1.05143,4950000,1190000
2018-03-23 12:28:39.047000,1.05147,1.05143,1500000,3190000
2018-03-23 12:28:39.572000,1.05148,1.05144,2250000,1310000
2018-03-23 12:28:42.178000,1.05148,1.05143,1870000,4010000
2018-03-23 12:28:45.336000,1.05147,1.05144,1000000,1310000
2018-03-23 12:28:45.815000,1.05147,1.05142,1000000,3640000
2018-03-23 12:28:46.340000,1.05147,1.05143,1500000,2060000
2018-03-23 12:28:46.961000,1.05146,1.05142,1120000,2060000
2018-03-23 12:28:48.042000,1.05146,1.05142,2620000,1690000
2018-03-23 12:28:49.730000,1.05146,1.05142,1100000,1690000
2018-03-23 12:28:52.022000,1.05146,1.05141,2060000,4760000
2018-03-23 12:28:58.444000,1.05142,1.0514,1050000,1120000
2018-03-23 12:28:58.962000,1.05143,1.05139,1000000,1250000
2018-03-23 12:28:59.506000,1.05144,1.05139,4200000,1620000
2018-03-23 12:29:00.252000,1.05144,1.0514,3820000,1250000
2018-03-23 12:29:00.780000,1.05144,1.0514,1870000,1620000
2018-03-23 12:29:01.929000,1.05143,1.05139,1120000,2890000
2018-03-23 12:29:02.452000,1.05143,1.05138,2250000,5510000
2018-03-23 12:29:02.726000,1.05144,1.0514,2250000,1620000
2018-03-23 12:29:03.244000,1.05147,1.05141,6820000,2890000
2018-03-23 12:29:04.095000,1.05147,1.05142,3820000,1250000
2018-03-23 12:29:04.609000,1.05148,1.05142,4200000,2890000
2018-03-23 12:29:05.081000,1.05147,1.05145,1120000,1310000
2018-03-23 12:29:05.184000,1.05149,1.05144,1870000,4760000
2018-03-23 12:29:05.643000,1.05152,1.05148,1570000,3940000
2018-03-23 12:29:05.995000,1.05153,1.0515,1120000,1310000
2018-03-23 12:29:06.942000,1.05153,1.05149,1120000,2810000
2018-03-23 12:29:07.748000,1.05154,1.05149,2320000,2810000
2018-03-23 12:29:08.644000,1.05154,1.05149,1200000,5810000
2018-03-23 12:29:08.754000,1.05156,1.05152,1120000,1760000
2018-03-23 12:29:09.644000,1.05157,1.05152,4690000,1470000
2018-03-23 12:29:10.177000,1.05156,1.05151,2140000,1500000
2018-03-23 12:29:13.033000,1.05155,1.05152,1000000,1000000
2018-03-23 12:29:13.810000,1.05155,1.05151,1620000,1000000
2018-03-23 12:29:14.940000,1.05156,1.05151,6260000,1000000
2018-03-23 12:29:16.093000,1.05154,1.0515,4010000,1120000
2018-03-23 12:29:16.299000,1.05151,1.05147,1000000,1120000
2018-03-23 12:29:18.500000,1.05151,1.05146,1000000,3450000
2018-03-23 12:29:18.704000,1.05149,1.05145,1500000,1570000
2018-03-23 12:29:20.748000,1.05145,1.05143,2810000,1000000
2018-03-23 12:29:20.800000,1.05145,1.05141,3940000,1100000
2018-03-23 12:29:21.386000,1.05145,1.05139,5890000,2320000
2018-03-23 12:29:21.993000,1.05143,1.05138,1310000,1950000
2018-03-23 12:29:22.067000,1.05142,1.05138,1620000,1200000
2018-03-23 12:29:22.274000,1.05137,1.05132,1000000,4570000
2018-03-23 12:29:22.480000,1.05138,1.05134,6070000,1560000
2018-03-23 12:29:22.584000,1.05139,1.05135,3820000,1000000
2018-03-23 12:29:26.934000,1.05139,1.05135,1000000,1690000
2018-03-23 12:29:27.484000,1.05139,1.05135,1120000,1000000
2018-03-23 12:29:28.097000,1.0514,1.05135,1370000,1950000
2018-03-23 12:29:28.695000,1.05139,1.05135,1120000,1570000
2018-03-23 12:29:31.703000,1.05139,1.05134,1320000,1950000
2018-03-23 12:29:32.435000,1.05139,1.05134,1120000,1450000
2018-03-23 12:29:35.231000,1.05143,1.05137,1450000,1120000
2018-03-23 12:29:35.751000,1.05143,1.05137,1500000,2700000
2018-03-23 12:29:36.271000,1.05144,1.05138,1570000,2700000
2018-03-23 12:29:36.903000,1.05144,1.05138,1500000,3450000
2018-03-23 12:29:37.437000,1.05144,1.05138,1570000,4200000
2018-03-23 12:29:46.079000,1.05142,1.05137,1000000,1570000
2018-03-23 12:29:46.133000,1.05141,1.05136,1120000,1100000
2018-03-23 12:29:46.186000,1.05142,1.05134,2320000,3070000
2018-03-23 12:29:46.349000,1.05142,1.05133,1950000,1950000
2018-03-23 12:29:46.873000,1.05142,1.05139,1120000,2250000
2018-03-23 12:29:47.136000,1.05144,1.05139,2320000,1000000
2018-03-23 12:29:47.188000,1.05144,1.05137,1950000,1100000
2018-03-23 12:29:47.241000,1.05144,1.05139,1200000,1000000
2018-03-23 12:29:47.577000,1.05143,1.05137,1450000,1000000
2018-03-23 12:29:47.934000,1.05144,1.05135,1570000,1100000
2018-03-23 12:29:48.454000,1.05144,1.05135,1200000,1100000
2018-03-23 12:29:50.196000,1.05143,1.05135,1070000,1000000
2018-03-23 12:29:50.299000,1.05142,1.05133,1070000,4570000
2018-03-23 12:29:50.632000,1.05144,1.05134,1070000,2700000
2018-03-23 12:29:51.155000,1.05144,1.05135,3070000,1000000
2018-03-23 12:29:51.835000,1.05143,1.05134,1070000,1100000
2018-03-23 12:29:52.148000,1.05138,1.05129,1200000,1370000
2018-03-23 12:29:52.670000,1.05137,1.05129,1070000,1370000
2018-03-23 12:29:54.843000,1.05138,1.0513,1370000,1370000
2018-03-23 12:29:55.390000,1.05135,1.0513,1000000,1370000
2018-03-23 12:29:55.818000,1.05137,1.05133,1870000,1000000
2018-03-23 12:29:55.973000,1.05139,1.05133,1100000,1120000
2018-03-23 12:29:56.390000,1.05134,1.05132,1000000,1000000
2018-03-23 12:29:56.482000,1.05139,1.05132,1070000,1000000
2018-03-23 12:29:56.533000,1.05135,1.05132,1570000,1000000
2018-03-23 12:29:56.636000,1.0514,1.05129,1070000,3640000
2018-03-23 12:29:56.840000,1.05142,1.05136,1950000,1000000
2018-03-23 12:29:56.942000,1.0514,1.05131,1200000,1870000
2018-03-23 12:29:56.994000,1.0514,1.05131,1000000,1120000
2018-03-23 12:29:57.045000,1.05139,1.0513,1450000,1870000
2018-03-23 12:29:57.621000,1.05137,1.05128,1070000,1950000
2018-03-23 12:29:58.172000,1.05137,1.05128,1100000,1200000
2018-03-23 12:29:58.930000,1.05136,1.05128,2250000,1000000
2018-03-23 12:29:59.441000,1.05136,1.05127,2250000,1000000
2018-03-23 12:29:59.723000,1.05136,1.05126,2700000,1200000
2018-03-23 12:30:00.028000,1.05136,1.05123,1950000,1950000
2018-03-23 12:30:00.369000,1.05147,1.05139,1500000,1000000
2018-03-23 12:30:00.665000,1.05144,1.05133,1870000,3370000
2018-03-23 12:30:00.875000,1.05145,1.05132,1870000,2620000
2018-03-23 12:30:01.029000,1.05144,1.0513,2620000,1000000
2018-03-23 12:30:01.287000,1.05139,1.0513,1000000,1000000
2018-03-23 12:30:01.589000,1.05139,1.05132,1000000,1000000
2018-03-23 12:30:01.921000,1.05137,1.05132,1000000,1000000
2018-03-23 12:30:01.977000,1.05143,1.05133,1000000,1870000
2018-03-23 12:30:02.416000,1.05142,1.05132,1870000,1000000
2018-03-23 12:30:02.937000,1.05141,1.05133,1180000,1000000
2018-03-23 12:30:03.798000,1.0514,1.05133,1370000,1000000
2018-03-23 12:30:03.903000,1.0514,1.05133,1120000,1000000
2018-03-23 12:30:03.962000,1.05144,1.05137,2620000,1000000
2018-03-23 12:30:04.051000,1.05144,1.05137,3000000,1500000
2018-03-23 12:30:04.206000,1.05145,1.05139,4690000,1870000
2018-03-23 12:30:04.309000,1.05149,1.05143,1250000,1120000
2018-03-23 12:30:04.412000,1.05149,1.0514,1690000,2620000
2018-03-23 12:30:04.709000,1.0515,1.05144,2060000,1000000
2018-03-23 12:30:04.761000,1.05151,1.05144,3190000,1000000
2018-03-23 12:30:05.505000,1.05149,1.05144,1000000,1000000
2018-03-23 12:30:05.608000,1.05149,1.05141,1190000,1500000
2018-03-23 12:30:05.710000,1.05146,1.0514,1000000,2250000
2018-03-23 12:30:06.905000,1.05146,1.0514,1500000,1000000
2018-03-23 12:30:07.433000,1.05144,1.05138,1250000,3750000
2018-03-23 12:30:08.239000,1.05144,1.05139,1250000,1000000
2018-03-23 12:30:08.767000,1.05144,1.05138,1250000,1500000
2018-03-23 12:30:09.309000,1.05143,1.05138,1000000,1500000
2018-03-23 12:30:09.901000,1.05143,1.05139,1000000,1000000
2018-03-23 12:30:11.313000,1.05144,1.05141,2440000,1000000
2018-03-23 12:30:11.833000,1.05144,1.05139,1250000,2250000
2018-03-23 12:30:13.347000,1.05145,1.05143,3750000,1000000
2018-03-23 12:30:13.450000,1.05149,1.05145,1190000,1000000
2018-03-23 12:30:13.678000,1.0515,1.05142,2890000,1570000
2018-03-23 12:30:13.833000,1.05149,1.05145,1100000,1500000
2018-03-23 12:30:13.988000,1.05151,1.05145,1000000,1820000
2018-03-23 12:30:14.785000,1.05152,1.05147,1000000,1500000
2018-03-23 12:30:15.100000,1.05153,1.05149,1000000,1570000
2018-03-23 12:30:15.414000,1.05152,1.05147,1190000,2320000
2018-03-23 12:30:15.942000,1.05152,1.05148,1250000,1950000
2018-03-23 12:30:16.574000,1.05153,1.05147,9560000,1950000
2018-03-23 12:30:16.882000,1.05155,1.0515,3560000,1070000
2018-03-23 12:30:17.325000,1.05154,1.05149,3190000,1570000
2018-03-23 12:30:17.530000,1.05154,1.0515,1000000,1200000
2018-03-23 12:30:18.044000,1.05155,1.05151,1500000,1570000
2018-03-23 12:30:18.547000,1.05155,1.05151,1500000,2700000
2018-03-23 12:30:18.947000,1.05157,1.05153,2440000,2250000
2018-03-23 12:30:19.727000,1.05157,1.05155,1000000,1000000
2018-03-23 12:30:19.779000,1.0516,1.05155,1010000,1000000
2018-03-23 12:30:19.988000,1.05162,1.05156,5140000,1100000
2018-03-23 12:30:20.276000,1.05161,1.05157,1000000,2400000
2018-03-23 12:30:20.328000,1.05164,1.05159,1200000,1000000
2018-03-23 12:30:20.913000,1.05163,1.05159,1000000,2060000
2018-03-23 12:30:21.426000,1.05163,1.0516,1000000,1000000
2018-03-23 12:30:21.764000,1.05167,1.05163,1000000,1000000
2018-03-23 12:30:21.869000,1.05165,1.05162,1000000,3820000
2018-03-23 12:30:22.416000,1.05165,1.05161,1500000,1390000
2018-03-23 12:30:23.049000,1.05165,1.0516,1500000,7760000
2018-03-23 12:30:23.308000,1.05161,1.05156,3750000,2140000
2018-03-23 12:30:24.139000,1.05161,1.05156,2620000,2890000
2018-03-23 12:30:24.246000,1.05163,1.0516,1000000,3260000
2018-03-23 12:30:24.351000,1.05166,1.05162,1250000,1010000
2018-03-23 12:30:24.678000,1.05167,1.05163,1690000,1760000
2018-03-23 12:30:24.833000,1.05168,1.05165,1250000,1000000
2018-03-23 12:30:24.939000,1.05167,1.05162,5620000,2320000
2018-03-23 12:30:25.696000,1.05167,1.05162,3750000,1390000
2018-03-23 12:30:26.237000,1.05168,1.05162,6640000,5140000
2018-03-23 12:30:26.340000,1.05164,1.05162,1000000,1570000
2018-03-23 12:30:26.719000,1.05166,1.05161,1000000,2510000
2018-03-23 12:30:27.309000,1.05167,1.05161,7870000,3260000
2018-03-23 12:30:27.750000,1.05161,1.0516,1000000,3560000
2018-03-23 12:30:27.956000,1.05163,1.05159,1120000,1000000
2018-03-23 12:30:28.058000,1.05161,1.05159,1500000,1000000
2018-03-23 12:30:28.550000,1.05161,1.05157,1120000,1100000
2018-03-23 12:30:28.915000,1.05159,1.05156,1000000,1320000
2018-03-23 12:30:29.088000,1.05158,1.05154,1000000,3450000
2018-03-23 12:30:29.345000,1.05156,1.05154,1120000,1690000
2018-03-23 12:30:29.638000,1.05158,1.05155,2250000,1570000
2018-03-23 12:30:29.794000,1.0516,1.05156,1870000,3260000
2018-03-23 12:30:30.341000,1.05161,1.05157,3750000,1200000
2018-03-23 12:30:30.549000,1.05165,1.05161,1000000,1010000
2018-03-23 12:30:30.653000,1.05166,1.05162,2620000,1320000
2018-03-23 12:30:31.040000,1.0517,1.05166,1190000,2320000
2018-03-23 12:30:31.549000,1.0517,1.05167,1410000,1100000
2018-03-23 12:30:33.168000,1.0517,1.05166,1410000,1010000
2018-03-23 12:30:34.290000,1.05171,1.05166,1290000,2510000
2018-03-23 12:30:34.891000,1.05171,1.05165,1290000,6640000
2018-03-23 12:30:35.415000,1.05168,1.05165,1000000,1570000
2018-03-23 12:30:35.520000,1.05167,1.05164,5060000,1000000
2018-03-23 12:30:35.572000,1.05165,1.05163,1120000,1000000
2018-03-23 12:30:35.677000,1.05165,1.0516,2140000,1100000
2018-03-23 12:30:35.884000,1.05166,1.05161,1690000,1570000
2018-03-23 12:30:36.395000,1.05167,1.05162,4310000,1000000
2018-03-23 12:30:36.941000,1.05166,1.05161,2810000,3070000
2018-03-23 12:30:37.463000,1.05166,1.05161,1120000,3260000
2018-03-23 12:30:38.141000,1.05167,1.05162,1310000,4950000
2018-03-23 12:30:38.923000,1.05168,1.05162,2510000,3260000
2018-03-23 12:30:39.283000,1.05169,1.05165,2440000,1000000
2018-03-23 12:30:39.783000,1.05168,1.05166,5060000,1500000
2018-03-23 12:30:39.887000,1.05167,1.05163,2440000,1570000
2018-03-23 12:30:40.042000,1.05167,1.05162,2060000,1200000
2018-03-23 12:30:40.369000,1.05167,1.05161,6940000,3070000
2018-03-23 12:30:40.421000,1.05162,1.05159,1290000,1290000
2018-03-23 12:30:40.625000,1.05167,1.05161,4500000,4570000
2018-03-23 12:30:40.677000,1.05165,1.05161,1000000,2700000
2018-03-23 12:30:40.831000,1.05166,1.05161,2440000,3070000
2018-03-23 12:30:40.883000,1.05166,1.05161,2440000,3070000
2018-03-23 12:30:41.411000,1.05167,1.05161,7410000,4390000
2018-03-23 12:30:41.515000,1.05167,1.05161,7410000,3940000
2018-03-23 12:30:41.619000,1.05167,1.05162,7410000,1950000
2018-03-23 12:30:42.130000,1.05168,1.05163,1760000,2320000
2018-03-23 12:30:42.763000,1.05168,1.05163,1010000,3820000
2018-03-23 12:30:43.072000,1.05166,1.05161,3560000,1200000
2018-03-23 12:30:43.590000,1.05166,1.0516,3560000,5140000
2018-03-23 12:30:44.111000,1.05165,1.0516,2510000,1120000
2018-03-23 12:30:44.655000,1.05165,1.05159,4310000,3450000
2018-03-23 12:30:45.171000,1.05163,1.0516,1250000,1000000
2018-03-23 12:30:45.494000,1.05154,1.05153,1000000,3000000
2018-03-23 12:30:45.652000,1.05155,1.05151,1500000,1010000
2018-03-23 12:30:46.081000,1.05156,1.05153,1000000,1000000
2018-03-23 12:30:46.391000,1.0516,1.05157,6370000,1120000
2018-03-23 12:30:46.735000,1.05162,1.05161,1500000,1000000
2018-03-23 12:30:46.793000,1.05166,1.05161,2890000,1000000
2018-03-23 12:30:47.162000,1.05167,1.05161,6370000,2320000
2018-03-23 12:30:48.600000,1.05167,1.05163,2620000,1120000
2018-03-23 12:30:49.227000,1.05167,1.05162,1310000,1200000
2018-03-23 12:30:49.771000,1.05167,1.05163,1120000,1000000
2018-03-23 12:30:50.518000,1.05167,1.05164,1120000,1000000
2018-03-23 12:30:50.672000,1.05169,1.05165,1200000,1000000
2018-03-23 12:30:50.775000,1.05171,1.05166,1760000,3000000
2018-03-23 12:30:51.302000,1.05171,1.05166,1560000,1120000
2018-03-23 12:30:51.862000,1.0517,1.05165,1190000,2320000
2018-03-23 12:30:52.285000,1.05171,1.05165,2060000,5510000
2018-03-23 12:30:52.828000,1.05171,1.05165,1310000,7010000
2018-03-23 12:30:53.201000,1.05168,1.05165,1690000,1100000
2018-03-23 12:30:53.406000,1.05167,1.05163,2060000,1120000
2018-03-23 12:30:53.930000,1.05168,1.05164,2440000,1000000
2018-03-23 12:30:54.339000,1.05168,1.05166,1500000,1000000
2018-03-23 12:30:54.438000,1.05173,1.05167,3640000,2510000
2018-03-23 12:30:54.490000,1.05173,1.05169,2060000,2810000
2018-03-23 12:30:54.593000,1.05176,1.05172,1200000,5250000
2018-03-23 12:30:55.106000,1.05178,1.05174,1310000,1200000
2018-03-23 12:30:57.056000,1.05178,1.05173,2810000,1950000
2018-03-23 12:30:57.635000,1.05178,1.05173,2060000,1570000
2018-03-23 12:30:57.941000,1.05181,1.05176,2960000,1370000
2018-03-23 12:30:58.300000,1.05179,1.05175,2140000,1570000
2018-03-23 12:30:58.440000,1.05183,1.0518,1000000,5250000
2018-03-23 12:30:58.648000,1.05182,1.05178,1690000,1200000
2018-03-23 12:30:59.179000,1.05183,1.05178,3560000,1100000
2018-03-23 12:30:59.706000,1.05184,1.05179,5810000,1000000
2018-03-23 12:31:00.375000,1.05183,1.05178,2140000,2620000
2018-03-23 12:31:00.579000,1.05182,1.05177,1760000,4120000
2018-03-23 12:31:00.699000,1.05182,1.05179,1000000,2440000
2018-03-23 12:31:01.241000,1.05184,1.05179,2810000,4310000
2018-03-23 12:31:02.445000,1.05187,1.05182,3260000,2250000
2018-03-23 12:31:02.955000,1.05186,1.05182,1190000,2250000
2018-03-23 12:31:03.480000,1.05186,1.05182,1190000,1500000
2018-03-23 12:31:04.027000,1.05184,1.0518,3190000,2620000
2018-03-23 12:31:04.673000,1.05184,1.0518,3190000,3000000
2018-03-23 12:31:05.187000,1.05184,1.05181,1250000,1000000
2018-03-23 12:31:05.790000,1.05186,1.05182,1390000,1690000
2018-03-23 12:31:06.337000,1.05187,1.05182,4390000,2250000
2018-03-23 12:31:07.565000,1.05186,1.05183,1760000,1000000
2018-03-23 12:31:08.071000,1.05187,1.05184,1190000,5620000
2018-03-23 12:31:08.123000,1.05188,1.05186,1250000,4870000
2018-03-23 12:31:08.226000,1.05191,1.05187,1390000,1870000
2018-03-23 12:31:08.533000,1.0519,1.05188,1000000,2250000
2018-03-23 12:31:08.585000,1.05193,1.05189,2890000,1000000
2018-03-23 12:31:09.130000,1.05194,1.05189,3640000,1120000
2018-03-23 12:31:09.635000,1.05194,1.05189,2140000,1870000
2018-03-23 12:31:10.151000,1.05194,1.05189,2140000,2250000
2018-03-23 12:31:10.695000,1.05195,1.05191,1390000,1000000
2018-03-23 12:31:11.254000,1.05195,1.05192,1200000,3560000
2018-03-23 12:31:11.307000,1.05196,1.05193,1250000,1000000
2018-03-23 12:31:12.579000,1.05197,1.05193,1760000,2250000
2018-03-23 12:31:12.865000,1.05194,1.05191,1760000,1000000
2018-03-23 12:31:13.649000,1.05194,1.0519,3260000,2060000
2018-03-23 12:31:14.791000,1.05194,1.0519,3640000,1250000
2018-03-23 12:31:16.364000,1.05194,1.0519,2510000,1310000
2018-03-23 12:31:18.378000,1.05194,1.0519,2510000,1310000
2018-03-23 12:31:20.648000,1.05194,1.05191,1690000,1370000
2018-03-23 12:31:20.957000,1.05194,1.0519,4310000,1010000
2018-03-23 12:31:21.466000,1.05193,1.05189,2060000,3450000
2018-03-23 12:31:21.518000,1.05191,1.05189,1190000,1100000
2018-03-23 12:31:21.726000,1.05188,1.05184,2060000,1950000
2018-03-23 12:31:22.165000,1.05186,1.05182,1190000,1570000
2018-03-23 12:31:22.219000,1.05184,1.05179,8510000,1120000
2018-03-23 12:31:22.751000,1.05183,1.05178,1390000,1500000
2018-03-23 12:31:24.398000,1.05183,1.05178,1690000,1200000
2018-03-23 12:31:25.328000,1.05183,1.05178,2440000,1200000
2018-03-23 12:31:27.157000,1.05182,1.05178,1690000,1000000
2018-03-23 12:31:27.460000,1.05182,1.05177,4500000,4990000
2018-03-23 12:31:27.716000,1.05184,1.05178,4690000,6860000
2018-03-23 12:31:28.270000,1.05183,1.05178,1690000,3820000
2018-03-23 12:31:29.124000,1.05183,1.05178,2810000,3070000
2018-03-23 12:31:29.466000,1.05184,1.05182,1250000,1370000
2018-03-23 12:31:29.571000,1.05186,1.05183,1690000,1870000
2018-03-23 12:31:29.623000,1.05188,1.05184,1570000,1370000
2018-03-23 12:31:29.935000,1.0519,1.05186,4090000,1370000
2018-03-23 12:31:30.478000,1.0519,1.05186,1090000,1370000
2018-03-23 12:31:31.323000,1.05191,1.05186,2140000,1870000
2018-03-23 12:31:32.259000,1.05192,1.05187,3820000,2810000
2018-03-23 12:31:32.831000,1.05193,1.05188,3940000,2700000
2018-03-23 12:31:34.212000,1.05191,1.05188,3190000,1000000
2018-03-23 12:31:34.630000,1.0519,1.05185,5060000,1570000
2018-03-23 12:31:35.169000,1.0519,1.05185,5060000,1570000
2018-03-23 12:31:35.794000,1.0519,1.05187,1000000,1690000
2018-03-23 12:31:35.898000,1.05192,1.05187,2510000,1500000
2018-03-23 12:31:36.610000,1.05193,1.05188,1500000,4010000
2018-03-23 12:31:37.141000,1.05195,1.0519,2060000,3260000
2018-03-23 12:31:37.663000,1.05194,1.0519,3940000,1000000
2018-03-23 12:31:37.921000,1.0519,1.05185,1310000,3820000
2018-03-23 12:31:38.433000,1.05191,1.05186,3750000,1760000
2018-03-23 12:31:38.485000,1.05191,1.05187,1870000,2620000
2018-03-23 12:31:39.005000,1.0519,1.05187,1000000,1000000
2018-03-23 12:31:39.365000,1.05189,1.05185,2060000,1570000
2018-03-23 12:31:39.900000,1.05189,1.05184,2440000,3070000
2018-03-23 12:31:41.837000,1.05189,1.05184,3560000,1950000
2018-03-23 12:31:42.372000,1.05189,1.05184,3560000,1950000
2018-03-23 12:31:42.788000,1.0519,1.05186,1120000,7990000
2018-03-23 12:31:43.128000,1.05192,1.05187,1120000,6490000
2018-03-23 12:31:43.641000,1.05193,1.05188,3560000,6070000
2018-03-23 12:31:45.990000,1.05193,1.05189,1000000,1760000
2018-03-23 12:31:46.505000,1.05194,1.0519,2810000,1390000
2018-03-23 12:31:47.247000,1.05195,1.05192,1870000,1250000
2018-03-23 12:31:48.978000,1.05196,1.05193,3940000,1000000
2018-03-23 12:31:49.493000,1.05197,1.05193,7310000,2250000
2018-03-23 12:31:49.845000,1.05198,1.05196,1000000,1120000
2018-03-23 12:31:50.106000,1.05201,1.05197,1310000,7570000
2018-03-23 12:31:50.262000,1.05201,1.05199,1120000,1000000
2018-03-23 12:31:50.763000,1.05201,1.05199,1120000,1870000
2018-03-23 12:31:51.081000,1.0521,1.05205,3000000,2040000
2018-03-23 12:31:51.608000,1.0521,1.05206,1120000,1870000
2018-03-23 12:31:52.610000,1.05211,1.05206,5140000,1870000
2018-03-23 12:31:53.130000,1.0521,1.05205,1250000,3070000
2018-03-23 12:31:53.808000,1.0521,1.05205,1190000,4950000
2018-03-23 12:31:54.593000,1.0521,1.05205,1120000,5510000
2018-03-23 12:31:55.188000,1.05212,1.05209,1100000,1560000
2018-03-23 12:31:55.292000,1.05214,1.0521,4120000,3260000
2018-03-23 12:31:55.397000,1.05212,1.05208,3190000,1120000
2018-03-23 12:31:55.449000,1.05212,1.05209,1120000,1000000
2018-03-23 12:31:55.986000,1.05213,1.05207,1390000,4010000
2018-03-23 12:31:56.662000,1.05215,1.0521,1290000,1310000
2018-03-23 12:31:56.871000,1.05216,1.05211,2510000,1500000
2018-03-23 12:31:57.383000,1.05215,1.0521,3490000,2060000
2018-03-23 12:31:57.885000,1.05215,1.0521,1100000,2810000
2018-03-23 12:31:58.406000,1.05215,1.0521,1120000,2890000
2018-03-23 12:31:58.908000,1.05214,1.0521,1250000,1500000
2018-03-23 12:31:59.432000,1.05216,1.05211,2890000,2620000
2018-03-23 12:31:59.795000,1.05216,1.05212,1000000,5140000
2018-03-23 12:31:59.931000,1.05218,1.05213,3640000,1120000
2018-03-23 12:32:00.141000,1.05216,1.05213,2250000,1120000
2018-03-23 12:32:00.680000,1.05216,1.05211,4120000,4010000
2018-03-23 12:32:01.229000,1.05211,1.05208,1000000,1010000
2018-03-23 12:32:01.333000,1.05211,1.05208,3750000,1000000
2018-03-23 12:32:01.866000,1.05211,1.05206,4120000,2890000
2018-03-23 12:32:02.591000,1.05209,1.05205,2470000,2140000
2018-03-23 12:32:03.298000,1.05209,1.05203,6070000,5140000
2018-03-23 12:32:03.661000,1.05206,1.05203,3600000,1000000
2018-03-23 12:32:03.713000,1.05204,1.052,1120000,2510000
2018-03-23 12:32:03.905000,1.05204,1.05202,1000000,1690000
2018-03-23 12:32:03.958000,1.05207,1.05202,2620000,3260000
2018-03-23 12:32:04.475000,1.05209,1.05203,6750000,7010000
2018-03-23 12:32:05.027000,1.05209,1.05203,7010000,5510000
2018-03-23 12:32:05.196000,1.05205,1.05203,2620000,1570000
2018-03-23 12:32:05.302000,1.05204,1.05201,1250000,1000000
2018-03-23 12:32:05.819000,1.05205,1.052,4500000,1760000
2018-03-23 12:32:07.422000,1.05205,1.05201,6670000,1190000
2018-03-23 12:32:07.779000,1.05202,1.05199,1000000,1570000
2018-03-23 12:32:07.831000,1.052,1.05197,1000000,1950000
2018-03-23 12:32:07.883000,1.052,1.05197,4120000,1000000
2018-03-23 12:32:07.985000,1.05199,1.05195,1370000,4760000
2018-03-23 12:32:08.517000,1.05199,1.05194,2620000,4010000
2018-03-23 12:32:08.773000,1.05199,1.05196,2250000,1250000
2018-03-23 12:32:09.275000,1.05199,1.05194,2320000,2440000
2018-03-23 12:32:09.429000,1.05199,1.05196,1500000,1250000
2018-03-23 12:32:09.583000,1.052,1.05196,1870000,1250000
2018-03-23 12:32:09.841000,1.05199,1.05194,1120000,3640000
2018-03-23 12:32:10.365000,1.05198,1.05194,1500000,1250000
2018-03-23 12:32:10.881000,1.05198,1.05193,5920000,1120000
2018-03-23 12:32:11.421000,1.05198,1.05192,4050000,4390000
2018-03-23 12:32:12.319000,1.05194,1.05192,1370000,1250000
2018-03-23 12:32:13.112000,1.05194,1.0519,3820000,1190000
2018-03-23 12:32:13.164000,1.05194,1.05188,9110000,2140000
2018-03-23 12:32:13.573000,1.05191,1.05187,2620000,1200000
2018-03-23 12:32:13.676000,1.0519,1.05185,1870000,1390000
2018-03-23 12:32:13.881000,1.05189,1.05184,3000000,1570000
2018-03-23 12:32:14.394000,1.05188,1.05182,2700000,4010000
2018-03-23 12:32:14.906000,1.05187,1.05181,4120000,2440000
2018-03-23 12:32:15.416000,1.05187,1.05182,5690000,1250000
2018-03-23 12:32:15.943000,1.05187,1.05182,3450000,2440000
2018-03-23 12:32:16.099000,1.05188,1.05184,2700000,1310000
2018-03-23 12:32:16.624000,1.05188,1.05183,2320000,2810000
2018-03-23 12:32:17.161000,1.05188,1.05183,4200000,1690000
2018-03-23 12:32:17.264000,1.05189,1.05187,1120000,1690000
2018-03-23 12:32:17.316000,1.05191,1.05188,2320000,9040000
2018-03-23 12:32:17.427000,1.05192,1.0519,1870000,1190000
2018-03-23 12:32:17.530000,1.05189,1.05188,1000000,1000000
2018-03-23 12:32:17.633000,1.05193,1.05192,2440000,13500000
2018-03-23 12:32:17.685000,1.05195,1.05193,1200000,1690000
2018-03-23 12:32:17.839000,1.05194,1.05191,1570000,1190000
2018-03-23 12:32:17.943000,1.05193,1.0519,1570000,1250000
2018-03-23 12:32:18.404000,1.05193,1.05191,1120000,1190000
2018-03-23 12:32:18.922000,1.05196,1.05194,1120000,1250000
2018-03-23 12:32:19.343000,1.05198,1.05193,2620000,1390000
2018-03-23 12:32:19.847000,1.05198,1.05193,3450000,1310000
2018-03-23 12:32:20.279000,1.05195,1.05192,1500000,1010000
2018-03-23 12:32:20.724000,1.05196,1.05194,1200000,1190000
2018-03-23 12:32:20.894000,1.05197,1.05194,1000000,2810000
2018-03-23 12:32:21.047000,1.05195,1.05191,1000000,6110000
2018-03-23 12:32:21.559000,1.05196,1.05191,3150000,2440000
2018-03-23 12:32:22.073000,1.05196,1.05191,2770000,1310000
2018-03-23 12:32:22.638000,1.05195,1.05191,1120000,1390000
2018-03-23 12:32:23.250000,1.05195,1.05191,1120000,1390000
2018-03-23 12:32:23.353000,1.05196,1.05192,2320000,1690000
2018-03-23 12:32:23.902000,1.05197,1.05193,1500000,4760000
2018-03-23 12:32:25.668000,1.05197,1.05194,1500000,1390000
2018-03-23 12:32:25.997000,1.05199,1.05196,1120000,2060000
2018-03-23 12:32:26.205000,1.05204,1.052,1870000,1310000
2018-03-23 12:32:26.698000,1.05204,1.05198,4800000,5890000
2018-03-23 12:32:27.216000,1.05202,1.05199,1000000,1190000
2018-03-23 12:32:27.476000,1.05204,1.052,3450000,1310000
2018-03-23 12:32:29.775000,1.05204,1.05199,3820000,1690000
2018-03-23 12:32:30.033000,1.05202,1.05198,1120000,2440000
2018-03-23 12:32:30.278000,1.05199,1.05196,1000000,1250000
2018-03-23 12:32:30.793000,1.05201,1.05199,1200000,1310000
2018-03-23 12:32:31.100000,1.05203,1.05199,1120000,1310000
2018-03-23 12:32:31.625000,1.05204,1.05199,3640000,2060000
2018-03-23 12:32:32.034000,1.05203,1.05199,3370000,2890000
2018-03-23 12:32:32.385000,1.05201,1.05196,3940000,3640000
2018-03-23 12:32:33.531000,1.052,1.05196,3370000,1500000
2018-03-23 12:32:33.841000,1.05199,1.05194,3220000,1760000
2018-03-23 12:32:34.152000,1.05194,1.05191,4120000,8810000
2018-03-23 12:32:34.678000,1.05196,1.05191,3000000,2890000
2018-03-23 12:32:35.040000,1.05196,1.05193,1500000,1190000
2018-03-23 12:32:35.548000,1.05197,1.05193,1120000,1190000
2018-03-23 12:32:36.583000,1.05198,1.05194,4120000,1310000
2018-03-23 12:32:37.048000,1.05198,1.05196,1000000,1190000
2018-03-23 12:32:37.711000,1.05198,1.05194,1370000,2510000
2018-03-23 12:32:41.643000,1.05197,1.05193,1000000,2140000
2018-03-23 12:32:41.800000,1.05196,1.05192,2620000,1760000
2018-03-23 12:32:42.318000,1.05196,1.05193,1870000,1190000
2018-03-23 12:32:42.982000,1.05198,1.05193,4570000,5440000
2018-03-23 12:32:45.045000,1.05198,1.05194,1570000,1310000
2018-03-23 12:32:46.182000,1.05198,1.05194,1570000,1310000
2018-03-23 12:32:46.874000,1.05199,1.05194,7390000,3560000
2018-03-23 12:32:46.977000,1.05199,1.05196,1000000,1190000
2018-03-23 12:32:48.038000,1.052,1.05197,3370000,1190000
2018-03-23 12:32:48.574000,1.05202,1.05198,1370000,2060000
2018-03-23 12:32:49.401000,1.05202,1.05197,2320000,1690000
2018-03-23 12:32:49.813000,1.052,1.05195,2620000,5140000
2018-03-23 12:32:49.917000,1.05199,1.05194,1500000,7010000
2018-03-23 12:32:50.278000,1.052,1.05195,2700000,1010000
2018-03-23 12:32:50.533000,1.052,1.05196,1350000,2810000
2018-03-23 12:32:50.690000,1.05202,1.05198,2250000,4690000
2018-03-23 12:32:50.742000,1.05202,1.052,2250000,1250000
2018-03-23 12:32:50.897000,1.05209,1.05205,1120000,3640000
2018-03-23 12:32:51.406000,1.05211,1.05206,7570000,1310000
2018-03-23 12:32:51.915000,1.05211,1.05205,7570000,3640000
2018-03-23 12:32:52.168000,1.05211,1.05206,9820000,1690000
2018-03-23 12:32:53.329000,1.05211,1.05206,3750000,3260000
2018-03-23 12:32:53.697000,1.05211,1.05209,1870000,2810000
2018-03-23 12:32:53.750000,1.05213,1.0521,1000000,3190000
2018-03-23 12:32:54.009000,1.05215,1.05211,1870000,2060000
2018-03-23 12:32:54.310000,1.05218,1.05215,1570000,2620000
2018-03-23 12:32:54.416000,1.05222,1.05216,2320000,5440000
2018-03-23 12:32:54.624000,1.05222,1.05218,3820000,1190000
2018-03-23 12:32:55.138000,1.05224,1.05219,3820000,2810000
2018-03-23 12:32:55.191000,1.05224,1.05221,1500000,1310000
2018-03-23 12:32:55.303000,1.05226,1.05221,1500000,3640000
2018-03-23 12:32:55.804000,1.05226,1.05221,2620000,1390000
2018-03-23 12:32:56.011000,1.05227,1.05222,2470000,1390000
2018-03-23 12:32:56.317000,1.05225,1.05221,1120000,1310000
2018-03-23 12:32:56.840000,1.05226,1.05221,3670000,1310000
2018-03-23 12:32:57.386000,1.05225,1.0522,5550000,2060000
2018-03-23 12:32:57.490000,1.05223,1.05219,3670000,1250000
2018-03-23 12:32:57.648000,1.05224,1.0522,1570000,1310000
2018-03-23 12:32:57.967000,1.05223,1.05218,2920000,1690000
2018-03-23 12:32:58.334000,1.05222,1.05217,4120000,3260000
2018-03-23 12:32:58.646000,1.05224,1.05221,3600000,1000000
2018-03-23 12:32:59.168000,1.05223,1.0522,3670000,1000000
2018-03-23 12:32:59.829000,1.05221,1.0522,1120000,1000000
2018-03-23 12:32:59.882000,1.0522,1.05217,1120000,1760000
2018-03-23 12:32:59.935000,1.0522,1.05215,1300000,2890000
2018-03-23 12:33:00.471000,1.0522,1.05215,4720000,1390000
2018-03-23 12:33:00.576000,1.05216,1.05214,4350000,2060000
2018-03-23 12:33:00.682000,1.05214,1.05211,3070000,1190000
2018-03-23 12:33:00.735000,1.05214,1.0521,3070000,2060000
2018-03-23 12:33:00.991000,1.05212,1.05208,1870000,1190000
2018-03-23 12:33:01.251000,1.0521,1.05205,2100000,2890000
2018-03-23 12:33:01.355000,1.0521,1.05206,1120000,1310000
2018-03-23 12:33:01.787000,1.05209,1.05204,1500000,3640000
2018-03-23 12:33:01.942000,1.0521,1.05206,6600000,1190000
2018-03-23 12:33:02.252000,1.0521,1.05204,3220000,4010000
2018-03-23 12:33:02.470000,1.05208,1.05204,1870000,1290000
2018-03-23 12:33:02.883000,1.05208,1.05203,2850000,1010000
2018-03-23 12:33:02.941000,1.05206,1.05202,1120000,2320000
2018-03-23 12:33:03.264000,1.05203,1.05199,4120000,4390000
2018-03-23 12:33:03.368000,1.05205,1.05201,1120000,1310000
2018-03-23 12:33:03.727000,1.05207,1.05205,1000000,1190000
2018-03-23 12:33:03.945000,1.05209,1.05205,1120000,1190000
2018-03-23 12:33:04.454000,1.05209,1.05205,1500000,1190000
2018-03-23 12:33:04.744000,1.0521,1.05207,2250000,1190000
2018-03-23 12:33:04.795000,1.0521,1.05207,3370000,1190000
2018-03-23 12:33:05.538000,1.05211,1.05207,2810000,1190000
2018-03-23 12:33:05.924000,1.05208,1.05206,2470000,1000000
2018-03-23 12:33:06.079000,1.05207,1.05203,1370000,1290000
2018-03-23 12:33:06.234000,1.05208,1.05204,7720000,1190000
2018-03-23 12:33:06.778000,1.05208,1.05204,2470000,1250000
2018-03-23 12:33:06.830000,1.05208,1.05203,5470000,1290000
2018-03-23 12:33:07.088000,1.05205,1.05201,2250000,1390000
2018-03-23 12:33:07.630000,1.05205,1.052,4350000,1760000
2018-03-23 12:33:08.004000,1.05206,1.05202,3600000,1190000
2018-03-23 12:33:08.660000,1.05205,1.05201,3220000,1760000
2018-03-23 12:33:09.028000,1.05203,1.05198,2250000,5140000
2018-03-23 12:33:09.347000,1.05202,1.05198,3750000,1190000
2018-03-23 12:33:09.875000,1.05202,1.05197,7350000,4760000
2018-03-23 12:33:10.184000,1.05196,1.05192,1000000,5890000
2018-03-23 12:33:10.499000,1.05193,1.05189,1870000,1390000
2018-03-23 12:33:10.861000,1.05193,1.05189,2250000,1190000
2018-03-23 12:33:10.964000,1.05195,1.05191,1870000,1310000
2018-03-23 12:33:11.488000,1.05196,1.05191,1120000,1290000
2018-03-23 12:33:12.151000,1.05196,1.05192,1000000,1190000
2018-03-23 12:33:12.696000,1.05196,1.05194,1000000,1000000
2018-03-23 12:33:12.902000,1.05197,1.05195,1000000,1190000
2018-03-23 12:33:12.954000,1.05199,1.05196,1500000,1190000
2018-03-23 12:33:13.825000,1.05201,1.05198,1200000,1000000
2018-03-23 12:33:13.878000,1.05201,1.052,1000000,1160000
2018-03-23 12:33:14.201000,1.05202,1.05201,1000000,1250000
2018-03-23 12:33:14.816000,1.05204,1.05201,2250000,1190000
2018-03-23 12:33:15.332000,1.05204,1.05201,1120000,1190000
2018-03-23 12:33:16.562000,1.052,1.05198,1120000,1250000
2018-03-23 12:33:16.668000,1.05198,1.05194,1500000,1690000
2018-03-23 12:33:17.031000,1.05194,1.05192,3600000,1250000
2018-03-23 12:33:17.184000,1.05193,1.0519,1120000,1000000
2018-03-23 12:33:17.426000,1.05194,1.05191,3370000,1190000
2018-03-23 12:33:17.478000,1.05195,1.05191,5320000,1690000
2018-03-23 12:33:17.633000,1.05197,1.05193,5250000,1290000
2018-03-23 12:33:18.273000,1.05195,1.05192,2250000,3070000
2018-03-23 12:33:18.898000,1.05196,1.05193,4500000,2890000
2018-03-23 12:33:19.001000,1.052,1.05195,3560000,2510000
2018-03-23 12:33:19.504000,1.052,1.05195,3300000,3260000
2018-03-23 12:33:20.054000,1.052,1.05196,1090000,1390000
2018-03-23 12:33:20.576000,1.052,1.05196,1000000,1190000
2018-03-23 12:33:21.101000,1.05198,1.05195,1000000,2510000
2018-03-23 12:33:21.319000,1.05198,1.05194,1000000,1390000
2018-03-23 12:33:21.627000,1.05199,1.05195,2250000,1190000
2018-03-23 12:33:22.148000,1.05198,1.05194,1120000,2510000
2018-03-23 12:33:22.488000,1.052,1.05196,1870000,2060000
2018-03-23 12:33:22.641000,1.052,1.05195,3000000,4390000
2018-03-23 12:33:23.077000,1.05198,1.05194,1500000,2140000
2018-03-23 12:33:23.487000,1.05196,1.05193,1120000,1010000
2018-03-23 12:33:23.752000,1.05194,1.05191,1000000,2510000
2018-03-23 12:33:24.062000,1.05197,1.05194,1500000,1250000
2018-03-23 12:33:24.575000,1.05197,1.05194,1500000,1690000
2018-03-23 12:33:25.114000,1.05198,1.05194,2250000,2440000
2018-03-23 12:33:28.192000,1.05198,1.05195,1500000,1000000
2018-03-23 12:33:28.499000,1.05199,1.05196,1000000,1690000
2018-03-23 12:33:28.705000,1.05198,1.05193,2620000,2140000
2018-03-23 12:33:29.975000,1.05197,1.05194,2620000,1690000
2018-03-23 12:33:30.513000,1.05198,1.05194,1000000,4010000
2018-03-23 12:33:30.912000,1.05208,1.05206,3750000,2060000
2018-03-23 12:33:31.117000,1.0521,1.05207,3000000,3040000
2018-03-23 12:33:31.689000,1.05209,1.05205,1120000,2890000
2018-03-23 12:33:31.793000,1.05207,1.05205,1870000,1100000
2018-03-23 12:33:31.896000,1.05206,1.05202,1120000,2320000
2018-03-23 12:33:32.050000,1.05204,1.05201,1000000,2140000
2018-03-23 12:33:32.577000,1.05207,1.05202,3940000,1390000
2018-03-23 12:33:36.118000,1.05207,1.05204,1120000,1870000
2018-03-23 12:33:36.170000,1.05209,1.05207,1500000,3000000
2018-03-23 12:33:36.378000,1.05208,1.05204,1370000,2140000
2018-03-23 12:33:36.682000,1.05205,1.05202,4120000,1390000
2018-03-23 12:33:36.734000,1.05205,1.05201,7500000,3260000
2018-03-23 12:33:36.838000,1.05203,1.052,4120000,1950000
2018-03-23 12:33:36.891000,1.05202,1.05199,1370000,1320000
2018-03-23 12:33:37.096000,1.05199,1.05196,1870000,1000000
2018-03-23 12:33:37.612000,1.05199,1.05197,1000000,2440000
2018-03-23 12:33:38.075000,1.05202,1.05198,1500000,1690000
2018-03-23 12:33:38.313000,1.05201,1.05197,1870000,1390000
2018-03-23 12:33:38.722000,1.05198,1.05195,2620000,1100000
2018-03-23 12:33:38.929000,1.05194,1.05191,1500000,5810000
2018-03-23 12:33:39.044000,1.05194,1.05193,1500000,1000000
2018-03-23 12:33:39.097000,1.05197,1.05193,1370000,1690000
2018-03-23 12:33:39.458000,1.05195,1.05192,1370000,2250000
2018-03-23 12:33:39.563000,1.05194,1.0519,1370000,2250000
2018-03-23 12:33:39.822000,1.05192,1.05188,1370000,5140000
2018-03-23 12:33:40.326000,1.05193,1.05189,1870000,2810000
2018-03-23 12:33:41.091000,1.05194,1.05189,1370000,2890000
2018-03-23 12:33:41.404000,1.05192,1.05189,1370000,1000000
2018-03-23 12:33:41.952000,1.05194,1.05189,1750000,2510000
2018-03-23 12:33:42.492000,1.05193,1.05188,3370000,2890000
2018-03-23 12:33:43.011000,1.05194,1.05188,2620000,6260000
2018-03-23 12:33:44.290000,1.05193,1.05188,4500000,2140000
2018-03-23 12:33:44.809000,1.05191,1.05187,1000000,4390000
2018-03-23 12:33:45.118000,1.05185,1.05181,1870000,4570000
2018-03-23 12:33:45.272000,1.05183,1.05181,1000000,3260000
2018-03-23 12:33:45.426000,1.05182,1.05178,1370000,1760000
2018-03-23 12:33:45.640000,1.0518,1.05176,1500000,1690000
2018-03-23 12:33:45.691000,1.0518,1.05177,1500000,1190000
2018-03-23 12:33:45.948000,1.05178,1.05175,1500000,1390000
2018-03-23 12:33:46,1.05177,1.05174,1000000,1250000
2018-03-23 12:33:46.444000,1.05178,1.05176,2620000,1190000
2018-03-23 12:33:46.496000,1.05178,1.05175,1500000,1000000
2018-03-23 12:33:46.654000,1.0518,1.05176,1500000,1190000
2018-03-23 12:33:47.181000,1.0518,1.05177,1000000,1190000
2018-03-23 12:33:47.570000,1.0518,1.05176,2060000,1570000
2018-03-23 12:33:47.622000,1.05179,1.05176,1500000,1100000
2018-03-23 12:33:47.777000,1.05181,1.05178,3370000,1250000
2018-03-23 12:33:48.136000,1.05182,1.05179,1220000,1190000
2018-03-23 12:33:48.256000,1.05183,1.05179,1000000,1190000
2018-03-23 12:33:48.361000,1.05185,1.05181,3450000,1310000
2018-03-23 12:33:48.415000,1.05185,1.05183,2320000,1190000
2018-03-23 12:33:48.521000,1.05187,1.05183,1570000,1310000
2018-03-23 12:33:48.937000,1.05185,1.05182,1500000,1290000
2018-03-23 12:33:49.459000,1.05186,1.05182,1500000,1310000
2018-03-23 12:33:49.805000,1.05187,1.05184,1370000,1190000
2018-03-23 12:33:50.111000,1.05187,1.05182,1000000,4390000
2018-03-23 12:33:50.797000,1.05187,1.05182,4240000,2510000
2018-03-23 12:33:50.849000,1.05184,1.0518,5620000,1760000
2018-03-23 12:33:50.903000,1.05184,1.05179,6940000,2700000
2018-03-23 12:33:51.162000,1.05181,1.05178,1000000,1010000
2018-03-23 12:33:51.704000,1.05183,1.05179,4200000,1250000
2018-03-23 12:33:52.355000,1.05183,1.05178,5140000,1250000
2018-03-23 12:33:52.902000,1.05183,1.05178,4120000,1290000
2018-03-23 12:33:53.408000,1.05183,1.05179,1870000,1310000
2018-03-23 12:33:53.923000,1.05183,1.05178,2250000,2510000
2018-03-23 12:33:54.462000,1.05183,1.05179,1870000,1310000
2018-03-23 12:33:54.778000,1.05185,1.05182,1000000,1190000
2018-03-23 12:33:55.754000,1.05186,1.05183,3000000,1190000
2018-03-23 12:33:55.993000,1.05186,1.05181,2060000,7760000
2018-03-23 12:33:56.149000,1.05186,1.05183,1870000,1190000
2018-03-23 12:33:56.201000,1.05186,1.05181,2060000,8510000
2018-03-23 12:33:56.833000,1.05186,1.05183,1120000,2290000
2018-03-23 12:33:56.939000,1.05188,1.05184,1500000,5140000
2018-03-23 12:33:57.248000,1.05189,1.05186,1500000,1190000
2018-03-23 12:33:57.898000,1.05187,1.05184,1000000,1390000
2018-03-23 12:33:58.106000,1.05187,1.05183,4500000,1250000
2018-03-23 12:33:58.506000,1.05183,1.05179,1000000,1390000
2018-03-23 12:33:59.285000,1.05183,1.0518,1000000,1690000
2018-03-23 12:33:59.391000,1.05184,1.05181,1000000,1190000
2018-03-23 12:34:00.447000,1.05185,1.05182,3000000,1310000
2018-03-23 12:34:00.552000,1.05186,1.05183,2620000,1310000
2018-03-23 12:34:01.323000,1.05186,1.05182,1000000,2890000
2018-03-23 12:34:01.864000,1.05187,1.05182,4500000,2890000
2018-03-23 12:34:03.020000,1.05187,1.05183,1370000,1690000
2018-03-23 12:34:05.199000,1.05187,1.05182,3370000,2890000
2018-03-23 12:34:05.455000,1.05184,1.05181,3220000,2510000
2018-03-23 12:34:05.646000,1.05182,1.05178,3000000,1310000
2018-03-23 12:34:06.156000,1.05181,1.05177,1000000,4010000
2018-03-23 12:34:06.432000,1.05184,1.05182,1000000,1310000
2018-03-23 12:34:06.484000,1.05187,1.05182,3070000,2060000
2018-03-23 12:34:06.637000,1.05183,1.05181,1120000,4390000
2018-03-23 12:34:06.740000,1.05182,1.05178,1120000,1390000
2018-03-23 12:34:07.242000,1.05183,1.05178,2620000,3260000
2018-03-23 12:34:07.401000,1.05185,1.0518,3750000,3260000
2018-03-23 12:34:07.507000,1.05187,1.05182,1500000,1950000
2018-03-23 12:34:08.044000,1.05186,1.05182,1120000,3000000
2018-03-23 12:34:08.302000,1.05184,1.05181,1000000,1200000
2018-03-23 12:34:08.816000,1.05185,1.05181,1120000,1620000
2018-03-23 12:34:09.333000,1.05184,1.05181,1120000,1000000
2018-03-23 12:34:09.392000,1.05183,1.05178,1500000,2510000
2018-03-23 12:34:09.915000,1.05182,1.05178,1000000,1250000
2018-03-23 12:34:11.225000,1.05183,1.05178,10050000,3560000
2018-03-23 12:34:11.379000,1.05181,1.05178,1000000,3190000
2018-03-23 12:34:11.902000,1.05182,1.05178,1950000,1690000
2018-03-23 12:34:12.214000,1.05185,1.05183,4500000,1190000
2018-03-23 12:34:12.319000,1.05187,1.05183,1870000,1310000
2018-03-23 12:34:12.475000,1.05187,1.05182,5510000,3560000
2018-03-23 12:34:13.018000,1.05186,1.05183,1120000,1310000
2018-03-23 12:34:13.542000,1.05187,1.05183,1950000,1310000
2018-03-23 12:34:13.594000,1.05185,1.05183,1000000,1310000
2018-03-23 12:34:13.852000,1.05184,1.05181,1500000,1690000
2018-03-23 12:34:14.022000,1.05183,1.05179,6820000,1250000
2018-03-23 12:34:15.271000,1.05183,1.05179,1570000,1310000
2018-03-23 12:34:15.585000,1.05184,1.05181,5320000,1250000
2018-03-23 12:34:16.130000,1.05184,1.05181,1100000,1250000
2018-03-23 12:34:16.592000,1.05186,1.05182,1950000,1690000
2018-03-23 12:34:17.106000,1.05187,1.05182,1570000,2510000
2018-03-23 12:34:17.414000,1.05187,1.05184,1120000,1690000
2018-03-23 12:34:17.954000,1.05189,1.05185,4570000,2810000
2018-03-23 12:34:18.282000,1.05194,1.05191,2700000,1690000
2018-03-23 12:34:18.334000,1.05197,1.05193,2250000,2810000
2018-03-23 12:34:18.591000,1.05194,1.05192,1870000,1000000
2018-03-23 12:34:18.643000,1.05194,1.05189,2620000,1760000
2018-03-23 12:34:19.530000,1.05195,1.0519,5320000,2810000
2018-03-23 12:34:19.687000,1.05193,1.05189,1000000,4390000
2018-03-23 12:34:19.887000,1.05191,1.05188,7390000,1370000
2018-03-23 12:34:19.939000,1.0519,1.05186,1650000,3190000
2018-03-23 12:34:20.942000,1.05191,1.05187,2320000,1190000
2018-03-23 12:34:21.048000,1.05192,1.05188,1100000,1190000
2018-03-23 12:34:21.729000,1.05192,1.05187,2320000,4390000
2018-03-23 12:34:22.505000,1.05192,1.05188,1570000,1310000
2018-03-23 12:34:23.021000,1.05192,1.05187,1570000,5060000
2018-03-23 12:34:23.535000,1.0519,1.05186,1200000,1690000
2018-03-23 12:34:25.605000,1.05191,1.05186,2700000,1950000
2018-03-23 12:34:25.761000,1.05185,1.05182,1000000,1760000
2018-03-23 12:34:26.094000,1.05181,1.05178,1620000,1100000
2018-03-23 12:34:26.359000,1.05183,1.05178,1200000,5140000
2018-03-23 12:34:26.412000,1.05184,1.0518,1570000,1310000
2018-03-23 12:34:26.804000,1.05186,1.05181,3070000,1010000
2018-03-23 12:34:28.342000,1.05186,1.05181,1100000,4010000
2018-03-23 12:34:28.844000,1.05187,1.05182,3450000,1760000
2018-03-23 12:34:29.423000,1.05187,1.05182,2700000,2510000
2018-03-23 12:34:30.527000,1.05187,1.05183,1200000,1190000
2018-03-23 12:34:30.619000,1.05187,1.05185,1200000,2250000
2018-03-23 12:34:30.674000,1.05189,1.05187,1100000,1250000
2018-03-23 12:34:31.194000,1.0519,1.05187,3000000,1250000
2018-03-23 12:34:31.714000,1.0519,1.05187,3370000,1250000
2018-03-23 12:34:32.543000,1.0519,1.05187,1000000,1310000
2018-03-23 12:34:32.596000,1.05191,1.05188,2700000,1190000
2018-03-23 12:34:32.701000,1.05191,1.05186,3940000,5590000
2018-03-23 12:34:33.078000,1.05191,1.05188,3820000,1190000
2018-03-23 12:34:33.409000,1.05183,1.05178,3450000,3640000
2018-03-23 12:34:33.460000,1.05183,1.05178,3450000,3260000
2018-03-23 12:34:33.971000,1.05183,1.05179,5700000,1250000
2018-03-23 12:34:34.493000,1.05181,1.05177,1200000,2810000
2018-03-23 12:34:35.003000,1.05181,1.05177,1950000,2440000
2018-03-23 12:34:35.532000,1.05181,1.05177,1320000,1690000
2018-03-23 12:34:36.081000,1.05181,1.05177,1760000,1250000
2018-03-23 12:34:36.606000,1.05181,1.05176,4010000,5510000
2018-03-23 12:34:37.127000,1.05179,1.05174,2250000,4010000
2018-03-23 12:34:37.281000,1.05179,1.05177,2620000,1190000
2018-03-23 12:34:37.384000,1.05181,1.05176,3260000,2510000
2018-03-23 12:34:37.987000,1.05181,1.05177,1100000,2890000
2018-03-23 12:34:38.345000,1.05184,1.05179,2320000,2810000
2018-03-23 12:34:38.553000,1.05184,1.0518,1500000,1760000
2018-03-23 12:34:39.067000,1.05183,1.05178,1200000,4010000
2018-03-23 12:34:39.685000,1.05183,1.05178,4570000,2140000
2018-03-23 12:34:40.097000,1.05181,1.05178,3370000,1290000
2018-03-23 12:34:40.220000,1.0518,1.05176,1500000,2890000
2018-03-23 12:34:40.271000,1.05182,1.05178,3450000,1310000
2018-03-23 12:34:40.783000,1.05183,1.05178,1200000,3260000
2018-03-23 12:34:41.330000,1.05183,1.05179,1200000,1310000
2018-03-23 12:34:41.487000,1.05184,1.05182,3070000,1620000
2018-03-23 12:34:41.596000,1.05187,1.05183,1200000,1120000
2018-03-23 12:34:42.119000,1.05188,1.05183,1950000,2510000
2018-03-23 12:34:42.276000,1.05187,1.05183,1190000,1570000
2018-03-23 12:34:42.809000,1.05186,1.05182,1120000,2140000
2018-03-23 12:34:43.530000,1.05187,1.05182,2700000,5510000
2018-03-23 12:34:44.052000,1.05187,1.05183,1570000,2060000
2018-03-23 12:34:44.574000,1.05187,1.05183,4200000,1690000
2018-03-23 12:34:45.103000,1.05186,1.05182,1500000,2510000
2018-03-23 12:34:45.639000,1.05187,1.05183,1370000,1390000
2018-03-23 12:34:46.158000,1.05186,1.05182,1100000,1690000
2018-03-23 12:34:47.107000,1.05187,1.05183,2700000,1690000
2018-03-23 12:34:47.630000,1.05187,1.05184,1570000,1190000
2018-03-23 12:34:47.782000,1.05186,1.05183,1000000,1000000
2018-03-23 12:34:48.861000,1.05186,1.05182,2510000,2810000
2018-03-23 12:34:49.017000,1.05185,1.0518,4870000,4760000
2018-03-23 12:34:49.330000,1.05185,1.05182,1950000,1190000
2018-03-23 12:34:50.001000,1.05186,1.05181,3820000,5740000
2018-03-23 12:34:50.516000,1.05187,1.05182,2700000,1690000
2018-03-23 12:34:51.612000,1.05187,1.05183,4570000,1250000
2018-03-23 12:34:51.925000,1.05184,1.05181,1500000,1010000
2018-03-23 12:34:52.617000,1.05184,1.05181,1570000,1190000
2018-03-23 12:34:53.290000,1.05184,1.0518,1570000,1690000
2018-03-23 12:34:53.547000,1.05186,1.05182,1950000,2060000
2018-03-23 12:34:55.319000,1.05187,1.05182,4950000,1760000
2018-03-23 12:34:55.371000,1.05184,1.05181,1000000,2890000
2018-03-23 12:34:57.126000,1.05185,1.05182,3820000,1190000
2018-03-23 12:34:57.574000,1.05186,1.05183,3070000,1250000
2018-03-23 12:34:58.096000,1.05187,1.05183,1950000,1690000
2018-03-23 12:34:58.921000,1.05186,1.05183,3560000,1000000
2018-03-23 12:34:59.441000,1.05186,1.05183,1200000,1250000
2018-03-23 12:35:00.075000,1.05187,1.05183,4200000,1250000
2018-03-23 12:35:00.507000,1.05188,1.05185,1950000,1690000
2018-03-23 12:35:00.665000,1.0519,1.05186,1570000,3560000
2018-03-23 12:35:01.179000,1.05191,1.05188,4200000,1250000
2018-03-23 12:35:01.388000,1.05192,1.05189,3070000,1250000
2018-03-23 12:35:01.752000,1.0519,1.05188,1120000,1000000
2018-03-23 12:35:01.947000,1.05189,1.05186,1000000,1760000
2018-03-23 12:35:02.012000,1.05188,1.05184,3000000,2890000
2018-03-23 12:35:02.544000,1.05187,1.05183,3750000,2140000
2018-03-23 12:35:03.086000,1.05187,1.05183,2320000,1690000
2018-03-23 12:35:03.647000,1.05187,1.05183,1570000,3190000
2018-03-23 12:35:05.526000,1.05187,1.05183,1760000,2060000
2018-03-23 12:35:05.917000,1.05188,1.05184,1950000,1690000
2018-03-23 12:35:06.433000,1.05188,1.05184,1870000,2140000
2018-03-23 12:35:07.244000,1.05188,1.05184,1120000,2890000
2018-03-23 12:35:07.398000,1.05189,1.05187,1950000,1250000
2018-03-23 12:35:07.449000,1.05191,1.05187,6820000,2440000
2018-03-23 12:35:07.954000,1.05194,1.05189,7570000,2510000
2018-03-23 12:35:08.485000,1.05194,1.0519,4950000,1250000
2018-03-23 12:35:08.589000,1.05194,1.05191,1870000,1690000
2018-03-23 12:35:09.306000,1.05195,1.05191,1200000,1310000
2018-03-23 12:35:09.616000,1.05193,1.05191,1120000,1190000
2018-03-23 12:35:10.303000,1.05193,1.0519,1120000,3560000
2018-03-23 12:35:10.812000,1.05193,1.05191,1120000,1190000
2018-03-23 12:35:11.937000,1.05195,1.05193,1950000,1000000
2018-03-23 12:35:12.041000,1.05196,1.05193,3820000,1000000
2018-03-23 12:35:12.199000,1.05196,1.05195,1000000,1000000
2018-03-23 12:35:12.740000,1.05198,1.05195,3070000,1000000
2018-03-23 12:35:13.250000,1.05198,1.05194,2700000,2060000
2018-03-23 12:35:13.751000,1.05199,1.05195,4570000,1120000
2018-03-23 12:35:14.542000,1.05198,1.05195,1000000,2620000
2018-03-23 12:35:15.333000,1.05199,1.05196,1000000,2060000
2018-03-23 12:35:15.641000,1.05203,1.05201,1500000,2440000
2018-03-23 12:35:15.897000,1.05205,1.05203,1200000,3940000
2018-03-23 12:35:15.999000,1.05208,1.05205,2320000,1310000
2018-03-23 12:35:16.107000,1.05208,1.05206,1500000,3940000
2018-03-23 12:35:16.159000,1.05214,1.0521,3970000,2440000
2018-03-23 12:35:16.669000,1.05214,1.0521,1100000,3190000
2018-03-23 12:35:17.645000,1.05215,1.05211,5620000,1250000
2018-03-23 12:35:18.155000,1.05215,1.05211,2400000,1310000
2018-03-23 12:35:18.668000,1.05216,1.05211,9110000,1250000
2018-03-23 12:35:18.850000,1.05216,1.05213,4950000,1000000
2018-03-23 12:35:19.353000,1.05215,1.05212,1000000,2060000
2018-03-23 12:35:19.665000,1.05218,1.05216,1100000,1000000
2018-03-23 12:35:20.189000,1.0522,1.05217,1570000,1000000
2018-03-23 12:35:21.891000,1.0522,1.05218,1100000,2440000
2018-03-23 12:35:22.047000,1.05224,1.05222,1570000,1310000
2018-03-23 12:35:22.586000,1.05225,1.05223,1000000,1000000
2018-03-23 12:35:22.849000,1.05223,1.05222,1000000,1250000
2018-03-23 12:35:22.902000,1.05223,1.0522,1120000,1010000
2018-03-23 12:35:23.388000,1.05222,1.05218,4050000,1500000
2018-03-23 12:35:23.903000,1.05221,1.05218,1050000,1000000
2018-03-23 12:35:24.855000,1.05221,1.05216,3300000,4310000
2018-03-23 12:35:25.376000,1.05219,1.05215,2320000,1690000
2018-03-23 12:35:26.185000,1.05218,1.05214,1870000,1290000
2018-03-23 12:35:27.209000,1.05218,1.05215,1950000,1190000
2018-03-23 12:35:27.417000,1.05217,1.05214,1000000,1250000
2018-03-23 12:35:27.947000,1.05217,1.05213,1950000,1190000
2018-03-23 12:35:28.085000,1.05215,1.05211,1000000,7030000
2018-03-23 12:35:28.136000,1.05214,1.0521,1570000,1710000
2018-03-23 12:35:28.392000,1.05209,1.05205,1500000,2140000
2018-03-23 12:35:28.444000,1.05204,1.05202,10120000,3640000
2018-03-23 12:35:28.546000,1.05202,1.05199,4500000,1390000
2018-03-23 12:35:28.598000,1.052,1.05197,3000000,1760000
2018-03-23 12:35:28.650000,1.05202,1.05198,5920000,1190000
2018-03-23 12:35:28.829000,1.05203,1.05201,1100000,1190000
2018-03-23 12:35:29.288000,1.05205,1.05203,1200000,1190000
2018-03-23 12:35:29.622000,1.05208,1.05206,1000000,1190000
2018-03-23 12:35:29.930000,1.05206,1.05204,1000000,1250000
2018-03-23 12:35:29.981000,1.05204,1.05202,1000000,1390000
2018-03-23 12:35:30.287000,1.05203,1.05201,1120000,1190000
2018-03-23 12:35:30.826000,1.05203,1.052,1370000,1190000
2018-03-23 12:35:31.348000,1.05201,1.05199,1000000,1390000
2018-03-23 12:35:31.660000,1.05198,1.05196,1000000,1760000
2018-03-23 12:35:32.207000,1.05198,1.05195,3000000,1310000
2018-03-23 12:35:32.740000,1.05198,1.05194,3070000,1190000
2018-03-23 12:35:34.155000,1.05198,1.05193,5320000,1390000
2018-03-23 12:35:34.695000,1.05198,1.05194,4200000,1190000
2018-03-23 12:35:35.317000,1.05197,1.05195,1000000,1190000
2018-03-23 12:35:35.867000,1.05198,1.05196,3000000,1190000
2018-03-23 12:35:35.920000,1.05199,1.05197,1100000,1690000
2018-03-23 12:35:35.972000,1.052,1.05195,1000000,8740000
2018-03-23 12:35:36.075000,1.05199,1.05195,2620000,1390000
2018-03-23 12:35:36.778000,1.05199,1.05195,1950000,1310000
2018-03-23 12:35:37.399000,1.05199,1.05197,1470000,1250000
2018-03-23 12:35:37.503000,1.05202,1.05198,1950000,1310000
2018-03-23 12:35:38.009000,1.05201,1.05198,1120000,1250000
2018-03-23 12:35:38.532000,1.05202,1.05198,1570000,1690000
2018-03-23 12:35:38.865000,1.05204,1.052,5890000,1190000
2018-03-23 12:35:39.178000,1.05202,1.05199,1000000,1010000
2018-03-23 12:35:39.285000,1.05201,1.05198,4870000,1250000
2018-03-23 12:35:39.702000,1.052,1.05196,3450000,1250000
2018-03-23 12:35:40.015000,1.05201,1.05197,1950000,1190000
2018-03-23 12:35:40.119000,1.05202,1.05198,1470000,1190000
2018-03-23 12:35:40.652000,1.05204,1.05198,4950000,2510000
2018-03-23 12:35:40.807000,1.05205,1.052,4760000,1690000
2018-03-23 12:35:40.911000,1.05205,1.05201,1000000,2890000
2018-03-23 12:35:42.008000,1.05206,1.05202,1950000,1190000
2018-03-23 12:35:42.522000,1.05206,1.05201,1570000,2890000
2018-03-23 12:35:43.070000,1.05207,1.05202,2700000,1310000
2018-03-23 12:35:43.584000,1.05207,1.05202,3000000,4010000
2018-03-23 12:35:44.108000,1.05207,1.05203,1100000,1310000
2018-03-23 12:35:44.418000,1.05205,1.052,4760000,1100000
2018-03-23 12:35:45.175000,1.05205,1.052,5700000,1310000
2018-03-23 12:35:45.281000,1.05205,1.05202,2700000,1190000
2018-03-23 12:35:45.537000,1.05206,1.05202,1570000,1690000
2018-03-23 12:35:46.209000,1.05207,1.05203,1200000,2060000
2018-03-23 12:35:46.734000,1.05208,1.05203,1950000,3640000
2018-03-23 12:35:47.305000,1.05208,1.05203,4950000,1760000
2018-03-23 12:35:48.099000,1.05208,1.05204,6450000,1310000
2018-03-23 12:35:48.719000,1.05208,1.05203,6450000,2510000
2018-03-23 12:35:48.860000,1.05208,1.05203,4200000,2510000
2018-03-23 12:35:49.377000,1.05208,1.05204,2700000,1310000
2018-03-23 12:35:52.169000,1.05208,1.05205,1100000,1190000
2018-03-23 12:35:52.695000,1.05209,1.05206,1120000,2060000
2018-03-23 12:35:52.798000,1.0521,1.05208,2320000,1190000
2018-03-23 12:35:53.312000,1.0521,1.05207,1120000,1310000
2018-03-23 12:35:53.854000,1.0521,1.05207,1120000,1310000
2018-03-23 12:35:54.424000,1.05211,1.05209,2700000,1190000
2018-03-23 12:35:54.589000,1.0521,1.05208,1500000,1690000
2018-03-23 12:35:57.449000,1.0521,1.05206,2620000,1390000
2018-03-23 12:35:57.553000,1.05208,1.05204,1500000,2890000
2018-03-23 12:35:57.657000,1.05207,1.05203,4200000,2250000
2018-03-23 12:35:58.019000,1.05207,1.05204,1100000,1190000
2018-03-23 12:35:58.520000,1.05208,1.05204,4500000,1390000
2018-03-23 12:35:58.830000,1.05209,1.05207,1000000,1190000
2018-03-23 12:35:59.361000,1.0521,1.05207,2250000,1190000
2018-03-23 12:36:02.903000,1.0521,1.05209,2250000,1250000
2018-03-23 12:36:03.110000,1.0521,1.05208,1870000,1570000
2018-03-23 12:36:03.267000,1.05209,1.05205,1870000,4010000
2018-03-23 12:36:03.371000,1.05207,1.05203,1370000,9260000
2018-03-23 12:36:03.740000,1.05206,1.05202,3750000,3820000
2018-03-23 12:36:04.270000,1.05204,1.05201,1000000,1390000
2018-03-23 12:36:05.163000,1.05205,1.05201,1000000,1760000
2018-03-23 12:36:05.681000,1.05204,1.05201,2620000,1760000
2018-03-23 12:36:06.209000,1.05204,1.05202,1000000,1190000
2018-03-23 12:36:06.787000,1.05205,1.05202,1500000,1190000
2018-03-23 12:36:07.296000,1.05205,1.05201,1870000,2140000
2018-03-23 12:36:09.068000,1.05204,1.052,2620000,2890000
2018-03-23 12:36:09.420000,1.05199,1.05197,1120000,1190000
2018-03-23 12:36:09.526000,1.05201,1.05197,1120000,4390000
2018-03-23 12:36:10.053000,1.05202,1.05199,3750000,1250000
2018-03-23 12:36:10.585000,1.05201,1.05197,1000000,4010000
2018-03-23 12:36:11.101000,1.052,1.05197,1500000,1190000
2018-03-23 12:36:11.627000,1.052,1.05196,1500000,3640000
2018-03-23 12:36:12.143000,1.05199,1.05195,1370000,3640000
2018-03-23 12:36:12.490000,1.05194,1.0519,3370000,2140000
2018-03-23 12:36:12.593000,1.05196,1.05193,2620000,1250000
2018-03-23 12:36:13.111000,1.05197,1.05194,2700000,1250000
2018-03-23 12:36:13.772000,1.05197,1.05193,4420000,1250000
2018-03-23 12:36:14.030000,1.05195,1.05192,2250000,1000000
2018-03-23 12:36:14.331000,1.05189,1.05187,2620000,5440000
2018-03-23 12:36:14.421000,1.05192,1.05188,1070000,2250000
2018-03-23 12:36:14.473000,1.05193,1.0519,2320000,1190000
2018-03-23 12:36:15.027000,1.05193,1.05191,1000000,1190000
2018-03-23 12:36:15.581000,1.05194,1.0519,1000000,1390000
2018-03-23 12:36:16.165000,1.05194,1.05191,1000000,1190000
2018-03-23 12:36:16.491000,1.05196,1.05193,1000000,1290000
2018-03-23 12:36:18.054000,1.05198,1.05194,1870000,1390000
2018-03-23 12:36:18.317000,1.05201,1.05196,2250000,4390000
2018-03-23 12:36:18.473000,1.05202,1.05198,1120000,2510000
2018-03-23 12:36:20.511000,1.05202,1.05199,1000000,1200000
2018-03-23 12:36:20.952000,1.05202,1.05198,1870000,1760000
2018-03-23 12:36:21.738000,1.05202,1.05198,1870000,1760000
2018-03-23 12:36:22.280000,1.05202,1.05198,1000000,2890000
2018-03-23 12:36:23.717000,1.05201,1.05198,6000000,1200000
2018-03-23 12:36:23.821000,1.05199,1.05196,4120000,3640000
2018-03-23 12:36:24.329000,1.05198,1.05196,4120000,1290000
2018-03-23 12:36:25.187000,1.05198,1.05195,4120000,2140000
2018-03-23 12:36:25.395000,1.05197,1.05195,1620000,1200000
2018-03-23 12:36:25.935000,1.05197,1.05194,1120000,1290000
2018-03-23 12:36:26.491000,1.05199,1.05196,1120000,1390000
2018-03-23 12:36:26.959000,1.052,1.05198,1000000,1190000
2018-03-23 12:36:27.491000,1.05201,1.05198,1000000,2140000
2018-03-23 12:36:28.076000,1.05201,1.05197,2060000,6640000
2018-03-23 12:36:28.585000,1.05199,1.05196,3000000,2510000
2018-03-23 12:36:29.127000,1.05199,1.05196,3000000,1760000
2018-03-23 12:36:29.433000,1.05197,1.05194,3600000,2890000
2018-03-23 12:36:29.741000,1.05194,1.05191,1370000,1570000
2018-03-23 12:36:30.296000,1.05195,1.05191,5250000,1760000
2018-03-23 12:36:30.712000,1.05196,1.05193,1370000,1290000
2018-03-23 12:36:31.261000,1.05196,1.05192,1870000,1390000
2018-03-23 12:36:32.198000,1.05196,1.05191,1370000,2890000
2018-03-23 12:36:32.927000,1.05195,1.05191,1000000,1760000
2018-03-23 12:36:33.285000,1.05191,1.05187,4500000,1500000
2018-03-23 12:36:33.595000,1.05186,1.05181,2440000,6640000
2018-03-23 12:36:33.908000,1.05182,1.05177,3750000,2140000
2018-03-23 12:36:34.453000,1.05182,1.05179,3000000,1000000
2018-03-23 12:36:34.817000,1.05183,1.05181,1570000,1190000
2018-03-23 12:36:34.921000,1.05185,1.05182,4570000,1190000
2018-03-23 12:36:35.473000,1.05186,1.05182,3820000,2250000
2018-03-23 12:36:36.009000,1.05186,1.05181,6070000,5440000
2018-03-23 12:36:36.069000,1.05185,1.0518,3450000,1010000
2018-03-23 12:36:36.763000,1.05183,1.05179,2250000,1200000
2018-03-23 12:36:36.868000,1.05186,1.05182,3820000,1310000
2018-03-23 12:36:37.413000,1.05186,1.05182,2700000,1690000
2018-03-23 12:36:38.191000,1.05185,1.05181,1690000,1200000
2018-03-23 12:36:38.243000,1.05184,1.05181,1470000,1000000
2018-03-23 12:36:38.504000,1.05185,1.05181,1200000,1690000
2018-03-23 12:36:38.947000,1.05183,1.05181,1500000,1500000
2018-03-23 12:36:38.999000,1.05182,1.05178,1500000,2140000
2018-03-23 12:36:39.052000,1.0518,1.05178,1870000,1000000
2018-03-23 12:36:39.158000,1.05179,1.05175,1500000,1010000
2018-03-23 12:36:39.628000,1.05178,1.05174,3370000,3820000
2018-03-23 12:36:40.099000,1.05177,1.05172,1570000,4010000
2018-03-23 12:36:40.491000,1.05178,1.05175,1870000,1690000
2018-03-23 12:36:40.594000,1.0518,1.05176,3750000,1200000
2018-03-23 12:36:40.951000,1.0518,1.05177,1000000,1690000
2018-03-23 12:36:41.162000,1.05182,1.05177,2250000,2510000
2018-03-23 12:36:41.674000,1.0518,1.05176,1500000,1390000
2018-03-23 12:36:42.327000,1.05181,1.05176,2700000,2890000
2018-03-23 12:36:42.639000,1.05182,1.05178,3000000,1390000
2018-03-23 12:36:42.691000,1.05183,1.05178,2320000,2890000
2018-03-23 12:36:42.863000,1.05183,1.05177,9630000,4760000
2018-03-23 12:36:43.383000,1.05181,1.05177,1870000,1570000
2018-03-23 12:36:43.905000,1.05181,1.05177,2870000,1760000
2018-03-23 12:36:44.478000,1.05181,1.05176,6640000,2140000
2018-03-23 12:36:44.581000,1.05179,1.05174,4390000,2140000
2018-03-23 12:36:44.735000,1.05179,1.05176,2250000,1310000
2018-03-23 12:36:44.876000,1.0518,1.05176,1570000,3940000
2018-03-23 12:36:45.389000,1.05181,1.05177,1570000,1310000
2018-03-23 12:36:45.935000,1.05181,1.05176,2890000,2890000
2018-03-23 12:36:46.469000,1.05182,1.05177,6260000,2060000
2018-03-23 12:36:46.728000,1.05182,1.0518,1570000,1310000
2018-03-23 12:36:46.877000,1.05185,1.05181,4200000,1620000
2018-03-23 12:36:47.081000,1.05183,1.05179,3000000,2140000
2018-03-23 12:36:47.184000,1.05182,1.05178,1500000,2140000
2018-03-23 12:36:47.564000,1.05182,1.05179,1000000,1190000
2018-03-23 12:36:47.769000,1.05184,1.0518,1200000,2440000
2018-03-23 12:36:48.294000,1.05185,1.0518,4200000,1760000
2018-03-23 12:36:49.730000,1.05184,1.0518,1500000,1010000
2018-03-23 12:36:50.044000,1.05184,1.05181,1000000,4690000
2018-03-23 12:36:50.244000,1.05184,1.05181,1000000,1870000
2018-03-23 12:36:50.949000,1.05184,1.05179,2320000,2810000
2018-03-23 12:36:51.159000,1.05181,1.05178,1000000,1620000
2018-03-23 12:36:51.376000,1.05184,1.0518,1500000,1310000
2018-03-23 12:36:51.479000,1.05185,1.05181,2320000,1910000
2018-03-23 12:36:52.017000,1.05186,1.05182,1120000,1690000
2018-03-23 12:36:52.326000,1.05183,1.05179,1000000,1690000
2018-03-23 12:36:53.295000,1.05184,1.05179,2700000,1690000
2018-03-23 12:36:53.607000,1.05187,1.05183,3000000,1310000
2018-03-23 12:36:54.627000,1.05187,1.05185,1000000,2810000
2018-03-23 12:36:54.733000,1.05191,1.05188,1000000,1690000
2018-03-23 12:36:55.239000,1.05193,1.05188,4950000,1690000
2018-03-23 12:36:55.771000,1.05193,1.05189,1950000,1310000
2018-03-23 12:36:56.969000,1.05193,1.0519,1100000,1250000
2018-03-23 12:36:57.127000,1.05195,1.05191,6070000,2660000
2018-03-23 12:36:57.285000,1.05194,1.0519,1690000,1500000
2018-03-23 12:36:57.654000,1.05196,1.05191,9450000,2440000
2018-03-23 12:36:58.007000,1.05198,1.05193,1870000,2510000
2018-03-23 12:36:59.604000,1.05196,1.05192,2250000,3940000
2018-03-23 12:36:59.924000,1.05195,1.0519,9450000,2440000
2018-03-23 12:37:00.028000,1.05194,1.05189,3070000,1250000
2018-03-23 12:37:00.453000,1.05193,1.0519,1570000,3750000
2018-03-23 12:37:00.806000,1.05196,1.05192,1550000,3940000
2018-03-23 12:37:00.860000,1.05197,1.05193,2320000,1690000
2018-03-23 12:37:01.328000,1.05199,1.05195,4570000,2060000
2018-03-23 12:37:01.647000,1.05201,1.05199,1000000,1690000
2018-03-23 12:37:01.701000,1.05204,1.05201,2320000,1310000
2018-03-23 12:37:02.163000,1.05205,1.05204,1000000,8810000
2018-03-23 12:37:02.214000,1.05208,1.05205,3370000,3190000
2018-03-23 12:37:02.695000,1.05207,1.05202,6220000,3640000
2018-03-23 12:37:03.206000,1.05206,1.05202,2700000,1310000
2018-03-23 12:37:03.707000,1.05208,1.05204,5920000,1250000
2018-03-23 12:37:04.241000,1.05208,1.05204,1950000,1250000
2018-03-23 12:37:06.092000,1.05209,1.05204,4950000,2060000
2018-03-23 12:37:07.757000,1.05209,1.05203,5550000,7760000
2018-03-23 12:37:08.527000,1.05206,1.05202,2620000,1070000
2018-03-23 12:37:09.053000,1.05205,1.05201,2250000,1310000
2018-03-23 12:37:10.346000,1.05207,1.05204,4200000,1310000
2018-03-23 12:37:10.448000,1.05208,1.05205,1120000,1190000
2018-03-23 12:37:10.755000,1.0521,1.05206,1950000,1310000
2018-03-23 12:37:11.550000,1.05209,1.05205,1000000,1390000
2018-03-23 12:37:12.027000,1.05207,1.05204,1120000,1310000
2018-03-23 12:37:12.129000,1.05206,1.05203,1200000,2810000
2018-03-23 12:37:12.233000,1.05207,1.05204,3300000,1190000
2018-03-23 12:37:12.374000,1.05206,1.05203,1500000,1250000
2018-03-23 12:37:12.529000,1.05208,1.05204,5920000,1250000
2018-03-23 12:37:13.040000,1.05208,1.05205,1000000,1250000
2018-03-23 12:37:13.702000,1.05211,1.05206,3450000,4690000
2018-03-23 12:37:14.326000,1.05209,1.05206,1000000,1250000
2018-03-23 12:37:14.688000,1.0521,1.05207,1120000,2060000
2018-03-23 12:37:15.279000,1.05209,1.05205,1000000,2890000
2018-03-23 12:37:15.483000,1.05207,1.05202,4120000,3260000
2018-03-23 12:37:15.799000,1.05207,1.05204,3000000,1190000
2018-03-23 12:37:16.300000,1.05208,1.05205,1500000,1190000
2018-03-23 12:37:16.818000,1.05208,1.05204,2250000,1310000
2018-03-23 12:37:17.558000,1.05208,1.05205,1500000,1190000
2018-03-23 12:37:18.083000,1.05209,1.05205,1000000,2060000
2018-03-23 12:37:18.537000,1.05209,1.05204,2620000,1390000
2018-03-23 12:37:19.064000,1.05208,1.05204,1120000,1310000
2018-03-23 12:37:19.507000,1.05208,1.05203,1500000,4760000
2018-03-23 12:37:19.826000,1.05208,1.05204,1500000,1190000
2018-03-23 12:37:20.550000,1.05209,1.05205,1570000,1690000
2018-03-23 12:37:21.007000,1.05207,1.05204,1000000,2440000
2018-03-23 12:37:21.366000,1.05209,1.05207,3450000,1190000
2018-03-23 12:37:21.624000,1.05211,1.05208,1950000,1190000
2018-03-23 12:37:21.952000,1.05213,1.0521,1500000,1190000
2018-03-23 12:37:22.361000,1.05213,1.05208,3370000,6260000
2018-03-23 12:37:22.515000,1.05213,1.05208,4500000,2510000
2018-03-23 12:37:23.050000,1.05211,1.05207,1870000,1390000
2018-03-23 12:37:23.408000,1.05209,1.05206,3000000,1190000
2018-03-23 12:37:23.959000,1.0521,1.05206,1870000,1190000
2018-03-23 12:37:24.632000,1.05207,1.05205,1000000,1100000
2018-03-23 12:37:24.847000,1.0521,1.05206,1100000,1310000
2018-03-23 12:37:24.951000,1.05209,1.05204,1500000,3640000
2018-03-23 12:37:25.484000,1.05209,1.05204,1870000,2510000
2018-03-23 12:37:26.734000,1.05209,1.05205,1870000,1190000
2018-03-23 12:37:27.199000,1.05211,1.05206,3070000,3190000
2018-03-23 12:37:27.353000,1.05212,1.05208,1850000,1190000
2018-03-23 12:37:27.458000,1.05212,1.05208,1200000,1310000
2018-03-23 12:37:27.971000,1.05212,1.05207,1000000,3260000
2018-03-23 12:37:28.590000,1.05212,1.05207,1120000,2140000
2018-03-23 12:37:28.992000,1.05213,1.05209,6450000,1190000
2018-03-23 12:37:29.097000,1.05212,1.05208,4870000,2440000
2018-03-23 12:37:29.150000,1.05209,1.05208,1120000,2250000
2018-03-23 12:37:29.254000,1.05209,1.05205,1120000,1690000
2018-03-23 12:37:29.306000,1.05208,1.05205,1370000,1250000
2018-03-23 12:37:29.987000,1.05208,1.05205,1370000,1190000
2018-03-23 12:37:30.301000,1.0521,1.05206,3070000,1190000
2018-03-23 12:37:30.610000,1.05208,1.05204,1000000,5140000
2018-03-23 12:37:31.122000,1.05208,1.05204,1870000,2890000
2018-03-23 12:37:32.138000,1.05208,1.05205,1870000,1190000
2018-03-23 12:37:32.292000,1.0521,1.05206,1100000,1690000
2018-03-23 12:37:32.806000,1.05211,1.05207,1000000,1310000
2018-03-23 12:37:33.067000,1.0521,1.05206,1370000,2140000
2018-03-23 12:37:33.577000,1.05211,1.05207,1500000,1310000
2018-03-23 12:37:33.917000,1.05209,1.05204,3750000,2890000
2018-03-23 12:37:34.226000,1.05211,1.05209,1870000,1190000
2018-03-23 12:37:35.294000,1.05211,1.05207,1370000,2510000
2018-03-23 12:37:35.819000,1.05211,1.05209,3370000,1190000
2018-03-23 12:37:36.384000,1.05213,1.05209,1870000,1190000
2018-03-23 12:37:36.593000,1.05211,1.05208,1000000,1690000
2018-03-23 12:37:36.924000,1.05214,1.0521,4570000,1190000
2018-03-23 12:37:37.435000,1.05214,1.0521,3070000,1190000
2018-03-23 12:37:37.883000,1.05215,1.05213,1000000,1500000
2018-03-23 12:37:38.038000,1.05219,1.05216,1500000,1190000
2018-03-23 12:37:38.582000,1.0522,1.05215,4800000,1690000
2018-03-23 12:37:40.997000,1.0522,1.05216,1500000,1310000
2018-03-23 12:37:41.206000,1.05219,1.05214,3750000,5510000
2018-03-23 12:37:41.628000,1.05219,1.05216,1870000,1190000
2018-03-23 12:37:41.893000,1.05221,1.05217,2550000,4690000
2018-03-23 12:37:42.100000,1.05222,1.0522,2060000,1000000
2018-03-23 12:37:42.203000,1.05222,1.05217,2810000,1760000
2018-03-23 12:37:42.358000,1.05219,1.05216,1000000,1310000
2018-03-23 12:37:42.875000,1.05219,1.05216,1370000,1190000
2018-03-23 12:37:43.401000,1.05219,1.05216,1370000,1250000
2018-03-23 12:37:43.789000,1.0522,1.05216,1000000,5890000
2018-03-23 12:37:43.997000,1.05217,1.05214,1310000,3370000
2018-03-23 12:37:44.462000,1.05218,1.05215,1870000,1010000
2018-03-23 12:37:45.285000,1.05218,1.05216,1000000,1250000
2018-03-23 12:37:45.391000,1.05219,1.05217,1500000,1190000
2018-03-23 12:37:45.902000,1.0522,1.05217,1870000,1190000
2018-03-23 12:37:46.385000,1.05221,1.05218,1570000,1690000
2018-03-23 12:37:46.437000,1.0522,1.05216,1000000,2810000
2018-03-23 12:37:46.692000,1.05219,1.05215,2620000,2440000
2018-03-23 12:37:47.083000,1.05218,1.05214,2060000,2440000
2018-03-23 12:37:47.598000,1.05218,1.05214,1370000,1690000
2018-03-23 12:37:48.173000,1.05218,1.05215,1370000,1190000
2018-03-23 12:37:48.726000,1.05219,1.05215,1370000,1440000
2018-03-23 12:37:49.828000,1.05216,1.05214,1870000,1120000
2018-03-23 12:37:49.907000,1.05214,1.05211,1370000,1190000
2018-03-23 12:37:50.010000,1.05214,1.0521,3000000,1010000
2018-03-23 12:37:50.267000,1.05211,1.05209,1370000,1010000
2018-03-23 12:37:50.678000,1.05214,1.05209,6670000,1190000
2018-03-23 12:37:51.305000,1.05214,1.0521,2700000,1690000
2018-03-23 12:37:51.512000,1.05214,1.05211,1120000,1690000
2018-03-23 12:37:51.668000,1.05214,1.05211,1370000,1000000
2018-03-23 12:37:52.214000,1.05213,1.0521,1000000,1250000
2018-03-23 12:37:53.837000,1.05213,1.05209,4500000,1310000
2018-03-23 12:37:54.339000,1.05211,1.05208,1120000,1690000
2018-03-23 12:37:54.888000,1.05212,1.05209,1500000,1690000
2018-03-23 12:37:54.941000,1.05214,1.0521,5700000,1690000
2018-03-23 12:37:55.253000,1.05215,1.05212,2700000,1310000
2018-03-23 12:37:55.792000,1.05215,1.05212,1500000,1310000
2018-03-23 12:37:56.312000,1.05215,1.05212,1000000,1250000
2018-03-23 12:37:57.054000,1.05215,1.05211,1500000,1310000
2018-03-23 12:37:57.365000,1.05213,1.0521,1000000,2060000
2018-03-23 12:37:58.079000,1.05212,1.05209,3000000,2060000
2018-03-23 12:37:58.184000,1.05211,1.05208,1000000,1250000
2018-03-23 12:37:58.398000,1.05212,1.05209,1570000,2060000
2018-03-23 12:37:58.950000,1.05213,1.05209,1000000,3190000
2018-03-23 12:37:59.498000,1.05213,1.05209,1370000,3190000
2018-03-23 12:38:00.016000,1.05211,1.05208,1870000,1690000
2018-03-23 12:38:00.409000,1.05213,1.05209,1500000,2060000
2018-03-23 12:38:00.929000,1.05214,1.0521,2700000,1690000
2018-03-23 12:38:01.377000,1.05212,1.05209,2620000,1690000
2018-03-23 12:38:01.844000,1.0521,1.05207,1500000,2060000
2018-03-23 12:38:02.628000,1.0521,1.05207,1500000,1250000
2018-03-23 12:38:03.163000,1.0521,1.05207,1950000,1250000
2018-03-23 12:38:03.701000,1.05208,1.05206,1120000,1250000
2018-03-23 12:38:04.202000,1.05208,1.05204,2700000,2440000
2018-03-23 12:38:04.833000,1.05208,1.05204,4200000,1310000
2018-03-23 12:38:05.151000,1.05204,1.05202,1120000,1190000
2018-03-23 12:38:05.700000,1.05203,1.05201,1000000,1250000
2018-03-23 12:38:06.027000,1.05206,1.05203,1570000,2440000
2018-03-23 12:38:06.848000,1.05205,1.05203,3000000,3370000
2018-03-23 12:38:06.902000,1.05203,1.05201,1000000,1690000
2018-03-23 12:38:07.471000,1.05203,1.05201,1000000,1000000
2018-03-23 12:38:08.014000,1.05202,1.052,1500000,1250000
2018-03-23 12:38:08.475000,1.05203,1.05201,1000000,1250000
2018-03-23 12:38:08.618000,1.05204,1.05202,2700000,1250000
2018-03-23 12:38:08.773000,1.05204,1.052,2700000,1690000
2018-03-23 12:38:09.083000,1.05203,1.052,1500000,1310000
2018-03-23 12:38:09.747000,1.05202,1.05199,1500000,2060000
2018-03-23 12:38:10.461000,1.05202,1.05199,3820000,1690000
2018-03-23 12:38:11.052000,1.05201,1.05199,1370000,1310000
2018-03-23 12:38:11.718000,1.05199,1.05196,2620000,1250000
2018-03-23 12:38:11.874000,1.05197,1.05195,1370000,1250000
2018-03-23 12:38:12.870000,1.05197,1.05195,1000000,1250000
2018-03-23 12:38:13.466000,1.05197,1.05194,4500000,1310000
2018-03-23 12:38:14,1.05195,1.05193,1120000,1000000
2018-03-23 12:38:14.154000,1.05193,1.05192,1000000,1760000
2018-03-23 12:38:14.360000,1.05195,1.05192,1570000,4310000
2018-03-23 12:38:14.515000,1.05194,1.0519,2250000,3260000
2018-03-23 12:38:15.075000,1.05192,1.05189,1000000,1690000
2018-03-23 12:38:15.611000,1.05192,1.05188,3450000,1310000
2018-03-23 12:38:15.887000,1.05191,1.05187,3000000,1310000
2018-03-23 12:38:16.150000,1.05191,1.05188,3450000,1190000
2018-03-23 12:38:16.679000,1.05192,1.05189,1870000,1190000
2018-03-23 12:38:16.782000,1.05193,1.0519,1500000,1190000
2018-03-23 12:38:16.887000,1.05195,1.05192,1200000,1310000
2018-03-23 12:38:16.989000,1.05197,1.05194,5700000,1250000
2018-03-23 12:38:17.361000,1.05199,1.05195,1950000,1690000
2018-03-23 12:38:17.902000,1.05199,1.05196,2620000,1190000
2018-03-23 12:38:18.442000,1.052,1.05197,1000000,1690000
2018-03-23 12:38:18.497000,1.05201,1.05197,5890000,1250000
2018-03-23 12:38:18.972000,1.052,1.05198,1000000,1190000
2018-03-23 12:38:19.389000,1.05202,1.05199,4200000,1310000
2018-03-23 12:38:19.603000,1.05204,1.05201,1570000,1250000
2018-03-23 12:38:20.621000,1.05204,1.052,1120000,2140000
2018-03-23 12:38:20.673000,1.05202,1.052,1000000,1390000
2018-03-23 12:38:21.182000,1.05201,1.05197,1000000,3940000
2018-03-23 12:38:21.474000,1.052,1.05196,2620000,2810000
2018-03-23 12:38:21.992000,1.052,1.05197,1120000,1250000
2018-03-23 12:38:24.143000,1.05201,1.05197,6820000,4690000
2018-03-23 12:38:24.646000,1.05201,1.05198,1120000,1310000
2018-03-23 12:38:25.172000,1.052,1.05197,4120000,1690000
2018-03-23 12:38:26.601000,1.05199,1.05197,1000000,1250000
2018-03-23 12:38:28.793000,1.052,1.05198,2250000,1310000
2018-03-23 12:38:28.896000,1.05202,1.05199,1870000,1250000
2018-03-23 12:38:29.165000,1.05203,1.05201,3450000,1190000
2018-03-23 12:38:29.686000,1.05204,1.05201,2250000,1190000
2018-03-23 12:38:30.308000,1.05205,1.05201,2620000,1310000
2018-03-23 12:38:30.819000,1.05205,1.05201,1370000,4310000
2018-03-23 12:38:31.133000,1.05207,1.05204,4950000,1310000
2018-03-23 12:38:31.925000,1.05208,1.05205,6000000,1190000
2018-03-23 12:38:32.486000,1.05208,1.05204,2250000,1690000
2018-03-23 12:38:33.035000,1.05208,1.05205,2250000,1190000
2018-03-23 12:38:33.606000,1.05208,1.05204,3000000,1310000
2018-03-23 12:38:33.912000,1.05206,1.05202,4120000,2890000
2018-03-23 12:38:34.424000,1.05206,1.05202,5810000,1120000
2018-03-23 12:38:34.786000,1.05206,1.05203,4870000,1690000
2018-03-23 12:38:35.307000,1.05208,1.05204,4570000,1250000
2018-03-23 12:38:35.844000,1.05208,1.05204,8920000,1190000
2018-03-23 12:38:36.365000,1.05208,1.05204,3370000,1310000
2018-03-23 12:38:36.792000,1.05207,1.05203,1870000,3640000
2018-03-23 12:38:37.310000,1.05207,1.05204,2620000,1250000
2018-03-23 12:38:37.831000,1.05207,1.05203,2700000,1250000
2018-03-23 12:38:38.395000,1.05207,1.05203,1950000,3190000
2018-03-23 12:38:38.605000,1.05204,1.052,2620000,2140000
2018-03-23 12:38:38.862000,1.05205,1.05203,3750000,2440000
2018-03-23 12:38:38.964000,1.05207,1.05203,5620000,1120000
2018-03-23 12:38:39.140000,1.05204,1.05201,1000000,2060000
2018-03-23 12:38:39.680000,1.05204,1.05201,1000000,1310000
2018-03-23 12:38:39.992000,1.05203,1.05199,1870000,2060000
2018-03-23 12:38:40.494000,1.05202,1.05199,1000000,1250000
2018-03-23 12:38:41.057000,1.05202,1.052,1000000,1250000
2018-03-23 12:38:41.560000,1.05204,1.05201,3750000,1250000
2018-03-23 12:38:45.253000,1.05203,1.052,1120000,1310000
2018-03-23 12:38:45.783000,1.05204,1.05201,4500000,1250000
2018-03-23 12:38:46.230000,1.05201,1.05199,1000000,1310000
2018-03-23 12:38:46.739000,1.05202,1.05199,1120000,1250000
2018-03-23 12:38:48.942000,1.05201,1.05198,1000000,3190000
2018-03-23 12:38:49.252000,1.05198,1.05196,1000000,1250000
2018-03-23 12:38:49.563000,1.05201,1.05198,4500000,1250000
2018-03-23 12:38:50.629000,1.05201,1.05198,1000000,2060000
2018-03-23 12:38:50.952000,1.05204,1.05201,4950000,1310000
2018-03-23 12:38:51.476000,1.05205,1.05201,2320000,1310000
2018-03-23 12:38:52.637000,1.05205,1.05201,3320000,1310000
2018-03-23 12:38:54.174000,1.05203,1.05198,11850000,2510000
2018-03-23 12:38:54.699000,1.05201,1.05197,1570000,3560000
2018-03-23 12:38:55.231000,1.05201,1.05198,1950000,3940000
2018-03-23 12:38:55.549000,1.05204,1.05201,1120000,1310000
2018-03-23 12:38:56.076000,1.05205,1.05201,1500000,2810000
2018-03-23 12:38:56.935000,1.05205,1.05201,1000000,2060000
2018-03-23 12:38:57.455000,1.05204,1.052,1870000,2440000
2018-03-23 12:38:58.609000,1.05203,1.052,1000000,2060000
2018-03-23 12:38:58.876000,1.05202,1.05198,6750000,1310000
2018-03-23 12:38:59.386000,1.05201,1.05197,1870000,2810000
2018-03-23 12:38:59.489000,1.05202,1.05199,3070000,1310000
2018-03-23 12:39:00.033000,1.05203,1.05199,1500000,3190000
2018-03-23 12:39:00.341000,1.05205,1.05201,4500000,1690000
2018-03-23 12:39:01.371000,1.05205,1.05201,4950000,1690000
2018-03-23 12:39:01.910000,1.05204,1.05201,1000000,1250000
2018-03-23 12:39:02.454000,1.05204,1.05201,1500000,1190000
2018-03-23 12:39:02.980000,1.05205,1.05201,3750000,1190000
2018-03-23 12:39:03.290000,1.05204,1.05201,6750000,1190000
2018-03-23 12:39:04.023000,1.05205,1.05201,3820000,1310000
2018-03-23 12:39:04.561000,1.05206,1.05204,1000000,1190000
2018-03-23 12:39:04.665000,1.05206,1.05203,1000000,3190000
2018-03-23 12:39:05.507000,1.05206,1.05202,1120000,5060000
2018-03-23 12:39:06.167000,1.05205,1.05202,2620000,1000000
2018-03-23 12:39:06.219000,1.05204,1.052,4500000,2140000
2018-03-23 12:39:06.272000,1.05204,1.05202,1500000,1250000
2018-03-23 12:39:06.792000,1.05205,1.05202,2620000,1250000
2018-03-23 12:39:07.103000,1.05207,1.05203,6750000,2060000
2018-03-23 12:39:07.625000,1.05207,1.05204,1000000,1310000
2018-03-23 12:39:08.935000,1.05207,1.05203,2620000,3190000
2018-03-23 12:39:09.041000,1.05204,1.05201,3750000,1310000
2018-03-23 12:39:09.144000,1.05203,1.05199,2620000,2060000
2018-03-23 12:39:09.348000,1.05201,1.05197,1000000,1690000
2018-03-23 12:39:09.768000,1.05199,1.05196,2620000,4200000
2018-03-23 12:39:09.921000,1.05197,1.05193,3750000,1190000
2018-03-23 12:39:11.360000,1.05195,1.05192,1120000,2060000
2018-03-23 12:39:11.517000,1.05194,1.0519,3000000,3190000
2018-03-23 12:39:11.723000,1.05195,1.05192,3000000,3640000
2018-03-23 12:39:12.237000,1.05197,1.05193,1870000,1310000
2018-03-23 12:39:12.443000,1.05196,1.05192,1690000,4200000
2018-03-23 12:39:12.889000,1.05196,1.05193,1500000,1310000
2018-03-23 12:39:13.929000,1.05197,1.05193,5250000,1690000
2018-03-23 12:39:17.499000,1.05197,1.05194,1000000,1190000
2018-03-23 12:39:17.601000,1.05199,1.05195,2320000,2060000
2018-03-23 12:39:18.049000,1.052,1.05198,1100000,1310000
2018-03-23 12:39:18.100000,1.05202,1.05198,4870000,4390000
2018-03-23 12:39:18.603000,1.05203,1.05199,1870000,1250000
2018-03-23 12:39:19.113000,1.05203,1.05199,1120000,3560000
2018-03-23 12:39:19.569000,1.05204,1.05202,1500000,1190000
2018-03-23 12:39:19.621000,1.05206,1.05202,4570000,1310000
2018-03-23 12:39:19.979000,1.05207,1.05204,2250000,1310000
2018-03-23 12:39:20.085000,1.05209,1.05205,6820000,1250000
2018-03-23 12:39:20.239000,1.05207,1.05204,1000000,1000000
2018-03-23 12:39:20.770000,1.05207,1.05204,1870000,1190000
2018-03-23 12:39:21.330000,1.05209,1.05204,4200000,2440000
2018-03-23 12:39:21.862000,1.05209,1.05204,3820000,1690000
2018-03-23 12:39:23.220000,1.0521,1.05208,1000000,4310000
2018-03-23 12:39:23.277000,1.05213,1.05208,7200000,7310000
2018-03-23 12:39:23.790000,1.05213,1.05209,1000000,4690000
2018-03-23 12:39:25.632000,1.05214,1.0521,6070000,1310000
2018-03-23 12:39:25.789000,1.05215,1.05212,1500000,1310000
2018-03-23 12:39:26.307000,1.05216,1.05212,4200000,1310000
2018-03-23 12:39:27.101000,1.05216,1.05212,2620000,1870000
2018-03-23 12:39:28.427000,1.05217,1.05215,1500000,1690000
2018-03-23 12:39:28.480000,1.05218,1.05216,1000000,1620000
2018-03-23 12:39:28.585000,1.0522,1.05216,4120000,1620000
2018-03-23 12:39:29.189000,1.05219,1.05216,1000000,1620000
2018-03-23 12:39:29.701000,1.05219,1.05216,3000000,1000000
2018-03-23 12:39:30.222000,1.0522,1.05217,1500000,1190000
2018-03-23 12:39:30.530000,1.0522,1.05216,4420000,2250000
2018-03-23 12:39:30.625000,1.05218,1.05216,1000000,1870000
2018-03-23 12:39:30.780000,1.05216,1.05212,1500000,5140000
2018-03-23 12:39:31.190000,1.05218,1.05215,4800000,1250000
2018-03-23 12:39:31.242000,1.05218,1.05215,1500000,1310000
2018-03-23 12:39:31.791000,1.05219,1.05216,1120000,1250000
2018-03-23 12:39:32.313000,1.0522,1.05218,1000000,1250000
2018-03-23 12:39:32.521000,1.05222,1.05218,2700000,1310000
2018-03-23 12:39:32.574000,1.05223,1.05219,2320000,3190000
2018-03-23 12:39:32.985000,1.05222,1.05218,3370000,2060000
2018-03-23 12:39:33.505000,1.0522,1.05217,1000000,1190000
2018-03-23 12:39:33.866000,1.05219,1.05215,6040000,3640000
2018-03-23 12:39:34.181000,1.05217,1.05213,4120000,1250000
2018-03-23 12:39:34.603000,1.05218,1.05215,1120000,1250000
2018-03-23 12:39:34.931000,1.05216,1.05213,2250000,1250000
2018-03-23 12:39:35.445000,1.05216,1.05214,1120000,1250000
2018-03-23 12:39:35.582000,1.05217,1.05212,2700000,2810000
2018-03-23 12:39:35.635000,1.05216,1.05214,1000000,1000000
2018-03-23 12:39:35.793000,1.0522,1.05216,3450000,1310000
2018-03-23 12:39:35.899000,1.05223,1.05219,2700000,3750000
2018-03-23 12:39:36.438000,1.05222,1.05218,1000000,3640000
2018-03-23 12:39:36.958000,1.05222,1.05218,2620000,1190000
2018-03-23 12:39:37.707000,1.0522,1.05217,1000000,1760000
2018-03-23 12:39:38.054000,1.05216,1.05213,1120000,1010000
2018-03-23 12:39:38.475000,1.05215,1.0521,1370000,8890000
2018-03-23 12:39:38.987000,1.05213,1.05209,1000000,3640000
2018-03-23 12:39:39.300000,1.05211,1.05208,1000000,3450000
2018-03-23 12:39:39.354000,1.05209,1.05206,2850000,3070000
2018-03-23 12:39:39.895000,1.05211,1.05206,4500000,3260000
2018-03-23 12:39:40.101000,1.05211,1.05209,1500000,1190000
2018-03-23 12:39:40.152000,1.05212,1.05209,1120000,1390000
2018-03-23 12:39:40.323000,1.05211,1.05207,2250000,1760000
2018-03-23 12:39:40.836000,1.0521,1.05207,2250000,1760000
2018-03-23 12:39:41.312000,1.05211,1.05207,1690000,6260000
2018-03-23 12:39:41.467000,1.05213,1.05208,3370000,3260000
2018-03-23 12:39:42.088000,1.05213,1.0521,1000000,1690000
2018-03-23 12:39:42.616000,1.05214,1.0521,2620000,2140000
2018-03-23 12:39:43.139000,1.05213,1.05208,4120000,1760000
2018-03-23 12:39:43.650000,1.05212,1.05208,1000000,1760000
2018-03-23 12:39:44.846000,1.05212,1.05208,6640000,1470000
2018-03-23 12:39:45.783000,1.05212,1.05209,2250000,1200000
2018-03-23 12:39:46.290000,1.05213,1.05209,4870000,1470000
2018-03-23 12:39:46.555000,1.05211,1.05207,7120000,1950000
2018-03-23 12:39:47.092000,1.0521,1.05206,3370000,1570000
2018-03-23 12:39:47.657000,1.0521,1.05206,3750000,1200000
2018-03-23 12:39:48.554000,1.05201,1.05199,3750000,1250000
2018-03-23 12:39:48.607000,1.05199,1.05195,3560000,1250000
2018-03-23 12:39:48.809000,1.05199,1.05197,3750000,1500000
2018-03-23 12:39:48.915000,1.05201,1.05197,1120000,9940000
2018-03-23 12:39:49.985000,1.05201,1.05198,1120000,1690000
2018-03-23 12:39:50.542000,1.05202,1.05198,2810000,1120000
2018-03-23 12:39:51.176000,1.05202,1.05198,2810000,2320000
2018-03-23 12:39:51.665000,1.052,1.05197,1620000,5320000
2018-03-23 12:39:51.716000,1.052,1.05196,3560000,1010000
2018-03-23 12:39:52.512000,1.052,1.05196,1250000,1390000
2018-03-23 12:39:53.021000,1.05199,1.05195,1120000,2140000
2018-03-23 12:39:53.500000,1.05199,1.05195,2250000,1100000
2018-03-23 12:39:53.812000,1.05195,1.05191,1120000,1950000
2018-03-23 12:39:53.865000,1.05194,1.05191,3750000,1200000
2018-03-23 12:39:53.917000,1.05192,1.05189,1000000,2140000
2018-03-23 12:39:54.173000,1.05192,1.05189,1000000,1690000
2018-03-23 12:39:54.442000,1.05197,1.05191,10010000,1760000
2018-03-23 12:39:54.600000,1.05196,1.05192,2620000,1010000
2018-03-23 12:39:54.703000,1.05197,1.05192,1870000,3640000
2018-03-23 12:39:54.953000,1.05201,1.05197,1190000,1870000
2018-03-23 12:39:55.469000,1.05201,1.05197,1000000,2890000
2018-03-23 12:39:55.978000,1.05201,1.05197,1250000,1250000
2018-03-23 12:39:56.666000,1.05201,1.05198,1000000,1690000
2018-03-23 12:39:57.138000,1.05202,1.05197,2510000,1690000
2018-03-23 12:39:57.533000,1.05202,1.05198,3070000,1690000
2018-03-23 12:39:58.272000,1.05202,1.05198,2810000,1370000
2018-03-23 12:39:58.773000,1.05202,1.05198,2810000,1690000
2018-03-23 12:39:59.135000,1.05204,1.052,3820000,3410000
2018-03-23 12:39:59.463000,1.05207,1.05204,1000000,1190000
2018-03-23 12:39:59.569000,1.05205,1.052,2620000,5510000
2018-03-23 12:40:00.079000,1.05206,1.05201,2250000,2890000
2018-03-23 12:40:00.700000,1.05207,1.05203,4350000,1690000
2018-03-23 12:40:01.023000,1.05208,1.05204,1120000,2440000
2018-03-23 12:40:01.180000,1.05211,1.05206,5850000,2320000
2018-03-23 12:40:01.907000,1.05211,1.05206,7720000,1200000
2018-03-23 12:40:02.165000,1.05212,1.05207,1120000,4010000
2018-03-23 12:40:02.913000,1.05212,1.05207,4870000,2890000
2018-03-23 12:40:03.451000,1.05211,1.05207,1000000,1390000
