time,ask,bid,ask_volume,bid_volume
2017-03-15 12:25:00.171000,1.14598,1.14595,1500000,1000000
2017-03-15 12:25:02.670000,1.14599,1.14595,1500000,5290000
2017-03-15 12:25:02.772000,1.14599,1.14597,1000000,2810000
2017-03-15 12:25:02.823000,1.146,1.14598,1120000,1120000
2017-03-15 12:25:03.329000,1.14601,1.14597,4120000,3560000
2017-03-15 12:25:07.147000,1.14599,1.14597,1000000,2250000
2017-03-15 12:25:07.451000,1.14599,1.14595,6000000,2060000
2017-03-15 12:25:07.906000,1.14596,1.14594,1500000,2250000
2017-03-15 12:25:08.213000,1.14595,1.14592,3000000,1000000
2017-03-15 12:25:08.720000,1.14596,1.14593,3750000,1000000
2017-03-15 12:25:13.659000,1.14594,1.14593,1000000,1000000
2017-03-15 12:25:14.819000,1.14596,1.14593,3000000,1120000
2017-03-15 12:25:16.364000,1.14596,1.14594,2250000,1000000
2017-03-15 12:25:16.870000,1.14596,1.14593,2250000,1000000
2017-03-15 12:25:22.361000,1.14597,1.14594,3940000,1120000
2017-03-15 12:25:23.385000,1.14598,1.14595,5060000,1000000
2017-03-15 12:25:24.305000,1.14598,1.14594,5060000,1120000
2017-03-15 12:25:25.287000,1.14597,1.14595,3190000,1000000
2017-03-15 12:25:28.625000,1.14597,1.14595,1120000,1100000
2017-03-15 12:25:30.459000,1.14598,1.14595,2250000,1100000
2017-03-15 12:25:32.252000,1.14597,1.14595,1000000,1100000
2017-03-15 12:25:34.581000,1.14598,1.14595,3000000,1570000
2017-03-15 12:25:35.203000,1.14597,1.14595,1000000,1100000
2017-03-15 12:25:35.672000,1.14595,1.14592,5660000,3000000
2017-03-15 12:25:35.977000,1.14589,1.14588,1120000,1000000
2017-03-15 12:25:36.528000,1.14589,1.14587,1870000,2810000
2017-03-15 12:25:37.291000,1.14587,1.14585,4350000,4500000
2017-03-15 12:25:37.342000,1.14586,1.14584,1670000,1310000
2017-03-15 12:25:37.444000,1.14585,1.14582,1120000,2810000
2017-03-15 12:25:37.950000,1.14583,1.14582,1500000,1000000
2017-03-15 12:25:38.002000,1.14583,1.14579,3000000,2810000
2017-03-15 12:25:38.053000,1.14582,1.1458,1120000,1000000
2017-03-15 12:25:39.304000,1.14581,1.14579,2250000,1120000
2017-03-15 12:25:40.586000,1.14581,1.14579,4500000,1000000
2017-03-15 12:25:41.092000,1.14582,1.14579,2250000,1000000
2017-03-15 12:25:41.598000,1.14581,1.1458,1000000,1000000
2017-03-15 12:25:42.251000,1.14582,1.14579,3000000,1310000
2017-03-15 12:25:44.866000,1.14581,1.14579,1000000,2810000
2017-03-15 12:25:45.410000,1.14582,1.14581,1000000,1000000
2017-03-15 12:25:46.236000,1.14584,1.14581,2250000,1000000
2017-03-15 12:25:46.741000,1.14584,1.14582,1120000,1000000
2017-03-15 12:25:47.411000,1.14586,1.14582,3470000,1690000
2017-03-15 12:25:48.116000,1.14586,1.14584,1600000,1000000
2017-03-15 12:25:48.218000,1.14587,1.14586,1000000,1000000
2017-03-15 12:25:48.837000,1.14588,1.14585,3000000,1000000
2017-03-15 12:25:49.142000,1.14585,1.14583,1870000,1000000
2017-03-15 12:25:49.649000,1.14585,1.14584,1120000,1000000
2017-03-15 12:25:50.805000,1.14583,1.14581,1190000,4870000
2017-03-15 12:25:50.857000,1.14583,1.14581,8810000,1000000
2017-03-15 12:25:51.363000,1.14582,1.14581,7870000,1000000
2017-03-15 12:25:51.769000,1.14586,1.14583,2250000,4120000
2017-03-15 12:25:53.606000,1.14587,1.14585,1690000,1000000
2017-03-15 12:25:54.023000,1.14588,1.14587,1250000,1000000
2017-03-15 12:25:56.312000,1.14589,1.14586,3000000,2620000
2017-03-15 12:25:56.830000,1.14588,1.14587,1000000,1000000
2017-03-15 12:25:57.705000,1.1459,1.14587,1620000,1000000
2017-03-15 12:25:58.206000,1.1459,1.14588,1620000,1000000
2017-03-15 12:25:58.712000,1.14588,1.14586,1000000,2620000
2017-03-15 12:26:01.640000,1.14589,1.14586,1870000,3370000
2017-03-15 12:26:02.157000,1.1459,1.14588,1620000,1000000
2017-03-15 12:26:02.683000,1.14591,1.14588,2810000,1000000
2017-03-15 12:26:04.952000,1.14592,1.14589,4690000,1500000
2017-03-15 12:26:05.155000,1.14592,1.14589,2440000,1000000
2017-03-15 12:26:05.661000,1.14592,1.1459,1250000,1000000
2017-03-15 12:26:06.350000,1.14593,1.14591,3560000,1000000
2017-03-15 12:26:06.814000,1.14595,1.14592,1500000,1000000
2017-03-15 12:26:07.347000,1.14596,1.14593,2060000,1000000
2017-03-15 12:26:09.207000,1.14597,1.14594,4690000,1000000
2017-03-15 12:26:10.490000,1.14595,1.14593,1190000,1000000
2017-03-15 12:26:10.592000,1.14595,1.14591,6560000,1870000
2017-03-15 12:26:10.896000,1.14596,1.14593,2620000,1500000
2017-03-15 12:26:11.499000,1.14596,1.14594,1870000,1000000
2017-03-15 12:26:12.920000,1.14596,1.14595,1000000,1000000
2017-03-15 12:26:13.437000,1.14597,1.14595,2440000,1000000
2017-03-15 12:26:13.944000,1.14597,1.14596,1000000,1000000
2017-03-15 12:26:14.197000,1.14598,1.14596,1000000,1500000
2017-03-15 12:26:15.016000,1.14599,1.14597,4310000,1000000
2017-03-15 12:26:16.379000,1.14599,1.14598,1500000,1000000
2017-03-15 12:26:16.485000,1.14601,1.14598,2250000,1000000
2017-03-15 12:26:16.992000,1.14602,1.14598,5810000,1500000
2017-03-15 12:26:17.191000,1.14603,1.14601,1500000,1500000
2017-03-15 12:26:17.697000,1.14603,1.14602,1000000,1000000
2017-03-15 12:26:20.123000,1.14604,1.14602,1250000,1000000
2017-03-15 12:26:20.629000,1.14604,1.14601,4690000,1000000
2017-03-15 12:26:22.665000,1.14605,1.14602,8060000,1000000
2017-03-15 12:26:29.733000,1.14604,1.14601,1690000,1000000
2017-03-15 12:26:30.345000,1.14604,1.14601,2440000,1000000
2017-03-15 12:26:32.297000,1.14603,1.14601,1500000,1000000
2017-03-15 12:26:37.067000,1.14605,1.14602,4310000,1000000
2017-03-15 12:26:43.330000,1.14604,1.14601,4310000,1000000
2017-03-15 12:26:43.862000,1.14604,1.14601,3560000,1000000
2017-03-15 12:26:44.923000,1.14603,1.14601,1120000,1000000
2017-03-15 12:26:46.514000,1.14604,1.14601,3560000,1000000
2017-03-15 12:26:47.018000,1.14604,1.14601,3190000,1000000
2017-03-15 12:26:47.527000,1.14604,1.14601,3190000,1000000
2017-03-15 12:26:48.041000,1.14604,1.14601,1310000,1000000
2017-03-15 12:26:48.547000,1.14604,1.146,1310000,1990000
2017-03-15 12:26:51.639000,1.14604,1.14601,1310000,1000000
2017-03-15 12:26:54.933000,1.14605,1.146,4690000,1500000
2017-03-15 12:26:55.450000,1.14605,1.14601,3190000,1000000
2017-03-15 12:26:58.437000,1.14605,1.146,3190000,3520000
2017-03-15 12:26:58.937000,1.14605,1.14604,1120000,1000000
2017-03-15 12:26:59.089000,1.14607,1.14604,1120000,5440000
2017-03-15 12:26:59.242000,1.14606,1.14604,3370000,2620000
2017-03-15 12:26:59.545000,1.14604,1.14601,1000000,1000000
2017-03-15 12:27:00.062000,1.14603,1.146,1000000,1000000
2017-03-15 12:27:00.568000,1.14602,1.14598,1350000,3940000
2017-03-15 12:27:00.619000,1.14602,1.14598,2850000,2810000
2017-03-15 12:27:01.068000,1.146,1.14596,1120000,3940000
2017-03-15 12:27:01.423000,1.14598,1.14595,1000000,2440000
2017-03-15 12:27:01.577000,1.14598,1.14593,2810000,5810000
2017-03-15 12:27:05.572000,1.14598,1.14593,1690000,5060000
2017-03-15 12:27:11.630000,1.14598,1.14595,1000000,1000000
2017-03-15 12:27:13.131000,1.14597,1.14594,1000000,1690000
2017-03-15 12:27:13.640000,1.14598,1.14594,1000000,1310000
2017-03-15 12:27:15.487000,1.14598,1.14595,1000000,1000000
2017-03-15 12:27:16.002000,1.14601,1.14597,3560000,1000000
2017-03-15 12:27:16.508000,1.14601,1.14597,1500000,2440000
2017-03-15 12:27:18.024000,1.14601,1.14599,1500000,1000000
2017-03-15 12:27:21.022000,1.14601,1.14598,1500000,2250000
2017-03-15 12:27:21.551000,1.14601,1.14597,3940000,1000000
2017-03-15 12:27:21.906000,1.14599,1.14595,1500000,8810000
2017-03-15 12:27:23.593000,1.14599,1.14595,1500000,4690000
2017-03-15 12:27:25.505000,1.14601,1.14595,3280000,5440000
2017-03-15 12:27:26.014000,1.14601,1.14597,2530000,1000000
2017-03-15 12:27:27.804000,1.14602,1.14597,1750000,1690000
2017-03-15 12:27:28.644000,1.146,1.14599,1000000,2440000
2017-03-15 12:27:28.807000,1.14602,1.14601,1000000,1250000
2017-03-15 12:27:28.908000,1.14601,1.14598,1500000,2440000
2017-03-15 12:27:38.989000,1.14603,1.146,3000000,1000000
2017-03-15 12:27:39.090000,1.14603,1.14599,2250000,4310000
2017-03-15 12:27:41.056000,1.14604,1.146,3000000,1690000
2017-03-15 12:27:45.265000,1.14603,1.14599,1000000,7690000
2017-03-15 12:27:46.138000,1.14602,1.14599,1000000,2810000
2017-03-15 12:27:52.409000,1.14602,1.14599,1000000,2440000
2017-03-15 12:27:54.059000,1.14603,1.14599,1120000,2440000
2017-03-15 12:28:00.508000,1.14602,1.14599,1000000,2060000
2017-03-15 12:28:00.559000,1.14599,1.14598,1000000,1000000
2017-03-15 12:28:00.660000,1.146,1.14596,4870000,2060000
2017-03-15 12:28:03.997000,1.146,1.14599,1000000,1000000
2017-03-15 12:28:04.516000,1.14602,1.14599,1120000,1310000
2017-03-15 12:28:06.836000,1.14601,1.14599,1000000,1120000
2017-03-15 12:28:10.764000,1.14602,1.14599,1870000,1120000
2017-03-15 12:28:12.539000,1.14602,1.146,1120000,1000000
2017-03-15 12:28:13.044000,1.14602,1.14599,1120000,2060000
2017-03-15 12:28:17.298000,1.14603,1.14601,1500000,1500000
2017-03-15 12:28:17.803000,1.14603,1.14601,1120000,1000000
2017-03-15 12:28:18.410000,1.14603,1.146,1120000,1250000
2017-03-15 12:28:19.816000,1.14602,1.14599,1000000,1310000
2017-03-15 12:28:20.319000,1.14601,1.14598,1000000,1310000
2017-03-15 12:28:22.949000,1.146,1.14598,1000000,1120000
2017-03-15 12:28:23.455000,1.146,1.14599,1000000,1000000
2017-03-15 12:28:24.056000,1.14601,1.14599,2060000,1000000
2017-03-15 12:28:24.467000,1.14604,1.14602,6750000,2620000
2017-03-15 12:28:24.619000,1.14607,1.14605,1310000,1000000
2017-03-15 12:28:25.139000,1.14608,1.14604,2810000,1120000
2017-03-15 12:28:26.247000,1.14608,1.14605,1500000,1870000
2017-03-15 12:28:26.298000,1.14609,1.14605,3190000,1500000
2017-03-15 12:28:27.448000,1.14609,1.14604,4690000,2060000
2017-03-15 12:28:28.579000,1.14609,1.14605,1690000,1500000
2017-03-15 12:28:29.093000,1.14609,1.14604,3560000,2440000
2017-03-15 12:28:29.397000,1.14609,1.14605,5620000,1310000
2017-03-15 12:28:29.499000,1.14609,1.14605,2620000,2060000
2017-03-15 12:28:31.588000,1.14608,1.14605,1000000,1620000
2017-03-15 12:28:32.357000,1.14607,1.14605,1000000,1690000
2017-03-15 12:28:34.874000,1.14608,1.14605,1000000,2620000
2017-03-15 12:28:35.458000,1.14607,1.14605,1000000,1870000
2017-03-15 12:28:35.610000,1.14609,1.14605,2060000,1370000
2017-03-15 12:28:36.329000,1.14608,1.14605,1000000,1370000
2017-03-15 12:28:36.868000,1.14609,1.14605,1250000,1370000
2017-03-15 12:28:39.949000,1.1461,1.14608,2620000,1000000
2017-03-15 12:28:40.460000,1.14611,1.14608,1690000,1120000
2017-03-15 12:28:42.083000,1.1461,1.14606,1000000,3190000
2017-03-15 12:28:42.648000,1.1461,1.14606,1500000,1620000
2017-03-15 12:28:43.023000,1.14608,1.14606,1000000,1370000
2017-03-15 12:28:43.616000,1.14609,1.14604,1690000,2810000
2017-03-15 12:28:44.292000,1.1461,1.14604,2810000,8440000
2017-03-15 12:28:44.444000,1.14608,1.14605,1000000,1620000
2017-03-15 12:28:46.701000,1.1461,1.14605,1120000,2060000
2017-03-15 12:28:47.508000,1.14609,1.14604,1000000,6190000
2017-03-15 12:28:48.046000,1.14608,1.14604,1000000,5440000
2017-03-15 12:28:49.013000,1.14607,1.14604,1000000,4310000
2017-03-15 12:28:52.209000,1.14609,1.14604,2910000,6190000
2017-03-15 12:28:52.439000,1.14607,1.14604,1000000,3190000
2017-03-15 12:28:53.917000,1.14608,1.14604,1000000,3190000
2017-03-15 12:28:56.521000,1.14609,1.14604,1310000,4690000
2017-03-15 12:28:56.889000,1.14604,1.14601,1000000,3900000
2017-03-15 12:28:59.703000,1.14606,1.14601,10690000,2820000
2017-03-15 12:29:01.863000,1.14604,1.14601,1000000,2820000
2017-03-15 12:29:02.065000,1.14604,1.146,1120000,5060000
2017-03-15 12:29:04.716000,1.14602,1.14599,1000000,2440000
2017-03-15 12:29:05.235000,1.14605,1.146,5060000,1870000
2017-03-15 12:29:06.475000,1.14602,1.146,1000000,1000000
2017-03-15 12:29:06.982000,1.14602,1.14599,1000000,1690000
2017-03-15 12:29:07.526000,1.14604,1.146,3940000,1000000
2017-03-15 12:29:08.056000,1.14604,1.146,3560000,1120000
2017-03-15 12:29:09.758000,1.14604,1.14601,2440000,1500000
2017-03-15 12:29:11.143000,1.14605,1.146,5440000,1500000
2017-03-15 12:29:14.810000,1.14605,1.14602,3190000,1120000
2017-03-15 12:29:15.316000,1.14606,1.14602,8810000,2620000
2017-03-15 12:29:15.927000,1.14606,1.14603,7690000,1000000
2017-03-15 12:29:16.232000,1.14611,1.14608,4500000,4120000
2017-03-15 12:29:16.333000,1.14612,1.14609,2810000,1000000
2017-03-15 12:29:16.842000,1.14609,1.14607,3060000,1500000
2017-03-15 12:29:16.894000,1.14607,1.14606,1120000,1120000
2017-03-15 12:29:17.402000,1.14608,1.14606,1300000,1120000
2017-03-15 12:29:17.825000,1.1461,1.14606,1160000,3000000
2017-03-15 12:29:18.180000,1.1461,1.14606,1910000,3000000
2017-03-15 12:29:18.696000,1.1461,1.14606,1160000,3000000
2017-03-15 12:29:19.235000,1.14611,1.14607,4690000,1000000
2017-03-15 12:29:19.640000,1.14611,1.1461,1870000,2620000
2017-03-15 12:29:19.742000,1.14613,1.14611,1310000,2620000
2017-03-15 12:29:20.248000,1.14615,1.14611,1910000,2620000
2017-03-15 12:29:20.564000,1.14615,1.14613,1910000,1000000
2017-03-15 12:29:21.020000,1.14616,1.14614,4720000,2120000
2017-03-15 12:29:21.172000,1.14617,1.14616,1300000,1000000
2017-03-15 12:29:21.839000,1.14618,1.14616,1160000,1000000
2017-03-15 12:29:22.348000,1.14618,1.14616,2140000,1000000
2017-03-15 12:29:22.854000,1.14619,1.14616,1850000,3370000
2017-03-15 12:29:23.213000,1.14617,1.14615,1600000,3750000
2017-03-15 12:29:23.719000,1.14617,1.14615,5440000,1120000
2017-03-15 12:29:24.227000,1.14616,1.14614,1050000,2620000
2017-03-15 12:29:24.850000,1.14616,1.14614,1540000,2620000
2017-03-15 12:29:25.418000,1.14616,1.14613,1540000,3750000
2017-03-15 12:29:26.319000,1.14617,1.14613,7540000,1120000
2017-03-15 12:29:26.826000,1.14616,1.14613,1540000,1120000
2017-03-15 12:29:27.394000,1.14617,1.14613,8510000,1120000
2017-03-15 12:29:27.904000,1.14616,1.14613,1540000,1120000
2017-03-15 12:29:30.081000,1.14615,1.14612,1000000,1870000
2017-03-15 12:29:30.587000,1.14616,1.14612,1090000,4500000
2017-03-15 12:29:31.229000,1.14615,1.14612,1000000,3000000
2017-03-15 12:29:31.537000,1.14615,1.14614,1000000,1000000
2017-03-15 12:29:31.651000,1.14615,1.14612,1000000,1120000
2017-03-15 12:29:31.803000,1.14615,1.14614,1000000,1000000
2017-03-15 12:29:31.956000,1.14615,1.14612,1000000,1500000
2017-03-15 12:29:32.058000,1.14616,1.14614,1300000,1000000
2017-03-15 12:29:32.608000,1.14616,1.14612,1300000,1120000
2017-03-15 12:29:33.114000,1.14617,1.14611,1720000,4120000
2017-03-15 12:29:33.879000,1.14616,1.14614,1300000,1120000
2017-03-15 12:29:34.563000,1.14617,1.14612,4090000,1500000
2017-03-15 12:29:35.071000,1.14617,1.14612,4270000,1000000
2017-03-15 12:29:35.418000,1.14615,1.14612,1520000,1000000
2017-03-15 12:29:35.469000,1.14616,1.14611,4050000,1370000
2017-03-15 12:29:35.571000,1.14617,1.14611,1120000,1870000
2017-03-15 12:29:36.080000,1.14617,1.14611,1520000,1870000
2017-03-15 12:29:36.692000,1.14616,1.14611,1200000,1870000
2017-03-15 12:29:37.650000,1.14616,1.14611,3260000,1870000
2017-03-15 12:29:38.217000,1.14615,1.14611,1200000,2250000
2017-03-15 12:29:44.593000,1.14613,1.14609,1200000,2200000
2017-03-15 12:29:45.405000,1.14615,1.14609,1370000,1500000
2017-03-15 12:29:45.609000,1.14617,1.14611,2620000,1000000
2017-03-15 12:29:46.118000,1.14617,1.1461,3000000,1000000
2017-03-15 12:29:47.201000,1.14617,1.14611,2250000,1500000
2017-03-15 12:29:47.781000,1.14617,1.14611,1000000,2250000
2017-03-15 12:29:48.210000,1.14619,1.14613,1570000,1000000
2017-03-15 12:29:48.716000,1.14619,1.14612,3000000,1000000
2017-03-15 12:29:50.104000,1.14619,1.14613,2250000,1000000
2017-03-15 12:29:50.409000,1.14618,1.14611,2250000,1000000
2017-03-15 12:29:51.326000,1.14617,1.14609,1120000,3000000
2017-03-15 12:29:51.990000,1.14617,1.14609,1000000,1000000
2017-03-15 12:29:52.913000,1.14616,1.14608,1000000,2700000
2017-03-15 12:29:52.965000,1.14616,1.14608,1000000,3820000
2017-03-15 12:29:53.016000,1.14616,1.14608,1000000,2700000
2017-03-15 12:29:54.407000,1.14616,1.14608,1000000,3070000
2017-03-15 12:29:55.521000,1.14616,1.14608,1000000,1950000
2017-03-15 12:29:56.082000,1.14618,1.1461,1000000,1000000
2017-03-15 12:29:57.555000,1.1462,1.14612,1450000,1000000
2017-03-15 12:29:57.865000,1.14622,1.14616,1120000,1000000
2017-03-15 12:29:58.413000,1.14622,1.14616,1370000,1000000
2017-03-15 12:29:58.743000,1.14624,1.14616,1000000,1000000
2017-03-15 12:30:00.577000,1.14626,1.14621,1200000,1270000
2017-03-15 12:30:00.629000,1.1463,1.14623,1200000,1870000
2017-03-15 12:30:00.797000,1.14642,1.14639,2250000,1120000
2017-03-15 12:30:00.849000,1.14645,1.14641,2250000,1000000
2017-03-15 12:30:00.900000,1.14652,1.14641,1000000,1000000
2017-03-15 12:30:00.951000,1.14649,1.14642,1000000,1120000
2017-03-15 12:30:01.002000,1.14655,1.14641,3370000,1000000
2017-03-15 12:30:01.053000,1.14653,1.14636,1000000,1500000
2017-03-15 12:30:01.104000,1.14655,1.14636,1000000,2620000
2017-03-15 12:30:01.408000,1.14652,1.14636,1000000,1120000
2017-03-15 12:30:01.820000,1.14653,1.14641,1000000,1000000
2017-03-15 12:30:01.872000,1.14659,1.14643,1000000,1000000
2017-03-15 12:30:01.973000,1.14662,1.14644,1000000,1000000
2017-03-15 12:30:02.126000,1.14657,1.1464,1000000,1000000
2017-03-15 12:30:02.177000,1.14661,1.14635,1200000,1370000
2017-03-15 12:30:02.280000,1.14659,1.14647,1000000,1000000
2017-03-15 12:30:02.381000,1.14659,1.14644,1000000,3000000
2017-03-15 12:30:02.635000,1.14654,1.14646,1000000,1000000
2017-03-15 12:30:03.137000,1.14658,1.1465,1000000,1000000
2017-03-15 12:30:03.391000,1.14666,1.14651,1870000,1000000
2017-03-15 12:30:03.442000,1.14667,1.14647,1120000,2620000
2017-03-15 12:30:03.903000,1.14668,1.14649,1120000,1120000
2017-03-15 12:30:04.208000,1.14665,1.14651,1000000,1120000
2017-03-15 12:30:04.514000,1.14671,1.14666,1000000,4120000
2017-03-15 12:30:04.565000,1.14672,1.14659,1000000,1000000
2017-03-15 12:30:04.616000,1.1467,1.14662,1000000,1000000
2017-03-15 12:30:04.911000,1.14664,1.14649,1370000,1370000
2017-03-15 12:30:04.962000,1.14667,1.14653,1870000,1500000
2017-03-15 12:30:05.302000,1.14675,1.14668,1000000,1000000
2017-03-15 12:30:05.353000,1.14675,1.14663,3000000,2250000
2017-03-15 12:30:05.405000,1.14673,1.14671,2250000,1000000
2017-03-15 12:30:05.559000,1.14684,1.14676,1650000,1000000
2017-03-15 12:30:05.610000,1.14684,1.14676,1150000,1870000
2017-03-15 12:30:05.662000,1.14684,1.14678,1000000,1000000
2017-03-15 12:30:05.827000,1.14681,1.14677,1000000,1000000
2017-03-15 12:30:05.878000,1.14683,1.14677,1000000,1000000
2017-03-15 12:30:05.980000,1.14683,1.14679,1000000,1000000
2017-03-15 12:30:06.032000,1.14687,1.14679,1000000,1000000
2017-03-15 12:30:06.439000,1.1468,1.14677,1500000,1000000
2017-03-15 12:30:06.540000,1.14677,1.14669,1500000,1500000
2017-03-15 12:30:06.642000,1.1468,1.14673,1120000,1000000
2017-03-15 12:30:06.985000,1.14698,1.14694,6450000,1500000
2017-03-15 12:30:07.042000,1.14701,1.14699,1000000,1000000
2017-03-15 12:30:07.315000,1.14703,1.14698,1000000,1190000
2017-03-15 12:30:07.518000,1.147,1.14696,1000000,1190000
2017-03-15 12:30:07.622000,1.14703,1.14696,1000000,1190000
2017-03-15 12:30:07.977000,1.14701,1.14695,1000000,1250000
2017-03-15 12:30:08.028000,1.147,1.14693,1690000,1250000
2017-03-15 12:30:08.080000,1.14695,1.14692,1000000,1250000
2017-03-15 12:30:08.602000,1.14698,1.14692,2620000,1190000
2017-03-15 12:30:08.704000,1.14698,1.14696,1500000,2060000
2017-03-15 12:30:08.755000,1.14704,1.147,1190000,1000000
2017-03-15 12:30:08.807000,1.14705,1.14697,1000000,1690000
2017-03-15 12:30:08.858000,1.14705,1.14699,1000000,1190000
2017-03-15 12:30:08.909000,1.14707,1.147,1120000,1190000
2017-03-15 12:30:09.012000,1.1471,1.14706,1500000,1000000
2017-03-15 12:30:09.350000,1.14714,1.14706,1190000,2060000
2017-03-15 12:30:09.907000,1.14712,1.14706,1000000,2060000
2017-03-15 12:30:09.960000,1.14719,1.14711,1000000,1690000
2017-03-15 12:30:10.062000,1.14717,1.14709,1250000,1190000
2017-03-15 12:30:10.113000,1.14717,1.1471,1870000,1190000
2017-03-15 12:30:10.164000,1.14717,1.14709,1310000,1690000
2017-03-15 12:30:10.494000,1.14719,1.14711,1000000,2440000
2017-03-15 12:30:11.256000,1.14718,1.14711,1000000,1190000
2017-03-15 12:30:11.307000,1.14718,1.1471,1190000,1190000
2017-03-15 12:30:11.359000,1.14716,1.14713,1250000,1000000
2017-03-15 12:30:11.517000,1.1472,1.14714,1250000,1250000
2017-03-15 12:30:11.569000,1.14724,1.14716,1690000,1690000
2017-03-15 12:30:11.925000,1.14722,1.14713,1500000,2440000
2017-03-15 12:30:12.230000,1.14717,1.14711,3000000,1870000
2017-03-15 12:30:12.536000,1.14713,1.14711,1120000,1500000
2017-03-15 12:30:12.742000,1.14714,1.14712,3190000,1500000
2017-03-15 12:30:13.251000,1.14717,1.14715,1500000,1500000
2017-03-15 12:30:13.303000,1.14716,1.14712,1870000,2250000
2017-03-15 12:30:13.586000,1.14716,1.14713,1120000,1000000
2017-03-15 12:30:13.739000,1.14719,1.14715,3190000,1500000
2017-03-15 12:30:13.943000,1.1472,1.14716,1250000,1000000
2017-03-15 12:30:14.400000,1.1472,1.14715,1190000,1870000
2017-03-15 12:30:14.921000,1.1472,1.14715,8440000,1690000
2017-03-15 12:30:15.227000,1.1472,1.14717,8990000,1000000
2017-03-15 12:30:15.278000,1.1472,1.14713,9930000,1690000
2017-03-15 12:30:15.481000,1.14715,1.14712,2250000,1690000
2017-03-15 12:30:15.785000,1.14705,1.14701,3750000,1870000
2017-03-15 12:30:15.890000,1.14701,1.14697,2440000,3000000
2017-03-15 12:30:15.992000,1.147,1.14697,1120000,1500000
2017-03-15 12:30:16.044000,1.147,1.14694,2060000,1310000
2017-03-15 12:30:16.095000,1.147,1.14695,1870000,1190000
2017-03-15 12:30:16.400000,1.147,1.14698,3370000,1190000
2017-03-15 12:30:16.606000,1.14706,1.14701,1120000,2440000
2017-03-15 12:30:16.818000,1.14707,1.14703,3750000,2440000
2017-03-15 12:30:16.869000,1.1471,1.14703,2510000,2440000
2017-03-15 12:30:17.124000,1.1471,1.14706,1200000,1000000
2017-03-15 12:30:17.226000,1.14717,1.14712,1000000,1690000
2017-03-15 12:30:17.277000,1.14715,1.14711,4500000,1870000
2017-03-15 12:30:17.328000,1.14714,1.14711,1500000,2440000
2017-03-15 12:30:17.380000,1.14709,1.14708,1690000,2620000
2017-03-15 12:30:17.431000,1.14713,1.14711,1000000,1870000
2017-03-15 12:30:17.482000,1.14716,1.14709,1560000,4310000
2017-03-15 12:30:17.634000,1.14716,1.14711,1000000,1690000
2017-03-15 12:30:17.857000,1.14719,1.14712,1190000,1310000
2017-03-15 12:30:17.958000,1.14716,1.1471,1250000,4310000
2017-03-15 12:30:18.465000,1.14717,1.1471,2060000,2810000
2017-03-15 12:30:18.770000,1.14717,1.1471,1310000,3190000
2017-03-15 12:30:19.363000,1.14717,1.14712,1190000,1120000
2017-03-15 12:30:19.819000,1.14717,1.14712,1190000,1000000
2017-03-15 12:30:20.345000,1.14717,1.1471,1190000,3940000
2017-03-15 12:30:20.624000,1.14718,1.14711,2060000,1690000
2017-03-15 12:30:20.826000,1.14719,1.14713,3560000,4910000
2017-03-15 12:30:20.978000,1.1472,1.14716,1000000,1000000
2017-03-15 12:30:21.484000,1.14721,1.14716,3190000,1370000
2017-03-15 12:30:22.466000,1.14721,1.14716,1800000,1500000
2017-03-15 12:30:23.791000,1.14721,1.14715,3940000,3750000
2017-03-15 12:30:24.299000,1.14721,1.14718,2250000,1120000
2017-03-15 12:30:24.654000,1.14722,1.14717,2440000,4310000
2017-03-15 12:30:25.156000,1.14722,1.14719,3190000,1000000
2017-03-15 12:30:25.208000,1.14716,1.14714,1120000,7870000
2017-03-15 12:30:25.259000,1.14714,1.14713,1250000,4500000
2017-03-15 12:30:25.311000,1.14713,1.14709,1000000,3190000
2017-03-15 12:30:25.413000,1.14714,1.14707,3940000,6560000
2017-03-15 12:30:25.983000,1.14714,1.1471,1500000,1250000
2017-03-15 12:30:26.495000,1.14714,1.14709,1200000,1560000
2017-03-15 12:30:26.923000,1.14715,1.14708,3450000,1870000
2017-03-15 12:30:27.463000,1.14715,1.14707,4200000,1120000
2017-03-15 12:30:27.993000,1.14713,1.14706,1000000,3000000
2017-03-15 12:30:28.196000,1.14712,1.14706,3450000,1000000
2017-03-15 12:30:28.900000,1.14708,1.14703,1000000,1120000
2017-03-15 12:30:29.204000,1.14702,1.14698,1000000,2060000
2017-03-15 12:30:29.742000,1.14705,1.14699,2440000,2060000
2017-03-15 12:30:30.199000,1.14702,1.14699,1250000,1000000
2017-03-15 12:30:30.554000,1.147,1.14697,1190000,1500000
2017-03-15 12:30:30.728000,1.14698,1.14694,2440000,1870000
2017-03-15 12:30:30.779000,1.14695,1.14694,1000000,1000000
2017-03-15 12:30:31.288000,1.14695,1.14692,1000000,1370000
2017-03-15 12:30:31.440000,1.14695,1.14691,2060000,1000000
2017-03-15 12:30:31.541000,1.14695,1.14693,1950000,1120000
2017-03-15 12:30:31.843000,1.14697,1.14694,2060000,1500000
2017-03-15 12:30:31.894000,1.14698,1.14696,2250000,1000000
2017-03-15 12:30:31.946000,1.147,1.14696,1250000,1750000
2017-03-15 12:30:32.352000,1.14702,1.14699,1250000,1370000
2017-03-15 12:30:32.809000,1.14704,1.14703,2700000,1350000
2017-03-15 12:30:32.957000,1.14709,1.14706,1190000,1870000
2017-03-15 12:30:33.109000,1.1471,1.14706,1760000,1370000
2017-03-15 12:30:33.262000,1.14712,1.14709,3370000,3790000
2017-03-15 12:30:33.364000,1.14715,1.14711,2250000,2060000
2017-03-15 12:30:33.516000,1.14716,1.14711,2440000,2060000
2017-03-15 12:30:33.567000,1.14715,1.14712,1070000,1000000
2017-03-15 12:30:34.104000,1.14716,1.14711,5440000,1120000
2017-03-15 12:30:34.671000,1.14715,1.14711,1390000,1120000
2017-03-15 12:30:35.177000,1.14715,1.1471,3260000,2810000
2017-03-15 12:30:35.682000,1.14712,1.14708,1310000,4870000
2017-03-15 12:30:35.885000,1.14711,1.14708,1190000,1500000
2017-03-15 12:30:36.240000,1.1471,1.14706,6940000,1000000
2017-03-15 12:30:36.494000,1.14708,1.14705,1120000,5620000
2017-03-15 12:30:36.596000,1.14705,1.14702,9190000,1000000
2017-03-15 12:30:36.698000,1.14703,1.14702,1000000,1500000
2017-03-15 12:30:37.244000,1.14705,1.14702,2440000,1370000
2017-03-15 12:30:37.650000,1.14708,1.14707,3000000,1880000
2017-03-15 12:30:37.853000,1.14713,1.14709,2060000,5850000
2017-03-15 12:30:37.904000,1.14713,1.14712,1120000,3000000
2017-03-15 12:30:38.006000,1.14716,1.14713,2060000,1000000
2017-03-15 12:30:38.159000,1.14717,1.14715,1250000,2620000
2017-03-15 12:30:38.361000,1.14715,1.14713,1000000,2620000
2017-03-15 12:30:38.615000,1.14718,1.14715,1690000,2100000
2017-03-15 12:30:38.717000,1.14719,1.14715,1120000,3000000
2017-03-15 12:30:39.225000,1.14715,1.14713,1000000,3190000
2017-03-15 12:30:39.380000,1.14717,1.14713,1000000,3190000
2017-03-15 12:30:39.922000,1.14716,1.14714,1000000,2620000
2017-03-15 12:30:39.973000,1.14719,1.14715,4500000,3000000
2017-03-15 12:30:40.177000,1.14716,1.14714,1250000,1370000
2017-03-15 12:30:40.632000,1.14715,1.14712,1000000,5250000
2017-03-15 12:30:41.149000,1.14715,1.14714,1000000,2620000
2017-03-15 12:30:41.306000,1.14718,1.14715,2620000,1500000
2017-03-15 12:30:41.814000,1.14719,1.14716,1190000,1120000
2017-03-15 12:30:42.070000,1.14719,1.14716,1500000,3370000
2017-03-15 12:30:42.172000,1.1472,1.14716,1310000,3750000
2017-03-15 12:30:42.223000,1.14719,1.14717,1000000,1000000
2017-03-15 12:30:42.553000,1.14724,1.14722,2440000,3370000
2017-03-15 12:30:42.605000,1.14724,1.14721,1190000,1500000
2017-03-15 12:30:42.656000,1.14723,1.14722,3000000,1000000
2017-03-15 12:30:42.808000,1.14727,1.14725,2250000,1500000
2017-03-15 12:30:42.859000,1.14727,1.14726,1310000,1000000
2017-03-15 12:30:43.012000,1.14729,1.14726,1870000,3370000
2017-03-15 12:30:43.164000,1.14729,1.14726,3940000,1500000
2017-03-15 12:30:43.671000,1.14727,1.14724,2060000,3750000
2017-03-15 12:30:43.838000,1.14725,1.14724,1000000,1120000
2017-03-15 12:30:44.191000,1.14728,1.14726,1190000,2100000
2017-03-15 12:30:44.393000,1.14728,1.14723,5810000,3370000
2017-03-15 12:30:44.924000,1.14726,1.14721,6040000,5620000
2017-03-15 12:30:45.400000,1.14727,1.14723,1310000,3000000
2017-03-15 12:30:45.502000,1.14728,1.14724,2440000,1370000
2017-03-15 12:30:46.135000,1.14724,1.14722,1000000,3370000
2017-03-15 12:30:46.439000,1.14723,1.14721,1000000,3370000
2017-03-15 12:30:46.944000,1.14722,1.14721,1000000,1500000
2017-03-15 12:30:47.451000,1.14723,1.1472,1000000,2060000
2017-03-15 12:30:47.622000,1.14725,1.1472,3190000,2060000
2017-03-15 12:30:47.673000,1.14723,1.14721,1000000,1120000
2017-03-15 12:30:47.978000,1.14721,1.14717,1690000,4120000
2017-03-15 12:30:48.087000,1.14718,1.14717,1000000,1000000
2017-03-15 12:30:48.385000,1.14714,1.14708,1870000,1000000
2017-03-15 12:30:48.436000,1.14709,1.14707,1000000,1500000
2017-03-15 12:30:48.690000,1.14707,1.14704,2250000,1870000
2017-03-15 12:30:48.792000,1.14707,1.14705,2250000,1000000
2017-03-15 12:30:49.099000,1.14705,1.14704,1500000,1870000
2017-03-15 12:30:49.404000,1.14707,1.14706,1250000,1000000
2017-03-15 12:30:49.455000,1.14705,1.14704,1000000,1120000
2017-03-15 12:30:49.659000,1.14707,1.14705,1250000,1000000
2017-03-15 12:30:50.166000,1.14707,1.14703,1250000,1870000
2017-03-15 12:30:50.632000,1.14706,1.14703,2060000,1370000
2017-03-15 12:30:50.835000,1.14702,1.14699,1690000,1120000
2017-03-15 12:30:51.366000,1.14703,1.14699,1120000,2440000
2017-03-15 12:30:51.417000,1.14703,1.147,1250000,1370000
2017-03-15 12:30:51.570000,1.14706,1.14703,1310000,1120000
2017-03-15 12:30:52.257000,1.14704,1.14702,2500000,1870000
2017-03-15 12:30:52.308000,1.14706,1.14701,1690000,2250000
2017-03-15 12:30:52.359000,1.14704,1.14702,3190000,1000000
2017-03-15 12:30:52.410000,1.14703,1.147,3190000,1120000
2017-03-15 12:30:52.511000,1.147,1.14698,1000000,1870000
2017-03-15 12:30:53.216000,1.14701,1.14698,1250000,1370000
2017-03-15 12:30:53.583000,1.14699,1.14698,1000000,1000000
2017-03-15 12:30:53.634000,1.14699,1.14696,1000000,1500000
2017-03-15 12:30:53.685000,1.14697,1.14696,1000000,1500000
2017-03-15 12:30:54.491000,1.14697,1.14694,2060000,1000000
2017-03-15 12:30:54.542000,1.14696,1.14692,3190000,2250000
2017-03-15 12:30:55.048000,1.14694,1.14689,1250000,1310000
2017-03-15 12:30:55.301000,1.14694,1.1469,2060000,1120000
2017-03-15 12:30:55.809000,1.14692,1.1469,1000000,2250000
2017-03-15 12:30:56.163000,1.14694,1.1469,1310000,4720000
2017-03-15 12:30:56.265000,1.14694,1.1469,1250000,4720000
2017-03-15 12:30:56.787000,1.14693,1.1469,1000000,3370000
2017-03-15 12:30:57.090000,1.14695,1.14693,1000000,4200000
2017-03-15 12:30:57.142000,1.14697,1.14694,1250000,1000000
2017-03-15 12:30:57.496000,1.14698,1.14696,1000000,1000000
2017-03-15 12:30:57.548000,1.147,1.14696,2250000,3190000
2017-03-15 12:30:57.599000,1.147,1.14696,1120000,3560000
2017-03-15 12:30:57.903000,1.14703,1.14701,1000000,3470000
2017-03-15 12:30:57.955000,1.14705,1.14702,1310000,2620000
2017-03-15 12:30:58.133000,1.14705,1.14701,1690000,1000000
2017-03-15 12:30:58.639000,1.14703,1.14701,1250000,1000000
2017-03-15 12:30:59.195000,1.14705,1.147,2060000,2700000
2017-03-15 12:30:59.853000,1.14703,1.147,1250000,1370000
2017-03-15 12:31:00.211000,1.14705,1.147,2440000,2250000
2017-03-15 12:31:00.949000,1.14704,1.14702,2440000,1000000
2017-03-15 12:31:01.220000,1.14699,1.14697,1000000,1500000
2017-03-15 12:31:01.525000,1.14697,1.14696,1000000,1000000
2017-03-15 12:31:01.729000,1.14691,1.14688,2440000,2250000
2017-03-15 12:31:01.781000,1.14689,1.14687,1000000,2620000
2017-03-15 12:31:02.237000,1.14688,1.14684,3560000,1500000
2017-03-15 12:31:02.424000,1.14686,1.14683,5060000,1120000
2017-03-15 12:31:02.879000,1.14684,1.14681,5060000,1500000
2017-03-15 12:31:02.982000,1.14683,1.14678,3940000,1870000
2017-03-15 12:31:03.641000,1.14681,1.14677,1310000,1750000
2017-03-15 12:31:04.183000,1.1468,1.14676,4120000,2000000
2017-03-15 12:31:04.838000,1.14679,1.14676,1000000,2000000
2017-03-15 12:31:05.376000,1.14681,1.14679,1000000,1600000
2017-03-15 12:31:05.660000,1.14683,1.14679,4690000,1500000
2017-03-15 12:31:05.964000,1.1468,1.14679,2620000,1000000
2017-03-15 12:31:06.269000,1.14684,1.14681,1000000,1120000
2017-03-15 12:31:06.471000,1.14687,1.14685,2060000,1000000
2017-03-15 12:31:06.977000,1.14687,1.14684,1310000,1500000
2017-03-15 12:31:07.336000,1.14685,1.14683,2810000,1000000
2017-03-15 12:31:07.387000,1.14684,1.1468,1310000,2620000
2017-03-15 12:31:07.893000,1.14683,1.14681,1120000,1500000
2017-03-15 12:31:08.401000,1.14684,1.14682,1310000,1120000
2017-03-15 12:31:08.942000,1.14686,1.14682,3940000,1870000
2017-03-15 12:31:09.449000,1.14686,1.14682,3940000,1500000
2017-03-15 12:31:11.200000,1.14684,1.14681,1120000,3000000
2017-03-15 12:31:11.763000,1.14685,1.14681,3560000,2250000
2017-03-15 12:31:13.004000,1.14686,1.14682,2810000,2250000
2017-03-15 12:31:13.601000,1.14686,1.14684,1000000,1870000
2017-03-15 12:31:13.653000,1.14688,1.14685,3190000,1000000
2017-03-15 12:31:14.059000,1.14689,1.14687,1000000,1130000
2017-03-15 12:31:14.212000,1.14692,1.14688,3940000,1120000
2017-03-15 12:31:14.463000,1.14689,1.14687,1690000,2700000
2017-03-15 12:31:14.515000,1.14688,1.14685,1310000,1500000
2017-03-15 12:31:14.567000,1.14687,1.14685,2060000,1000000
2017-03-15 12:31:14.669000,1.14686,1.14682,1190000,1870000
2017-03-15 12:31:15.177000,1.14686,1.14682,4310000,1500000
2017-03-15 12:31:15.740000,1.14683,1.14681,2060000,1500000
2017-03-15 12:31:15.955000,1.14678,1.14676,1120000,1120000
2017-03-15 12:31:16.887000,1.14679,1.14676,5140000,1120000
2017-03-15 12:31:17.421000,1.14678,1.14674,1000000,3640000
2017-03-15 12:31:17.926000,1.14677,1.14674,1000000,2510000
2017-03-15 12:31:18.129000,1.14677,1.14673,6750000,1000000
2017-03-15 12:31:18.181000,1.14675,1.1467,1300000,2620000
2017-03-15 12:31:18.232000,1.14673,1.1467,1310000,2250000
2017-03-15 12:31:18.747000,1.14675,1.14671,1310000,1500000
2017-03-15 12:31:19.203000,1.14674,1.14671,3560000,1500000
2017-03-15 12:31:19.709000,1.14673,1.14669,2060000,3000000
2017-03-15 12:31:20.591000,1.14674,1.14669,2060000,4310000
2017-03-15 12:31:21.590000,1.14674,1.14669,2810000,3560000
2017-03-15 12:31:21.742000,1.14674,1.14672,3370000,1000000
2017-03-15 12:31:22.048000,1.14698,1.14696,19719999,1500000
2017-03-15 12:31:22.405000,1.14694,1.14692,1540000,1120000
2017-03-15 12:31:22.456000,1.14693,1.14691,2810000,5100000
2017-03-15 12:31:22.558000,1.14696,1.14694,8250000,1500000
2017-03-15 12:31:22.609000,1.14694,1.14692,2620000,1000000
2017-03-15 12:31:22.660000,1.14717,1.14716,26809999,1120000
2017-03-15 12:31:22.711000,1.14718,1.14715,8620000,3190000
2017-03-15 12:31:22.763000,1.14721,1.14719,1000000,1690000
2017-03-15 12:31:22.815000,1.14723,1.14722,1250000,1870000
2017-03-15 12:31:22.866000,1.14725,1.14724,3000000,1870000
2017-03-15 12:31:22.919000,1.14726,1.14724,2620000,3190000
2017-03-15 12:31:22.970000,1.14727,1.14724,3000000,3000000
2017-03-15 12:31:23.218000,1.14728,1.14727,1120000,1000000
2017-03-15 12:31:23.320000,1.14728,1.14724,1120000,2060000
2017-03-15 12:31:23.827000,1.14727,1.14723,1120000,1250000
2017-03-15 12:31:24.132000,1.14723,1.14721,1000000,1500000
2017-03-15 12:31:24.352000,1.1472,1.14718,1310000,1000000
2017-03-15 12:31:24.404000,1.14719,1.14715,1250000,1870000
2017-03-15 12:31:24.506000,1.14716,1.14715,1000000,1000000
2017-03-15 12:31:24.658000,1.14713,1.14711,1250000,1000000
2017-03-15 12:31:24.760000,1.14712,1.14708,1000000,1620000
2017-03-15 12:31:25.165000,1.14711,1.14707,3370000,2810000
2017-03-15 12:31:25.317000,1.1471,1.14705,3940000,1620000
2017-03-15 12:31:25.849000,1.14711,1.14705,4690000,4310000
2017-03-15 12:31:26.002000,1.14707,1.14706,1000000,1000000
2017-03-15 12:31:26.104000,1.14705,1.14704,1870000,1000000
2017-03-15 12:31:26.206000,1.14705,1.14702,1870000,1000000
2017-03-15 12:31:26.257000,1.14707,1.14706,1120000,1500000
2017-03-15 12:31:26.410000,1.14722,1.14721,1000000,1870000
2017-03-15 12:31:26.461000,1.14725,1.14724,5620000,1250000
2017-03-15 12:31:26.512000,1.14727,1.14726,4870000,7870000
2017-03-15 12:31:26.616000,1.14729,1.14728,1000000,7870000
2017-03-15 12:31:26.769000,1.14726,1.14725,1250000,12750000
2017-03-15 12:31:26.870000,1.14724,1.14721,2620000,11620000
2017-03-15 12:31:27.210000,1.14726,1.14722,3940000,8620000
2017-03-15 12:31:27.261000,1.14727,1.14724,3370000,1500000
2017-03-15 12:31:27.567000,1.1472,1.14717,2060000,1370000
2017-03-15 12:31:27.719000,1.14719,1.14715,2620000,2440000
2017-03-15 12:31:28.231000,1.1472,1.14716,1870000,1250000
2017-03-15 12:31:28.484000,1.14718,1.14716,1500000,1000000
2017-03-15 12:31:29.004000,1.1472,1.14717,5060000,1000000
2017-03-15 12:31:29.257000,1.14732,1.14729,1870000,1050000
2017-03-15 12:31:29.359000,1.1473,1.14729,1000000,7870000
2017-03-15 12:31:29.562000,1.14728,1.14726,1870000,7120000
2017-03-15 12:31:29.613000,1.14723,1.14722,1000000,3750000
2017-03-15 12:31:29.714000,1.1473,1.14726,23620001,3940000
2017-03-15 12:31:29.816000,1.14731,1.14728,3190000,3750000
2017-03-15 12:31:30.176000,1.14733,1.14729,4120000,1690000
2017-03-15 12:31:30.329000,1.14731,1.14728,1000000,7310000
2017-03-15 12:31:30.786000,1.14733,1.1473,4870000,1000000
2017-03-15 12:31:31.040000,1.14733,1.14732,1000000,1000000
2017-03-15 12:31:31.732000,1.14733,1.14728,4120000,2060000
2017-03-15 12:31:31.833000,1.14733,1.14731,1000000,1690000
2017-03-15 12:31:31.884000,1.14734,1.1473,4120000,1690000
2017-03-15 12:31:32.138000,1.14735,1.14732,1250000,2620000
2017-03-15 12:31:32.442000,1.14738,1.14735,1190000,1120000
2017-03-15 12:31:32.971000,1.14739,1.14734,1310000,2620000
2017-03-15 12:31:33.493000,1.14737,1.14735,1500000,1120000
2017-03-15 12:31:33.796000,1.1474,1.14739,1120000,1000000
2017-03-15 12:31:33.898000,1.14742,1.14739,2060000,1120000
2017-03-15 12:31:34.405000,1.14743,1.14739,3190000,2250000
2017-03-15 12:31:34.847000,1.14743,1.14741,1500000,2250000
2017-03-15 12:31:35.050000,1.14747,1.14744,1690000,1000000
2017-03-15 12:31:35.607000,1.14745,1.14743,1000000,2250000
2017-03-15 12:31:35.911000,1.14744,1.14742,1000000,2620000
2017-03-15 12:31:36.706000,1.14744,1.14742,1000000,1120000
2017-03-15 12:31:37.212000,1.14742,1.1474,1000000,2250000
2017-03-15 12:31:37.365000,1.1474,1.14738,1000000,3590000
2017-03-15 12:31:37.790000,1.14744,1.14739,4690000,2250000
2017-03-15 12:31:37.945000,1.14744,1.1474,1310000,5090000
2017-03-15 12:31:37.996000,1.14745,1.14741,1000000,3550000
2017-03-15 12:31:38.542000,1.14747,1.14743,1370000,1000000
2017-03-15 12:31:38.696000,1.14749,1.14745,1870000,1000000
2017-03-15 12:31:39.208000,1.14749,1.14743,1120000,3370000
2017-03-15 12:31:39.818000,1.14748,1.14743,1750000,2620000
2017-03-15 12:31:40.174000,1.14745,1.14739,2250000,5250000
2017-03-15 12:31:40.327000,1.14741,1.14739,1000000,1370000
2017-03-15 12:31:40.428000,1.14739,1.14736,1000000,3710000
2017-03-15 12:31:40.914000,1.14741,1.14739,3370000,4860000
2017-03-15 12:31:41.067000,1.14743,1.14742,1120000,1000000
2017-03-15 12:31:41.169000,1.14747,1.14743,2440000,1120000
2017-03-15 12:31:41.321000,1.14744,1.14741,1000000,3560000
2017-03-15 12:31:41.625000,1.14747,1.14742,2060000,1120000
2017-03-15 12:31:41.778000,1.14747,1.14745,1000000,2440000
2017-03-15 12:31:42.083000,1.14756,1.14754,1500000,2620000
2017-03-15 12:31:42.134000,1.14754,1.14753,1000000,1000000
2017-03-15 12:31:42.540000,1.14754,1.14749,2810000,5440000
2017-03-15 12:31:42.713000,1.14754,1.14752,4690000,2620000
2017-03-15 12:31:42.867000,1.14755,1.14752,1690000,3220000
2017-03-15 12:31:43.172000,1.14752,1.1475,1000000,1000000
2017-03-15 12:31:43.479000,1.14746,1.14745,2060000,2470000
2017-03-15 12:31:43.582000,1.14745,1.14743,1310000,1000000
2017-03-15 12:31:43.947000,1.14745,1.14741,1310000,1000000
2017-03-15 12:31:44.151000,1.14746,1.14744,4310000,1000000
2017-03-15 12:31:44.303000,1.1475,1.14747,1500000,3560000
2017-03-15 12:31:44.809000,1.14753,1.14748,10460000,3750000
2017-03-15 12:31:44.961000,1.14748,1.14746,3040000,4500000
2017-03-15 12:31:45.216000,1.14751,1.14748,1370000,1000000
2017-03-15 12:31:45.431000,1.14753,1.1475,2060000,1000000
2017-03-15 12:31:45.961000,1.14751,1.14748,1000000,9190000
2017-03-15 12:31:46.265000,1.14748,1.14746,4120000,1370000
2017-03-15 12:31:46.367000,1.14746,1.14744,1500000,1000000
2017-03-15 12:31:46.470000,1.14749,1.14746,9000000,1000000
2017-03-15 12:31:46.784000,1.14749,1.14747,3750000,1000000
2017-03-15 12:31:46.887000,1.1475,1.14748,1000000,3180000
2017-03-15 12:31:46.938000,1.14751,1.14748,1000000,7680000
2017-03-15 12:31:48.634000,1.14751,1.14748,1120000,6560000
2017-03-15 12:31:49.140000,1.14749,1.14748,1000000,1250000
2017-03-15 12:31:49.646000,1.14751,1.14748,2250000,1690000
2017-03-15 12:31:50.152000,1.14751,1.14748,2440000,3000000
2017-03-15 12:31:50.665000,1.14752,1.14749,1250000,1000000
2017-03-15 12:31:51.703000,1.1475,1.14748,3370000,2620000
2017-03-15 12:31:51.806000,1.1475,1.14747,5060000,3750000
2017-03-15 12:31:52.308000,1.14749,1.14747,1500000,1120000
2017-03-15 12:31:52.915000,1.14749,1.14748,1500000,1120000
2017-03-15 12:31:52.966000,1.1475,1.14747,4160000,1120000
2017-03-15 12:31:53.017000,1.1475,1.14746,4540000,3370000
2017-03-15 12:31:53.069000,1.14748,1.14746,2100000,4120000
2017-03-15 12:31:53.323000,1.14745,1.14741,5470000,2810000
2017-03-15 12:31:53.439000,1.14742,1.1474,1000000,2810000
2017-03-15 12:31:53.490000,1.1474,1.14738,2810000,1000000
2017-03-15 12:31:53.695000,1.14739,1.14735,1120000,2440000
2017-03-15 12:31:54.203000,1.14738,1.14734,2060000,3000000
2017-03-15 12:31:54.355000,1.14738,1.14736,2060000,1000000
2017-03-15 12:31:54.608000,1.14736,1.14733,2440000,2250000
2017-03-15 12:31:55.117000,1.14735,1.14733,1000000,1000000
2017-03-15 12:31:55.472000,1.14734,1.14732,3560000,1000000
2017-03-15 12:31:55.573000,1.14732,1.1473,1250000,1500000
2017-03-15 12:31:56.080000,1.14733,1.1473,3190000,1120000
2017-03-15 12:31:56.132000,1.14734,1.14732,6750000,1000000
2017-03-15 12:31:56.534000,1.14737,1.14734,1690000,1370000
2017-03-15 12:31:57.120000,1.14737,1.14734,1250000,1120000
2017-03-15 12:31:57.629000,1.14737,1.14735,1250000,1000000
2017-03-15 12:31:58.317000,1.14737,1.14736,1250000,1000000
2017-03-15 12:31:58.876000,1.14738,1.14736,1000000,1000000
2017-03-15 12:32:00.095000,1.14737,1.14735,1000000,1870000
2017-03-15 12:32:00.428000,1.14735,1.14732,1500000,6000000
2017-03-15 12:32:00.553000,1.14735,1.14732,2620000,1500000
2017-03-15 12:32:01.061000,1.14735,1.14733,1690000,1500000
2017-03-15 12:32:01.315000,1.14737,1.14734,1250000,2250000
2017-03-15 12:32:01.851000,1.14736,1.14733,2440000,1120000
2017-03-15 12:32:02.419000,1.14735,1.14732,2250000,2620000
2017-03-15 12:32:03.505000,1.14735,1.14734,1500000,1000000
2017-03-15 12:32:04.132000,1.14737,1.14736,2440000,1000000
2017-03-15 12:32:04.638000,1.14736,1.14735,1000000,1500000
2017-03-15 12:32:05.146000,1.14738,1.14736,2440000,1000000
2017-03-15 12:32:06.445000,1.14737,1.14736,1310000,1000000
2017-03-15 12:32:06.749000,1.14734,1.14733,1000000,1500000
2017-03-15 12:32:06.952000,1.14734,1.14733,1000000,1500000
2017-03-15 12:32:07.521000,1.14735,1.14732,1250000,1170000
2017-03-15 12:32:08.525000,1.14734,1.14732,1000000,1000000
2017-03-15 12:32:10.334000,1.14735,1.14734,3560000,1000000
2017-03-15 12:32:10.840000,1.14734,1.14732,1000000,1500000
2017-03-15 12:32:11.443000,1.14734,1.14733,1000000,1000000
2017-03-15 12:32:11.950000,1.14734,1.14732,1000000,1000000
2017-03-15 12:32:12.457000,1.14734,1.14733,2250000,3000000
2017-03-15 12:32:12.959000,1.14735,1.14733,1500000,3370000
2017-03-15 12:32:13.500000,1.14734,1.14732,1690000,1120000
2017-03-15 12:32:13.812000,1.14731,1.1473,2440000,1000000
2017-03-15 12:32:14.167000,1.14732,1.1473,1120000,1500000
2017-03-15 12:32:14.370000,1.14733,1.14731,2440000,1000000
2017-03-15 12:32:14.885000,1.1473,1.14729,2100000,3050000
2017-03-15 12:32:14.936000,1.14729,1.14728,2060000,4920000
2017-03-15 12:32:14.987000,1.14729,1.14728,5060000,3750000
2017-03-15 12:32:15.038000,1.14728,1.14726,1000000,1250000
2017-03-15 12:32:15.140000,1.14727,1.14726,1120000,1000000
2017-03-15 12:32:15.192000,1.14727,1.14725,1120000,6560000
2017-03-15 12:32:15.243000,1.14729,1.14727,1500000,1000000
2017-03-15 12:32:15.548000,1.14723,1.1472,8810000,4120000
2017-03-15 12:32:15.657000,1.14719,1.14718,3220000,3000000
2017-03-15 12:32:15.962000,1.14717,1.14716,1000000,1000000
2017-03-15 12:32:16.469000,1.14717,1.14715,3370000,1000000
2017-03-15 12:32:17.007000,1.14717,1.14716,1870000,1000000
2017-03-15 12:32:17.159000,1.14717,1.14715,1870000,1000000
2017-03-15 12:32:17.675000,1.14714,1.14713,2100000,5250000
2017-03-15 12:32:17.776000,1.14713,1.1471,1310000,5250000
2017-03-15 12:32:18.080000,1.14713,1.14709,6410000,2250000
2017-03-15 12:32:18.667000,1.14712,1.14709,1000000,2060000
2017-03-15 12:32:18.920000,1.14708,1.14707,1250000,5250000
2017-03-15 12:32:18.971000,1.14707,1.14705,1120000,1000000
2017-03-15 12:32:19.478000,1.14707,1.14704,1870000,1000000
2017-03-15 12:32:19.999000,1.14707,1.14705,1870000,1000000
2017-03-15 12:32:20.614000,1.14707,1.14704,1120000,1500000
2017-03-15 12:32:21.223000,1.14707,1.14706,1120000,1500000
2017-03-15 12:32:21.375000,1.1471,1.14708,1120000,1000000
2017-03-15 12:32:21.905000,1.14712,1.14709,2440000,1500000
2017-03-15 12:32:22.103000,1.14712,1.14711,1500000,1500000
2017-03-15 12:32:22.256000,1.14718,1.14715,2250000,1000000
2017-03-15 12:32:22.409000,1.14718,1.14716,1120000,1000000
2017-03-15 12:32:22.460000,1.14719,1.14717,3000000,1000000
2017-03-15 12:32:22.713000,1.1472,1.14718,1690000,2250000
2017-03-15 12:32:23.274000,1.14719,1.14718,1000000,1000000
2017-03-15 12:32:23.477000,1.14719,1.14716,1690000,1000000
2017-03-15 12:32:24.398000,1.1472,1.14717,2250000,1000000
2017-03-15 12:32:24.449000,1.1472,1.14719,1870000,1000000
2017-03-15 12:32:24.601000,1.14724,1.14721,3190000,1500000
2017-03-15 12:32:25.129000,1.14724,1.14721,2060000,2250000
2017-03-15 12:32:27.707000,1.14724,1.14722,2060000,1000000
2017-03-15 12:32:27.911000,1.14725,1.14724,1120000,1000000
2017-03-15 12:32:27.962000,1.14727,1.14724,2810000,1000000
2017-03-15 12:32:28.380000,1.14728,1.14727,3560000,1000000
2017-03-15 12:32:28.482000,1.14731,1.14729,2850000,1000000
2017-03-15 12:32:28.635000,1.14732,1.14731,3970000,1000000
2017-03-15 12:32:28.737000,1.14733,1.14731,1870000,1870000
2017-03-15 12:32:28.838000,1.14733,1.14732,1000000,1500000
2017-03-15 12:32:28.990000,1.14737,1.14735,2060000,1500000
2017-03-15 12:32:29.952000,1.14737,1.14734,2060000,1500000
2017-03-15 12:32:30.155000,1.14737,1.14736,1120000,1000000
2017-03-15 12:32:30.309000,1.14741,1.14739,2440000,1000000
2017-03-15 12:32:30.461000,1.14743,1.14741,3940000,1000000
2017-03-15 12:32:30.563000,1.14744,1.14741,1500000,4690000
2017-03-15 12:32:31.151000,1.14745,1.14742,1310000,1000000
2017-03-15 12:32:31.678000,1.14745,1.14741,1310000,2620000
2017-03-15 12:32:32.134000,1.14743,1.14741,1540000,1870000
2017-03-15 12:32:32.185000,1.14743,1.14739,1250000,8730000
2017-03-15 12:32:32.700000,1.14742,1.14739,1250000,1000000
2017-03-15 12:32:33.017000,1.14742,1.1474,2660000,1000000
2017-03-15 12:32:33.068000,1.14743,1.14741,1310000,1000000
2017-03-15 12:32:33.574000,1.14743,1.1474,1250000,1500000
2017-03-15 12:32:34.181000,1.14743,1.1474,1250000,6710000
2017-03-15 12:32:34.694000,1.14743,1.1474,1690000,5630000
2017-03-15 12:32:35.218000,1.14743,1.14741,1690000,1000000
2017-03-15 12:32:35.522000,1.14744,1.14743,1500000,1500000
2017-03-15 12:32:35.724000,1.14746,1.14743,1120000,1000000
2017-03-15 12:32:36.235000,1.14745,1.14743,1000000,1000000
2017-03-15 12:32:36.742000,1.14745,1.14742,1000000,1120000
2017-03-15 12:32:37.997000,1.14744,1.14742,1000000,1120000
2017-03-15 12:32:38.503000,1.14745,1.14742,1690000,1000000
2017-03-15 12:32:38.555000,1.14744,1.14742,1370000,1000000
2017-03-15 12:32:39.104000,1.14744,1.1474,1000000,3560000
2017-03-15 12:32:39.421000,1.14739,1.14738,1690000,1500000
2017-03-15 12:32:39.725000,1.14733,1.1473,3560000,1120000
2017-03-15 12:32:40.079000,1.14734,1.14732,1000000,2620000
2017-03-15 12:32:40.330000,1.14736,1.14734,1870000,1000000
2017-03-15 12:32:40.533000,1.14738,1.14735,3560000,1120000
2017-03-15 12:32:41.244000,1.14737,1.14734,1250000,2210000
2017-03-15 12:32:41.774000,1.14737,1.14735,2810000,1000000
2017-03-15 12:32:42.320000,1.14736,1.14735,1000000,1000000
2017-03-15 12:32:42.834000,1.14736,1.14733,1000000,3790000
2017-03-15 12:32:43.340000,1.14737,1.14733,4310000,5960000
2017-03-15 12:32:44.021000,1.14736,1.14733,3600000,5960000
2017-03-15 12:32:44.180000,1.14732,1.14729,1500000,2060000
2017-03-15 12:32:44.283000,1.14732,1.14728,4310000,1870000
2017-03-15 12:32:44.789000,1.1473,1.14726,2620000,6970000
2017-03-15 12:32:45.164000,1.14727,1.14726,1690000,1910000
2017-03-15 12:32:45.368000,1.14725,1.14722,1000000,3000000
2017-03-15 12:32:45.567000,1.14728,1.14726,4870000,2590000
2017-03-15 12:32:45.619000,1.1473,1.14727,5060000,1490000
2017-03-15 12:32:45.674000,1.1473,1.14728,1500000,2620000
2017-03-15 12:32:45.827000,1.14732,1.14728,1310000,3000000
2017-03-15 12:32:46.356000,1.14731,1.14728,1310000,2660000
2017-03-15 12:32:47.557000,1.14731,1.14728,1310000,1500000
2017-03-15 12:32:47.963000,1.14733,1.14732,7120000,1500000
2017-03-15 12:32:48.218000,1.14744,1.14742,1870000,1000000
2017-03-15 12:32:48.426000,1.14746,1.14744,1500000,3750000
2017-03-15 12:32:48.580000,1.14746,1.14742,3190000,6370000
2017-03-15 12:32:49.087000,1.14746,1.14742,1690000,3410000
2017-03-15 12:32:49.695000,1.14746,1.14741,4310000,4350000
2017-03-15 12:32:49.877000,1.14746,1.14744,2060000,1000000
2017-03-15 12:32:50.030000,1.14746,1.14742,2060000,3000000
2017-03-15 12:32:50.131000,1.14744,1.14742,1250000,1120000
2017-03-15 12:32:50.664000,1.14746,1.14742,8290000,1000000
2017-03-15 12:32:51.182000,1.14745,1.14741,1310000,2660000
2017-03-15 12:32:51.727000,1.14745,1.14742,1310000,1000000
2017-03-15 12:32:52.756000,1.14745,1.14741,3190000,1540000
2017-03-15 12:32:53.780000,1.14744,1.14741,1000000,1540000
2017-03-15 12:32:55.520000,1.14745,1.14741,3190000,2290000
2017-03-15 12:32:55.824000,1.14749,1.14748,1870000,1000000
2017-03-15 12:32:55.926000,1.1475,1.14747,1000000,1370000
2017-03-15 12:32:56.381000,1.14751,1.14749,2250000,1000000
2017-03-15 12:32:56.701000,1.14755,1.14752,3560000,4120000
2017-03-15 12:32:56.905000,1.14752,1.1475,1120000,1120000
2017-03-15 12:32:57.412000,1.14752,1.14749,1000000,1500000
2017-03-15 12:32:57.716000,1.14757,1.14755,4370000,2250000
2017-03-15 12:32:58.043000,1.14758,1.14757,1000000,1000000
2017-03-15 12:32:58.398000,1.14758,1.14757,1000000,1000000
2017-03-15 12:32:58.500000,1.14756,1.14755,2440000,1500000
2017-03-15 12:32:58.704000,1.14751,1.14749,5100000,3370000
2017-03-15 12:32:58.756000,1.14748,1.14746,1310000,8620000
2017-03-15 12:32:58.909000,1.14748,1.14745,3940000,1000000
2017-03-15 12:32:59.442000,1.14744,1.14742,1190000,1000000
2017-03-15 12:32:59.493000,1.14744,1.1474,1310000,3750000
2017-03-15 12:33:00,1.14743,1.1474,1190000,3750000
2017-03-15 12:33:00.355000,1.14741,1.14736,1690000,4500000
2017-03-15 12:33:00.407000,1.14741,1.14736,2440000,3750000
2017-03-15 12:33:00.559000,1.1474,1.14737,1310000,1540000
2017-03-15 12:33:01.110000,1.14739,1.14738,1000000,1000000
2017-03-15 12:33:01.414000,1.14741,1.14739,1120000,1120000
2017-03-15 12:33:01.516000,1.14742,1.14741,1000000,1000000
2017-03-15 12:33:02.022000,1.14743,1.14741,1000000,2620000
2017-03-15 12:33:02.224000,1.14745,1.14743,1120000,1500000
2017-03-15 12:33:02.439000,1.14747,1.14744,1310000,1000000
2017-03-15 12:33:02.946000,1.14748,1.14747,1500000,1000000
2017-03-15 12:33:03.048000,1.1475,1.14747,2440000,1000000
2017-03-15 12:33:03.301000,1.1475,1.14749,1000000,1500000
2017-03-15 12:33:03.453000,1.14752,1.1475,1250000,1000000
2017-03-15 12:33:03.989000,1.14753,1.14751,1120000,1910000
2017-03-15 12:33:04.520000,1.14754,1.14752,1620000,1000000
2017-03-15 12:33:04.673000,1.14756,1.14754,4500000,1000000
2017-03-15 12:33:04.982000,1.14758,1.14755,1000000,1500000
2017-03-15 12:33:05.134000,1.14758,1.14757,1500000,1000000
2017-03-15 12:33:05.540000,1.14758,1.14755,1000000,1500000
2017-03-15 12:33:06.098000,1.14758,1.14754,3000000,3790000
2017-03-15 12:33:06.150000,1.14755,1.14753,1250000,1120000
2017-03-15 12:33:07.076000,1.14756,1.14752,3940000,3260000
2017-03-15 12:33:07.650000,1.14755,1.14754,1250000,1000000
2017-03-15 12:33:08.157000,1.14756,1.14754,1250000,1120000
2017-03-15 12:33:09.478000,1.14754,1.14753,1250000,1870000
2017-03-15 12:33:09.580000,1.14753,1.1475,3190000,1000000
2017-03-15 12:33:09.682000,1.14752,1.14749,1690000,2250000
2017-03-15 12:33:10.087000,1.14753,1.14752,1500000,1870000
2017-03-15 12:33:10.240000,1.14754,1.14751,1690000,1370000
2017-03-15 12:33:10.817000,1.14754,1.14752,1250000,1950000
2017-03-15 12:33:11.073000,1.14752,1.14751,1500000,1000000
2017-03-15 12:33:12.148000,1.14753,1.1475,3190000,1450000
2017-03-15 12:33:12.966000,1.14751,1.1475,1000000,1100000
2017-03-15 12:33:13.068000,1.14751,1.14748,2810000,1370000
2017-03-15 12:33:13.119000,1.14749,1.14747,1250000,4870000
2017-03-15 12:33:13.271000,1.14748,1.14744,2810000,3000000
2017-03-15 12:33:13.323000,1.14749,1.14747,2250000,2490000
2017-03-15 12:33:13.858000,1.14749,1.14747,1000000,1120000
2017-03-15 12:33:16.367000,1.14749,1.14745,2250000,3560000
2017-03-15 12:33:16.868000,1.14748,1.14746,1000000,1100000
2017-03-15 12:33:17.174000,1.14743,1.1474,1870000,2250000
2017-03-15 12:33:18.621000,1.14743,1.1474,1120000,4940000
2017-03-15 12:33:19.179000,1.14743,1.14739,2060000,10570000
2017-03-15 12:33:19.281000,1.14739,1.14737,3560000,1000000
2017-03-15 12:33:19.433000,1.14738,1.14735,1000000,7120000
2017-03-15 12:33:20.192000,1.14737,1.14734,1000000,2620000
2017-03-15 12:33:20.706000,1.14738,1.14737,1000000,1000000
2017-03-15 12:33:21.212000,1.14739,1.14737,2440000,1000000
2017-03-15 12:33:21.516000,1.14737,1.14735,1000000,2620000
2017-03-15 12:33:22.048000,1.14737,1.14735,1000000,1870000
2017-03-15 12:33:23.149000,1.14737,1.14734,1000000,4870000
2017-03-15 12:33:24.614000,1.14737,1.14735,1000000,1000000
2017-03-15 12:33:25.212000,1.14738,1.14737,1120000,1870000
2017-03-15 12:33:25.415000,1.14742,1.14739,1620000,2250000
2017-03-15 12:33:25.921000,1.14741,1.14739,1000000,2740000
2017-03-15 12:33:26.225000,1.14742,1.14739,1120000,3490000
2017-03-15 12:33:27.290000,1.14742,1.14741,1120000,1000000
2017-03-15 12:33:27.808000,1.14741,1.1474,1000000,1000000
2017-03-15 12:33:28.097000,1.14741,1.14739,1000000,1050000
2017-03-15 12:33:28.249000,1.14739,1.14736,1250000,1410000
2017-03-15 12:33:28.300000,1.14739,1.14734,5290000,12000000
2017-03-15 12:33:28.352000,1.14738,1.14734,2060000,4500000
2017-03-15 12:33:28.676000,1.14735,1.14733,1000000,1470000
2017-03-15 12:33:28.932000,1.14734,1.14732,1250000,1000000
2017-03-15 12:33:29.439000,1.14734,1.14731,1690000,1000000
2017-03-15 12:33:30.225000,1.14735,1.14732,2060000,1000000
2017-03-15 12:33:31.034000,1.14734,1.14733,1000000,1000000
2017-03-15 12:33:31.186000,1.14736,1.14734,1000000,1000000
2017-03-15 12:33:31.545000,1.14735,1.14732,1250000,1000000
2017-03-15 12:33:31.799000,1.14734,1.1473,4910000,2250000
2017-03-15 12:33:32.305000,1.14733,1.1473,1620000,1000000
2017-03-15 12:33:33.068000,1.14734,1.14729,3560000,2620000
2017-03-15 12:33:33.606000,1.14734,1.1473,2440000,1120000
2017-03-15 12:33:34.304000,1.14731,1.14729,2440000,1500000
2017-03-15 12:33:34.654000,1.14722,1.14721,15200000,1000000
2017-03-15 12:33:34.756000,1.14722,1.14719,10100000,1500000
2017-03-15 12:33:35.670000,1.14723,1.14719,2060000,1870000
2017-03-15 12:33:35.774000,1.14724,1.14721,1010000,1000000
2017-03-15 12:33:36.027000,1.14727,1.14724,1250000,1000000
2017-03-15 12:33:36.537000,1.14726,1.14724,1120000,1120000
2017-03-15 12:33:36.740000,1.14728,1.14725,2060000,1000000
2017-03-15 12:33:37.243000,1.1473,1.14727,2510000,1000000
2017-03-15 12:33:37.751000,1.1473,1.14726,4690000,1870000
2017-03-15 12:33:38.422000,1.14729,1.14726,1000000,1870000
2017-03-15 12:33:39.274000,1.14731,1.14727,5440000,1000000
2017-03-15 12:33:39.427000,1.14732,1.14727,9560000,1870000
2017-03-15 12:33:39.731000,1.14729,1.14727,2850000,1120000
2017-03-15 12:33:40.087000,1.14728,1.14725,4870000,1120000
2017-03-15 12:33:40.594000,1.14728,1.14724,3750000,1310000
2017-03-15 12:33:40.645000,1.14729,1.14726,2620000,2250000
2017-03-15 12:33:40.950000,1.14733,1.1473,2440000,1000000
2017-03-15 12:33:41.456000,1.14731,1.14729,1000000,1000000
2017-03-15 12:33:41.990000,1.14732,1.14729,1250000,1500000
2017-03-15 12:33:42.516000,1.1473,1.14728,3750000,1120000
2017-03-15 12:33:42.670000,1.14729,1.14726,1310000,1000000
2017-03-15 12:33:43.075000,1.14728,1.14724,1690000,1120000
2017-03-15 12:33:43.329000,1.14727,1.14724,4690000,1120000
2017-03-15 12:33:43.845000,1.14727,1.14723,6190000,1100000
2017-03-15 12:33:44.151000,1.14728,1.14727,3000000,1000000
2017-03-15 12:33:44.305000,1.14729,1.14725,4690000,2250000
2017-03-15 12:33:44.851000,1.14729,1.14726,3370000,1500000
2017-03-15 12:33:45.373000,1.1473,1.14728,1370000,1500000
2017-03-15 12:33:45.677000,1.14738,1.14737,1870000,1000000
2017-03-15 12:33:45.728000,1.14739,1.14737,1000000,1000000
2017-03-15 12:33:46.032000,1.14741,1.14739,3560000,1120000
2017-03-15 12:33:46.333000,1.14747,1.14743,3940000,1870000
2017-03-15 12:33:46.384000,1.14744,1.14743,1870000,1870000
2017-03-15 12:33:46.587000,1.1474,1.14736,3410000,7870000
2017-03-15 12:33:46.638000,1.14739,1.14736,2620000,2620000
2017-03-15 12:33:46.893000,1.14741,1.14739,3370000,2250000
2017-03-15 12:33:47.045000,1.14743,1.14741,1000000,1690000
2017-03-15 12:33:47.263000,1.14746,1.14741,3190000,4690000
2017-03-15 12:33:47.467000,1.14744,1.14742,1000000,1120000
2017-03-15 12:33:47.923000,1.14743,1.1474,3560000,1120000
2017-03-15 12:33:48.227000,1.14741,1.14739,1870000,1000000
2017-03-15 12:33:48.763000,1.14741,1.14738,1310000,1000000
2017-03-15 12:33:49.069000,1.1474,1.14738,4310000,1000000
2017-03-15 12:33:49.121000,1.1474,1.14736,5440000,1500000
2017-03-15 12:33:50.014000,1.1474,1.14737,1250000,1000000
2017-03-15 12:33:50.544000,1.14741,1.14737,2440000,2250000
2017-03-15 12:33:51.052000,1.14742,1.14738,13690000,1200000
2017-03-15 12:33:51.584000,1.14739,1.14737,1120000,1000000
2017-03-15 12:33:52.163000,1.14739,1.14736,1310000,1120000
2017-03-15 12:33:52.468000,1.14737,1.14733,3750000,1310000
2017-03-15 12:33:52.974000,1.14739,1.14734,4310000,1500000
2017-03-15 12:33:53.505000,1.14739,1.14735,3560000,1000000
2017-03-15 12:33:54.018000,1.1474,1.14736,4310000,1000000
2017-03-15 12:33:54.120000,1.14736,1.14735,2620000,1000000
2017-03-15 12:33:54.435000,1.14734,1.14732,1120000,2250000
2017-03-15 12:33:54.486000,1.14734,1.14731,1120000,1000000
2017-03-15 12:33:54.993000,1.14734,1.14732,1500000,1000000
2017-03-15 12:33:55.044000,1.14734,1.1473,1690000,2250000
2017-03-15 12:33:55.666000,1.14731,1.1473,1000000,2020000
2017-03-15 12:33:56.888000,1.14732,1.1473,1310000,1500000
2017-03-15 12:33:57.192000,1.14734,1.14732,1120000,1000000
2017-03-15 12:33:57.980000,1.14732,1.14731,1000000,1000000
2017-03-15 12:33:58.487000,1.14733,1.14731,1120000,1000000
2017-03-15 12:33:59.341000,1.14735,1.14732,2060000,1000000
2017-03-15 12:33:59.754000,1.14735,1.14734,1000000,1000000
2017-03-15 12:33:59.805000,1.14737,1.14734,1000000,1120000
2017-03-15 12:34:00.311000,1.14737,1.14735,1500000,1000000
2017-03-15 12:34:00.830000,1.14738,1.14735,1310000,1120000
2017-03-15 12:34:01.336000,1.14739,1.14737,1500000,1000000
2017-03-15 12:34:01.640000,1.14742,1.14741,10870000,1500000
2017-03-15 12:34:01.691000,1.14741,1.1474,2620000,4030000
2017-03-15 12:34:01.855000,1.14745,1.14744,1000000,1000000
2017-03-15 12:34:02.361000,1.14747,1.14745,1120000,1000000
2017-03-15 12:34:03.552000,1.14747,1.14746,1000000,1000000
2017-03-15 12:34:04.110000,1.14749,1.14746,4310000,1500000
2017-03-15 12:34:04.669000,1.14749,1.14747,1310000,1000000
2017-03-15 12:34:05.176000,1.14749,1.14746,1310000,1000000
2017-03-15 12:34:05.851000,1.14748,1.14746,2810000,1000000
2017-03-15 12:34:06.054000,1.14747,1.14744,1500000,1870000
2017-03-15 12:34:06.156000,1.14748,1.14746,1310000,1000000
2017-03-15 12:34:06.702000,1.14748,1.14745,1310000,1000000
2017-03-15 12:34:07.273000,1.14748,1.14744,3940000,1870000
2017-03-15 12:34:07.832000,1.14748,1.14745,1310000,1000000
2017-03-15 12:34:08.930000,1.14748,1.14744,1310000,2250000
2017-03-15 12:34:09.446000,1.14747,1.14744,1000000,1120000
2017-03-15 12:34:10.376000,1.14744,1.14742,1250000,1650000
2017-03-15 12:34:10.479000,1.14741,1.14739,1130000,1500000
2017-03-15 12:34:10.682000,1.1474,1.14737,1870000,1120000
2017-03-15 12:34:11.291000,1.14739,1.14735,1000000,3260000
2017-03-15 12:34:11.443000,1.14737,1.14733,1000000,2810000
2017-03-15 12:34:12.381000,1.14738,1.14734,1250000,4500000
2017-03-15 12:34:12.888000,1.14738,1.14735,1000000,3640000
2017-03-15 12:34:13.269000,1.14736,1.14735,1000000,1000000
2017-03-15 12:34:13.606000,1.14733,1.14728,5440000,1750000
2017-03-15 12:34:14.112000,1.14732,1.14727,1250000,6260000
2017-03-15 12:34:14.628000,1.14732,1.14729,1120000,1690000
2017-03-15 12:34:15.230000,1.14731,1.14729,1000000,1690000
2017-03-15 12:34:15.739000,1.14731,1.14728,1120000,1620000
2017-03-15 12:34:16.052000,1.14732,1.1473,1000000,1370000
2017-03-15 12:34:16.591000,1.14733,1.1473,2670000,1120000
2017-03-15 12:34:17.684000,1.14732,1.14731,1000000,1000000
2017-03-15 12:34:17.937000,1.14734,1.1473,2250000,2060000
2017-03-15 12:34:19.918000,1.14735,1.14732,1920000,1690000
2017-03-15 12:34:20.121000,1.14736,1.14732,1120000,3560000
2017-03-15 12:34:20.628000,1.14736,1.14732,1120000,4310000
2017-03-15 12:34:22.943000,1.14737,1.14733,2810000,1870000
2017-03-15 12:34:23.454000,1.14736,1.14734,1000000,1250000
2017-03-15 12:34:23.960000,1.14736,1.14735,1000000,1310000
2017-03-15 12:34:24.533000,1.14737,1.14735,1120000,1310000
2017-03-15 12:34:25.409000,1.14738,1.14735,1870000,1310000
2017-03-15 12:34:26.367000,1.14739,1.14735,5250000,1310000
2017-03-15 12:34:26.881000,1.14739,1.14736,1120000,2440000
2017-03-15 12:34:27.466000,1.1474,1.14736,4500000,2440000
2017-03-15 12:34:28.086000,1.1474,1.14737,2250000,1000000
2017-03-15 12:34:29.150000,1.14739,1.14737,1000000,1000000
2017-03-15 12:34:29.695000,1.14739,1.14736,1000000,2440000
2017-03-15 12:34:36.879000,1.14736,1.14734,2850000,2620000
2017-03-15 12:34:37.194000,1.14733,1.1473,2620000,1500000
2017-03-15 12:34:37.702000,1.14732,1.14729,1000000,3940000
2017-03-15 12:34:38.212000,1.14732,1.14729,1500000,3190000
2017-03-15 12:34:38.548000,1.14733,1.14732,1870000,1500000
2017-03-15 12:34:38.599000,1.14736,1.14734,1000000,1690000
2017-03-15 12:34:39.158000,1.14737,1.14734,1000000,2060000
2017-03-15 12:34:39.260000,1.14735,1.14733,1000000,2810000
2017-03-15 12:34:39.766000,1.14735,1.14732,1000000,1310000
2017-03-15 12:34:40.294000,1.14737,1.14732,2620000,2440000
2017-03-15 12:34:43.528000,1.14735,1.14732,1000000,2440000
2017-03-15 12:34:44.137000,1.14734,1.14731,1120000,1190000
2017-03-15 12:34:44.492000,1.14733,1.1473,1120000,1690000
2017-03-15 12:34:44.998000,1.14735,1.14731,3750000,2620000
2017-03-15 12:34:45.049000,1.14734,1.14732,1500000,1540000
2017-03-15 12:34:45.202000,1.14741,1.14737,5250000,6190000
2017-03-15 12:34:45.707000,1.14739,1.14737,1120000,3560000
2017-03-15 12:34:45.808000,1.14741,1.14737,1120000,6940000
2017-03-15 12:34:46.314000,1.14742,1.14737,3000000,3940000
2017-03-15 12:34:46.870000,1.14742,1.14739,1120000,1000000
2017-03-15 12:34:47.382000,1.14743,1.14739,1120000,2440000
2017-03-15 12:34:47.789000,1.14741,1.14738,1000000,3940000
2017-03-15 12:34:47.941000,1.14743,1.14739,2620000,2060000
2017-03-15 12:34:48.296000,1.14745,1.14741,2620000,2060000
2017-03-15 12:34:48.802000,1.14746,1.14742,1870000,2060000
2017-03-15 12:34:49.341000,1.14747,1.14742,4120000,2060000
2017-03-15 12:34:50.312000,1.14747,1.14743,1500000,1690000
2017-03-15 12:34:50.832000,1.14748,1.14743,7870000,2060000
2017-03-15 12:34:51.457000,1.14748,1.14744,1000000,2060000
2017-03-15 12:34:51.761000,1.14751,1.14747,11350000,1310000
2017-03-15 12:34:52.015000,1.14748,1.14744,1500000,2060000
2017-03-15 12:34:52.407000,1.1475,1.14746,4220000,1190000
2017-03-15 12:34:52.458000,1.1475,1.14747,2250000,8060000
2017-03-15 12:34:52.964000,1.14748,1.14747,1000000,1120000
2017-03-15 12:34:53.108000,1.14747,1.14745,1120000,1250000
2017-03-15 12:34:53.615000,1.14748,1.14744,1120000,2810000
2017-03-15 12:34:54.798000,1.14746,1.14744,1000000,1870000
2017-03-15 12:34:55.116000,1.14743,1.14741,1000000,1250000
2017-03-15 12:34:55.421000,1.1474,1.14736,3000000,2910000
2017-03-15 12:34:55.828000,1.14741,1.14739,5250000,4350000
2017-03-15 12:34:55.980000,1.14743,1.1474,1370000,1000000
2017-03-15 12:34:56.577000,1.14744,1.1474,1620000,1000000
2017-03-15 12:34:57.101000,1.14745,1.14741,1690000,1870000
2017-03-15 12:34:57.607000,1.14745,1.14741,1310000,2250000
2017-03-15 12:34:58.162000,1.14743,1.14741,1000000,3560000
2017-03-15 12:34:58.668000,1.14744,1.14741,1500000,1500000
2017-03-15 12:34:59.231000,1.14743,1.14741,1000000,1120000
2017-03-15 12:34:59.535000,1.14739,1.14737,1000000,1870000
2017-03-15 12:34:59.739000,1.14737,1.14734,1250000,9370000
2017-03-15 12:35:00.245000,1.14737,1.14734,1000000,6410000
2017-03-15 12:35:00.296000,1.14738,1.14735,1500000,4160000
2017-03-15 12:35:00.718000,1.14739,1.14736,1000000,4350000
2017-03-15 12:35:01.224000,1.1474,1.14737,1000000,1500000
2017-03-15 12:35:01.732000,1.14739,1.14735,1500000,2000000
2017-03-15 12:35:03.027000,1.1474,1.14737,1000000,13160000
2017-03-15 12:35:03.129000,1.14742,1.14739,1120000,1500000
2017-03-15 12:35:03.231000,1.14741,1.14736,1690000,3750000
2017-03-15 12:35:03.333000,1.14742,1.14739,2250000,1000000
2017-03-15 12:35:03.525000,1.1474,1.14739,1250000,1000000
2017-03-15 12:35:03.728000,1.14738,1.14736,4310000,1300000
2017-03-15 12:35:03.830000,1.14739,1.14736,2620000,1300000
2017-03-15 12:35:03.931000,1.14738,1.14737,1120000,1000000
2017-03-15 12:35:04.033000,1.1474,1.14738,1500000,3370000
2017-03-15 12:35:04.084000,1.1474,1.14737,1500000,6370000
2017-03-15 12:35:04.135000,1.1474,1.14738,1000000,4500000
2017-03-15 12:35:04.338000,1.14742,1.14739,3190000,1000000
2017-03-15 12:35:04.491000,1.1474,1.14738,1000000,1870000
2017-03-15 12:35:04.694000,1.14742,1.14739,2810000,1500000
2017-03-15 12:35:05.015000,1.14743,1.1474,6190000,2250000
2017-03-15 12:35:05.067000,1.14744,1.14742,1000000,4120000
2017-03-15 12:35:07.298000,1.14742,1.14741,1000000,3000000
2017-03-15 12:35:07.603000,1.14733,1.14732,1000000,5620000
2017-03-15 12:35:07.655000,1.14733,1.14731,2440000,1870000
2017-03-15 12:35:07.756000,1.14732,1.1473,4910000,2850000
2017-03-15 12:35:08.095000,1.1473,1.14728,1000000,1500000
2017-03-15 12:35:08.726000,1.14731,1.14727,2250000,6190000
2017-03-15 12:35:09.030000,1.14729,1.14727,1000000,2060000
2017-03-15 12:35:09.235000,1.14727,1.14724,1000000,1870000
2017-03-15 12:35:09.539000,1.14731,1.14729,5350000,2810000
2017-03-15 12:35:09.641000,1.14733,1.1473,1500000,2430000
2017-03-15 12:35:10.150000,1.14733,1.14731,1000000,1120000
2017-03-15 12:35:10.201000,1.14735,1.14732,1000000,4500000
2017-03-15 12:35:10.496000,1.14737,1.14733,2060000,5700000
2017-03-15 12:35:10.771000,1.14734,1.14733,1310000,1000000
2017-03-15 12:35:10.822000,1.14732,1.1473,1000000,1870000
2017-03-15 12:35:11.177000,1.14731,1.14728,1500000,1870000
2017-03-15 12:35:12.530000,1.1473,1.14727,1000000,3940000
2017-03-15 12:35:12.683000,1.14728,1.14726,1690000,1000000
2017-03-15 12:35:12.735000,1.14727,1.14723,1870000,8810000
2017-03-15 12:35:13.213000,1.14729,1.14725,4540000,1870000
2017-03-15 12:35:13.519000,1.14725,1.14723,1000000,1000000
2017-03-15 12:35:14.033000,1.14725,1.14722,1690000,1120000
2017-03-15 12:35:14.545000,1.14724,1.14721,1000000,2620000
2017-03-15 12:35:15.152000,1.14724,1.14721,1500000,1120000
2017-03-15 12:35:15.700000,1.14722,1.14721,1000000,1120000
2017-03-15 12:35:15.903000,1.14719,1.14717,1000000,1000000
2017-03-15 12:35:16.339000,1.14721,1.14719,1000000,3560000
2017-03-15 12:35:16.644000,1.14731,1.14729,3370000,1120000
2017-03-15 12:35:17.403000,1.14732,1.14728,1870000,3190000
2017-03-15 12:35:18.541000,1.14733,1.14729,2060000,1500000
2017-03-15 12:35:19.051000,1.14731,1.14729,1000000,1500000
2017-03-15 12:35:19.625000,1.14732,1.14727,1120000,8170000
2017-03-15 12:35:19.948000,1.1473,1.14727,1000000,5170000
2017-03-15 12:35:20.208000,1.14729,1.14726,1310000,1000000
2017-03-15 12:35:20.795000,1.1473,1.14725,5060000,2620000
2017-03-15 12:35:21.048000,1.14729,1.14726,1000000,2660000
2017-03-15 12:35:21.251000,1.14733,1.14729,2620000,2810000
2017-03-15 12:35:21.757000,1.14733,1.14729,1500000,3190000
2017-03-15 12:35:22.860000,1.14734,1.14729,1310000,3940000
2017-03-15 12:35:23.897000,1.14733,1.14729,1000000,3190000
2017-03-15 12:35:24.050000,1.14731,1.14727,1000000,4750000
2017-03-15 12:35:24.252000,1.1473,1.14726,1870000,2440000
2017-03-15 12:35:24.709000,1.14728,1.14726,1000000,2440000
2017-03-15 12:35:25.013000,1.1473,1.14726,1120000,1690000
2017-03-15 12:35:25.520000,1.14729,1.14725,3560000,1500000
2017-03-15 12:35:26.146000,1.14729,1.14726,1120000,2810000
2017-03-15 12:35:26.248000,1.1473,1.14727,1000000,3560000
2017-03-15 12:35:26.799000,1.14729,1.14726,2250000,2060000
2017-03-15 12:35:27.406000,1.1473,1.14727,1000000,1250000
2017-03-15 12:35:27.980000,1.1473,1.14728,1000000,1000000
2017-03-15 12:35:28.486000,1.14731,1.14729,1000000,4500000
2017-03-15 12:35:29.017000,1.14731,1.14728,1250000,1500000
2017-03-15 12:35:30.296000,1.1473,1.14727,1500000,3750000
2017-03-15 12:35:30.751000,1.14728,1.14727,1000000,2620000
2017-03-15 12:35:31.306000,1.14728,1.14726,1000000,2620000
2017-03-15 12:35:31.852000,1.14729,1.14726,1310000,1000000
2017-03-15 12:35:32.788000,1.14727,1.14726,1000000,1000000
2017-03-15 12:35:33.299000,1.14727,1.14725,1500000,1000000
2017-03-15 12:35:33.933000,1.14727,1.14724,1500000,2250000
2017-03-15 12:35:35.543000,1.14725,1.14723,1000000,3750000
2017-03-15 12:35:36.332000,1.14726,1.14723,1500000,3370000
2017-03-15 12:35:37.194000,1.14725,1.14722,1000000,5440000
2017-03-15 12:35:38.148000,1.14725,1.14721,1250000,3000000
2017-03-15 12:35:38.688000,1.14724,1.14721,1000000,2620000
2017-03-15 12:35:39.905000,1.14723,1.1472,1000000,6560000
2017-03-15 12:35:40.430000,1.14724,1.1472,1000000,7310000
2017-03-15 12:35:40.883000,1.14723,1.14721,1000000,1000000
2017-03-15 12:35:41.592000,1.14723,1.1472,1000000,3000000
2017-03-15 12:35:42.109000,1.14724,1.1472,4310000,3000000
2017-03-15 12:35:42.904000,1.14723,1.1472,1120000,3000000
2017-03-15 12:35:44.405000,1.14722,1.1472,1000000,2250000
2017-03-15 12:35:44.659000,1.14723,1.1472,1000000,1000000
2017-03-15 12:35:45.149000,1.14721,1.14719,1000000,1600000
2017-03-15 12:35:45.453000,1.1472,1.14718,3560000,1120000
2017-03-15 12:35:45.605000,1.14718,1.14716,2620000,1120000
2017-03-15 12:35:46.113000,1.14717,1.14714,1000000,3370000
2017-03-15 12:35:46.808000,1.14717,1.14716,3370000,1000000
2017-03-15 12:35:47.313000,1.14717,1.14714,3370000,2620000
2017-03-15 12:35:47.851000,1.14718,1.14715,4690000,1870000
2017-03-15 12:35:48.395000,1.14718,1.14716,1000000,1120000
2017-03-15 12:35:48.923000,1.14719,1.14716,3560000,1120000
2017-03-15 12:35:49.742000,1.1472,1.14719,3000000,1000000
2017-03-15 12:35:49.944000,1.14722,1.1472,4870000,1000000
2017-03-15 12:35:50.451000,1.14723,1.1472,3560000,3000000
2017-03-15 12:35:50.956000,1.14723,1.1472,3940000,3000000
2017-03-15 12:35:59.342000,1.14722,1.1472,1000000,1500000
2017-03-15 12:36:00.453000,1.14723,1.1472,4500000,3750000
2017-03-15 12:36:00.965000,1.14724,1.14722,1000000,1120000
2017-03-15 12:36:01.280000,1.14722,1.14721,1000000,1870000
2017-03-15 12:36:01.787000,1.14723,1.14721,1120000,1870000
2017-03-15 12:36:02.766000,1.14725,1.14723,2060000,1000000
2017-03-15 12:36:03.275000,1.14724,1.14723,1000000,1120000
2017-03-15 12:36:04.064000,1.14725,1.14723,1000000,1120000
2017-03-15 12:36:05.225000,1.14725,1.14724,1000000,1000000
2017-03-15 12:36:06.697000,1.14727,1.14725,1870000,4500000
2017-03-15 12:36:06.749000,1.14728,1.14725,1000000,3370000
2017-03-15 12:36:07.257000,1.14729,1.14727,1000000,1500000
2017-03-15 12:36:08.176000,1.14729,1.14728,1000000,1000000
2017-03-15 12:36:10.694000,1.14729,1.14726,4690000,1870000
2017-03-15 12:36:10.796000,1.14727,1.14724,1870000,1500000
2017-03-15 12:36:11.302000,1.14726,1.14725,1000000,1000000
2017-03-15 12:36:11.505000,1.14728,1.14727,1120000,1000000
2017-03-15 12:36:11.607000,1.14728,1.14727,1000000,1870000
2017-03-15 12:36:12.115000,1.14729,1.14727,1000000,4500000
2017-03-15 12:36:14.319000,1.14728,1.14727,1500000,1000000
2017-03-15 12:36:14.829000,1.14727,1.14725,1000000,1500000
2017-03-15 12:36:15.082000,1.14726,1.14724,1000000,4500000
2017-03-15 12:36:15.538000,1.14724,1.14722,1690000,1120000
2017-03-15 12:36:16.044000,1.14721,1.1472,1000000,2250000
2017-03-15 12:36:16.247000,1.14719,1.14717,1870000,1000000
2017-03-15 12:36:16.854000,1.14718,1.14717,1000000,1120000
2017-03-15 12:36:17.359000,1.14719,1.14716,1690000,2250000
2017-03-15 12:36:18.192000,1.14719,1.14714,3190000,5620000
2017-03-15 12:36:18.496000,1.14718,1.14714,1690000,3370000
2017-03-15 12:36:18.699000,1.14716,1.14714,1000000,2620000
2017-03-15 12:36:20.731000,1.14715,1.14713,1190000,1500000
2017-03-15 12:36:20.833000,1.14713,1.14711,1000000,5250000
2017-03-15 12:36:21.381000,1.14713,1.1471,2440000,3600000
2017-03-15 12:36:21.993000,1.14713,1.1471,3190000,1500000
2017-03-15 12:36:22.436000,1.14713,1.14709,3560000,3000000
2017-03-15 12:36:22.794000,1.1471,1.14708,1690000,1000000
2017-03-15 12:36:23.127000,1.14704,1.14703,1000000,1000000
2017-03-15 12:36:23.179000,1.14704,1.14701,1500000,2440000
2017-03-15 12:36:24.347000,1.14705,1.14702,2250000,1000000
2017-03-15 12:36:24.883000,1.14706,1.14702,3940000,3000000
2017-03-15 12:36:25.238000,1.14704,1.14702,1000000,3000000
2017-03-15 12:36:26.660000,1.14704,1.14702,1000000,1000000
2017-03-15 12:36:33.961000,1.14706,1.14703,2250000,1000000
2017-03-15 12:36:34.516000,1.14707,1.14703,1310000,3750000
2017-03-15 12:36:35.118000,1.14704,1.14702,1000000,1950000
2017-03-15 12:36:35.669000,1.14705,1.14701,1870000,1760000
2017-03-15 12:36:36.175000,1.14704,1.14701,1000000,1760000
2017-03-15 12:36:38.848000,1.14704,1.14701,1000000,1390000
2017-03-15 12:36:40.815000,1.14703,1.14701,1000000,1390000
2017-03-15 12:36:42.675000,1.14703,1.14701,1000000,1390000
2017-03-15 12:36:42.983000,1.14705,1.14701,3750000,1390000
2017-03-15 12:36:43.794000,1.14705,1.14702,2620000,1120000
2017-03-15 12:36:47.277000,1.14705,1.14703,1120000,1000000
2017-03-15 12:36:48.315000,1.14703,1.14702,5100000,5620000
2017-03-15 12:36:48.635000,1.14694,1.14692,2060000,1500000
2017-03-15 12:36:48.686000,1.14693,1.1469,1250000,25200001
2017-03-15 12:36:48.737000,1.14693,1.14692,1250000,1000000
2017-03-15 12:36:49.293000,1.14694,1.14692,1690000,1000000
2017-03-15 12:36:50.824000,1.14693,1.14691,1000000,2700000
2017-03-15 12:36:51.129000,1.14691,1.14689,3190000,1370000
2017-03-15 12:36:51.231000,1.14692,1.14689,3560000,1500000
2017-03-15 12:36:51.282000,1.14692,1.14691,1690000,1000000
2017-03-15 12:36:54.073000,1.14693,1.14692,2810000,1000000
2017-03-15 12:36:54.326000,1.14694,1.14691,2440000,1120000
2017-03-15 12:36:55.081000,1.14693,1.14691,1000000,1120000
2017-03-15 12:36:55.951000,1.14691,1.1469,1000000,1120000
2017-03-15 12:36:56.002000,1.14691,1.14688,1000000,3000000
2017-03-15 12:36:56.458000,1.14687,1.14686,1250000,2620000
2017-03-15 12:36:56.560000,1.14687,1.14684,2440000,1370000
2017-03-15 12:36:56.763000,1.14686,1.14682,2810000,4500000
2017-03-15 12:36:57.301000,1.14686,1.14682,2060000,2250000
2017-03-15 12:36:57.746000,1.14688,1.14687,2250000,2250000
2017-03-15 12:36:57.902000,1.14686,1.14684,1250000,1870000
2017-03-15 12:36:57.953000,1.14685,1.14683,1000000,3220000
2017-03-15 12:36:58.460000,1.14685,1.14682,1000000,4120000
2017-03-15 12:36:58.765000,1.14686,1.14684,2060000,1370000
2017-03-15 12:36:59.833000,1.14686,1.14682,2060000,7500000
2017-03-15 12:37:00.463000,1.14687,1.14686,1500000,1120000
2017-03-15 12:37:00.566000,1.14691,1.14687,2440000,5570000
2017-03-15 12:37:00.668000,1.14691,1.14688,1690000,2620000
2017-03-15 12:37:00.769000,1.14692,1.14688,3190000,3370000
2017-03-15 12:37:01.276000,1.14692,1.14689,1000000,2250000
2017-03-15 12:37:01.777000,1.14694,1.1469,2440000,4120000
2017-03-15 12:37:02.081000,1.14694,1.14692,1690000,2500000
2017-03-15 12:37:02.183000,1.14697,1.14694,3190000,3370000
2017-03-15 12:37:02.285000,1.14698,1.14695,1310000,1000000
2017-03-15 12:37:02.336000,1.14696,1.14694,1250000,1120000
2017-03-15 12:37:02.843000,1.14699,1.14695,6190000,1870000
2017-03-15 12:37:03.042000,1.14699,1.14695,2440000,3370000
2017-03-15 12:37:03.548000,1.14698,1.14695,1000000,2620000
2017-03-15 12:37:04.063000,1.14699,1.14695,4690000,3370000
2017-03-15 12:37:04.317000,1.14698,1.14694,2440000,6370000
2017-03-15 12:37:04.675000,1.14693,1.14691,1120000,1000000
2017-03-15 12:37:04.726000,1.14692,1.14688,6560000,6000000
2017-03-15 12:37:04.777000,1.14692,1.14688,6560000,2250000
2017-03-15 12:37:05.284000,1.14692,1.14689,4310000,1500000
2017-03-15 12:37:07.004000,1.14694,1.14689,7690000,3000000
2017-03-15 12:37:08.830000,1.14692,1.14689,1690000,1870000
2017-03-15 12:37:09.083000,1.14691,1.14688,1690000,1500000
2017-03-15 12:37:09.692000,1.14691,1.14688,1190000,1500000
2017-03-15 12:37:12.492000,1.14691,1.14688,1000000,5250000
2017-03-15 12:37:12.645000,1.14693,1.14689,3370000,5440000
2017-03-15 12:37:13.158000,1.14694,1.1469,2060000,1570000
2017-03-15 12:37:13.819000,1.14694,1.14691,1000000,1120000
2017-03-15 12:37:14.352000,1.14695,1.14693,1120000,4500000
2017-03-15 12:37:14.657000,1.14697,1.14694,1250000,4120000
2017-03-15 12:37:15.496000,1.14698,1.14696,1190000,2250000
2017-03-15 12:37:15.599000,1.14701,1.14698,3970000,2320000
2017-03-15 12:37:16.055000,1.147,1.14697,1690000,3370000
2017-03-15 12:37:16.563000,1.14699,1.14696,2440000,1000000
2017-03-15 12:37:16.816000,1.14699,1.14696,1690000,1370000
2017-03-15 12:37:17.020000,1.14698,1.14695,1690000,1120000
2017-03-15 12:37:18.815000,1.14699,1.14697,2060000,1500000
2017-03-15 12:37:19.120000,1.14701,1.14699,1120000,4120000
2017-03-15 12:37:19.659000,1.14701,1.147,1120000,2250000
2017-03-15 12:37:20.134000,1.14701,1.14699,2810000,3370000
2017-03-15 12:37:20.235000,1.14699,1.14696,3370000,1500000
2017-03-15 12:37:20.337000,1.147,1.14699,6750000,1500000
2017-03-15 12:37:20.742000,1.14699,1.14697,1000000,1870000
2017-03-15 12:37:21.277000,1.14698,1.14696,1000000,3000000
2017-03-15 12:37:21.783000,1.14699,1.14696,1500000,3000000
2017-03-15 12:37:22.089000,1.147,1.14698,1000000,1500000
2017-03-15 12:37:22.400000,1.14702,1.14701,1000000,1120000
2017-03-15 12:37:22.755000,1.14701,1.14699,3750000,1120000
2017-03-15 12:37:22.806000,1.14699,1.14697,1000000,1370000
2017-03-15 12:37:23.312000,1.14699,1.14697,1000000,1120000
2017-03-15 12:37:23.640000,1.14697,1.14696,1000000,1000000
2017-03-15 12:37:24.490000,1.14697,1.14695,1000000,2250000
2017-03-15 12:37:25.510000,1.14698,1.14697,1000000,1120000
2017-03-15 12:37:25.663000,1.14701,1.14698,2440000,4550000
2017-03-15 12:37:26.170000,1.147,1.14698,1250000,5300000
2017-03-15 12:37:26.583000,1.14699,1.14698,2440000,5250000
2017-03-15 12:37:26.685000,1.14698,1.14696,1250000,1000000
2017-03-15 12:37:26.989000,1.14697,1.14695,1000000,2300000
2017-03-15 12:37:27.090000,1.14698,1.14695,1500000,2300000
2017-03-15 12:37:27.739000,1.147,1.14699,1120000,4120000
2017-03-15 12:37:27.790000,1.14701,1.14699,1130000,2620000
2017-03-15 12:37:28.297000,1.147,1.14699,1000000,1570000
2017-03-15 12:37:28.398000,1.14699,1.14697,1000000,1400000
2017-03-15 12:37:28.500000,1.14702,1.14699,3190000,1000000
2017-03-15 12:37:29.048000,1.147,1.14698,1000000,3000000
2017-03-15 12:37:29.579000,1.14698,1.14697,1500000,1920000
2017-03-15 12:37:30.943000,1.14698,1.14696,3190000,1000000
2017-03-15 12:37:32.073000,1.14698,1.14694,2810000,4550000
2017-03-15 12:37:32.735000,1.14698,1.14694,3560000,3800000
2017-03-15 12:37:33.934000,1.14697,1.14694,1250000,1120000
2017-03-15 12:37:34.187000,1.14694,1.14689,3190000,9990000
2017-03-15 12:37:34.341000,1.14692,1.14689,1000000,4740000
2017-03-15 12:37:36.192000,1.14693,1.1469,3750000,1870000
2017-03-15 12:37:37.799000,1.14692,1.1469,2440000,1870000
2017-03-15 12:37:38.329000,1.14691,1.14689,1250000,1500000
2017-03-15 12:37:39.107000,1.1469,1.14689,1000000,1500000
2017-03-15 12:37:39.612000,1.14689,1.14688,1000000,2250000
2017-03-15 12:37:41.880000,1.14691,1.14689,5440000,1500000
2017-03-15 12:37:42.388000,1.14691,1.14689,1250000,2250000
2017-03-15 12:37:43.733000,1.14692,1.1469,1250000,1120000
2017-03-15 12:37:44.895000,1.14693,1.14691,1000000,4500000
2017-03-15 12:37:45.700000,1.14694,1.14693,1000000,2250000
2017-03-15 12:37:45.751000,1.14695,1.14693,1000000,2620000
2017-03-15 12:37:45.802000,1.14696,1.14695,1000000,1000000
2017-03-15 12:37:45.904000,1.147,1.14697,1500000,5250000
2017-03-15 12:37:45.955000,1.14702,1.14699,3190000,1120000
2017-03-15 12:37:46.461000,1.147,1.14699,2440000,1000000
2017-03-15 12:37:46.660000,1.14698,1.14697,1500000,1000000
2017-03-15 12:37:46.965000,1.14698,1.14695,3190000,1870000
2017-03-15 12:37:47.117000,1.14696,1.14694,1000000,6750000
2017-03-15 12:37:47.372000,1.14701,1.14698,2810000,1500000
2017-03-15 12:37:48.049000,1.147,1.14697,1000000,7270000
2017-03-15 12:37:49.004000,1.14699,1.14697,1000000,4650000
2017-03-15 12:37:49.257000,1.14699,1.14696,2620000,1000000
2017-03-15 12:37:49.409000,1.14697,1.14695,1000000,4500000
2017-03-15 12:37:49.909000,1.14695,1.14692,1690000,2770000
2017-03-15 12:37:50.416000,1.14694,1.14692,1000000,1270000
2017-03-15 12:37:51.382000,1.14692,1.14691,1000000,2020000
2017-03-15 12:37:51.433000,1.14692,1.1469,1000000,2620000
2017-03-15 12:37:51.586000,1.14692,1.14689,2440000,3370000
2017-03-15 12:37:52.110000,1.14691,1.14689,1250000,1500000
2017-03-15 12:37:53.758000,1.14691,1.14687,1690000,9900000
2017-03-15 12:37:53.809000,1.14689,1.14687,1000000,7270000
2017-03-15 12:37:54.315000,1.14689,1.14687,1500000,3450000
2017-03-15 12:37:54.862000,1.14688,1.14687,1000000,2320000
2017-03-15 12:37:55.174000,1.14692,1.14688,2060000,2620000
2017-03-15 12:37:55.681000,1.14691,1.14688,1500000,3370000
2017-03-15 12:37:57.261000,1.1469,1.14687,1000000,8660000
2017-03-15 12:37:57.772000,1.14692,1.14691,1870000,1500000
2017-03-15 12:37:57.925000,1.14693,1.14691,1690000,1500000
2017-03-15 12:38:00.756000,1.14695,1.14691,2810000,3370000
2017-03-15 12:38:01.285000,1.14693,1.14691,1000000,2250000
2017-03-15 12:38:01.913000,1.14693,1.14691,1500000,1500000
2017-03-15 12:38:03.077000,1.14694,1.1469,2810000,4400000
2017-03-15 12:38:03.596000,1.14694,1.1469,2810000,4400000
2017-03-15 12:38:04.927000,1.14694,1.14691,1690000,1400000
2017-03-15 12:38:06.987000,1.14695,1.14693,1000000,1500000
2017-03-15 12:38:07.505000,1.14694,1.14691,1690000,1050000
2017-03-15 12:38:10.966000,1.14693,1.14691,1000000,1350000
2017-03-15 12:38:11.472000,1.14693,1.14691,1000000,1170000
2017-03-15 12:38:11.606000,1.14695,1.14691,3560000,3420000
2017-03-15 12:38:12.496000,1.14694,1.14691,1250000,3970000
2017-03-15 12:38:13.920000,1.14695,1.14691,2060000,2470000
2017-03-15 12:38:14.236000,1.14695,1.14691,2810000,2250000
2017-03-15 12:38:14.388000,1.14695,1.14694,1120000,1690000
2017-03-15 12:38:14.665000,1.14702,1.147,1870000,3970000
2017-03-15 12:38:14.716000,1.14702,1.14701,1500000,4550000
2017-03-15 12:38:15.122000,1.14704,1.14702,1690000,1170000
2017-03-15 12:38:15.376000,1.14703,1.14701,2440000,2470000
2017-03-15 12:38:15.741000,1.147,1.14699,1690000,1870000
2017-03-15 12:38:15.994000,1.14703,1.147,1000000,5250000
2017-03-15 12:38:16.299000,1.14704,1.14702,1000000,1120000
2017-03-15 12:38:16.556000,1.14711,1.14707,5810000,2250000
2017-03-15 12:38:17.086000,1.1471,1.14707,1120000,4500000
2017-03-15 12:38:17.629000,1.14709,1.14706,3190000,1950000
2017-03-15 12:38:18.609000,1.14709,1.14704,4690000,2810000
2017-03-15 12:38:20.005000,1.14708,1.14705,1000000,1120000
2017-03-15 12:38:21.474000,1.14706,1.14704,1000000,1500000
2017-03-15 12:38:21.778000,1.14704,1.14701,1000000,1500000
2017-03-15 12:38:22.285000,1.14705,1.14702,1250000,2250000
2017-03-15 12:38:22.999000,1.14705,1.14702,1250000,1870000
2017-03-15 12:38:23.334000,1.14707,1.14703,2440000,4120000
2017-03-15 12:38:23.942000,1.14707,1.14704,1250000,1000000
2017-03-15 12:38:24.450000,1.14706,1.14703,1250000,1500000
2017-03-15 12:38:25.419000,1.14706,1.14703,1190000,1000000
2017-03-15 12:38:25.925000,1.14705,1.14701,2810000,1870000
2017-03-15 12:38:27.390000,1.14702,1.14701,1500000,1000000
2017-03-15 12:38:27.643000,1.14699,1.14697,2620000,2620000
2017-03-15 12:38:28.288000,1.14698,1.14695,1000000,1370000
2017-03-15 12:38:28.838000,1.14697,1.14694,1000000,3370000
2017-03-15 12:38:30.708000,1.14697,1.14694,1000000,3000000
2017-03-15 12:38:31.561000,1.14698,1.14694,1500000,2250000
2017-03-15 12:38:33.121000,1.14699,1.14694,6940000,3000000
2017-03-15 12:38:34.330000,1.14699,1.14696,4690000,1000000
2017-03-15 12:38:34.618000,1.147,1.14699,2620000,1870000
2017-03-15 12:38:34.721000,1.14702,1.14699,1370000,7110000
2017-03-15 12:38:34.772000,1.14702,1.147,1000000,3070000
2017-03-15 12:38:35.077000,1.14704,1.14702,2250000,3120000
2017-03-15 12:38:35.128000,1.14706,1.14702,5290000,3420000
2017-03-15 12:38:35.665000,1.14706,1.14702,2440000,3870000
2017-03-15 12:38:36.171000,1.14705,1.14701,2440000,2300000
2017-03-15 12:38:37.309000,1.14705,1.14701,1690000,6870000
2017-03-15 12:38:37.612000,1.14706,1.14702,2440000,2670000
2017-03-15 12:38:37.768000,1.14706,1.14703,1000000,1870000
2017-03-15 12:38:38.675000,1.14707,1.14703,2440000,6120000
2017-03-15 12:38:39.230000,1.14707,1.14703,2440000,3120000
2017-03-15 12:38:42.980000,1.14705,1.14702,1000000,1870000
2017-03-15 12:38:43.539000,1.14706,1.14703,2440000,1370000
2017-03-15 12:38:44.095000,1.14706,1.14703,2440000,1000000
2017-03-15 12:38:45.800000,1.14707,1.14706,1500000,2250000
2017-03-15 12:38:45.903000,1.14711,1.14707,7690000,3370000
2017-03-15 12:38:46.119000,1.14715,1.14714,8250000,1000000
2017-03-15 12:38:46.224000,1.14716,1.14714,1120000,1870000
2017-03-15 12:38:46.730000,1.14717,1.14716,1120000,1000000
2017-03-15 12:38:47.185000,1.14721,1.1472,8620000,1000000
2017-03-15 12:38:47.351000,1.14724,1.14721,1000000,1000000
2017-03-15 12:38:47.454000,1.14725,1.14723,1000000,1000000
2017-03-15 12:38:47.962000,1.14726,1.14722,1690000,2620000
2017-03-15 12:38:48.265000,1.14725,1.14722,1190000,1870000
2017-03-15 12:38:48.668000,1.14727,1.14723,1250000,1370000
2017-03-15 12:38:49.176000,1.14727,1.14723,2060000,1500000
2017-03-15 12:38:49.530000,1.14726,1.14722,2060000,2250000
2017-03-15 12:38:50.721000,1.14724,1.14722,1000000,1570000
2017-03-15 12:38:51.227000,1.14724,1.14721,1690000,1120000
2017-03-15 12:38:51.784000,1.14724,1.1472,1690000,6070000
2017-03-15 12:38:52.805000,1.14724,1.1472,2440000,7870000
2017-03-15 12:38:53.311000,1.14723,1.1472,1500000,1500000
2017-03-15 12:38:53.817000,1.14721,1.1472,1250000,1120000
2017-03-15 12:38:53.969000,1.1472,1.14717,1690000,3370000
2017-03-15 12:38:54.505000,1.14719,1.14716,2440000,1200000
2017-03-15 12:38:56.805000,1.14718,1.14715,1000000,1950000
2017-03-15 12:38:57.728000,1.14718,1.14717,1000000,1000000
2017-03-15 12:38:58.237000,1.14718,1.14716,1000000,4570000
2017-03-15 12:38:58.813000,1.14719,1.14716,1000000,6070000
2017-03-15 12:38:59.350000,1.14718,1.14715,1500000,3370000
2017-03-15 12:38:59.866000,1.14717,1.14715,1000000,1870000
2017-03-15 12:39:00.267000,1.14719,1.14717,2440000,1500000
2017-03-15 12:39:00.470000,1.14722,1.1472,1250000,4120000
2017-03-15 12:39:00.622000,1.14724,1.14721,1870000,5440000
2017-03-15 12:39:01.168000,1.14724,1.14721,1500000,2700000
2017-03-15 12:39:01.969000,1.14724,1.14721,2250000,2700000
2017-03-15 12:39:02.832000,1.14723,1.14721,1000000,2700000
2017-03-15 12:39:03.336000,1.14723,1.14721,1000000,1570000
2017-03-15 12:39:04.152000,1.14725,1.14721,1120000,1500000
2017-03-15 12:39:04.762000,1.14726,1.14721,1870000,1870000
2017-03-15 12:39:05.285000,1.14726,1.14723,1120000,1000000
2017-03-15 12:39:05.966000,1.14726,1.14721,1120000,4870000
2017-03-15 12:39:10.026000,1.14725,1.14721,1000000,3370000
2017-03-15 12:39:10.761000,1.14725,1.14721,2440000,1000000
2017-03-15 12:39:11.013000,1.14723,1.14721,1000000,1000000
2017-03-15 12:39:11.544000,1.14724,1.14721,1000000,1000000
2017-03-15 12:39:12.127000,1.14723,1.14719,1500000,3560000
2017-03-15 12:39:12.633000,1.14722,1.14719,1000000,2060000
2017-03-15 12:39:13.166000,1.14722,1.14719,1000000,1740000
2017-03-15 12:39:13.719000,1.14723,1.1472,1870000,1110000
2017-03-15 12:39:14.226000,1.14723,1.14719,2620000,2170000
2017-03-15 12:39:14.736000,1.14722,1.14719,1000000,2920000
2017-03-15 12:39:15.246000,1.14722,1.14719,1500000,3560000
2017-03-15 12:39:15.819000,1.14722,1.14719,1500000,2170000
2017-03-15 12:39:18.592000,1.1472,1.14718,2500000,2740000
2017-03-15 12:39:18.643000,1.14719,1.14717,1000000,8060000
2017-03-15 12:39:18.745000,1.14718,1.14716,1500000,1000000
2017-03-15 12:39:19.680000,1.14717,1.14715,1000000,1690000
2017-03-15 12:39:20.187000,1.14718,1.14715,2250000,2060000
2017-03-15 12:39:21.510000,1.14717,1.14715,1500000,1500000
2017-03-15 12:39:21.561000,1.14715,1.14714,1250000,1870000
2017-03-15 12:39:21.714000,1.14714,1.1471,3370000,6750000
2017-03-15 12:39:21.866000,1.14712,1.1471,1500000,1120000
2017-03-15 12:39:22.373000,1.14711,1.14708,2250000,1370000
2017-03-15 12:39:22.879000,1.1471,1.14707,1000000,4030000
2017-03-15 12:39:24.547000,1.1471,1.14708,2250000,1000000
2017-03-15 12:39:24.953000,1.14712,1.14708,1690000,4500000
2017-03-15 12:39:25.857000,1.14712,1.1471,1250000,1000000
2017-03-15 12:39:26.267000,1.1471,1.14708,1000000,3860000
2017-03-15 12:39:26.368000,1.14712,1.14709,1690000,1120000
2017-03-15 12:39:26.889000,1.14713,1.1471,2620000,1250000
2017-03-15 12:39:27.788000,1.14714,1.14712,2250000,1500000
2017-03-15 12:39:28.295000,1.14712,1.14711,1000000,1870000
2017-03-15 12:39:29.185000,1.14712,1.1471,1000000,3190000
2017-03-15 12:39:29.867000,1.14712,1.14711,1500000,1870000
2017-03-15 12:39:32.347000,1.14712,1.1471,1500000,1120000
2017-03-15 12:39:32.895000,1.14711,1.14709,1000000,2810000
2017-03-15 12:39:33.509000,1.14712,1.14709,1500000,2060000
2017-03-15 12:39:34.357000,1.14711,1.14709,1000000,2060000
2017-03-15 12:39:34.661000,1.14709,1.14707,1000000,5620000
2017-03-15 12:39:34.763000,1.14708,1.14705,1000000,4690000
2017-03-15 12:39:35.219000,1.1471,1.14708,1000000,1310000
2017-03-15 12:39:35.371000,1.14713,1.14709,2620000,3940000
2017-03-15 12:39:35.473000,1.14713,1.14711,1870000,1000000
2017-03-15 12:39:36.334000,1.14714,1.14712,1370000,1000000
2017-03-15 12:39:36.839000,1.14714,1.14713,1120000,1000000
2017-03-15 12:39:38.041000,1.14715,1.14714,3000000,1000000
2017-03-15 12:39:38.092000,1.14717,1.14714,1120000,2810000
2017-03-15 12:39:38.396000,1.14719,1.14715,2250000,3560000
2017-03-15 12:39:40.264000,1.14719,1.14717,2250000,1000000
2017-03-15 12:39:41.413000,1.14719,1.14718,2250000,1000000
2017-03-15 12:39:41.920000,1.14719,1.14717,1500000,1500000
2017-03-15 12:39:42.130000,1.1472,1.14719,2250000,1000000
2017-03-15 12:39:42.232000,1.14721,1.14719,2250000,1000000
2017-03-15 12:39:42.854000,1.14721,1.14719,1120000,1570000
2017-03-15 12:39:43.118000,1.14719,1.14718,1000000,5620000
2017-03-15 12:39:43.169000,1.14719,1.14717,1500000,1120000
2017-03-15 12:39:46.120000,1.14717,1.14716,1000000,2620000
2017-03-15 12:39:46.222000,1.14717,1.14714,1120000,1690000
2017-03-15 12:39:46.861000,1.14714,1.14713,1500000,3820000
2017-03-15 12:39:47.014000,1.14714,1.14711,2250000,3190000
2017-03-15 12:39:47.115000,1.14712,1.1471,1000000,3560000
2017-03-15 12:39:47.267000,1.14714,1.14712,6370000,1000000
2017-03-15 12:39:47.796000,1.14713,1.1471,1000000,2440000
2017-03-15 12:39:48.944000,1.14714,1.1471,2250000,2440000
2017-03-15 12:39:49.197000,1.14712,1.1471,1000000,1620000
2017-03-15 12:39:49.702000,1.14713,1.1471,1000000,1690000
2017-03-15 12:39:50.006000,1.14711,1.1471,1000000,1500000
2017-03-15 12:39:50.514000,1.14712,1.14709,1000000,1690000
2017-03-15 12:39:53.749000,1.14713,1.14712,1500000,3750000
2017-03-15 12:39:53.850000,1.14716,1.14713,1500000,1120000
2017-03-15 12:39:54.612000,1.14717,1.14714,2620000,3940000
2017-03-15 12:39:54.715000,1.14716,1.14714,6040000,2250000
2017-03-15 12:39:54.926000,1.14711,1.14709,1500000,1870000
2017-03-15 12:39:55.232000,1.14711,1.14708,2250000,1870000
2017-03-15 12:39:56.105000,1.14708,1.14707,1000000,1000000
2017-03-15 12:39:56.455000,1.14705,1.14703,1000000,2920000
2017-03-15 12:39:56.507000,1.14704,1.14703,1000000,2100000
2017-03-15 12:39:57.014000,1.14703,1.14701,1000000,2440000
2017-03-15 12:39:57.216000,1.14701,1.147,1000000,1500000
2017-03-15 12:39:57.722000,1.14699,1.14698,1000000,1000000
2017-03-15 12:39:57.874000,1.14701,1.14697,3000000,3190000
2017-03-15 12:39:58.396000,1.14699,1.14698,1000000,1000000
2017-03-15 12:39:58.860000,1.147,1.14696,1250000,3000000
2017-03-15 12:39:59.648000,1.14698,1.14696,1000000,1000000
2017-03-15 12:40:00.003000,1.147,1.14699,1500000,1870000
2017-03-15 12:40:00.187000,1.14703,1.147,3370000,1200000
2017-03-15 12:40:00.342000,1.147,1.14697,1000000,5660000
2017-03-15 12:40:00.848000,1.147,1.14696,1000000,5440000
2017-03-15 12:40:03.178000,1.14701,1.14697,2620000,1690000
2017-03-15 12:40:05.740000,1.14702,1.14699,1370000,5810000
2017-03-15 12:40:06.077000,1.14704,1.147,1620000,6820000
2017-03-15 12:40:06.973000,1.14705,1.14702,1620000,2850000
2017-03-15 12:40:07.024000,1.14706,1.14702,3560000,1000000
2017-03-15 12:40:07.530000,1.14706,1.14703,1870000,1000000
2017-03-15 12:40:08.222000,1.14707,1.14702,5440000,4240000
2017-03-15 12:40:09.890000,1.14708,1.14706,1470000,2250000
2017-03-15 12:40:10.086000,1.14709,1.14707,3370000,1000000
2017-03-15 12:40:10.608000,1.14708,1.14705,1000000,4760000
2017-03-15 12:40:10.760000,1.1471,1.14707,1120000,1870000
2017-03-15 12:40:10.912000,1.14711,1.14709,1310000,1000000
2017-03-15 12:40:14.215000,1.14711,1.14707,1310000,3370000
2017-03-15 12:40:14.721000,1.14711,1.14707,1310000,6000000
2017-03-15 12:40:15.382000,1.1471,1.14707,1000000,6370000
2017-03-15 12:40:16.199000,1.14712,1.14707,4390000,4500000
2017-03-15 12:40:16.745000,1.14712,1.14707,3560000,5250000
2017-03-15 12:40:17.332000,1.14712,1.14708,3560000,1000000
2017-03-15 12:40:18.557000,1.14711,1.14707,1310000,4500000
2017-03-15 12:40:19.121000,1.14711,1.14708,1310000,1000000
2017-03-15 12:40:19.662000,1.1471,1.14708,1000000,1120000
2017-03-15 12:40:20.016000,1.14712,1.14709,1870000,2060000
2017-03-15 12:40:20.554000,1.14712,1.14709,1000000,3560000
2017-03-15 12:40:20.929000,1.1471,1.14709,1000000,1000000
2017-03-15 12:40:20.980000,1.1471,1.14708,1000000,1310000
2017-03-15 12:40:21.789000,1.14709,1.14707,1000000,3370000
2017-03-15 12:40:22.300000,1.14708,1.14706,1000000,2320000
2017-03-15 12:40:22.655000,1.1471,1.14708,1500000,2060000
2017-03-15 12:40:23.595000,1.14711,1.14709,1000000,1250000
2017-03-15 12:40:23.798000,1.14712,1.14709,1000000,6940000
2017-03-15 12:40:24.305000,1.14713,1.14711,1000000,1000000
2017-03-15 12:40:25.192000,1.14714,1.14711,1870000,1000000
2017-03-15 12:40:25.583000,1.14715,1.14712,1000000,1500000
2017-03-15 12:40:26.091000,1.14716,1.14714,2810000,1120000
2017-03-15 12:40:26.891000,1.14717,1.14714,1500000,1310000
2017-03-15 12:40:28.808000,1.14717,1.14714,1000000,3190000
2017-03-15 12:40:29.319000,1.14716,1.14715,1000000,1120000
2017-03-15 12:40:29.857000,1.14718,1.14715,1870000,1120000
2017-03-15 12:40:31.429000,1.14718,1.14715,1500000,1870000
2017-03-15 12:40:31.530000,1.14717,1.14715,1000000,1870000
2017-03-15 12:40:35.459000,1.14718,1.14715,1500000,1370000
2017-03-15 12:40:36.551000,1.14717,1.14714,1000000,3190000
2017-03-15 12:40:37.061000,1.14716,1.14715,1000000,1000000
2017-03-15 12:40:37.634000,1.14717,1.14715,1000000,1500000
2017-03-15 12:40:41.908000,1.14717,1.14714,1500000,1690000
2017-03-15 12:40:42.487000,1.14716,1.14713,1500000,2510000
2017-03-15 12:40:43.994000,1.14716,1.14715,1000000,1000000
2017-03-15 12:40:44.529000,1.14716,1.14714,1000000,1870000
2017-03-15 12:40:45.050000,1.14717,1.14714,1000000,1870000
2017-03-15 12:40:45.765000,1.14717,1.14715,1000000,1000000
2017-03-15 12:40:46.589000,1.14716,1.14714,1000000,1120000
2017-03-15 12:40:47.130000,1.14715,1.14713,1000000,2890000
2017-03-15 12:40:48.193000,1.14715,1.14713,2440000,1370000
2017-03-15 12:40:48.244000,1.14713,1.14712,1000000,2620000
2017-03-15 12:40:48.772000,1.14712,1.1471,1000000,1870000
2017-03-15 12:40:50.377000,1.14711,1.1471,1000000,1000000
2017-03-15 12:40:50.883000,1.1471,1.14709,1000000,1000000
2017-03-15 12:40:52.444000,1.14711,1.14707,3370000,4690000
2017-03-15 12:40:52.495000,1.14709,1.14708,1000000,1000000
2017-03-15 12:40:52.546000,1.14709,1.14706,1000000,6820000
2017-03-15 12:40:53.814000,1.14708,1.14706,1000000,3450000
2017-03-15 12:40:53.868000,1.14706,1.14705,1000000,4950000
2017-03-15 12:40:53.970000,1.14708,1.14706,2440000,1100000
2017-03-15 12:40:54.071000,1.14706,1.14705,1000000,2620000
2017-03-15 12:40:54.223000,1.14706,1.14703,1000000,3370000
2017-03-15 12:40:55.329000,1.14707,1.14703,2620000,2060000
2017-03-15 12:40:55.492000,1.14708,1.14706,4120000,1000000
2017-03-15 12:40:55.695000,1.14709,1.14707,1000000,1500000
2017-03-15 12:40:56.202000,1.14708,1.14706,1870000,1500000
2017-03-15 12:40:56.253000,1.14709,1.14708,1120000,1000000
2017-03-15 12:40:56.456000,1.1471,1.14708,1000000,1500000
2017-03-15 12:40:56.962000,1.14709,1.14707,3190000,1000000
2017-03-15 12:40:57.468000,1.14708,1.14707,1000000,1000000
2017-03-15 12:40:57.974000,1.14708,1.14705,1120000,5250000
2017-03-15 12:40:59.148000,1.14709,1.14706,3260000,2320000
2017-03-15 12:41:01.373000,1.14709,1.14707,1010000,1000000
2017-03-15 12:41:03.305000,1.14707,1.14706,1250000,1870000
2017-03-15 12:41:03.407000,1.14707,1.14704,1690000,1120000
2017-03-15 12:41:03.458000,1.14705,1.14703,1000000,4870000
2017-03-15 12:41:03.964000,1.14706,1.14705,1000000,1000000
2017-03-15 12:41:04.693000,1.14707,1.14705,2060000,1000000
2017-03-15 12:41:05.037000,1.14709,1.14708,5300000,1000000
2017-03-15 12:41:05.088000,1.14711,1.14709,1250000,1130000
2017-03-15 12:41:05.342000,1.14713,1.14709,2810000,2350000
2017-03-15 12:41:05.848000,1.14713,1.1471,2440000,1000000
2017-03-15 12:41:06.405000,1.14713,1.14709,2440000,1220000
2017-03-15 12:41:06.919000,1.14712,1.14709,1000000,1970000
2017-03-15 12:41:07.588000,1.14712,1.14709,4690000,1120000
2017-03-15 12:41:08.095000,1.14711,1.14708,1250000,1120000
2017-03-15 12:41:08.597000,1.1471,1.14708,1000000,1120000
2017-03-15 12:41:09.120000,1.14711,1.14708,1250000,1120000
2017-03-15 12:41:10.196000,1.14711,1.14709,1000000,1000000
2017-03-15 12:41:10.740000,1.14711,1.1471,1000000,1000000
2017-03-15 12:41:11.261000,1.14711,1.14709,1000000,1220000
2017-03-15 12:41:11.992000,1.14712,1.14709,2060000,1120000
2017-03-15 12:41:12.510000,1.14711,1.14709,1000000,1120000
2017-03-15 12:41:13.735000,1.14711,1.1471,1000000,1000000
2017-03-15 12:41:14.472000,1.14711,1.14709,1000000,1120000
2017-03-15 12:41:14.996000,1.14711,1.1471,1000000,1000000
2017-03-15 12:41:15.705000,1.14711,1.14709,1000000,1120000
2017-03-15 12:41:16.216000,1.14713,1.14709,4310000,2620000
2017-03-15 12:41:18.378000,1.14713,1.14712,4500000,1000000
2017-03-15 12:41:18.581000,1.14715,1.14712,5810000,1120000
2017-03-15 12:41:18.683000,1.14714,1.1471,1310000,1870000
2017-03-15 12:41:19.911000,1.14715,1.14713,2300000,2250000
2017-03-15 12:41:20.083000,1.14717,1.14714,1120000,1500000
2017-03-15 12:41:20.234000,1.14719,1.14714,5620000,3000000
2017-03-15 12:41:20.792000,1.14719,1.14716,1250000,1000000
2017-03-15 12:41:21.321000,1.14721,1.14719,2300000,4120000
2017-03-15 12:41:21.525000,1.14724,1.14721,1250000,1000000
2017-03-15 12:41:22.336000,1.14724,1.14719,2060000,5060000
2017-03-15 12:41:22.848000,1.14724,1.14719,2490000,2440000
2017-03-15 12:41:23.550000,1.14724,1.14721,2560000,1000000
2017-03-15 12:41:24.059000,1.14724,1.14721,2370000,2250000
2017-03-15 12:41:25.778000,1.14724,1.14722,1100000,1870000
2017-03-15 12:41:28.826000,1.14723,1.14722,1000000,1120000
2017-03-15 12:41:29.896000,1.14722,1.14721,1120000,1500000
2017-03-15 12:41:29.998000,1.14722,1.1472,2810000,1120000
2017-03-15 12:41:30.418000,1.14723,1.1472,1690000,2250000
2017-03-15 12:41:31.001000,1.14723,1.14721,1310000,1000000
2017-03-15 12:41:34.967000,1.14721,1.1472,1690000,2620000
2017-03-15 12:41:35.069000,1.14719,1.14718,1690000,1000000
2017-03-15 12:41:35.120000,1.14718,1.14715,1870000,2620000
2017-03-15 12:41:35.506000,1.14716,1.14714,3560000,3000000
2017-03-15 12:41:35.557000,1.14714,1.14713,1870000,1570000
2017-03-15 12:41:35.610000,1.14713,1.14711,1190000,3300000
2017-03-15 12:41:35.814000,1.14714,1.14713,1120000,1000000
2017-03-15 12:41:35.865000,1.14716,1.14713,3000000,1120000
2017-03-15 12:41:36.220000,1.14716,1.14714,1000000,1500000
2017-03-15 12:41:36.528000,1.1472,1.14716,5060000,1500000
2017-03-15 12:41:37.054000,1.14719,1.14715,3750000,3000000
2017-03-15 12:41:38.019000,1.14718,1.14715,1000000,3370000
2017-03-15 12:41:38.730000,1.14719,1.14715,3560000,3750000
2017-03-15 12:41:40.237000,1.14719,1.14716,4310000,2250000
2017-03-15 12:41:40.817000,1.1472,1.14718,3940000,6100000
2017-03-15 12:41:40.970000,1.14721,1.1472,1000000,1120000
2017-03-15 12:41:41.476000,1.14722,1.1472,1120000,1000000
2017-03-15 12:41:41.984000,1.14723,1.14721,1310000,1000000
2017-03-15 12:41:44.727000,1.14724,1.1472,4500000,3750000
2017-03-15 12:41:46.438000,1.14724,1.1472,3750000,6000000
2017-03-15 12:41:48.526000,1.14723,1.14721,1000000,2620000
