time,ask,bid,ask_volume,bid_volume
2017-08-17 12:25:01.006000,1.10128,1.10126,1000000,1000000
2017-08-17 12:25:01.551000,1.10129,1.10126,1120000,1310000
2017-08-17 12:25:03.208000,1.10128,1.10126,1000000,1310000
2017-08-17 12:25:07.948000,1.10129,1.10125,1120000,2890000
2017-08-17 12:25:12.259000,1.10127,1.10125,7500000,1120000
2017-08-17 12:25:12.415000,1.10127,1.10123,8250000,2510000
2017-08-17 12:25:12.723000,1.10125,1.10123,1000000,1100000
2017-08-17 12:25:13.069000,1.10119,1.10117,3370000,3000000
2017-08-17 12:25:13.428000,1.10117,1.10115,1000000,1500000
2017-08-17 12:25:13.965000,1.10117,1.10113,3190000,2890000
2017-08-17 12:25:14.478000,1.10116,1.10113,2250000,1660000
2017-08-17 12:25:15.067000,1.10117,1.10114,1120000,1310000
2017-08-17 12:25:15.578000,1.10116,1.10113,1000000,4390000
2017-08-17 12:25:17.406000,1.10117,1.10113,1120000,4310000
2017-08-17 12:25:18.302000,1.10118,1.10116,1870000,1000000
2017-08-17 12:25:18.354000,1.10119,1.10115,13120000,2440000
2017-08-17 12:25:18.559000,1.10118,1.10114,1500000,2890000
2017-08-17 12:25:19.093000,1.10118,1.10114,2250000,2060000
2017-08-17 12:25:21.565000,1.10118,1.10115,1000000,1690000
2017-08-17 12:25:21.617000,1.10119,1.10117,3750000,1500000
2017-08-17 12:25:21.668000,1.10121,1.10118,1120000,1500000
2017-08-17 12:25:21.823000,1.10119,1.10116,6750000,2140000
2017-08-17 12:25:21.876000,1.10119,1.10115,9000000,4390000
2017-08-17 12:25:22.183000,1.10116,1.10114,1000000,2440000
2017-08-17 12:25:22.738000,1.10116,1.10114,1000000,2250000
2017-08-17 12:25:24.929000,1.10115,1.10113,1000000,1370000
2017-08-17 12:25:25.187000,1.10113,1.1011,5440000,1310000
2017-08-17 12:25:26.139000,1.10113,1.10109,7120000,4010000
2017-08-17 12:25:26.190000,1.10111,1.10109,1120000,2060000
2017-08-17 12:25:26.499000,1.10106,1.10105,2620000,1250000
2017-08-17 12:25:26.699000,1.10109,1.10107,1120000,1000000
2017-08-17 12:25:26.801000,1.10111,1.10107,2250000,2620000
2017-08-17 12:25:27.330000,1.10111,1.10108,1870000,1690000
2017-08-17 12:25:27.859000,1.10111,1.10109,1000000,1690000
2017-08-17 12:25:30.175000,1.10114,1.1011,2250000,3560000
2017-08-17 12:25:30.278000,1.10116,1.10112,2250000,2810000
2017-08-17 12:25:30.741000,1.10117,1.10114,1000000,1870000
2017-08-17 12:25:33.027000,1.10118,1.10115,1120000,1690000
2017-08-17 12:25:33.232000,1.10121,1.10118,2250000,1120000
2017-08-17 12:25:33.770000,1.10122,1.10118,1500000,2510000
2017-08-17 12:25:34.349000,1.10121,1.10119,1000000,1250000
2017-08-17 12:25:35.182000,1.10123,1.10119,1500000,1690000
2017-08-17 12:25:35.692000,1.10123,1.1012,1120000,1310000
2017-08-17 12:25:36.222000,1.10123,1.1012,1120000,1690000
2017-08-17 12:25:37.379000,1.10124,1.10121,1120000,1120000
2017-08-17 12:25:38.220000,1.10123,1.10121,1000000,1120000
2017-08-17 12:25:39.238000,1.10127,1.10124,23700001,1120000
2017-08-17 12:25:39.544000,1.1013,1.10127,1760000,1000000
2017-08-17 12:25:39.946000,1.1013,1.10126,1120000,2620000
2017-08-17 12:25:40.457000,1.10129,1.10126,1000000,2060000
2017-08-17 12:25:41.979000,1.10128,1.10126,1000000,2060000
2017-08-17 12:25:42.195000,1.10125,1.10124,1000000,3070000
2017-08-17 12:25:42.248000,1.10125,1.10123,1870000,1310000
2017-08-17 12:25:42.302000,1.10123,1.10122,1000000,1250000
2017-08-17 12:25:42.629000,1.10122,1.10118,1500000,3560000
2017-08-17 12:25:43.040000,1.10122,1.10118,2700000,2060000
2017-08-17 12:25:43.973000,1.10121,1.10118,1120000,2060000
2017-08-17 12:25:44.483000,1.10123,1.1012,3070000,1000000
2017-08-17 12:25:44.772000,1.10119,1.10116,3000000,2440000
2017-08-17 12:25:44.824000,1.10119,1.10116,3000000,1690000
2017-08-17 12:25:48.728000,1.10119,1.10116,1950000,1690000
2017-08-17 12:25:49.719000,1.10119,1.10115,3750000,4310000
2017-08-17 12:25:50.268000,1.1012,1.10118,1000000,1870000
2017-08-17 12:25:50.472000,1.10122,1.10118,1870000,1870000
2017-08-17 12:25:51.184000,1.10123,1.10119,1870000,1690000
2017-08-17 12:25:51.918000,1.10122,1.10118,1870000,2060000
2017-08-17 12:25:52.432000,1.10122,1.10118,2320000,1690000
2017-08-17 12:25:53.076000,1.10121,1.10118,1000000,1310000
2017-08-17 12:25:53.931000,1.1012,1.10117,1000000,4310000
2017-08-17 12:25:54.313000,1.10119,1.10115,5660000,2060000
2017-08-17 12:25:54.886000,1.10119,1.10115,6410000,1690000
2017-08-17 12:25:55.461000,1.10118,1.10115,1310000,1310000
2017-08-17 12:25:56.864000,1.10118,1.10115,1500000,1310000
2017-08-17 12:25:57.727000,1.10118,1.10115,1120000,1310000
2017-08-17 12:25:58.494000,1.10119,1.10118,2620000,1000000
2017-08-17 12:25:58.546000,1.10121,1.10118,1870000,1120000
2017-08-17 12:25:59.064000,1.10122,1.10121,1500000,1000000
2017-08-17 12:25:59.116000,1.10125,1.10121,7800000,1500000
2017-08-17 12:25:59.167000,1.10125,1.10124,4540000,1000000
2017-08-17 12:25:59.711000,1.10126,1.10123,1000000,2440000
2017-08-17 12:26:00.223000,1.10128,1.10125,1500000,1120000
2017-08-17 12:26:00.734000,1.10129,1.10125,2620000,1310000
2017-08-17 12:26:03.772000,1.10128,1.10124,2250000,1570000
2017-08-17 12:26:04.079000,1.10125,1.10121,4950000,4760000
2017-08-17 12:26:05.670000,1.10125,1.10121,4270000,3000000
2017-08-17 12:26:06.605000,1.10125,1.10121,4950000,3000000
2017-08-17 12:26:11.759000,1.10125,1.10121,6150000,1500000
2017-08-17 12:26:14.718000,1.10125,1.10124,4200000,1000000
2017-08-17 12:26:14.821000,1.10128,1.10125,1950000,1000000
2017-08-17 12:26:15.325000,1.10127,1.10124,1000000,1100000
2017-08-17 12:26:17.593000,1.10128,1.10124,1500000,3260000
2017-08-17 12:26:18.154000,1.10128,1.10124,1120000,3640000
2017-08-17 12:26:18.883000,1.10129,1.10125,2620000,1690000
2017-08-17 12:26:19.337000,1.1013,1.10127,1500000,2440000
2017-08-17 12:26:24.135000,1.1013,1.10126,1870000,1250000
2017-08-17 12:26:24.674000,1.10129,1.10126,1000000,1250000
2017-08-17 12:26:25.195000,1.10128,1.10125,1000000,1560000
2017-08-17 12:26:25.450000,1.10126,1.10123,1000000,4760000
2017-08-17 12:26:25.977000,1.10126,1.10123,1000000,3260000
2017-08-17 12:26:27.533000,1.10128,1.10124,3000000,1100000
2017-08-17 12:26:27.740000,1.10129,1.10125,1500000,2440000
2017-08-17 12:26:28.251000,1.10129,1.10126,1000000,2510000
2017-08-17 12:26:31.473000,1.10129,1.10126,1000000,1690000
2017-08-17 12:26:35.501000,1.1013,1.10126,1500000,3260000
2017-08-17 12:26:36.476000,1.1013,1.10127,1500000,1000000
2017-08-17 12:26:37.531000,1.1013,1.10129,1000000,1500000
2017-08-17 12:26:37.583000,1.10133,1.10129,1950000,5060000
2017-08-17 12:26:37.738000,1.10134,1.1013,2250000,5140000
2017-08-17 12:26:38.250000,1.10135,1.10132,1870000,1250000
2017-08-17 12:26:39.328000,1.10134,1.10131,1000000,3560000
2017-08-17 12:26:39.637000,1.10129,1.10126,1000000,6750000
2017-08-17 12:26:40.636000,1.10129,1.10125,1870000,3260000
2017-08-17 12:26:41.166000,1.10128,1.10125,1500000,1250000
2017-08-17 12:26:41.706000,1.10127,1.10123,1870000,3560000
2017-08-17 12:26:42.231000,1.10128,1.10125,1120000,1120000
2017-08-17 12:26:42.769000,1.10127,1.10124,1120000,1690000
2017-08-17 12:26:43.373000,1.10127,1.10123,1870000,2810000
2017-08-17 12:26:54.120000,1.10126,1.10123,1000000,3640000
2017-08-17 12:26:54.823000,1.10127,1.10123,1120000,3640000
2017-08-17 12:26:59.244000,1.10128,1.10124,2250000,3560000
2017-08-17 12:27:00.086000,1.10128,1.10125,1500000,1120000
2017-08-17 12:27:02.262000,1.10128,1.10125,1000000,3940000
2017-08-17 12:27:02.799000,1.10129,1.10125,1500000,4690000
2017-08-17 12:27:07.890000,1.10129,1.10127,1000000,1500000
2017-08-17 12:27:08.529000,1.1013,1.10127,1000000,2390000
2017-08-17 12:27:09.047000,1.10131,1.1013,1950000,1120000
2017-08-17 12:27:09.354000,1.10133,1.1013,1870000,1310000
2017-08-17 12:27:15.439000,1.10134,1.10131,2250000,1640000
2017-08-17 12:27:16.680000,1.10134,1.10132,1120000,1450000
2017-08-17 12:27:17.444000,1.10135,1.10132,1870000,1830000
2017-08-17 12:27:17.972000,1.10135,1.10133,1120000,1270000
2017-08-17 12:27:19.824000,1.10136,1.10133,1500000,1450000
2017-08-17 12:27:20.340000,1.10136,1.10133,1500000,1770000
2017-08-17 12:27:21.683000,1.10137,1.10133,6150000,1830000
2017-08-17 12:27:22.219000,1.10137,1.10133,6070000,2200000
2017-08-17 12:27:22.321000,1.10136,1.10132,1120000,2510000
2017-08-17 12:27:23.127000,1.10136,1.10132,1500000,2140000
2017-08-17 12:27:25.266000,1.10135,1.10131,1500000,1690000
2017-08-17 12:27:25.780000,1.10134,1.10131,1000000,1690000
2017-08-17 12:27:35.872000,1.10135,1.10131,2250000,3190000
2017-08-17 12:27:45.961000,1.10134,1.10131,1000000,1190000
2017-08-17 12:27:50.610000,1.10132,1.1013,1000000,4310000
2017-08-17 12:27:50.662000,1.10131,1.10128,3450000,2890000
2017-08-17 12:27:50.867000,1.10129,1.10126,1000000,2440000
2017-08-17 12:27:54.616000,1.1013,1.10126,2250000,1690000
2017-08-17 12:27:55.579000,1.10129,1.10126,1000000,1690000
2017-08-17 12:28:00.081000,1.10129,1.10125,1500000,1690000
2017-08-17 12:28:05.908000,1.10128,1.10125,1000000,1690000
2017-08-17 12:28:11.175000,1.10129,1.10125,1500000,1690000
2017-08-17 12:28:19.140000,1.10125,1.10124,1000000,1870000
2017-08-17 12:28:19.294000,1.10124,1.10119,1870000,5510000
2017-08-17 12:28:22.209000,1.10124,1.1012,1500000,1760000
2017-08-17 12:28:24.220000,1.10124,1.1012,1870000,1390000
2017-08-17 12:28:25.204000,1.10124,1.1012,1500000,2510000
2017-08-17 12:28:26.181000,1.10124,1.1012,1870000,1390000
2017-08-17 12:28:33.185000,1.10127,1.10123,1950000,8440000
2017-08-17 12:28:33.338000,1.10132,1.10128,4500000,2810000
2017-08-17 12:28:33.389000,1.10133,1.1013,1570000,1620000
2017-08-17 12:28:33.543000,1.10136,1.10132,1950000,1000000
2017-08-17 12:28:34.052000,1.10135,1.10131,1000000,1690000
2017-08-17 12:28:34.687000,1.10136,1.10131,2700000,2060000
2017-08-17 12:28:36.470000,1.10137,1.10133,3520000,2250000
2017-08-17 12:28:37.438000,1.10137,1.10133,4240000,5060000
2017-08-17 12:28:37.490000,1.10138,1.10136,3110000,1570000
2017-08-17 12:28:37.543000,1.1014,1.10136,1250000,5550000
2017-08-17 12:28:37.597000,1.10143,1.10139,5060000,1500000
2017-08-17 12:28:37.648000,1.10144,1.10141,1010000,3370000
2017-08-17 12:28:37.854000,1.10146,1.10142,4390000,2620000
2017-08-17 12:28:38.376000,1.10146,1.10142,1370000,1690000
2017-08-17 12:28:39.146000,1.10146,1.10142,1000000,1310000
2017-08-17 12:28:39.709000,1.10147,1.10142,1950000,2060000
2017-08-17 12:28:40.230000,1.10147,1.10143,1500000,1870000
2017-08-17 12:28:40.282000,1.10149,1.10145,5060000,1870000
2017-08-17 12:28:40.538000,1.10153,1.10148,1200000,8810000
2017-08-17 12:28:40.681000,1.10151,1.10148,1000000,2890000
2017-08-17 12:28:41.040000,1.10151,1.10146,1500000,2890000
2017-08-17 12:28:41.581000,1.10149,1.10146,1000000,1390000
2017-08-17 12:28:42.089000,1.10149,1.10146,1120000,1010000
2017-08-17 12:28:42.911000,1.1015,1.10146,2620000,1390000
2017-08-17 12:28:43.122000,1.10146,1.10142,1120000,5890000
2017-08-17 12:28:43.664000,1.10146,1.10142,1370000,1690000
2017-08-17 12:28:44.174000,1.10146,1.10142,1000000,3640000
2017-08-17 12:28:46.131000,1.10146,1.10142,2620000,2620000
2017-08-17 12:28:49.700000,1.10146,1.10142,1120000,1310000
2017-08-17 12:28:52.393000,1.10147,1.10143,1870000,1310000
2017-08-17 12:28:52.904000,1.10147,1.10143,1120000,2140000
2017-08-17 12:28:53.439000,1.10146,1.10143,1000000,1390000
2017-08-17 12:28:53.958000,1.10147,1.10143,1120000,1010000
2017-08-17 12:28:54.260000,1.10145,1.10142,1000000,2140000
2017-08-17 12:28:54.774000,1.10146,1.10142,1000000,2140000
2017-08-17 12:29:00.203000,1.10147,1.10143,1120000,1250000
2017-08-17 12:29:00.713000,1.10146,1.10142,1120000,2810000
2017-08-17 12:29:01.365000,1.10147,1.10143,1120000,1000000
2017-08-17 12:29:02.198000,1.10147,1.10142,1570000,2810000
2017-08-17 12:29:02.724000,1.10147,1.10142,2700000,1250000
2017-08-17 12:29:04.535000,1.10147,1.10143,1470000,1000000
2017-08-17 12:29:05.696000,1.10147,1.10142,1470000,2060000
2017-08-17 12:29:06.282000,1.10146,1.10142,1120000,1370000
2017-08-17 12:29:11.268000,1.10147,1.10143,1000000,1120000
2017-08-17 12:29:12.376000,1.10147,1.10144,1000000,1000000
2017-08-17 12:29:12.879000,1.10148,1.10144,1500000,1760000
2017-08-17 12:29:13.237000,1.10149,1.10147,1310000,1000000
2017-08-17 12:29:14.315000,1.1015,1.10147,1000000,2510000
2017-08-17 12:29:14.674000,1.10149,1.10145,1610000,3260000
2017-08-17 12:29:15.245000,1.10151,1.10147,1570000,3070000
2017-08-17 12:29:15.297000,1.10151,1.10147,1000000,3070000
2017-08-17 12:29:15.831000,1.10153,1.10147,3560000,4010000
2017-08-17 12:29:16.420000,1.10153,1.10149,1000000,1310000
2017-08-17 12:29:19.634000,1.10154,1.1015,1000000,1310000
2017-08-17 12:29:20.157000,1.10155,1.10151,1000000,2440000
2017-08-17 12:29:21.551000,1.10157,1.10152,1250000,3450000
2017-08-17 12:29:22.055000,1.10159,1.10153,3370000,1500000
2017-08-17 12:29:26.533000,1.10158,1.10152,1370000,3190000
2017-08-17 12:29:36.773000,1.10158,1.10152,2250000,1500000
2017-08-17 12:29:37.280000,1.10156,1.10152,2250000,1000000
2017-08-17 12:29:37.793000,1.10157,1.1015,3370000,1470000
2017-08-17 12:29:39.164000,1.10157,1.10152,2620000,1000000
2017-08-17 12:29:39.472000,1.10154,1.10152,2250000,1000000
2017-08-17 12:29:40.454000,1.10153,1.10149,1000000,1200000
2017-08-17 12:29:45.406000,1.10154,1.10149,1000000,1570000
2017-08-17 12:29:45.457000,1.10154,1.10152,1000000,1000000
2017-08-17 12:29:45.664000,1.10155,1.10149,1610000,2320000
2017-08-17 12:29:46.175000,1.10155,1.10152,1990000,1000000
2017-08-17 12:29:46.332000,1.10155,1.10149,1990000,1200000
2017-08-17 12:29:46.910000,1.10154,1.10149,1120000,1100000
2017-08-17 12:29:46.963000,1.10155,1.10151,1120000,1000000
2017-08-17 12:29:47.270000,1.10161,1.10155,1120000,1100000
2017-08-17 12:29:47.424000,1.10161,1.10155,1870000,1100000
2017-08-17 12:29:47.578000,1.10161,1.10156,1120000,1100000
2017-08-17 12:29:48.098000,1.10161,1.10157,1000000,1000000
2017-08-17 12:29:48.201000,1.10167,1.10159,1570000,1000000
2017-08-17 12:29:48.305000,1.10164,1.10158,1000000,1570000
2017-08-17 12:29:48.700000,1.10166,1.10157,1000000,2320000
2017-08-17 12:29:49.298000,1.10168,1.10157,2320000,2320000
2017-08-17 12:29:49.633000,1.10167,1.10157,1870000,2320000
2017-08-17 12:29:49.826000,1.10168,1.10157,1850000,1570000
2017-08-17 12:29:50.342000,1.10168,1.10158,1750000,1070000
2017-08-17 12:29:50.753000,1.10167,1.10158,1870000,1070000
2017-08-17 12:29:52.290000,1.10167,1.10158,2620000,1070000
2017-08-17 12:29:52.343000,1.10167,1.10158,1750000,1070000
2017-08-17 12:29:52.625000,1.10167,1.10157,2620000,1570000
2017-08-17 12:29:53.129000,1.10167,1.10158,2620000,1100000
2017-08-17 12:29:53.838000,1.10167,1.10158,1500000,1070000
2017-08-17 12:29:54.349000,1.10167,1.10157,2620000,1570000
2017-08-17 12:29:54.878000,1.10167,1.10157,1870000,1820000
2017-08-17 12:29:55.391000,1.10167,1.10159,1000000,1070000
2017-08-17 12:29:56.288000,1.10167,1.1016,1000000,1070000
2017-08-17 12:29:56.816000,1.10167,1.10157,1000000,1950000
2017-08-17 12:29:57.174000,1.1017,1.10158,1000000,1200000
2017-08-17 12:29:57.752000,1.10169,1.10161,1000000,1070000
2017-08-17 12:29:58.476000,1.10169,1.10161,1000000,1100000
2017-08-17 12:29:58.989000,1.10171,1.10161,1000000,1570000
2017-08-17 12:29:59.143000,1.10169,1.10162,1000000,1100000
2017-08-17 12:30:00.156000,1.10167,1.1016,1000000,1070000
2017-08-17 12:30:00.260000,1.1017,1.10158,1570000,1570000
2017-08-17 12:30:00.658000,1.10165,1.10158,1950000,1120000
2017-08-17 12:30:00.966000,1.10156,1.1015,1000000,2320000
2017-08-17 12:30:01.384000,1.10161,1.10154,1100000,1000000
2017-08-17 12:30:01.489000,1.10163,1.10154,1010000,1100000
2017-08-17 12:30:01.541000,1.10168,1.10161,1450000,1000000
2017-08-17 12:30:01.592000,1.10168,1.10158,1070000,3000000
2017-08-17 12:30:01.644000,1.10169,1.1016,1070000,1000000
2017-08-17 12:30:01.696000,1.10172,1.10162,3070000,1070000
2017-08-17 12:30:01.798000,1.10173,1.10163,1570000,1070000
2017-08-17 12:30:02.096000,1.10171,1.10161,1000000,1200000
2017-08-17 12:30:02.200000,1.10173,1.10159,2700000,5320000
2017-08-17 12:30:02.251000,1.1017,1.10159,1000000,1570000
2017-08-17 12:30:02.303000,1.1017,1.1016,1570000,1100000
2017-08-17 12:30:02.355000,1.1017,1.1016,1120000,1200000
2017-08-17 12:30:02.663000,1.10173,1.10166,1570000,1000000
2017-08-17 12:30:03.003000,1.10173,1.10161,1950000,1200000
2017-08-17 12:30:03.055000,1.10173,1.10165,1870000,7500000
2017-08-17 12:30:03.465000,1.10173,1.10165,2320000,7500000
2017-08-17 12:30:03.671000,1.10173,1.10165,1870000,9000000
2017-08-17 12:30:04.541000,1.10172,1.10165,1070000,8250000
2017-08-17 12:30:04.854000,1.10173,1.10165,1950000,7500000
2017-08-17 12:30:05.369000,1.10173,1.10164,2890000,2250000
2017-08-17 12:30:05.739000,1.10168,1.10164,1000000,1500000
2017-08-17 12:30:06.046000,1.10166,1.10164,1000000,1000000
2017-08-17 12:30:06.098000,1.10167,1.10162,1870000,1000000
2017-08-17 12:30:06.305000,1.10167,1.10161,1000000,1500000
2017-08-17 12:30:06.357000,1.10167,1.10163,1500000,1000000
2017-08-17 12:30:06.713000,1.10171,1.10163,1570000,1500000
2017-08-17 12:30:07.071000,1.10167,1.1016,1310000,3670000
2017-08-17 12:30:07.619000,1.10165,1.10161,1000000,1000000
2017-08-17 12:30:08.137000,1.10166,1.10162,1120000,2620000
2017-08-17 12:30:12.731000,1.10165,1.10161,1000000,1120000
2017-08-17 12:30:13.039000,1.10162,1.10159,1000000,2250000
2017-08-17 12:30:13.246000,1.10161,1.10156,1120000,3750000
2017-08-17 12:30:14.136000,1.10163,1.10156,3750000,3750000
2017-08-17 12:30:15.185000,1.10162,1.10157,2320000,2620000
2017-08-17 12:30:16.040000,1.1016,1.10156,1120000,1870000
2017-08-17 12:30:17.571000,1.10161,1.10158,1370000,1000000
2017-08-17 12:30:18.077000,1.10161,1.10157,1000000,4870000
2017-08-17 12:30:18.609000,1.10162,1.10158,1370000,1120000
2017-08-17 12:30:18.930000,1.10162,1.1016,1370000,2250000
2017-08-17 12:30:19.033000,1.10164,1.1016,2700000,3000000
2017-08-17 12:30:19.546000,1.10164,1.1016,1000000,2620000
2017-08-17 12:30:20.705000,1.10166,1.10163,2320000,1000000
2017-08-17 12:30:21.019000,1.10178,1.10174,4500000,1120000
2017-08-17 12:30:21.071000,1.10178,1.10174,2620000,1120000
2017-08-17 12:30:21.174000,1.1018,1.10175,5440000,2250000
2017-08-17 12:30:21.992000,1.10178,1.10175,1000000,1370000
2017-08-17 12:30:22.522000,1.10178,1.10174,19120001,4760000
2017-08-17 12:30:23.068000,1.10179,1.10176,1250000,1000000
2017-08-17 12:30:24.193000,1.1018,1.10177,1690000,1000000
2017-08-17 12:30:24.361000,1.10181,1.10177,4500000,11060000
2017-08-17 12:30:24.670000,1.10182,1.10179,1000000,7870000
2017-08-17 12:30:25.933000,1.10185,1.10181,3940000,1250000
2017-08-17 12:30:26.097000,1.10185,1.10181,2360000,1310000
2017-08-17 12:30:26.619000,1.10184,1.1018,1120000,4390000
2017-08-17 12:30:27.461000,1.10183,1.1018,1000000,4390000
2017-08-17 12:30:28.085000,1.10184,1.10182,1000000,2250000
2017-08-17 12:30:28.136000,1.10185,1.10183,1990000,1000000
2017-08-17 12:30:28.188000,1.10186,1.10185,1240000,1000000
2017-08-17 12:30:28.239000,1.1019,1.10186,2060000,10350000
2017-08-17 12:30:28.291000,1.10191,1.10188,1690000,2620000
2017-08-17 12:30:28.600000,1.10191,1.10188,1500000,2810000
2017-08-17 12:30:28.754000,1.1019,1.10187,1000000,7390000
2017-08-17 12:30:29.218000,1.10189,1.10187,1540000,2250000
2017-08-17 12:30:29.735000,1.10189,1.10185,1540000,1760000
2017-08-17 12:30:30.249000,1.1019,1.10185,1500000,4010000
2017-08-17 12:30:30.664000,1.10191,1.10189,2810000,1000000
2017-08-17 12:30:30.867000,1.10194,1.1019,1690000,1120000
2017-08-17 12:30:31.073000,1.10196,1.10192,4760000,3370000
2017-08-17 12:30:31.681000,1.10195,1.1019,2250000,3260000
2017-08-17 12:30:31.732000,1.10197,1.10193,1120000,1310000
2017-08-17 12:30:31.784000,1.10197,1.10196,1000000,1120000
2017-08-17 12:30:31.887000,1.10201,1.10197,1000000,3560000
2017-08-17 12:30:32.408000,1.10201,1.10198,1500000,1500000
2017-08-17 12:30:32.460000,1.10199,1.10197,1450000,1100000
2017-08-17 12:30:32.770000,1.10202,1.10198,6300000,1000000
2017-08-17 12:30:32.874000,1.10205,1.10201,3260000,1000000
2017-08-17 12:30:33.743000,1.10204,1.102,1870000,1390000
2017-08-17 12:30:34.119000,1.10198,1.10196,1500000,10390000
2017-08-17 12:30:34.532000,1.10208,1.10204,1570000,1500000
2017-08-17 12:30:34.587000,1.10214,1.10211,1370000,1670000
2017-08-17 12:30:34.745000,1.10221,1.10218,2700000,1000000
2017-08-17 12:30:35.060000,1.10221,1.10216,1690000,2320000
2017-08-17 12:30:35.114000,1.10221,1.10217,1460000,1000000
2017-08-17 12:30:35.628000,1.1022,1.10217,1120000,1000000
2017-08-17 12:30:36.370000,1.1022,1.10217,1870000,3000000
2017-08-17 12:30:37.066000,1.1022,1.10217,1000000,3000000
2017-08-17 12:30:37.221000,1.10218,1.10216,2250000,1000000
2017-08-17 12:30:37.590000,1.10216,1.10213,1120000,2060000
2017-08-17 12:30:38.105000,1.10215,1.10213,1050000,1000000
2017-08-17 12:30:38.627000,1.10215,1.10212,1050000,3190000
2017-08-17 12:30:39.141000,1.10215,1.10212,1050000,3190000
2017-08-17 12:30:39.245000,1.10213,1.1021,1120000,5700000
2017-08-17 12:30:39.297000,1.1021,1.10209,1000000,1000000
2017-08-17 12:30:39.349000,1.10209,1.10207,1000000,1000000
2017-08-17 12:30:39.544000,1.10209,1.10204,2250000,34759998
2017-08-17 12:30:39.647000,1.10209,1.10204,3000000,4120000
2017-08-17 12:30:39.699000,1.10209,1.10204,3750000,4120000
2017-08-17 12:30:39.750000,1.10209,1.10204,3370000,2440000
2017-08-17 12:30:39.802000,1.10209,1.10204,3370000,2440000
2017-08-17 12:30:40.470000,1.10207,1.10204,1120000,1200000
2017-08-17 12:30:40.525000,1.10204,1.10201,1870000,3000000
2017-08-17 12:30:41.092000,1.10204,1.10201,2250000,1000000
2017-08-17 12:30:41.609000,1.10203,1.102,1000000,3400000
2017-08-17 12:30:41.712000,1.10207,1.10203,1120000,6750000
2017-08-17 12:30:42.240000,1.10208,1.10204,1500000,1760000
2017-08-17 12:30:43.069000,1.10205,1.10203,1120000,1290000
2017-08-17 12:30:43.172000,1.10203,1.10201,1000000,1200000
2017-08-17 12:30:43.224000,1.10204,1.10201,1870000,1390000
2017-08-17 12:30:43.533000,1.10208,1.10205,1690000,1000000
2017-08-17 12:30:43.585000,1.10209,1.10206,2060000,2620000
2017-08-17 12:30:43.637000,1.1021,1.10208,1200000,1000000
2017-08-17 12:30:43.689000,1.10211,1.10207,4270000,8250000
2017-08-17 12:30:43.740000,1.10211,1.10207,3260000,15750000
2017-08-17 12:30:44.286000,1.1021,1.10208,1120000,1000000
2017-08-17 12:30:44.806000,1.10212,1.10208,1870000,31120001
2017-08-17 12:30:45.015000,1.10213,1.10211,1870000,8620000
2017-08-17 12:30:45.230000,1.10221,1.10219,1500000,7870000
2017-08-17 12:30:45.797000,1.10222,1.10218,2250000,8810000
2017-08-17 12:30:46.284000,1.10222,1.1022,1870000,1000000
2017-08-17 12:30:46.338000,1.10225,1.10221,2320000,1120000
2017-08-17 12:30:46.776000,1.10226,1.10222,1000000,1310000
2017-08-17 12:30:48.434000,1.10226,1.10222,1120000,2890000
2017-08-17 12:30:48.793000,1.10228,1.10224,1120000,1870000
2017-08-17 12:30:49.188000,1.10226,1.10224,1000000,1690000
2017-08-17 12:30:49.704000,1.10227,1.10224,1000000,1310000
2017-08-17 12:30:50.437000,1.10227,1.10224,1000000,1250000
2017-08-17 12:30:51.007000,1.10228,1.10224,4870000,1250000
2017-08-17 12:30:51.520000,1.10228,1.10225,3750000,1000000
2017-08-17 12:30:52.065000,1.10227,1.10224,1120000,1310000
2017-08-17 12:30:53.945000,1.10227,1.10224,1870000,1370000
2017-08-17 12:30:54.254000,1.10228,1.10226,1120000,6220000
2017-08-17 12:30:54.306000,1.1023,1.10228,1840000,1870000
2017-08-17 12:30:54.358000,1.10231,1.10229,2510000,2240000
2017-08-17 12:30:54.722000,1.10233,1.10231,1000000,1000000
2017-08-17 12:30:55.300000,1.10234,1.10231,1570000,1000000
2017-08-17 12:30:56.089000,1.10233,1.1023,1000000,5060000
2017-08-17 12:30:56.347000,1.10237,1.10234,6390000,1500000
2017-08-17 12:30:56.399000,1.10237,1.10234,1500000,1500000
2017-08-17 12:30:56.911000,1.10237,1.10235,1500000,1500000
2017-08-17 12:30:57.446000,1.10236,1.10235,1000000,1500000
2017-08-17 12:30:57.908000,1.10238,1.10235,1120000,1500000
2017-08-17 12:30:58.212000,1.1024,1.10238,5320000,1000000
2017-08-17 12:30:58.418000,1.10239,1.10236,1240000,1690000
2017-08-17 12:30:58.675000,1.10237,1.10235,1500000,1190000
2017-08-17 12:30:59.230000,1.10237,1.10234,1120000,2440000
2017-08-17 12:30:59.747000,1.10236,1.10234,1000000,1690000
2017-08-17 12:30:59.903000,1.10233,1.10231,1500000,4310000
2017-08-17 12:31:00.220000,1.1023,1.10229,1000000,3560000
2017-08-17 12:31:00.844000,1.10231,1.10229,2250000,2250000
2017-08-17 12:31:01.104000,1.10234,1.10231,3190000,1000000
2017-08-17 12:31:01.362000,1.10231,1.10229,1000000,3190000
2017-08-17 12:31:01.855000,1.10231,1.10227,1120000,3190000
2017-08-17 12:31:01.908000,1.10228,1.10226,1500000,4310000
2017-08-17 12:31:01.960000,1.10227,1.10226,1000000,1690000
2017-08-17 12:31:02.012000,1.10229,1.10226,1120000,2060000
2017-08-17 12:31:02.115000,1.10231,1.10227,1870000,2060000
2017-08-17 12:31:02.438000,1.10228,1.10226,1120000,1760000
2017-08-17 12:31:02.949000,1.10227,1.10225,2250000,3000000
2017-08-17 12:31:03.530000,1.10227,1.10224,1870000,1250000
2017-08-17 12:31:03.839000,1.10232,1.1023,1120000,1500000
2017-08-17 12:31:04.351000,1.10232,1.10229,1240000,1190000
2017-08-17 12:31:04.887000,1.10233,1.1023,1870000,1560000
2017-08-17 12:31:05.398000,1.10232,1.10229,1000000,2060000
2017-08-17 12:31:06.231000,1.10233,1.1023,1870000,1250000
2017-08-17 12:31:06.833000,1.10232,1.1023,1000000,1250000
2017-08-17 12:31:07.406000,1.10233,1.1023,1870000,1250000
2017-08-17 12:31:07.920000,1.10232,1.10229,1000000,1560000
2017-08-17 12:31:08.688000,1.10229,1.10227,3000000,1690000
2017-08-17 12:31:08.792000,1.10227,1.10225,1500000,1190000
2017-08-17 12:31:09.075000,1.10229,1.10225,1870000,4610000
2017-08-17 12:31:09.126000,1.10227,1.10225,1000000,2060000
2017-08-17 12:31:09.382000,1.10226,1.10224,1000000,1120000
2017-08-17 12:31:09.897000,1.10226,1.10222,2250000,2810000
2017-08-17 12:31:09.949000,1.10225,1.10222,1500000,1690000
2017-08-17 12:31:10.256000,1.10224,1.10221,1870000,1120000
2017-08-17 12:31:10.838000,1.10224,1.10221,1500000,1500000
2017-08-17 12:31:11.166000,1.10225,1.10221,1870000,1870000
2017-08-17 12:31:11.834000,1.10225,1.10222,2250000,1000000
2017-08-17 12:31:12.421000,1.10221,1.1022,1120000,1250000
2017-08-17 12:31:12.629000,1.1022,1.10216,1870000,1190000
2017-08-17 12:31:14.599000,1.1022,1.10216,1500000,2440000
2017-08-17 12:31:15.621000,1.1022,1.10216,1500000,1690000
2017-08-17 12:31:16.183000,1.10217,1.10214,2850000,4310000
2017-08-17 12:31:16.238000,1.10205,1.10204,1000000,15820000
2017-08-17 12:31:16.395000,1.10203,1.102,1000000,4570000
2017-08-17 12:31:16.565000,1.10202,1.10199,2250000,1000000
2017-08-17 12:31:16.724000,1.10198,1.10195,1500000,1870000
2017-08-17 12:31:17.318000,1.10199,1.10195,1870000,3560000
2017-08-17 12:31:17.573000,1.10196,1.10194,1000000,1500000
2017-08-17 12:31:18.035000,1.10195,1.10192,1120000,1500000
2017-08-17 12:31:18.087000,1.10195,1.10191,9370000,1500000
2017-08-17 12:31:18.398000,1.1019,1.10189,1120000,1120000
2017-08-17 12:31:18.501000,1.10186,1.10184,1120000,17320000
2017-08-17 12:31:18.707000,1.10188,1.10186,1000000,1000000
2017-08-17 12:31:19.233000,1.10187,1.10185,1000000,1250000
2017-08-17 12:31:19.699000,1.10187,1.10186,1000000,1120000
2017-08-17 12:31:19.751000,1.10188,1.10184,3370000,1190000
2017-08-17 12:31:20.111000,1.10189,1.10187,1190000,1000000
2017-08-17 12:31:20.370000,1.1019,1.10187,1250000,1000000
2017-08-17 12:31:20.768000,1.10192,1.10189,2250000,1000000
2017-08-17 12:31:21.080000,1.10194,1.10191,1690000,1500000
2017-08-17 12:31:21.183000,1.10194,1.10191,1150000,1500000
2017-08-17 12:31:21.445000,1.10197,1.10195,4500000,2100000
2017-08-17 12:31:22.267000,1.10197,1.10193,1310000,1870000
2017-08-17 12:31:22.786000,1.10196,1.10193,1120000,1000000
2017-08-17 12:31:23.093000,1.10194,1.10192,1500000,1250000
2017-08-17 12:31:23.630000,1.10193,1.1019,1500000,1310000
2017-08-17 12:31:23.941000,1.10189,1.10186,2170000,1250000
2017-08-17 12:31:24.323000,1.10182,1.10181,1500000,1000000
2017-08-17 12:31:24.528000,1.10181,1.10179,1500000,1000000
2017-08-17 12:31:24.937000,1.10179,1.10176,1000000,1570000
2017-08-17 12:31:25.261000,1.10178,1.10173,1950000,1310000
2017-08-17 12:31:25.569000,1.10176,1.10173,1500000,2060000
2017-08-17 12:31:25.621000,1.10176,1.10173,1690000,1870000
2017-08-17 12:31:26.152000,1.10176,1.10174,1500000,1000000
2017-08-17 12:31:26.678000,1.10176,1.10174,1000000,1000000
2017-08-17 12:31:27.208000,1.10177,1.10174,1120000,1250000
2017-08-17 12:31:27.413000,1.10178,1.10177,1500000,1500000
2017-08-17 12:31:27.735000,1.10184,1.10181,2060000,1000000
2017-08-17 12:31:28.195000,1.10181,1.10178,3000000,2040000
2017-08-17 12:31:28.297000,1.10179,1.10175,1870000,1120000
2017-08-17 12:31:28.452000,1.1018,1.10178,1470000,1000000
2017-08-17 12:31:28.640000,1.10181,1.10178,2360000,1120000
2017-08-17 12:31:29.163000,1.10182,1.10179,1120000,1000000
2017-08-17 12:31:29.785000,1.10182,1.10178,1250000,1120000
2017-08-17 12:31:30.091000,1.10183,1.1018,2060000,1000000
2017-08-17 12:31:30.718000,1.10183,1.10181,1870000,1120000
2017-08-17 12:31:31.283000,1.10183,1.10182,1000000,1120000
2017-08-17 12:31:31.388000,1.10179,1.10177,1870000,1690000
2017-08-17 12:31:31.440000,1.10178,1.10176,1370000,1690000
2017-08-17 12:31:31.750000,1.10178,1.10174,1620000,2250000
2017-08-17 12:31:32.874000,1.10177,1.10175,1000000,1230000
2017-08-17 12:31:35.195000,1.1018,1.10176,5890000,1000000
2017-08-17 12:31:35.246000,1.10179,1.10177,1100000,2250000
2017-08-17 12:31:35.299000,1.10182,1.1018,1310000,1000000
2017-08-17 12:31:35.812000,1.10185,1.10182,4390000,1120000
2017-08-17 12:31:36.182000,1.10185,1.10182,2810000,1870000
2017-08-17 12:31:36.694000,1.10185,1.10183,2060000,1120000
2017-08-17 12:31:37.289000,1.10185,1.10182,2250000,1120000
2017-08-17 12:31:37.809000,1.10184,1.10182,1120000,1120000
2017-08-17 12:31:38.321000,1.10184,1.10181,1120000,1690000
2017-08-17 12:31:38.830000,1.10184,1.10182,1120000,1120000
2017-08-17 12:31:39.347000,1.10185,1.10183,1870000,1120000
2017-08-17 12:31:39.858000,1.10185,1.10183,1500000,1120000
2017-08-17 12:31:40.818000,1.10186,1.10183,1870000,1120000
2017-08-17 12:31:41.839000,1.10186,1.10183,2620000,1120000
2017-08-17 12:31:43.954000,1.10186,1.10184,2620000,1870000
2017-08-17 12:31:44.160000,1.10187,1.10186,1120000,1120000
2017-08-17 12:31:44.620000,1.10192,1.1019,13500000,1370000
2017-08-17 12:31:45.036000,1.10189,1.10187,1870000,1120000
2017-08-17 12:31:45.537000,1.10189,1.10186,1870000,1120000
2017-08-17 12:31:46.727000,1.1019,1.10187,3190000,1000000
2017-08-17 12:31:46.831000,1.10191,1.1019,1800000,1000000
2017-08-17 12:31:47.088000,1.10194,1.1019,3560000,2620000
2017-08-17 12:31:47.807000,1.10194,1.10191,2360000,1120000
2017-08-17 12:31:48.346000,1.10194,1.10191,1610000,2620000
2017-08-17 12:31:48.850000,1.10196,1.10195,1870000,1870000
2017-08-17 12:31:48.904000,1.10199,1.10195,12370000,9370000
2017-08-17 12:31:49.163000,1.10197,1.10195,1500000,1500000
2017-08-17 12:31:49.672000,1.10195,1.10194,1310000,1500000
2017-08-17 12:31:50.185000,1.10196,1.10193,4870000,1500000
2017-08-17 12:31:50.725000,1.10195,1.10192,1690000,1120000
2017-08-17 12:31:51.395000,1.10193,1.10191,1370000,1870000
2017-08-17 12:31:51.622000,1.10191,1.1019,1000000,1120000
2017-08-17 12:31:51.779000,1.10189,1.10188,4870000,1000000
2017-08-17 12:31:51.831000,1.10189,1.10186,4870000,1250000
2017-08-17 12:31:52.453000,1.10189,1.10187,4870000,1120000
2017-08-17 12:31:54.206000,1.1019,1.10188,1000000,1120000
2017-08-17 12:31:54.717000,1.10189,1.10187,1120000,1120000
2017-08-17 12:31:55.401000,1.10189,1.10187,2250000,1120000
2017-08-17 12:31:56.104000,1.10189,1.10187,1500000,1120000
2017-08-17 12:31:56.902000,1.10189,1.10185,1870000,2810000
2017-08-17 12:31:57.617000,1.10189,1.10185,1870000,2810000
2017-08-17 12:31:58.127000,1.10188,1.10185,1500000,1500000
2017-08-17 12:31:58.649000,1.10188,1.10185,1500000,1500000
2017-08-17 12:31:58.847000,1.10183,1.10181,2250000,1620000
2017-08-17 12:31:59.392000,1.10183,1.1018,3190000,1370000
2017-08-17 12:31:59.929000,1.10182,1.1018,1870000,1000000
2017-08-17 12:32:00.469000,1.10182,1.1018,1500000,1500000
2017-08-17 12:32:00.572000,1.10184,1.10181,1120000,1870000
2017-08-17 12:32:00.624000,1.10185,1.10184,1000000,1000000
2017-08-17 12:32:01.154000,1.10186,1.10183,2060000,1120000
2017-08-17 12:32:01.769000,1.10185,1.10183,1000000,1120000
2017-08-17 12:32:02.280000,1.10185,1.10183,1000000,2060000
2017-08-17 12:32:02.332000,1.10187,1.10185,1000000,1500000
2017-08-17 12:32:02.846000,1.10188,1.10185,2250000,2250000
2017-08-17 12:32:05.018000,1.10187,1.10184,1000000,2810000
2017-08-17 12:32:05.187000,1.10185,1.10184,1000000,1870000
2017-08-17 12:32:05.299000,1.10182,1.10181,3000000,1000000
2017-08-17 12:32:05.555000,1.10181,1.10179,7500000,1500000
2017-08-17 12:32:06.084000,1.1018,1.10179,7500000,1120000
2017-08-17 12:32:06.603000,1.10181,1.10178,2620000,1690000
2017-08-17 12:32:06.961000,1.10179,1.10177,3000000,1000000
2017-08-17 12:32:07.115000,1.10173,1.10171,1000000,1570000
2017-08-17 12:32:07.167000,1.10175,1.10172,6260000,1190000
2017-08-17 12:32:07.219000,1.10173,1.10171,1500000,2810000
2017-08-17 12:32:07.419000,1.10175,1.10172,3970000,1120000
2017-08-17 12:32:07.574000,1.10173,1.1017,1000000,2440000
2017-08-17 12:32:08.787000,1.10174,1.10171,1870000,1310000
2017-08-17 12:32:09.731000,1.10172,1.10169,1000000,4760000
2017-08-17 12:32:10.038000,1.1017,1.10167,1120000,1500000
2017-08-17 12:32:10.345000,1.10171,1.10168,2510000,2620000
2017-08-17 12:32:10.884000,1.10171,1.10168,4390000,1870000
2017-08-17 12:32:11.416000,1.10171,1.10168,1690000,1370000
2017-08-17 12:32:11.930000,1.1017,1.10167,2250000,1750000
2017-08-17 12:32:12.274000,1.10172,1.10169,3260000,1120000
2017-08-17 12:32:12.821000,1.10172,1.10169,3190000,1370000
2017-08-17 12:32:13.336000,1.10171,1.10169,3000000,1000000
2017-08-17 12:32:13.854000,1.10171,1.10167,3370000,2440000
2017-08-17 12:32:14.355000,1.1017,1.10169,1000000,1000000
2017-08-17 12:32:16.644000,1.10171,1.10168,1500000,1870000
2017-08-17 12:32:16.849000,1.10173,1.1017,2250000,3370000
2017-08-17 12:32:16.900000,1.10174,1.10172,1120000,1500000
2017-08-17 12:32:17.003000,1.10175,1.10172,1250000,10500000
2017-08-17 12:32:17.573000,1.10176,1.10173,1500000,2060000
2017-08-17 12:32:19.982000,1.10179,1.10177,1390000,1120000
2017-08-17 12:32:20.278000,1.10183,1.1018,4870000,1500000
2017-08-17 12:32:20.737000,1.10184,1.10181,1690000,1870000
2017-08-17 12:32:21.267000,1.10183,1.10181,1500000,2060000
2017-08-17 12:32:22.341000,1.10184,1.10181,1870000,2440000
2017-08-17 12:32:22.890000,1.10184,1.10181,1870000,2000000
2017-08-17 12:32:23.199000,1.10183,1.1018,1870000,1690000
2017-08-17 12:32:23.702000,1.10184,1.10181,1870000,1870000
2017-08-17 12:32:24.211000,1.10184,1.10182,1870000,1000000
2017-08-17 12:32:24.738000,1.10184,1.10181,1500000,2620000
2017-08-17 12:32:25.174000,1.10188,1.10186,4760000,1000000
2017-08-17 12:32:25.481000,1.10189,1.10187,1300000,1370000
2017-08-17 12:32:25.787000,1.10192,1.1019,4310000,1000000
2017-08-17 12:32:25.890000,1.10192,1.10189,2810000,1000000
2017-08-17 12:32:26.189000,1.10192,1.1019,2250000,1500000
2017-08-17 12:32:26.395000,1.10191,1.10188,2620000,1690000
2017-08-17 12:32:26.857000,1.10188,1.10185,1870000,2510000
2017-08-17 12:32:27.118000,1.10183,1.1018,2250000,1120000
2017-08-17 12:32:27.378000,1.10181,1.10178,1500000,1000000
2017-08-17 12:32:28.076000,1.10181,1.10178,1000000,1120000
2017-08-17 12:32:28.659000,1.10182,1.10179,2060000,1000000
2017-08-17 12:32:29.173000,1.10181,1.10178,1000000,1870000
2017-08-17 12:32:29.691000,1.10182,1.10178,1690000,3000000
2017-08-17 12:32:30.490000,1.10182,1.10178,2620000,1870000
2017-08-17 12:32:30.901000,1.10181,1.10178,1120000,1500000
2017-08-17 12:32:31.477000,1.10181,1.10178,2250000,1870000
2017-08-17 12:32:31.867000,1.10179,1.10176,1000000,1750000
2017-08-17 12:32:32.377000,1.10179,1.10176,1500000,1870000
2017-08-17 12:32:33.031000,1.10179,1.10177,1000000,1000000
2017-08-17 12:32:33.389000,1.10181,1.10178,2810000,1870000
2017-08-17 12:32:33.492000,1.10182,1.10179,3370000,1120000
2017-08-17 12:32:34.017000,1.10182,1.10178,1690000,2250000
2017-08-17 12:32:34.528000,1.10182,1.10179,1690000,1870000
2017-08-17 12:32:35.297000,1.10182,1.10178,1500000,3450000
2017-08-17 12:32:35.605000,1.10188,1.10185,4990000,1500000
2017-08-17 12:32:36.114000,1.10188,1.10186,2360000,1000000
2017-08-17 12:32:37.033000,1.10188,1.10185,4610000,1370000
2017-08-17 12:32:37.545000,1.10188,1.10185,4610000,1120000
2017-08-17 12:32:37.752000,1.10188,1.10185,4240000,2250000
2017-08-17 12:32:38.324000,1.10188,1.10185,4310000,1500000
2017-08-17 12:32:40.483000,1.10188,1.10185,1310000,2250000
2017-08-17 12:32:40.998000,1.10189,1.10186,4310000,1500000
2017-08-17 12:32:41.049000,1.10186,1.10183,4690000,1950000
2017-08-17 12:32:41.470000,1.10182,1.1018,3000000,2620000
2017-08-17 12:32:42.786000,1.10182,1.1018,2060000,1000000
2017-08-17 12:32:43.323000,1.1018,1.10178,2440000,1370000
2017-08-17 12:32:43.836000,1.10179,1.10176,1250000,1870000
2017-08-17 12:32:44.172000,1.10176,1.10174,2440000,1870000
2017-08-17 12:32:44.682000,1.10175,1.10173,1310000,1500000
2017-08-17 12:32:45.221000,1.10175,1.10173,1310000,2250000
2017-08-17 12:32:46.481000,1.10176,1.10175,1690000,1500000
2017-08-17 12:32:46.584000,1.1018,1.10178,1690000,1000000
2017-08-17 12:32:46.789000,1.10181,1.10179,1120000,1500000
2017-08-17 12:32:46.893000,1.10182,1.10179,1870000,1500000
2017-08-17 12:32:49.071000,1.10182,1.10179,3000000,1370000
2017-08-17 12:32:50.008000,1.10181,1.10178,1000000,1870000
2017-08-17 12:32:51.406000,1.10182,1.10179,1870000,1500000
2017-08-17 12:32:51.714000,1.1018,1.10177,1500000,1120000
2017-08-17 12:32:52.122000,1.1018,1.10177,1690000,1500000
2017-08-17 12:32:52.665000,1.1018,1.10177,1690000,1870000
2017-08-17 12:32:53.227000,1.10181,1.10178,1690000,1120000
2017-08-17 12:32:53.380000,1.10182,1.10179,2810000,1370000
2017-08-17 12:32:54.098000,1.10182,1.10179,2060000,1750000
2017-08-17 12:32:54.611000,1.10181,1.10178,1250000,1870000
2017-08-17 12:32:55.937000,1.10182,1.1018,2620000,1000000
2017-08-17 12:32:56.240000,1.1018,1.10179,1000000,1000000
2017-08-17 12:32:56.292000,1.10178,1.10176,6000000,1370000
2017-08-17 12:32:56.344000,1.10177,1.10175,1500000,1620000
2017-08-17 12:32:56.501000,1.10176,1.10174,2250000,1310000
2017-08-17 12:32:57.075000,1.10176,1.10172,3490000,1500000
2017-08-17 12:32:59.531000,1.10176,1.10173,3490000,1000000
2017-08-17 12:33:00.061000,1.10176,1.10174,2740000,1000000
2017-08-17 12:33:00.114000,1.10177,1.10175,1690000,1120000
2017-08-17 12:33:00.319000,1.10183,1.10181,3370000,1000000
2017-08-17 12:33:00.669000,1.10185,1.10183,2890000,1000000
2017-08-17 12:33:00.877000,1.10184,1.10182,1870000,1120000
2017-08-17 12:33:00.981000,1.10186,1.10183,2140000,4570000
2017-08-17 12:33:01.187000,1.10188,1.10185,1870000,1500000
2017-08-17 12:33:01.342000,1.10186,1.10185,1250000,1120000
2017-08-17 12:33:01.395000,1.10185,1.10184,2620000,1120000
2017-08-17 12:33:02.064000,1.10186,1.10185,1690000,1120000
2017-08-17 12:33:02.167000,1.10188,1.10186,2440000,1000000
2017-08-17 12:33:02.697000,1.10187,1.10185,2250000,1500000
2017-08-17 12:33:03.686000,1.10186,1.10184,1500000,1500000
2017-08-17 12:33:04.547000,1.10186,1.10184,1500000,1500000
2017-08-17 12:33:06.357000,1.10187,1.10185,4120000,1120000
2017-08-17 12:33:06.869000,1.10186,1.10185,1000000,1120000
2017-08-17 12:33:07.130000,1.10189,1.10187,9070000,1000000
2017-08-17 12:33:07.640000,1.1019,1.10188,3790000,1120000
2017-08-17 12:33:07.693000,1.10189,1.10186,11470000,1870000
2017-08-17 12:33:07.829000,1.10187,1.10185,4950000,1370000
2017-08-17 12:33:07.881000,1.10183,1.10182,4870000,1000000
2017-08-17 12:33:08.499000,1.10184,1.10181,1250000,2250000
2017-08-17 12:33:08.911000,1.10185,1.10184,1000000,1500000
2017-08-17 12:33:09.384000,1.10186,1.10185,3370000,1000000
2017-08-17 12:33:10.587000,1.10187,1.10185,2250000,1120000
2017-08-17 12:33:11.765000,1.10188,1.10186,5060000,1000000
2017-08-17 12:33:13.969000,1.10188,1.10186,1000000,1880000
2017-08-17 12:33:14.022000,1.10191,1.10189,2060000,1000000
2017-08-17 12:33:14.074000,1.10195,1.10193,1570000,1000000
2017-08-17 12:33:14.576000,1.10196,1.10195,1120000,1000000
2017-08-17 12:33:17.725000,1.10197,1.10196,1250000,1000000
2017-08-17 12:33:17.828000,1.10198,1.10195,1190000,1870000
2017-08-17 12:33:18.033000,1.10199,1.10197,3000000,1000000
2017-08-17 12:33:19.889000,1.10197,1.10195,1500000,2620000
2017-08-17 12:33:20.894000,1.10197,1.10195,2440000,1000000
2017-08-17 12:33:21.540000,1.10197,1.10196,1310000,1500000
2017-08-17 12:33:21.592000,1.10205,1.10203,1120000,1000000
2017-08-17 12:33:21.644000,1.10209,1.10207,1370000,1500000
2017-08-17 12:33:21.889000,1.10216,1.10213,1950000,1120000
2017-08-17 12:33:21.941000,1.10217,1.10216,1000000,1000000
2017-08-17 12:33:21.992000,1.10218,1.10216,1500000,1000000
2017-08-17 12:33:22.044000,1.10215,1.10213,1250000,3820000
2017-08-17 12:33:22.300000,1.10215,1.10211,1370000,1870000
2017-08-17 12:33:23.036000,1.10214,1.10212,2060000,1000000
2017-08-17 12:33:23.649000,1.10214,1.10211,2060000,1000000
2017-08-17 12:33:24.266000,1.10214,1.10211,2810000,1000000
2017-08-17 12:33:24.792000,1.10216,1.10214,1690000,1000000
2017-08-17 12:33:25.102000,1.10214,1.10212,1500000,1000000
2017-08-17 12:33:25.955000,1.10214,1.10212,2250000,1000000
2017-08-17 12:33:26.109000,1.10212,1.10208,2060000,3450000
2017-08-17 12:33:26.161000,1.10212,1.10211,1000000,1000000
2017-08-17 12:33:26.213000,1.10213,1.10211,1120000,1000000
2017-08-17 12:33:27.237000,1.10214,1.10211,1500000,1120000
2017-08-17 12:33:31.230000,1.10214,1.10209,2620000,5140000
2017-08-17 12:33:31.956000,1.10213,1.10209,1500000,4390000
2017-08-17 12:33:32.231000,1.10213,1.10209,1000000,4010000
2017-08-17 12:33:32.543000,1.10217,1.10214,1540000,1500000
2017-08-17 12:33:32.748000,1.10218,1.10216,2360000,1870000
2017-08-17 12:33:33.097000,1.10222,1.1022,3900000,1000000
2017-08-17 12:33:33.149000,1.10225,1.10221,1500000,2250000
2017-08-17 12:33:33.200000,1.10226,1.10223,1500000,1000000
2017-08-17 12:33:33.662000,1.10225,1.10222,3370000,2320000
2017-08-17 12:33:34.115000,1.10219,1.10216,1870000,1000000
2017-08-17 12:33:34.168000,1.10219,1.10216,19910000,4310000
2017-08-17 12:33:34.322000,1.10212,1.10209,2620000,1100000
2017-08-17 12:33:34.685000,1.10207,1.10205,3750000,1000000
2017-08-17 12:33:34.994000,1.10207,1.10203,3940000,1870000
2017-08-17 12:33:35.353000,1.10205,1.10202,2060000,11700000
2017-08-17 12:33:35.875000,1.10205,1.10201,3110000,4580000
2017-08-17 12:33:37.151000,1.10204,1.10202,1000000,3370000
2017-08-17 12:33:37.774000,1.10206,1.10203,1310000,1870000
2017-08-17 12:33:39.248000,1.10204,1.10202,1500000,1000000
2017-08-17 12:33:39.758000,1.10204,1.10202,1500000,1000000
2017-08-17 12:33:39.978000,1.10203,1.102,2620000,1250000
2017-08-17 12:33:40.209000,1.1021,1.10208,1500000,1000000
2017-08-17 12:33:40.414000,1.10213,1.1021,3560000,1500000
2017-08-17 12:33:40.517000,1.10214,1.1021,2440000,11250000
2017-08-17 12:33:40.620000,1.10215,1.10212,3190000,1000000
2017-08-17 12:33:40.724000,1.10215,1.10213,1120000,1120000
2017-08-17 12:33:40.776000,1.10215,1.10212,1310000,2620000
2017-08-17 12:33:40.982000,1.10215,1.10214,1120000,1000000
2017-08-17 12:33:41.289000,1.10218,1.10215,2360000,1000000
2017-08-17 12:33:41.494000,1.10218,1.10216,1250000,1000000
2017-08-17 12:33:41.598000,1.10219,1.10217,1690000,1000000
2017-08-17 12:33:41.909000,1.10218,1.10215,2620000,1000000
2017-08-17 12:33:42.096000,1.10217,1.10214,1500000,1000000
2017-08-17 12:33:42.608000,1.10214,1.10211,1120000,5510000
2017-08-17 12:33:43.119000,1.10215,1.10212,1120000,1000000
2017-08-17 12:33:44.143000,1.10216,1.10213,2060000,1000000
2017-08-17 12:33:44.194000,1.10217,1.10214,1000000,2250000
2017-08-17 12:33:46.035000,1.10218,1.10216,2060000,1000000
2017-08-17 12:33:46.734000,1.10215,1.10213,1000000,4090000
2017-08-17 12:33:47.049000,1.10212,1.1021,1000000,1190000
2017-08-17 12:33:47.101000,1.10211,1.1021,1000000,1000000
2017-08-17 12:33:47.153000,1.10211,1.10208,1000000,1000000
2017-08-17 12:33:47.308000,1.10211,1.10208,1000000,1190000
2017-08-17 12:33:47.463000,1.10211,1.10208,1000000,1000000
2017-08-17 12:33:47.971000,1.10211,1.10207,1870000,4010000
2017-08-17 12:33:48.548000,1.10211,1.10208,1000000,1000000
2017-08-17 12:33:49.078000,1.10212,1.10208,1690000,3370000
2017-08-17 12:33:50.150000,1.10212,1.10209,1690000,1000000
2017-08-17 12:33:50.832000,1.10212,1.10208,2810000,1500000
2017-08-17 12:33:51.345000,1.10212,1.10209,2060000,1000000
2017-08-17 12:33:52.037000,1.10212,1.10208,4500000,1120000
2017-08-17 12:33:52.552000,1.10211,1.10207,1190000,2250000
2017-08-17 12:33:53.063000,1.10209,1.10205,2060000,3450000
2017-08-17 12:33:53.370000,1.10211,1.10207,2440000,7270000
2017-08-17 12:33:53.422000,1.10211,1.10207,1310000,5770000
2017-08-17 12:33:55.782000,1.10212,1.10209,2440000,1000000
2017-08-17 12:33:56.472000,1.10213,1.1021,1690000,1870000
2017-08-17 12:33:56.989000,1.10215,1.10211,4690000,1120000
2017-08-17 12:33:57.503000,1.10214,1.10211,1310000,1120000
2017-08-17 12:33:58.093000,1.10216,1.10212,3560000,1870000
2017-08-17 12:33:58.147000,1.10213,1.1021,1120000,5140000
2017-08-17 12:33:58.560000,1.10211,1.10208,1000000,1000000
2017-08-17 12:33:58.868000,1.10208,1.10205,1500000,3000000
2017-08-17 12:34:00.080000,1.10208,1.10207,1500000,2250000
2017-08-17 12:34:00.184000,1.1021,1.10208,1000000,2250000
2017-08-17 12:34:00.449000,1.10214,1.10211,2890000,2250000
2017-08-17 12:34:00.861000,1.10215,1.10213,1250000,3820000
2017-08-17 12:34:01.170000,1.10217,1.10214,1840000,1120000
2017-08-17 12:34:01.692000,1.10219,1.10215,1850000,2510000
2017-08-17 12:34:01.744000,1.10219,1.10217,1100000,1000000
2017-08-17 12:34:02.006000,1.10225,1.10221,1690000,3000000
2017-08-17 12:34:02.526000,1.10225,1.10222,1870000,1120000
2017-08-17 12:34:03.080000,1.10226,1.10222,3000000,3940000
2017-08-17 12:34:03.735000,1.10227,1.10224,1370000,1500000
2017-08-17 12:34:04.263000,1.10226,1.10222,4870000,3560000
2017-08-17 12:34:04.685000,1.10221,1.1022,1000000,1250000
2017-08-17 12:34:04.789000,1.10219,1.10215,1000000,7760000
2017-08-17 12:34:05.668000,1.10219,1.10216,1120000,1310000
2017-08-17 12:34:05.720000,1.1022,1.10218,2620000,1000000
2017-08-17 12:34:05.774000,1.10222,1.10219,5440000,1870000
2017-08-17 12:34:05.878000,1.10224,1.10222,1310000,7120000
2017-08-17 12:34:05.929000,1.10225,1.10222,1120000,3000000
2017-08-17 12:34:05.981000,1.10225,1.10222,1190000,3560000
2017-08-17 12:34:06.033000,1.10225,1.10222,1000000,4570000
2017-08-17 12:34:06.547000,1.10224,1.1022,1870000,4090000
2017-08-17 12:34:06.769000,1.10225,1.10222,1190000,1870000
2017-08-17 12:34:07.283000,1.10224,1.10222,1000000,1500000
2017-08-17 12:34:07.916000,1.10225,1.10222,1000000,4200000
2017-08-17 12:34:08.427000,1.10225,1.10223,1000000,2620000
2017-08-17 12:34:09.045000,1.10225,1.10223,1000000,1120000
2017-08-17 12:34:10.999000,1.10224,1.10222,1120000,1120000
2017-08-17 12:34:11.307000,1.10222,1.1022,1120000,2440000
2017-08-17 12:34:11.615000,1.1022,1.10218,1000000,1000000
2017-08-17 12:34:12.044000,1.10219,1.10216,1500000,1690000
2017-08-17 12:34:12.555000,1.10218,1.10216,1120000,1000000
2017-08-17 12:34:13.745000,1.10218,1.10215,2250000,1000000
2017-08-17 12:34:14.255000,1.10213,1.10211,1120000,3940000
2017-08-17 12:34:14.563000,1.10213,1.1021,1120000,1690000
2017-08-17 12:34:15.075000,1.10214,1.10211,1870000,1000000
2017-08-17 12:34:15.345000,1.10212,1.10209,2250000,1690000
2017-08-17 12:34:15.502000,1.1021,1.10208,1000000,2440000
2017-08-17 12:34:15.912000,1.10212,1.1021,3000000,1000000
2017-08-17 12:34:16.233000,1.10214,1.10211,3940000,2250000
2017-08-17 12:34:16.489000,1.10217,1.10213,5060000,1870000
2017-08-17 12:34:16.744000,1.10214,1.10211,1120000,1500000
2017-08-17 12:34:16.796000,1.10214,1.1021,2620000,2510000
2017-08-17 12:34:17.214000,1.10211,1.10208,1500000,2440000
2017-08-17 12:34:17.742000,1.1021,1.10208,1500000,1250000
2017-08-17 12:34:19.501000,1.10211,1.10208,2440000,1500000
2017-08-17 12:34:20.167000,1.10212,1.10209,1910000,1000000
2017-08-17 12:34:20.700000,1.10213,1.10209,2060000,1120000
2017-08-17 12:34:21.507000,1.10211,1.10209,1120000,1000000
2017-08-17 12:34:22.018000,1.10211,1.10208,2440000,1870000
2017-08-17 12:34:23.284000,1.10212,1.10209,3940000,1000000
2017-08-17 12:34:23.835000,1.10213,1.1021,2060000,1000000
2017-08-17 12:34:25.256000,1.10215,1.10213,1560000,1120000
2017-08-17 12:34:25.309000,1.10217,1.10214,1190000,1870000
2017-08-17 12:34:25.363000,1.10217,1.10215,1250000,1000000
2017-08-17 12:34:25.416000,1.10217,1.10214,2440000,1120000
2017-08-17 12:34:25.571000,1.10215,1.10212,1500000,3940000
2017-08-17 12:34:26.117000,1.10214,1.10211,1120000,1120000
2017-08-17 12:34:27.147000,1.10215,1.10212,2060000,1000000
2017-08-17 12:34:27.404000,1.10216,1.10215,1000000,1000000
2017-08-17 12:34:27.508000,1.10219,1.10216,1870000,1500000
2017-08-17 12:34:28.024000,1.10219,1.10216,1910000,1000000
2017-08-17 12:34:28.606000,1.10218,1.10216,1000000,1000000
2017-08-17 12:34:28.813000,1.10217,1.10214,4350000,1250000
2017-08-17 12:34:28.865000,1.10215,1.10214,1000000,1250000
2017-08-17 12:34:29.270000,1.10214,1.10212,1870000,1000000
2017-08-17 12:34:29.784000,1.10213,1.10211,1000000,1000000
2017-08-17 12:34:31.012000,1.10211,1.1021,1000000,1000000
2017-08-17 12:34:31.536000,1.10211,1.10209,1000000,1000000
2017-08-17 12:34:32.053000,1.10212,1.10209,2060000,1000000
2017-08-17 12:34:32.512000,1.10209,1.10207,1000000,4690000
2017-08-17 12:34:32.820000,1.10211,1.10208,3750000,1000000
2017-08-17 12:34:33.280000,1.10212,1.1021,1690000,1000000
2017-08-17 12:34:33.826000,1.10213,1.1021,4990000,1000000
2017-08-17 12:34:34.442000,1.10212,1.1021,1000000,1000000
2017-08-17 12:34:35.373000,1.10214,1.10211,2060000,1500000
2017-08-17 12:34:35.885000,1.10214,1.10211,2440000,1000000
2017-08-17 12:34:36.465000,1.10213,1.10211,1870000,1000000
2017-08-17 12:34:36.619000,1.10212,1.10209,2250000,1000000
2017-08-17 12:34:36.722000,1.10209,1.10207,1120000,1000000
2017-08-17 12:34:37.227000,1.10211,1.10207,2810000,6000000
2017-08-17 12:34:37.382000,1.10211,1.10209,1870000,1000000
2017-08-17 12:34:38.428000,1.10211,1.1021,1000000,1000000
2017-08-17 12:34:38.933000,1.10212,1.1021,1500000,1000000
2017-08-17 12:34:39.480000,1.10212,1.1021,1870000,1000000
2017-08-17 12:34:40.045000,1.10211,1.10208,2250000,2060000
2017-08-17 12:34:40.355000,1.1021,1.10207,5250000,3560000
2017-08-17 12:34:40.407000,1.10208,1.10206,1000000,1250000
2017-08-17 12:34:40.611000,1.10205,1.10203,1000000,2060000
2017-08-17 12:34:40.959000,1.10201,1.10199,4870000,1000000
2017-08-17 12:34:41.423000,1.10201,1.10197,5320000,3560000
2017-08-17 12:34:41.937000,1.10201,1.10198,3450000,1120000
2017-08-17 12:34:42.452000,1.10201,1.10198,1500000,1500000
2017-08-17 12:34:42.709000,1.102,1.10197,2620000,1120000
2017-08-17 12:34:43.029000,1.10194,1.10192,1870000,1190000
2017-08-17 12:34:43.543000,1.10194,1.10192,1870000,1000000
2017-08-17 12:34:44.166000,1.10194,1.10191,2620000,1310000
2017-08-17 12:34:44.771000,1.10193,1.10192,1500000,1000000
2017-08-17 12:34:44.926000,1.10195,1.10193,2250000,1000000
2017-08-17 12:34:45.592000,1.10194,1.10191,1500000,2440000
2017-08-17 12:34:46.099000,1.10193,1.10191,1500000,1310000
2017-08-17 12:34:46.622000,1.10193,1.10192,1500000,1000000
2017-08-17 12:34:46.674000,1.10192,1.1019,1500000,1310000
2017-08-17 12:34:47.188000,1.10193,1.10191,4870000,1000000
2017-08-17 12:34:47.729000,1.10193,1.10192,2250000,1000000
2017-08-17 12:34:48.587000,1.10192,1.1019,6600000,1250000
2017-08-17 12:34:48.639000,1.10188,1.10185,4720000,2620000
2017-08-17 12:34:48.742000,1.10186,1.10183,7870000,1500000
2017-08-17 12:34:48.794000,1.10184,1.10182,1500000,3370000
2017-08-17 12:34:48.847000,1.10185,1.10184,1870000,1000000
2017-08-17 12:34:49.104000,1.10184,1.10182,3750000,1250000
2017-08-17 12:34:49.268000,1.10183,1.10181,1870000,2060000
2017-08-17 12:34:49.783000,1.10182,1.1018,3370000,1190000
2017-08-17 12:34:49.888000,1.10181,1.10178,2250000,1690000
2017-08-17 12:34:50.395000,1.10181,1.1018,1500000,1000000
2017-08-17 12:34:50.909000,1.10181,1.10179,1870000,1310000
2017-08-17 12:34:50.961000,1.1018,1.10178,4350000,1000000
2017-08-17 12:34:51.471000,1.1018,1.10179,1870000,1000000
2017-08-17 12:34:51.830000,1.10178,1.10176,2250000,1190000
2017-08-17 12:34:52.033000,1.10175,1.10173,1120000,2620000
2017-08-17 12:34:52.084000,1.10171,1.10169,1870000,3000000
2017-08-17 12:34:52.340000,1.1017,1.10168,1000000,1000000
2017-08-17 12:34:52.393000,1.10171,1.10168,3000000,1690000
2017-08-17 12:34:52.650000,1.10173,1.1017,1000000,1310000
2017-08-17 12:34:52.807000,1.10172,1.1017,1370000,1310000
2017-08-17 12:34:52.865000,1.10173,1.10172,1200000,1500000
2017-08-17 12:34:53.070000,1.10176,1.10173,1690000,1000000
2017-08-17 12:34:53.327000,1.10177,1.10175,1620000,1000000
2017-08-17 12:34:53.876000,1.10177,1.10175,1000000,1000000
2017-08-17 12:34:54.676000,1.1018,1.10178,3000000,1000000
2017-08-17 12:34:54.728000,1.1018,1.10178,1120000,1000000
2017-08-17 12:34:54.990000,1.10179,1.10176,1870000,1120000
2017-08-17 12:34:55.501000,1.10176,1.10175,1000000,1250000
2017-08-17 12:34:55.604000,1.10176,1.10173,1500000,1250000
2017-08-17 12:34:57.793000,1.10175,1.10173,1500000,1000000
2017-08-17 12:34:58.332000,1.10176,1.10174,1370000,1000000
2017-08-17 12:34:58.589000,1.10176,1.10174,1000000,1000000
2017-08-17 12:34:59.215000,1.10176,1.10174,1370000,1000000
2017-08-17 12:34:59.574000,1.10175,1.10172,1370000,1690000
2017-08-17 12:35:00.293000,1.10174,1.10171,1870000,1310000
2017-08-17 12:35:00.805000,1.10175,1.10173,1370000,1000000
2017-08-17 12:35:01.310000,1.10175,1.10173,1500000,1000000
2017-08-17 12:35:02.259000,1.10176,1.10173,1000000,2060000
2017-08-17 12:35:02.770000,1.10177,1.10174,2620000,1000000
2017-08-17 12:35:03.323000,1.10177,1.10173,3070000,4690000
2017-08-17 12:35:03.834000,1.10173,1.10171,2250000,1310000
2017-08-17 12:35:03.886000,1.10172,1.10168,4720000,3560000
2017-08-17 12:35:04.042000,1.10168,1.10166,1120000,1690000
2017-08-17 12:35:04.555000,1.10167,1.10166,1500000,1000000
2017-08-17 12:35:04.812000,1.10166,1.10163,1870000,2440000
2017-08-17 12:35:05.398000,1.10165,1.10162,1690000,3370000
2017-08-17 12:35:05.910000,1.10166,1.10164,1760000,1000000
2017-08-17 12:35:06.512000,1.10166,1.10164,1120000,1000000
2017-08-17 12:35:06.776000,1.10164,1.10162,1000000,1250000
2017-08-17 12:35:06.932000,1.1016,1.10157,1950000,2060000
2017-08-17 12:35:07.443000,1.10159,1.10157,5250000,1000000
2017-08-17 12:35:07.905000,1.10157,1.10154,3040000,4870000
2017-08-17 12:35:08.211000,1.10158,1.10157,2810000,1000000
2017-08-17 12:35:08.417000,1.10163,1.10161,1250000,6000000
2017-08-17 12:35:08.960000,1.10166,1.10163,1660000,1870000
2017-08-17 12:35:09.219000,1.10166,1.10163,1760000,1000000
2017-08-17 12:35:09.579000,1.10163,1.10161,1120000,1870000
2017-08-17 12:35:09.939000,1.10164,1.1016,1500000,3560000
2017-08-17 12:35:10.093000,1.10162,1.1016,1000000,1120000
2017-08-17 12:35:10.452000,1.10158,1.10157,1000000,3000000
2017-08-17 12:35:10.736000,1.10157,1.10154,1000000,2620000
2017-08-17 12:35:12.041000,1.10157,1.10154,1870000,2250000
2017-08-17 12:35:12.520000,1.10158,1.10156,2060000,1000000
2017-08-17 12:35:12.674000,1.10158,1.10155,1690000,2250000
2017-08-17 12:35:13.506000,1.10158,1.10155,1120000,3000000
2017-08-17 12:35:14.034000,1.1016,1.10157,4910000,1000000
2017-08-17 12:35:14.660000,1.10159,1.10155,1120000,3560000
2017-08-17 12:35:15.199000,1.10159,1.10156,1500000,1000000
2017-08-17 12:35:16.135000,1.10159,1.10157,1500000,1000000
2017-08-17 12:35:16.596000,1.10161,1.1016,1000000,1000000
2017-08-17 12:35:16.801000,1.10164,1.10162,2060000,4120000
2017-08-17 12:35:17.219000,1.10166,1.10162,1310000,3000000
2017-08-17 12:35:18.181000,1.10166,1.10162,2060000,1870000
2017-08-17 12:35:20.349000,1.10166,1.10164,2440000,1000000
2017-08-17 12:35:20.668000,1.10155,1.10153,2100000,25120001
2017-08-17 12:35:20.977000,1.10149,1.10147,2620000,1120000
2017-08-17 12:35:21.329000,1.10151,1.1015,2250000,1250000
2017-08-17 12:35:21.842000,1.1015,1.10149,1870000,1000000
2017-08-17 12:35:22.200000,1.10148,1.10146,2250000,1120000
2017-08-17 12:35:23.037000,1.10148,1.10146,4350000,1000000
2017-08-17 12:35:24.231000,1.10149,1.10147,2700000,1000000
2017-08-17 12:35:24.539000,1.10154,1.10152,1270000,1870000
2017-08-17 12:35:24.922000,1.10159,1.10157,1500000,1000000
2017-08-17 12:35:25.025000,1.10161,1.10158,1870000,1870000
2017-08-17 12:35:27.565000,1.1016,1.10159,1000000,1000000
2017-08-17 12:35:28.077000,1.10161,1.10159,2440000,1000000
2017-08-17 12:35:29.631000,1.10162,1.1016,1310000,1000000
2017-08-17 12:35:29.683000,1.10162,1.10159,4090000,1000000
2017-08-17 12:35:29.735000,1.10162,1.1016,3710000,1000000
2017-08-17 12:35:29.889000,1.10162,1.10159,1760000,1500000
2017-08-17 12:35:30.970000,1.10161,1.10159,1000000,1000000
2017-08-17 12:35:31.075000,1.10155,1.10153,1000000,3940000
2017-08-17 12:35:31.423000,1.10151,1.1015,3370000,1000000
2017-08-17 12:35:31.840000,1.10153,1.10151,1500000,1000000
2017-08-17 12:35:34.508000,1.10154,1.10152,2400000,1000000
2017-08-17 12:35:35.022000,1.10154,1.10153,1270000,1000000
2017-08-17 12:35:36.298000,1.10155,1.10153,4310000,1500000
2017-08-17 12:35:36.656000,1.10159,1.10157,2510000,1120000
2017-08-17 12:35:36.861000,1.10161,1.10159,1690000,1000000
2017-08-17 12:35:37.438000,1.10161,1.10158,1690000,2100000
2017-08-17 12:35:38.532000,1.10162,1.10159,1120000,1750000
2017-08-17 12:35:38.696000,1.10164,1.10162,2810000,1000000
2017-08-17 12:35:39.209000,1.10164,1.10161,1690000,1870000
2017-08-17 12:35:41.347000,1.10163,1.1016,1120000,2440000
2017-08-17 12:35:41.501000,1.10161,1.10159,1120000,1370000
2017-08-17 12:35:41.552000,1.10161,1.10158,1120000,2060000
2017-08-17 12:35:41.808000,1.10162,1.10159,2060000,1500000
2017-08-17 12:35:42.426000,1.10162,1.10159,4310000,1120000
2017-08-17 12:35:43.195000,1.10161,1.10158,2250000,1000000
2017-08-17 12:35:44.087000,1.10162,1.1016,5440000,1000000
2017-08-17 12:35:44.598000,1.10163,1.1016,1310000,1120000
2017-08-17 12:35:45.233000,1.10163,1.10162,1000000,1000000
2017-08-17 12:35:45.768000,1.10166,1.10163,3190000,1000000
2017-08-17 12:35:46.309000,1.10166,1.10163,2060000,1000000
2017-08-17 12:35:46.850000,1.10166,1.10163,1250000,1000000
2017-08-17 12:35:47.869000,1.10163,1.10161,1500000,1000000
2017-08-17 12:35:48.202000,1.10161,1.10159,1310000,1000000
2017-08-17 12:35:48.407000,1.10164,1.1016,6940000,1870000
2017-08-17 12:35:48.920000,1.10161,1.10159,1000000,1120000
2017-08-17 12:35:49.179000,1.10163,1.1016,1690000,1000000
2017-08-17 12:35:50.129000,1.10164,1.10161,2810000,1000000
2017-08-17 12:35:50.233000,1.10166,1.10163,4310000,1000000
2017-08-17 12:35:50.587000,1.10166,1.10163,3560000,1000000
2017-08-17 12:35:51.103000,1.10167,1.10164,2440000,1000000
2017-08-17 12:35:51.463000,1.10169,1.10167,3260000,1000000
2017-08-17 12:35:51.975000,1.1017,1.10167,1120000,1120000
2017-08-17 12:35:54.616000,1.10171,1.10168,1690000,1000000
2017-08-17 12:35:57.328000,1.10172,1.10169,3190000,1000000
2017-08-17 12:35:59.181000,1.10173,1.10171,1690000,2250000
2017-08-17 12:35:59.232000,1.10176,1.10172,5810000,1500000
2017-08-17 12:35:59.436000,1.10177,1.10173,2060000,1500000
2017-08-17 12:35:59.952000,1.10177,1.10174,2060000,1000000
2017-08-17 12:36:00.107000,1.10179,1.10176,3260000,1000000
2017-08-17 12:36:01.407000,1.10177,1.10174,1000000,3560000
2017-08-17 12:36:02.936000,1.10174,1.10173,3370000,3190000
2017-08-17 12:36:03.091000,1.10171,1.10169,1000000,2060000
2017-08-17 12:36:03.143000,1.10172,1.10168,1870000,3940000
2017-08-17 12:36:03.351000,1.10171,1.10168,1000000,3370000
2017-08-17 12:36:03.868000,1.1017,1.10168,1000000,1120000
2017-08-17 12:36:05.070000,1.1017,1.10168,1000000,2250000
2017-08-17 12:36:05.596000,1.10171,1.10168,1000000,3000000
2017-08-17 12:36:10.672000,1.10172,1.1017,1250000,1000000
2017-08-17 12:36:12.734000,1.10171,1.10169,1000000,1500000
2017-08-17 12:36:13.311000,1.10171,1.10168,1000000,3000000
2017-08-17 12:36:16.387000,1.1017,1.10168,1000000,1500000
2017-08-17 12:36:17.162000,1.10167,1.10166,1120000,1500000
2017-08-17 12:36:17.265000,1.10165,1.10162,3000000,8440000
2017-08-17 12:36:17.673000,1.10164,1.10162,1000000,1000000
2017-08-17 12:36:17.844000,1.10161,1.10159,1000000,1000000
2017-08-17 12:36:18.373000,1.10162,1.10159,1120000,1000000
2017-08-17 12:36:18.833000,1.10163,1.10161,1310000,1000000
2017-08-17 12:36:19.185000,1.10164,1.10162,1250000,1000000
2017-08-17 12:36:20.103000,1.10165,1.10162,1000000,3000000
2017-08-17 12:36:20.804000,1.10164,1.10162,1000000,1120000
2017-08-17 12:36:21.367000,1.10164,1.10161,1000000,2810000
2017-08-17 12:36:21.530000,1.10161,1.10158,1000000,6560000
2017-08-17 12:36:21.581000,1.1016,1.10158,6250000,1500000
2017-08-17 12:36:21.787000,1.1016,1.10156,6750000,5140000
2017-08-17 12:36:21.993000,1.1016,1.10158,1000000,1000000
2017-08-17 12:36:22.680000,1.1016,1.10159,1000000,1000000
2017-08-17 12:36:23.192000,1.10161,1.10159,1000000,1370000
2017-08-17 12:36:24.136000,1.10163,1.10161,1250000,1500000
2017-08-17 12:36:24.240000,1.10164,1.10163,1250000,1120000
2017-08-17 12:36:24.752000,1.10165,1.10163,1000000,1120000
2017-08-17 12:36:24.902000,1.10167,1.10165,1120000,1000000
2017-08-17 12:36:24.954000,1.10173,1.1017,7390000,6940000
2017-08-17 12:36:26.042000,1.10171,1.10169,1000000,1000000
2017-08-17 12:36:26.554000,1.1017,1.10168,1000000,1870000
2017-08-17 12:36:27.091000,1.1017,1.10168,1000000,1500000
2017-08-17 12:36:28.369000,1.1017,1.10168,1000000,2250000
2017-08-17 12:36:28.944000,1.10171,1.10169,1000000,1500000
2017-08-17 12:36:29.469000,1.10172,1.10169,1000000,1870000
2017-08-17 12:36:30.282000,1.10171,1.10169,1000000,1120000
2017-08-17 12:36:30.812000,1.1017,1.10168,1000000,2060000
2017-08-17 12:36:31.453000,1.1017,1.10168,1000000,1120000
2017-08-17 12:36:31.979000,1.10169,1.10168,1000000,1000000
2017-08-17 12:36:32.549000,1.10169,1.10167,1000000,1000000
2017-08-17 12:36:32.977000,1.10173,1.10171,3370000,1370000
2017-08-17 12:36:34.543000,1.10173,1.10171,1000000,1500000
2017-08-17 12:36:34.854000,1.10172,1.10169,1000000,4690000
2017-08-17 12:36:35.671000,1.10172,1.10171,1000000,1500000
2017-08-17 12:36:35.723000,1.10175,1.10172,1560000,1500000
2017-08-17 12:36:36.234000,1.10175,1.10173,1000000,1500000
2017-08-17 12:36:36.955000,1.10176,1.10173,1000000,3370000
2017-08-17 12:36:37.170000,1.10178,1.10176,1310000,2250000
2017-08-17 12:36:37.683000,1.1018,1.10177,5440000,1000000
2017-08-17 12:36:38.224000,1.1018,1.10177,1000000,1870000
2017-08-17 12:36:38.632000,1.10178,1.10176,1000000,1120000
2017-08-17 12:36:38.993000,1.10184,1.1018,2510000,1500000
2017-08-17 12:36:39.299000,1.10181,1.10178,1000000,5060000
2017-08-17 12:36:39.504000,1.10179,1.10176,2250000,7390000
2017-08-17 12:36:40.059000,1.10179,1.10176,1000000,4570000
2017-08-17 12:36:40.367000,1.10179,1.10176,1000000,5700000
2017-08-17 12:36:41.708000,1.1018,1.10177,1000000,2620000
2017-08-17 12:36:42.218000,1.10179,1.10177,1000000,1690000
2017-08-17 12:36:43.102000,1.10179,1.10177,1000000,2250000
2017-08-17 12:36:43.550000,1.1018,1.10176,4310000,3000000
2017-08-17 12:36:43.917000,1.10176,1.10174,1000000,1390000
2017-08-17 12:36:44.121000,1.10175,1.10173,1120000,1250000
2017-08-17 12:36:44.632000,1.10175,1.10172,1120000,1000000
2017-08-17 12:36:45.138000,1.10175,1.10173,1120000,1000000
2017-08-17 12:36:47.460000,1.10176,1.10173,1250000,1000000
2017-08-17 12:36:47.994000,1.10177,1.10174,2060000,1000000
2017-08-17 12:36:49.244000,1.10177,1.10173,2440000,1870000
2017-08-17 12:36:49.608000,1.10174,1.10171,1000000,4690000
2017-08-17 12:36:49.761000,1.10174,1.1017,5810000,1500000
2017-08-17 12:36:50.272000,1.10174,1.1017,5810000,1500000
2017-08-17 12:36:50.575000,1.10175,1.10172,1190000,1500000
2017-08-17 12:36:51.085000,1.10175,1.10171,2060000,1500000
2017-08-17 12:36:51.581000,1.10173,1.10171,1000000,2620000
2017-08-17 12:36:54.598000,1.10173,1.10171,1000000,1120000
2017-08-17 12:36:55.209000,1.10173,1.10172,1000000,1000000
2017-08-17 12:36:55.261000,1.10175,1.10172,1000000,3970000
2017-08-17 12:36:55.416000,1.10179,1.10175,5060000,1500000
2017-08-17 12:36:55.572000,1.10178,1.10176,1000000,2620000
2017-08-17 12:36:56.141000,1.10179,1.10177,1000000,1500000
2017-08-17 12:36:56.608000,1.10177,1.10175,1000000,2060000
2017-08-17 12:36:58.881000,1.10178,1.10176,1000000,1000000
2017-08-17 12:36:59.422000,1.10179,1.10177,1000000,1000000
2017-08-17 12:36:59.946000,1.10179,1.10177,1000000,1870000
2017-08-17 12:37:00.479000,1.1018,1.10177,1120000,2620000
2017-08-17 12:37:01.076000,1.10181,1.10177,1870000,3940000
2017-08-17 12:37:05.601000,1.10182,1.10178,2060000,3000000
2017-08-17 12:37:06.194000,1.10183,1.10179,2250000,3940000
2017-08-17 12:37:06.611000,1.10184,1.10181,1690000,1500000
2017-08-17 12:37:06.919000,1.10187,1.10184,2440000,1000000
2017-08-17 12:37:06.970000,1.10187,1.10184,1690000,1000000
2017-08-17 12:37:07.563000,1.10186,1.10183,4120000,1500000
2017-08-17 12:37:08.073000,1.10185,1.10182,3560000,2250000
2017-08-17 12:37:08.175000,1.10185,1.10181,5060000,1120000
2017-08-17 12:37:08.688000,1.10184,1.1018,3190000,1120000
2017-08-17 12:37:10.597000,1.10183,1.10179,1690000,2620000
2017-08-17 12:37:10.951000,1.10183,1.10179,5440000,2620000
2017-08-17 12:37:11.259000,1.10178,1.10175,1500000,1310000
2017-08-17 12:37:11.982000,1.10179,1.10176,1500000,1000000
2017-08-17 12:37:12.488000,1.1018,1.10177,1500000,1000000
2017-08-17 12:37:13.131000,1.1018,1.10176,1870000,4390000
2017-08-17 12:37:13.235000,1.10179,1.10176,2620000,1250000
2017-08-17 12:37:13.842000,1.10176,1.10174,1370000,1250000
2017-08-17 12:37:13.894000,1.10174,1.10171,9000000,1100000
2017-08-17 12:37:14.422000,1.10174,1.1017,5320000,2060000
2017-08-17 12:37:14.938000,1.10173,1.1017,1000000,1690000
2017-08-17 12:37:15.459000,1.10173,1.10171,1250000,1120000
2017-08-17 12:37:16.004000,1.10174,1.1017,1120000,3940000
2017-08-17 12:37:18.350000,1.10177,1.10174,5210000,1000000
2017-08-17 12:37:18.869000,1.10177,1.10175,1120000,1500000
2017-08-17 12:37:19.860000,1.1018,1.10177,1760000,1120000
2017-08-17 12:37:20.271000,1.10181,1.10179,1120000,1000000
2017-08-17 12:37:21.002000,1.10181,1.10178,1000000,1120000
2017-08-17 12:37:21.972000,1.10181,1.10178,1000000,1370000
2017-08-17 12:37:22.283000,1.1018,1.10178,2120000,1120000
2017-08-17 12:37:22.335000,1.10179,1.10177,1000000,1000000
2017-08-17 12:37:22.917000,1.1018,1.10177,2140000,1000000
2017-08-17 12:37:23.429000,1.1018,1.10177,1000000,2620000
2017-08-17 12:37:23.956000,1.10181,1.10178,1250000,1000000
2017-08-17 12:37:25.205000,1.10182,1.10178,2440000,1870000
2017-08-17 12:37:27.804000,1.10181,1.10179,1000000,1000000
2017-08-17 12:37:27.958000,1.10181,1.10177,4760000,1870000
2017-08-17 12:37:28.009000,1.10178,1.10176,1000000,1120000
2017-08-17 12:37:28.266000,1.10176,1.10173,1000000,2440000
2017-08-17 12:37:28.999000,1.10173,1.10171,1000000,2810000
2017-08-17 12:37:29.153000,1.10172,1.10169,1000000,2810000
2017-08-17 12:37:29.671000,1.10173,1.1017,1120000,1000000
2017-08-17 12:37:30.490000,1.10173,1.10169,2620000,1250000
2017-08-17 12:37:31.145000,1.10173,1.10169,2060000,1500000
2017-08-17 12:37:33.936000,1.10173,1.1017,2810000,4720000
2017-08-17 12:37:33.989000,1.10173,1.10172,2060000,1120000
2017-08-17 12:37:34.041000,1.10176,1.10173,1570000,2250000
2017-08-17 12:37:34.198000,1.10177,1.10175,1120000,4120000
2017-08-17 12:37:34.515000,1.10179,1.10177,3260000,1500000
2017-08-17 12:37:35.030000,1.10183,1.10179,4690000,1870000
2017-08-17 12:37:35.133000,1.10183,1.10179,4690000,1870000
2017-08-17 12:37:35.640000,1.10183,1.1018,3940000,1000000
2017-08-17 12:37:35.819000,1.10184,1.10182,2890000,2250000
2017-08-17 12:37:35.923000,1.10186,1.10183,5060000,6750000
2017-08-17 12:37:36.331000,1.10186,1.10183,6560000,3000000
2017-08-17 12:37:36.949000,1.10186,1.10184,2250000,1000000
2017-08-17 12:37:37.521000,1.10185,1.10183,1000000,1000000
2017-08-17 12:37:38.071000,1.10186,1.10183,2890000,1000000
2017-08-17 12:37:38.123000,1.10185,1.10182,2320000,1500000
2017-08-17 12:37:39.286000,1.10184,1.10182,1000000,1000000
2017-08-17 12:37:39.809000,1.10185,1.10182,3820000,1000000
2017-08-17 12:37:40.409000,1.10184,1.10182,1250000,1000000
2017-08-17 12:37:41.280000,1.10184,1.10181,1690000,1500000
2017-08-17 12:37:44.512000,1.10186,1.10182,8140000,2250000
2017-08-17 12:37:44.563000,1.10186,1.10182,1460000,2250000
2017-08-17 12:37:45.073000,1.10186,1.10182,1690000,2620000
2017-08-17 12:37:46.965000,1.10186,1.10182,2060000,2620000
2017-08-17 12:37:47.510000,1.10187,1.10183,4010000,3370000
2017-08-17 12:37:48.040000,1.10188,1.10187,1100000,1120000
2017-08-17 12:37:48.421000,1.10191,1.10187,1690000,4570000
2017-08-17 12:37:48.732000,1.10191,1.10187,1500000,3940000
2017-08-17 12:37:49.137000,1.10191,1.10187,3000000,2060000
2017-08-17 12:37:49.509000,1.10189,1.10186,1310000,1120000
2017-08-17 12:37:50.095000,1.10185,1.10183,3370000,1000000
2017-08-17 12:37:50.248000,1.10185,1.10181,4690000,1120000
2017-08-17 12:37:51.089000,1.10185,1.10181,3190000,1500000
2017-08-17 12:37:51.875000,1.10185,1.10184,2060000,1000000
2017-08-17 12:37:52.183000,1.10189,1.10185,1690000,2620000
2017-08-17 12:37:52.680000,1.1019,1.10188,1310000,1000000
2017-08-17 12:37:52.783000,1.10192,1.10189,1500000,1870000
2017-08-17 12:37:52.834000,1.10193,1.10189,2810000,2620000
2017-08-17 12:37:52.937000,1.10193,1.10189,1690000,2620000
2017-08-17 12:37:53.750000,1.10193,1.10189,2060000,2620000
2017-08-17 12:37:55.913000,1.10194,1.1019,7950000,1120000
2017-08-17 12:37:56.427000,1.10194,1.1019,1760000,3750000
2017-08-17 12:37:56.943000,1.10194,1.10192,1120000,1500000
2017-08-17 12:37:57.097000,1.10196,1.10192,1760000,2250000
2017-08-17 12:37:57.608000,1.10196,1.10192,4760000,1120000
2017-08-17 12:37:58.301000,1.10196,1.10192,4760000,1500000
2017-08-17 12:38:00.135000,1.10196,1.10192,4390000,1500000
2017-08-17 12:38:00.648000,1.10196,1.10192,2510000,1120000
2017-08-17 12:38:01.279000,1.10194,1.10191,1120000,1310000
2017-08-17 12:38:01.638000,1.10196,1.10192,4390000,2250000
2017-08-17 12:38:02.659000,1.10195,1.10192,1000000,1500000
2017-08-17 12:38:04.176000,1.10196,1.10192,2510000,2620000
2017-08-17 12:38:04.789000,1.10197,1.10195,2890000,1500000
2017-08-17 12:38:04.841000,1.10201,1.10199,3190000,1500000
2017-08-17 12:38:04.893000,1.10203,1.10201,18150000,1120000
2017-08-17 12:38:05.115000,1.10206,1.10205,3710000,1000000
2017-08-17 12:38:05.423000,1.10208,1.10205,1100000,2620000
2017-08-17 12:38:05.578000,1.10209,1.10205,2320000,2620000
2017-08-17 12:38:05.943000,1.10209,1.10205,1440000,2250000
2017-08-17 12:38:06.097000,1.1021,1.10206,5810000,2620000
2017-08-17 12:38:06.201000,1.10211,1.10208,1310000,1500000
2017-08-17 12:38:06.721000,1.1021,1.10206,2700000,2810000
2017-08-17 12:38:06.772000,1.10208,1.10206,1000000,1250000
2017-08-17 12:38:07.285000,1.10208,1.10205,1690000,1000000
2017-08-17 12:38:07.388000,1.10204,1.10203,1000000,1000000
2017-08-17 12:38:07.599000,1.10204,1.102,6940000,1500000
2017-08-17 12:38:07.960000,1.10204,1.10203,2140000,1000000
2017-08-17 12:38:08.165000,1.10207,1.10203,3190000,1870000
2017-08-17 12:38:08.690000,1.10207,1.10204,1690000,1120000
2017-08-17 12:38:09.201000,1.10208,1.10204,2060000,2250000
2017-08-17 12:38:09.459000,1.10209,1.10206,1690000,1120000
2017-08-17 12:38:09.962000,1.10209,1.10205,3370000,2810000
2017-08-17 12:38:10.509000,1.10209,1.10207,2250000,1000000
2017-08-17 12:38:10.818000,1.10215,1.10213,2060000,7870000
2017-08-17 12:38:11.379000,1.10215,1.10212,1250000,9000000
2017-08-17 12:38:12.238000,1.10216,1.10213,2890000,1000000
2017-08-17 12:38:12.643000,1.10218,1.10215,2510000,1000000
2017-08-17 12:38:12.974000,1.10221,1.10219,1000000,1120000
2017-08-17 12:38:13.282000,1.10235,1.10232,38770000,2250000
2017-08-17 12:38:13.335000,1.10238,1.10234,3000000,2620000
2017-08-17 12:38:13.439000,1.10235,1.10233,1120000,3370000
2017-08-17 12:38:13.543000,1.10237,1.10236,1870000,2250000
2017-08-17 12:38:13.909000,1.10239,1.10237,1310000,1000000
2017-08-17 12:38:14.117000,1.10238,1.10235,4690000,1500000
2017-08-17 12:38:14.169000,1.10238,1.10235,3750000,1000000
2017-08-17 12:38:14.419000,1.10239,1.10236,1370000,1500000
2017-08-17 12:38:14.522000,1.10242,1.10239,2250000,1870000
2017-08-17 12:38:14.573000,1.10241,1.10237,7800000,2620000
2017-08-17 12:38:14.884000,1.10238,1.10235,4160000,1000000
2017-08-17 12:38:15.412000,1.10238,1.10234,7800000,1500000
2017-08-17 12:38:15.935000,1.10235,1.10233,1000000,1120000
2017-08-17 12:38:16.140000,1.10239,1.10236,1000000,3000000
2017-08-17 12:38:16.952000,1.10238,1.10236,1000000,1000000
2017-08-17 12:38:17.106000,1.10237,1.10234,1000000,1500000
2017-08-17 12:38:17.655000,1.10236,1.10234,1120000,1250000
2017-08-17 12:38:18.171000,1.10238,1.10234,4570000,2060000
2017-08-17 12:38:18.718000,1.10236,1.10234,1000000,1310000
2017-08-17 12:38:19.267000,1.10238,1.10234,3000000,2060000
2017-08-17 12:38:19.818000,1.10238,1.10234,2620000,3560000
2017-08-17 12:38:21.160000,1.10238,1.10234,3370000,2440000
2017-08-17 12:38:21.467000,1.10236,1.10233,1000000,3940000
2017-08-17 12:38:22.014000,1.10235,1.10232,1500000,4310000
2017-08-17 12:38:22.273000,1.10237,1.10234,1000000,1310000
2017-08-17 12:38:22.844000,1.10237,1.10233,1000000,3560000
2017-08-17 12:38:23.792000,1.10238,1.10233,4200000,3190000
2017-08-17 12:38:24.048000,1.10233,1.10231,1500000,12260000
2017-08-17 12:38:24.338000,1.10231,1.10227,6450000,2810000
2017-08-17 12:38:24.852000,1.10231,1.10227,6450000,2440000
2017-08-17 12:38:24.955000,1.10227,1.10225,5170000,7690000
2017-08-17 12:38:25.197000,1.10226,1.10223,1500000,1690000
2017-08-17 12:38:25.252000,1.10227,1.10224,2620000,1250000
2017-08-17 12:38:26.985000,1.10228,1.10225,1100000,5440000
2017-08-17 12:38:27.107000,1.10229,1.10226,2810000,1310000
2017-08-17 12:38:27.619000,1.10229,1.10225,1120000,3190000
2017-08-17 12:38:27.722000,1.10228,1.10224,1870000,3190000
2017-08-17 12:38:28.233000,1.10227,1.10223,2250000,3190000
2017-08-17 12:38:28.755000,1.10226,1.10222,1950000,2060000
2017-08-17 12:38:29.064000,1.10228,1.10227,4500000,1000000
2017-08-17 12:38:29.116000,1.10233,1.1023,18260000,1120000
2017-08-17 12:38:29.169000,1.10235,1.10231,2700000,2620000
2017-08-17 12:38:29.513000,1.10237,1.10234,1690000,1000000
2017-08-17 12:38:29.566000,1.10235,1.10233,1120000,2120000
2017-08-17 12:38:29.872000,1.10237,1.10234,2250000,1120000
2017-08-17 12:38:30.396000,1.10237,1.10235,1000000,1250000
2017-08-17 12:38:30.748000,1.10234,1.10233,1500000,1000000
2017-08-17 12:38:31.288000,1.10234,1.10232,1000000,1250000
2017-08-17 12:38:31.817000,1.10234,1.10231,1500000,2060000
2017-08-17 12:38:32.370000,1.10233,1.10231,1120000,1250000
2017-08-17 12:38:32.891000,1.10233,1.1023,1120000,1690000
2017-08-17 12:38:33.603000,1.10234,1.10233,1870000,1000000
2017-08-17 12:38:33.758000,1.10237,1.10234,1690000,3070000
2017-08-17 12:38:34.169000,1.10236,1.10232,3750000,3940000
2017-08-17 12:38:34.680000,1.10235,1.10232,1000000,2810000
2017-08-17 12:38:34.938000,1.10233,1.1023,1000000,1250000
2017-08-17 12:38:35.651000,1.10232,1.10229,1120000,2440000
2017-08-17 12:38:36.570000,1.10231,1.10229,1000000,1690000
2017-08-17 12:38:36.880000,1.10229,1.10226,1500000,2440000
2017-08-17 12:38:37.241000,1.10231,1.10228,1500000,1000000
2017-08-17 12:38:37.927000,1.1023,1.10227,1000000,2440000
2017-08-17 12:38:38.462000,1.1023,1.10227,1000000,1870000
2017-08-17 12:38:39.036000,1.1023,1.10226,3560000,1500000
2017-08-17 12:38:39.548000,1.10229,1.10226,1310000,2250000
2017-08-17 12:38:39.754000,1.10228,1.10225,1120000,1000000
2017-08-17 12:38:40.282000,1.10228,1.10225,1120000,1370000
2017-08-17 12:38:40.487000,1.10227,1.10224,1000000,1870000
2017-08-17 12:38:41.161000,1.10227,1.10225,1120000,1000000
2017-08-17 12:38:42.430000,1.10226,1.10224,1000000,1000000
2017-08-17 12:38:42.971000,1.10227,1.10224,1120000,2250000
2017-08-17 12:38:43.493000,1.10227,1.10224,1120000,2620000
2017-08-17 12:38:44.391000,1.10227,1.10224,1120000,1870000
2017-08-17 12:38:44.597000,1.10225,1.10222,1120000,2320000
2017-08-17 12:38:44.926000,1.1022,1.10217,9000000,1000000
2017-08-17 12:38:45.336000,1.10218,1.10216,1250000,1000000
2017-08-17 12:38:45.388000,1.10217,1.10214,1000000,1950000
2017-08-17 12:38:45.490000,1.10218,1.10216,1250000,1870000
2017-08-17 12:38:46.012000,1.10219,1.10217,1120000,1000000
2017-08-17 12:38:48.949000,1.10218,1.10215,1870000,1120000
2017-08-17 12:38:49.491000,1.10219,1.10216,1690000,1120000
2017-08-17 12:38:50.519000,1.10219,1.10216,1310000,1120000
2017-08-17 12:38:55.142000,1.10217,1.10214,1690000,1200000
2017-08-17 12:38:55.654000,1.10218,1.10215,1120000,2250000
2017-08-17 12:38:56.175000,1.10218,1.10216,1310000,1000000
2017-08-17 12:38:56.782000,1.10219,1.10217,1250000,4500000
2017-08-17 12:38:57.350000,1.1022,1.10217,2440000,1000000
2017-08-17 12:38:57.864000,1.10221,1.10218,1690000,1000000
2017-08-17 12:38:58.466000,1.10221,1.10218,1000000,1000000
2017-08-17 12:38:59.987000,1.10223,1.1022,2510000,1000000
2017-08-17 12:39:00.512000,1.10225,1.10222,2060000,1000000
2017-08-17 12:39:04.202000,1.10225,1.10223,2440000,1000000
2017-08-17 12:39:04.305000,1.10224,1.10221,1000000,1000000
2017-08-17 12:39:04.357000,1.10222,1.1022,1000000,1250000
2017-08-17 12:39:04.722000,1.10221,1.10219,1000000,1000000
2017-08-17 12:39:05.244000,1.1022,1.10218,1000000,1500000
2017-08-17 12:39:05.785000,1.10219,1.10217,1000000,1500000
2017-08-17 12:39:06.396000,1.10218,1.10216,1000000,1000000
2017-08-17 12:39:06.932000,1.10218,1.10215,1250000,1000000
2017-08-17 12:39:07.443000,1.10217,1.10215,1000000,1000000
2017-08-17 12:39:13.168000,1.10218,1.10215,1250000,2620000
2017-08-17 12:39:13.721000,1.10218,1.10216,1000000,1000000
2017-08-17 12:39:16.921000,1.10219,1.10216,1310000,2620000
2017-08-17 12:39:17.431000,1.1022,1.10217,1310000,1500000
2017-08-17 12:39:18.396000,1.10222,1.10219,1690000,2620000
2017-08-17 12:39:18.702000,1.10224,1.10222,1190000,1870000
2017-08-17 12:39:19.161000,1.10226,1.10223,1690000,1500000
2017-08-17 12:39:19.412000,1.10228,1.10225,1870000,5250000
2017-08-17 12:39:19.923000,1.10228,1.10225,1500000,1120000
2017-08-17 12:39:20.431000,1.10224,1.10222,1000000,1000000
2017-08-17 12:39:20.969000,1.10223,1.1022,1120000,1870000
2017-08-17 12:39:21.461000,1.10221,1.10219,1000000,3000000
2017-08-17 12:39:21.592000,1.10221,1.10218,1870000,3260000
2017-08-17 12:39:22.105000,1.1022,1.10217,1690000,1120000
2017-08-17 12:39:22.634000,1.10219,1.10217,1000000,1000000
2017-08-17 12:39:23.149000,1.1022,1.10217,1310000,3370000
2017-08-17 12:39:23.778000,1.10222,1.10219,1120000,2250000
2017-08-17 12:39:23.976000,1.10223,1.10221,1250000,1120000
2017-08-17 12:39:24.302000,1.10226,1.10225,4690000,1120000
2017-08-17 12:39:24.405000,1.10225,1.10222,1500000,4310000
2017-08-17 12:39:24.560000,1.10223,1.10221,1120000,2060000
2017-08-17 12:39:25.088000,1.10221,1.10218,1120000,3750000
2017-08-17 12:39:25.705000,1.10219,1.10218,1000000,1000000
2017-08-17 12:39:25.809000,1.10217,1.10215,1120000,1250000
2017-08-17 12:39:25.860000,1.10215,1.10214,1000000,1500000
2017-08-17 12:39:26.077000,1.10214,1.10212,1120000,1000000
2017-08-17 12:39:26.590000,1.10215,1.10214,1000000,1000000
2017-08-17 12:39:26.744000,1.10216,1.10215,1250000,1000000
2017-08-17 12:39:27.314000,1.10216,1.10214,1370000,1500000
2017-08-17 12:39:27.417000,1.10217,1.10215,1000000,1000000
2017-08-17 12:39:27.570000,1.10217,1.10213,2620000,4120000
2017-08-17 12:39:28.082000,1.10214,1.10211,1500000,1500000
2017-08-17 12:39:28.384000,1.10213,1.1021,1870000,1500000
2017-08-17 12:39:28.895000,1.10213,1.1021,1500000,1500000
2017-08-17 12:39:31.711000,1.10212,1.1021,1000000,1120000
2017-08-17 12:39:32.374000,1.10212,1.10209,1870000,1870000
2017-08-17 12:39:32.881000,1.10212,1.10209,1870000,1120000
2017-08-17 12:39:33.393000,1.10211,1.10209,1620000,1870000
2017-08-17 12:39:33.935000,1.1021,1.10208,1000000,1500000
2017-08-17 12:39:34.550000,1.10211,1.10208,1250000,2250000
2017-08-17 12:39:35.081000,1.10211,1.10209,1250000,1000000
2017-08-17 12:39:36.474000,1.10211,1.10208,1310000,1870000
2017-08-17 12:39:37.014000,1.10211,1.10208,3190000,1120000
2017-08-17 12:39:37.529000,1.10211,1.10209,1690000,1000000
2017-08-17 12:39:38.904000,1.10211,1.10209,1250000,1120000
2017-08-17 12:39:40.381000,1.10211,1.10209,1620000,1120000
2017-08-17 12:39:40.929000,1.10211,1.1021,1250000,1000000
2017-08-17 12:39:41.185000,1.10213,1.1021,2060000,2620000
2017-08-17 12:39:41.693000,1.10213,1.10211,1250000,1000000
2017-08-17 12:39:42.542000,1.10215,1.10214,1250000,1000000
2017-08-17 12:39:43.004000,1.10218,1.10215,2440000,1000000
2017-08-17 12:39:43.531000,1.10218,1.10215,2440000,1000000
2017-08-17 12:39:43.939000,1.1022,1.10216,2440000,9000000
2017-08-17 12:39:44.239000,1.10221,1.10219,1500000,9370000
2017-08-17 12:39:44.853000,1.10221,1.10218,1120000,2620000
2017-08-17 12:39:44.957000,1.1022,1.10216,2250000,2810000
2017-08-17 12:39:45.489000,1.10218,1.10216,1000000,1500000
2017-08-17 12:39:45.808000,1.10217,1.10214,1500000,1250000
2017-08-17 12:39:45.912000,1.10217,1.10214,2250000,1250000
2017-08-17 12:39:46.328000,1.10215,1.10212,1370000,2440000
2017-08-17 12:39:46.851000,1.10215,1.10212,1000000,2440000
2017-08-17 12:39:47.422000,1.10215,1.10212,1370000,2250000
2017-08-17 12:39:48.532000,1.10215,1.10214,1000000,1250000
2017-08-17 12:39:49.037000,1.10217,1.10214,1870000,1690000
2017-08-17 12:39:49.243000,1.10217,1.10214,1870000,1690000
2017-08-17 12:39:49.875000,1.10217,1.10214,1370000,2440000
2017-08-17 12:39:50.389000,1.10217,1.10213,3370000,4310000
2017-08-17 12:39:50.546000,1.10215,1.10211,1870000,5440000
2017-08-17 12:39:50.869000,1.10214,1.10211,4120000,1000000
2017-08-17 12:39:51.075000,1.10213,1.1021,1750000,1000000
2017-08-17 12:39:51.588000,1.10211,1.10208,1370000,2440000
2017-08-17 12:39:52.356000,1.10211,1.10208,1370000,1870000
2017-08-17 12:39:53.878000,1.10208,1.10206,1870000,2140000
2017-08-17 12:39:54.134000,1.10207,1.10204,1500000,1250000
2017-08-17 12:39:54.641000,1.10207,1.10204,1750000,1000000
2017-08-17 12:39:55.147000,1.10207,1.10203,2250000,2440000
2017-08-17 12:39:56.183000,1.10206,1.10203,1000000,3560000
2017-08-17 12:39:56.779000,1.10207,1.10203,2250000,3940000
2017-08-17 12:39:59.277000,1.10209,1.10207,17250000,1120000
2017-08-17 12:39:59.504000,1.10211,1.10209,1500000,2620000
2017-08-17 12:40:00.014000,1.10212,1.1021,3000000,1000000
2017-08-17 12:40:00.599000,1.10212,1.10209,3000000,2620000
2017-08-17 12:40:04.300000,1.10211,1.10209,1500000,1250000
2017-08-17 12:40:06.245000,1.10211,1.10209,1120000,2440000
2017-08-17 12:40:06.871000,1.10212,1.10209,1370000,3940000
2017-08-17 12:40:07.127000,1.10213,1.1021,1120000,5440000
2017-08-17 12:40:07.741000,1.10214,1.10212,2250000,1000000
2017-08-17 12:40:09.626000,1.10216,1.10214,1570000,1000000
2017-08-17 12:40:09.678000,1.10218,1.10215,1870000,1690000
2017-08-17 12:40:09.730000,1.10219,1.10216,1870000,1870000
2017-08-17 12:40:09.833000,1.1022,1.10217,1500000,2250000
2017-08-17 12:40:10.092000,1.10225,1.10221,4390000,1870000
2017-08-17 12:40:10.195000,1.10225,1.10222,1870000,1500000
2017-08-17 12:40:10.666000,1.10227,1.10226,1010000,1000000
2017-08-17 12:40:10.718000,1.10229,1.10227,3190000,1000000
2017-08-17 12:40:11.276000,1.1023,1.10227,3370000,1000000
2017-08-17 12:40:12.722000,1.1023,1.10227,1500000,2440000
2017-08-17 12:40:14.473000,1.10228,1.10225,2620000,4010000
2017-08-17 12:40:14.782000,1.10226,1.10224,1500000,1690000
2017-08-17 12:40:15.308000,1.10225,1.10223,1870000,2620000
2017-08-17 12:40:17.756000,1.10225,1.10223,1120000,1500000
2017-08-17 12:40:17.911000,1.10234,1.10232,3750000,1120000
2017-08-17 12:40:17.964000,1.10236,1.10233,1950000,1870000
2017-08-17 12:40:18.118000,1.10237,1.10235,4800000,1000000
2017-08-17 12:40:18.563000,1.10234,1.10233,1120000,1500000
2017-08-17 12:40:18.872000,1.10231,1.10229,1000000,2440000
2017-08-17 12:40:20.545000,1.10231,1.10229,1000000,1310000
2017-08-17 12:40:21.557000,1.1023,1.10228,1000000,2440000
2017-08-17 12:40:24.038000,1.1023,1.10228,1500000,1690000
2017-08-17 12:40:24.695000,1.10228,1.10227,1500000,2060000
2017-08-17 12:40:24.798000,1.10227,1.10224,1500000,2060000
2017-08-17 12:40:25.319000,1.10227,1.10224,1870000,2060000
2017-08-17 12:40:25.770000,1.10227,1.10224,2250000,2060000
2017-08-17 12:40:27.969000,1.10228,1.10226,1370000,1000000
2017-08-17 12:40:28.026000,1.10231,1.10228,2620000,1000000
2017-08-17 12:40:28.080000,1.10234,1.10231,25570000,3560000
2017-08-17 12:40:28.593000,1.10235,1.10232,3000000,2000000
2017-08-17 12:40:28.879000,1.1024,1.10237,1570000,1690000
2017-08-17 12:40:28.982000,1.10238,1.10237,1000000,1500000
2017-08-17 12:40:29.135000,1.1024,1.10237,1500000,2620000
2017-08-17 12:40:29.443000,1.10241,1.10238,1500000,5250000
2017-08-17 12:40:29.494000,1.10239,1.10237,1000000,2440000
2017-08-17 12:40:29.745000,1.10241,1.10238,3670000,2440000
2017-08-17 12:40:30.154000,1.10242,1.1024,1200000,1250000
2017-08-17 12:40:30.309000,1.10244,1.10242,1570000,1000000
2017-08-17 12:40:30.817000,1.10248,1.10246,1500000,3370000
2017-08-17 12:40:30.921000,1.1025,1.10247,2700000,3370000
2017-08-17 12:40:30.973000,1.10252,1.1025,1870000,3560000
2017-08-17 12:40:31.079000,1.10254,1.10253,3000000,2250000
2017-08-17 12:40:31.131000,1.10255,1.10254,1200000,1500000
2017-08-17 12:40:31.285000,1.10255,1.10252,1500000,2250000
2017-08-17 12:40:31.822000,1.10254,1.10253,1000000,1500000
2017-08-17 12:40:31.978000,1.10253,1.1025,1120000,2140000
2017-08-17 12:40:32.080000,1.10249,1.10248,1000000,1000000
2017-08-17 12:40:32.632000,1.10249,1.10247,1120000,1690000
2017-08-17 12:40:33.354000,1.10249,1.10247,1500000,1690000
2017-08-17 12:40:33.662000,1.10246,1.10244,1000000,1690000
2017-08-17 12:40:34.020000,1.10248,1.10247,1000000,1250000
2017-08-17 12:40:34.557000,1.10249,1.10247,1870000,1500000
2017-08-17 12:40:34.967000,1.10246,1.10245,1120000,1690000
2017-08-17 12:40:35.172000,1.10241,1.1024,1000000,1690000
2017-08-17 12:40:35.530000,1.10239,1.10237,1000000,4570000
2017-08-17 12:40:35.840000,1.10236,1.10235,1120000,1250000
2017-08-17 12:40:35.996000,1.10236,1.10234,1120000,1310000
2017-08-17 12:40:36.401000,1.10237,1.10234,3750000,2440000
2017-08-17 12:40:36.918000,1.10236,1.10234,1500000,1690000
2017-08-17 12:40:37.636000,1.10236,1.10234,1370000,2440000
2017-08-17 12:40:37.792000,1.10238,1.10235,1370000,2620000
2017-08-17 12:40:38.412000,1.10239,1.10238,1000000,2250000
2017-08-17 12:40:38.570000,1.10241,1.10239,1000000,3750000
2017-08-17 12:40:39.032000,1.10245,1.10243,1500000,1870000
2017-08-17 12:40:39.381000,1.10247,1.10244,1000000,4690000
2017-08-17 12:40:39.689000,1.10248,1.10245,1500000,5250000
2017-08-17 12:40:40.128000,1.1025,1.10247,1500000,1120000
2017-08-17 12:40:40.449000,1.10255,1.10253,2810000,1120000
2017-08-17 12:40:40.552000,1.10256,1.10254,1120000,1370000
2017-08-17 12:40:40.762000,1.1026,1.10256,7120000,4500000
2017-08-17 12:40:40.932000,1.1026,1.10256,1870000,5250000
2017-08-17 12:40:41.039000,1.1026,1.10256,2250000,6000000
2017-08-17 12:40:41.400000,1.10257,1.10255,3750000,2810000
2017-08-17 12:40:41.503000,1.10257,1.10254,5620000,1250000
2017-08-17 12:40:42.017000,1.10255,1.10253,1120000,1250000
2017-08-17 12:40:42.531000,1.10255,1.10251,1500000,3560000
2017-08-17 12:40:43.046000,1.10254,1.10251,3370000,1690000
2017-08-17 12:40:43.562000,1.10253,1.1025,2620000,1000000
2017-08-17 12:40:43.819000,1.10249,1.10248,1000000,5140000
2017-08-17 12:40:43.922000,1.10249,1.10245,10110000,2810000
2017-08-17 12:40:44.076000,1.10249,1.10245,19870001,1690000
2017-08-17 12:40:44.862000,1.10247,1.10245,1500000,1690000
2017-08-17 12:40:45.213000,1.10245,1.10243,2500000,1500000
2017-08-17 12:40:45.265000,1.10243,1.1024,3600000,2810000
2017-08-17 12:40:45.526000,1.10243,1.10242,1500000,1250000
2017-08-17 12:40:45.731000,1.10244,1.10241,2250000,1310000
2017-08-17 12:40:46.474000,1.10243,1.1024,1000000,3940000
2017-08-17 12:40:46.577000,1.10244,1.10243,1500000,1690000
2017-08-17 12:40:46.680000,1.10247,1.10245,1100000,1120000
2017-08-17 12:40:47.192000,1.10248,1.10245,1500000,5060000
2017-08-17 12:40:47.595000,1.10252,1.1025,10390000,1000000
2017-08-17 12:40:47.648000,1.10255,1.10252,22010000,1120000
2017-08-17 12:40:47.803000,1.10255,1.10253,1690000,1500000
2017-08-17 12:40:48.114000,1.10258,1.10256,9070000,1000000
2017-08-17 12:40:48.321000,1.1026,1.10257,3190000,1120000
2017-08-17 12:40:48.782000,1.1026,1.10259,1690000,1500000
2017-08-17 12:40:48.884000,1.10264,1.10263,1310000,1000000
2017-08-17 12:40:49.230000,1.10263,1.1026,1720000,1310000
2017-08-17 12:40:49.333000,1.10262,1.10259,2620000,1000000
2017-08-17 12:40:49.642000,1.10261,1.10257,1500000,2060000
2017-08-17 12:40:50.160000,1.10261,1.10257,1870000,2440000
2017-08-17 12:40:50.529000,1.10259,1.10258,1000000,1250000
2017-08-17 12:40:51.353000,1.10258,1.10256,1500000,2630000
2017-08-17 12:40:51.559000,1.10253,1.1025,1120000,2810000
2017-08-17 12:40:52.484000,1.10252,1.1025,1120000,3190000
2017-08-17 12:40:52.539000,1.1025,1.10249,1000000,1250000
2017-08-17 12:40:52.593000,1.10248,1.10247,1000000,1120000
2017-08-17 12:40:52.800000,1.10252,1.10249,3190000,3750000
2017-08-17 12:40:52.852000,1.10252,1.10249,2440000,9000000
2017-08-17 12:40:52.904000,1.10252,1.1025,1250000,7500000
2017-08-17 12:40:53.220000,1.10261,1.10257,1000000,1750000
2017-08-17 12:40:53.427000,1.10262,1.10259,11700000,1120000
2017-08-17 12:40:54.251000,1.10261,1.10259,2250000,4120000
2017-08-17 12:40:54.407000,1.10261,1.1026,1000000,1000000
2017-08-17 12:40:55.650000,1.10261,1.10259,1000000,1370000
2017-08-17 12:40:56.734000,1.1026,1.10259,1000000,1500000
2017-08-17 12:40:57.630000,1.1026,1.10257,1120000,3560000
2017-08-17 12:40:57.938000,1.10259,1.10256,2250000,1870000
2017-08-17 12:40:58.525000,1.1026,1.10257,1370000,2060000
2017-08-17 12:40:59.037000,1.1026,1.10258,1120000,1250000
2017-08-17 12:40:59.822000,1.10259,1.10256,1120000,6520000
2017-08-17 12:41:00.656000,1.1026,1.10257,1120000,1310000
2017-08-17 12:41:00.760000,1.10258,1.10256,1000000,4650000
2017-08-17 12:41:01.122000,1.10254,1.10251,1000000,5620000
2017-08-17 12:41:01.225000,1.10254,1.10252,2250000,1190000
2017-08-17 12:41:01.482000,1.10258,1.10256,1100000,1000000
2017-08-17 12:41:01.637000,1.10261,1.10257,2810000,3750000
2017-08-17 12:41:02.045000,1.1026,1.10258,1120000,4120000
2017-08-17 12:41:02.637000,1.1026,1.10257,1500000,2810000
2017-08-17 12:41:02.690000,1.10262,1.1026,1000000,1500000
2017-08-17 12:41:02.898000,1.10259,1.10257,1870000,1000000
2017-08-17 12:41:03.103000,1.1026,1.10259,1120000,1000000
2017-08-17 12:41:03.154000,1.10265,1.10262,2620000,3370000
2017-08-17 12:41:03.256000,1.10266,1.10264,1120000,1310000
2017-08-17 12:41:03.768000,1.10268,1.10265,1870000,1500000
2017-08-17 12:41:04.142000,1.10265,1.10262,2250000,1310000
2017-08-17 12:41:04.656000,1.10263,1.10261,1500000,1690000
2017-08-17 12:41:04.759000,1.10263,1.1026,3370000,1250000
2017-08-17 12:41:05.222000,1.10261,1.10257,3370000,3560000
2017-08-17 12:41:05.736000,1.10262,1.10258,2250000,2810000
2017-08-17 12:41:06.269000,1.10261,1.10257,2620000,4690000
2017-08-17 12:41:06.680000,1.10263,1.10261,2320000,1500000
2017-08-17 12:41:06.784000,1.10264,1.10262,1000000,1310000
2017-08-17 12:41:07.043000,1.10266,1.10262,4120000,3560000
2017-08-17 12:41:07.300000,1.10267,1.10263,2620000,6000000
2017-08-17 12:41:07.812000,1.10267,1.10264,1120000,1690000
2017-08-17 12:41:08.344000,1.10268,1.10266,1000000,2440000
2017-08-17 12:41:08.603000,1.10267,1.10264,1870000,1310000
2017-08-17 12:41:08.964000,1.10263,1.10261,1870000,1120000
2017-08-17 12:41:09.514000,1.10262,1.10259,1870000,1310000
2017-08-17 12:41:10.191000,1.10262,1.10258,3000000,2810000
2017-08-17 12:41:10.395000,1.10262,1.10258,3000000,1690000
2017-08-17 12:41:11.399000,1.10261,1.10257,1370000,5440000
2017-08-17 12:41:11.931000,1.10261,1.10257,1870000,4690000
2017-08-17 12:41:13.905000,1.10259,1.10255,3000000,5810000
2017-08-17 12:41:14.266000,1.10257,1.10254,1870000,2440000
2017-08-17 12:41:14.770000,1.10257,1.10254,1870000,2440000
2017-08-17 12:41:15.282000,1.10259,1.10256,1120000,1310000
2017-08-17 12:41:15.436000,1.10259,1.10257,1370000,1500000
2017-08-17 12:41:15.590000,1.10257,1.10255,2620000,1250000
2017-08-17 12:41:15.901000,1.10253,1.1025,6750000,1310000
2017-08-17 12:41:16.210000,1.10255,1.10251,2620000,2810000
2017-08-17 12:41:16.732000,1.10254,1.10251,1370000,3190000
2017-08-17 12:41:16.989000,1.10255,1.10251,1500000,4310000
2017-08-17 12:41:17.500000,1.10254,1.10252,1870000,1310000
2017-08-17 12:41:18.167000,1.10254,1.10252,1500000,1000000
2017-08-17 12:41:18.551000,1.10252,1.10251,1000000,1690000
2017-08-17 12:41:18.602000,1.10251,1.1025,1500000,1250000
2017-08-17 12:41:18.727000,1.10251,1.10248,6000000,1250000
2017-08-17 12:41:19.266000,1.10248,1.10246,1870000,1000000
2017-08-17 12:41:20.061000,1.10249,1.10247,1370000,1000000
2017-08-17 12:41:20.269000,1.10249,1.10247,1000000,1000000
2017-08-17 12:41:20.476000,1.10252,1.10251,10120000,1000000
2017-08-17 12:41:21,1.10254,1.1025,2250000,1500000
2017-08-17 12:41:21.337000,1.10254,1.10252,1500000,1250000
2017-08-17 12:41:21.861000,1.10256,1.10253,3370000,1000000
2017-08-17 12:41:24.071000,1.10254,1.10252,1500000,1000000
2017-08-17 12:41:24.962000,1.10255,1.10252,1500000,1250000
2017-08-17 12:41:25.474000,1.10254,1.10252,1000000,1310000
2017-08-17 12:41:26.416000,1.10254,1.1025,2250000,2810000
2017-08-17 12:41:26.928000,1.10255,1.10252,3450000,1250000
2017-08-17 12:41:27.518000,1.10254,1.10252,2250000,1250000
2017-08-17 12:41:28.095000,1.10256,1.10252,3820000,1690000
2017-08-17 12:41:28.147000,1.10255,1.10253,1000000,1120000
2017-08-17 12:41:28.815000,1.10255,1.10253,1870000,1000000
2017-08-17 12:41:29.225000,1.10253,1.10251,1870000,1250000
2017-08-17 12:41:29.379000,1.10253,1.1025,2250000,1310000
2017-08-17 12:41:30.389000,1.10251,1.10248,1870000,1120000
2017-08-17 12:41:30.903000,1.10251,1.10248,2620000,1000000
2017-08-17 12:41:31.435000,1.10249,1.10247,1120000,1310000
2017-08-17 12:41:31.796000,1.10248,1.10246,2250000,1000000
2017-08-17 12:41:32.337000,1.10247,1.10245,2250000,1000000
2017-08-17 12:41:33.124000,1.10246,1.10244,1000000,1000000
2017-08-17 12:41:34.392000,1.10246,1.10245,1000000,1000000
2017-08-17 12:41:34.910000,1.10247,1.10245,1870000,1000000
2017-08-17 12:41:35.114000,1.10246,1.10243,3750000,1690000
2017-08-17 12:41:35.420000,1.10248,1.10245,8510000,1000000
2017-08-17 12:41:35.574000,1.10249,1.10246,1500000,3000000
2017-08-17 12:41:35.718000,1.1025,1.10246,1500000,3190000
2017-08-17 12:41:35.770000,1.1025,1.10247,1870000,1120000
2017-08-17 12:41:37.132000,1.1025,1.10247,3750000,1000000
2017-08-17 12:41:37.744000,1.1025,1.10247,2250000,1000000
2017-08-17 12:41:38.257000,1.1025,1.10248,1000000,1000000
2017-08-17 12:41:38.763000,1.10251,1.10248,2250000,1000000
2017-08-17 12:41:39.265000,1.10252,1.1025,2060000,1120000
2017-08-17 12:41:39.523000,1.10254,1.10252,1250000,1120000
2017-08-17 12:41:39.575000,1.10254,1.10251,1620000,1870000
2017-08-17 12:41:39.781000,1.10254,1.10252,1250000,1120000
2017-08-17 12:41:40.783000,1.10255,1.10253,2060000,1000000
2017-08-17 12:41:41.292000,1.10256,1.10253,2060000,1120000
2017-08-17 12:41:41.827000,1.10256,1.10254,1690000,1000000
2017-08-17 12:41:42.371000,1.10256,1.10253,1690000,1500000
2017-08-17 12:41:44,1.10256,1.10254,1870000,1000000
2017-08-17 12:41:44.052000,1.10257,1.10255,2440000,1000000
2017-08-17 12:41:44.207000,1.10259,1.10256,2060000,1000000
2017-08-17 12:41:44.657000,1.10261,1.10257,4690000,1870000
2017-08-17 12:41:44.968000,1.10258,1.10255,3000000,1100000
2017-08-17 12:41:45.275000,1.10256,1.10253,2250000,1690000
2017-08-17 12:41:45.867000,1.10255,1.10251,2440000,1120000
2017-08-17 12:41:45.918000,1.10252,1.1025,1000000,1200000
2017-08-17 12:41:46.429000,1.10252,1.10249,4120000,1000000
2017-08-17 12:41:48.634000,1.10252,1.10251,3560000,1000000
2017-08-17 12:41:48.892000,1.10256,1.10253,2060000,2250000
2017-08-17 12:41:49.046000,1.10256,1.10254,1310000,1000000
2017-08-17 12:41:49.242000,1.10259,1.10255,4760000,2250000
2017-08-17 12:41:49.601000,1.10259,1.10257,1470000,1120000
2017-08-17 12:41:49.704000,1.10261,1.10257,6190000,1870000
2017-08-17 12:41:50.014000,1.10259,1.10257,1310000,1120000
2017-08-17 12:41:50.735000,1.10257,1.10255,1000000,1000000
2017-08-17 12:41:51.757000,1.10257,1.10254,2060000,1120000
2017-08-17 12:41:52.724000,1.10257,1.10255,1120000,3000000
2017-08-17 12:41:52.776000,1.10258,1.10257,1000000,1000000
2017-08-17 12:41:52.828000,1.1026,1.10257,3560000,1870000
2017-08-17 12:41:53.364000,1.1026,1.10257,2810000,1120000
2017-08-17 12:41:53.875000,1.10261,1.10258,2440000,1000000
2017-08-17 12:41:54.407000,1.10261,1.10257,3190000,2250000
2017-08-17 12:41:54.928000,1.10261,1.10258,1690000,1120000
2017-08-17 12:41:55.507000,1.10261,1.10258,1310000,1000000
2017-08-17 12:41:56.119000,1.10261,1.10258,1310000,1000000
2017-08-17 12:41:56.622000,1.10261,1.10257,1310000,2620000
2017-08-17 12:41:59.227000,1.10259,1.10256,1000000,2250000
2017-08-17 12:41:59.737000,1.10259,1.10256,3370000,1000000
2017-08-17 12:42:00.276000,1.1026,1.10257,1690000,1500000
2017-08-17 12:42:00.803000,1.1026,1.10257,1310000,1120000
2017-08-17 12:42:01.364000,1.10261,1.10258,2810000,1000000
2017-08-17 12:42:01.878000,1.10259,1.10257,1000000,1500000
2017-08-17 12:42:03.739000,1.10258,1.10256,1000000,1870000
2017-08-17 12:42:03.843000,1.10257,1.10255,1000000,1120000
2017-08-17 12:42:03.996000,1.10255,1.10253,1000000,1690000
2017-08-17 12:42:04.150000,1.10254,1.10252,1000000,1310000
2017-08-17 12:42:04.657000,1.10253,1.10252,1000000,1120000
2017-08-17 12:42:05.096000,1.10252,1.1025,1000000,1870000
2017-08-17 12:42:05.514000,1.1025,1.10248,1000000,1120000
2017-08-17 12:42:05.566000,1.10249,1.10247,1000000,1000000
2017-08-17 12:42:06.628000,1.10249,1.10246,1000000,3370000
2017-08-17 12:42:07.148000,1.10248,1.10246,1000000,1000000
2017-08-17 12:42:07.661000,1.10248,1.10247,1000000,1870000
2017-08-17 12:42:08.747000,1.10248,1.10245,1000000,1870000
2017-08-17 12:42:09.161000,1.10248,1.10246,1000000,2250000
2017-08-17 12:42:10.155000,1.10249,1.10246,1120000,1120000
2017-08-17 12:42:10.872000,1.1025,1.10247,1310000,2250000
2017-08-17 12:42:11.386000,1.10251,1.10249,1190000,2250000
2017-08-17 12:42:11.437000,1.10252,1.1025,1010000,1120000
2017-08-17 12:42:11.969000,1.10253,1.10251,1120000,1120000
2017-08-17 12:42:12.846000,1.10254,1.10251,1000000,2440000
2017-08-17 12:42:13.377000,1.10254,1.10251,1000000,2620000
2017-08-17 12:42:13.927000,1.10254,1.10251,1000000,1500000
2017-08-17 12:42:14.434000,1.10253,1.10251,1000000,1000000
2017-08-17 12:42:14.587000,1.10251,1.1025,1120000,1120000
2017-08-17 12:42:14.741000,1.10249,1.10247,1000000,1310000
2017-08-17 12:42:15.151000,1.1025,1.10249,1310000,3000000
2017-08-17 12:42:15.306000,1.10253,1.10251,1250000,3940000
2017-08-17 12:42:15.566000,1.10252,1.10249,2250000,1120000
2017-08-17 12:42:16.113000,1.10251,1.10248,1500000,1000000
2017-08-17 12:42:16.369000,1.10254,1.1025,1500000,2250000
2017-08-17 12:42:16.903000,1.10255,1.1025,3560000,4500000
2017-08-17 12:42:17.743000,1.10253,1.1025,1000000,2250000
2017-08-17 12:42:18.260000,1.10253,1.1025,1000000,3000000
2017-08-17 12:42:22.485000,1.10253,1.1025,1000000,4500000
2017-08-17 12:42:22.995000,1.10253,1.1025,1250000,2250000
2017-08-17 12:42:23.047000,1.10249,1.10248,1000000,1000000
2017-08-17 12:42:23.098000,1.10249,1.10246,1000000,1690000
2017-08-17 12:42:23.151000,1.1025,1.10249,1120000,2250000
2017-08-17 12:42:23.254000,1.10252,1.1025,1500000,1000000
2017-08-17 12:42:23.906000,1.10253,1.1025,1500000,2620000
2017-08-17 12:42:24.758000,1.10253,1.10251,1120000,1000000
2017-08-17 12:42:25.477000,1.10253,1.1025,3190000,1120000
2017-08-17 12:42:25.582000,1.1025,1.10248,1120000,2250000
2017-08-17 12:42:25.688000,1.10249,1.10246,1120000,3940000
2017-08-17 12:42:26.534000,1.10248,1.10246,1000000,1120000
2017-08-17 12:42:27.080000,1.1025,1.10246,2810000,2620000
2017-08-17 12:42:27.585000,1.1025,1.10247,2810000,1000000
2017-08-17 12:42:28.681000,1.1025,1.10248,2060000,1000000
2017-08-17 12:42:28.785000,1.1025,1.10246,2810000,2620000
2017-08-17 12:42:29.079000,1.1025,1.10248,2060000,1000000
2017-08-17 12:42:29.298000,1.1025,1.10246,2060000,2620000
2017-08-17 12:42:29.800000,1.1025,1.10247,2060000,1000000
2017-08-17 12:42:31.679000,1.1025,1.10248,2810000,1000000
2017-08-17 12:42:32.182000,1.10249,1.10247,1250000,1000000
2017-08-17 12:42:36.442000,1.1025,1.10247,1690000,1000000
2017-08-17 12:42:37.029000,1.1025,1.10247,2060000,1000000
2017-08-17 12:42:37.615000,1.1025,1.10247,1690000,1000000
2017-08-17 12:42:38.524000,1.10251,1.1025,1120000,1000000
2017-08-17 12:42:38.627000,1.10254,1.10252,1190000,1000000
2017-08-17 12:42:39.137000,1.10255,1.10252,2060000,2250000
2017-08-17 12:42:47.161000,1.10255,1.10254,1690000,1000000
2017-08-17 12:42:47.264000,1.10259,1.10257,1000000,1870000
