time,ask,bid,ask_volume,bid_volume
2022-11-09 15:25:00.079000,1.46046,1.46039,3600000,1200000
2022-11-09 15:25:00.180000,1.46046,1.46038,4500000,3600000
2022-11-09 15:25:00.333000,1.46044,1.46038,1200000,3600000
2022-11-09 15:25:00.384000,1.46037,1.46032,1200000,1200000
2022-11-09 15:25:00.486000,1.46037,1.4603,4500000,1200000
2022-11-09 15:25:00.537000,1.46039,1.46035,1200000,1200000
2022-11-09 15:25:00.588000,1.46042,1.46034,3600000,4500000
2022-11-09 15:25:00.690000,1.46042,1.46034,4800000,3600000
2022-11-09 15:25:00.792000,1.46042,1.46035,1500000,3600000
2022-11-09 15:25:00.995000,1.46042,1.46034,4800000,3600000
2022-11-09 15:25:01.198000,1.4604,1.46031,4500000,6900000
2022-11-09 15:25:01.249000,1.46036,1.4603,3600000,3600000
2022-11-09 15:25:01.402000,1.46037,1.4603,1200000,4500000
2022-11-09 15:25:01.504000,1.4604,1.46033,4500000,3600000
2022-11-09 15:25:01.605000,1.46042,1.46033,5700000,3600000
2022-11-09 15:25:01.918000,1.46043,1.46033,4500000,3600000
2022-11-09 15:25:04.132000,1.46042,1.46033,1200000,3600000
2022-11-09 15:25:04.418000,1.46043,1.46035,1800000,3600000
2022-11-09 15:25:04.731000,1.46042,1.46033,1800000,3600000
2022-11-09 15:25:04.833000,1.46042,1.46032,5100000,1200000
2022-11-09 15:25:05.015000,1.4604,1.46032,3600000,4500000
2022-11-09 15:25:05.629000,1.46038,1.46031,1800000,3600000
2022-11-09 15:25:05.680000,1.46036,1.46028,1340000,1200000
2022-11-09 15:25:05.782000,1.46035,1.46028,3600000,3600000
2022-11-09 15:25:06.306000,1.46036,1.46027,7200000,3600000
2022-11-09 15:25:06.407000,1.46034,1.46026,4500000,4500000
2022-11-09 15:25:06.509000,1.46034,1.46027,1200000,3600000
2022-11-09 15:25:06.611000,1.46034,1.46026,4500000,3600000
2022-11-09 15:25:07.408000,1.46032,1.46026,1200000,3600000
2022-11-09 15:25:07.510000,1.46032,1.46025,1200000,3830000
2022-11-09 15:25:07.611000,1.46031,1.46025,1200000,3830000
2022-11-09 15:25:07.713000,1.46032,1.46025,1200000,3830000
2022-11-09 15:25:07.815000,1.46033,1.46025,1800000,3830000
2022-11-09 15:25:07.961000,1.46032,1.46025,3600000,3600000
2022-11-09 15:25:08.063000,1.46032,1.46024,4940000,3600000
2022-11-09 15:25:08.165000,1.46027,1.46017,3600000,3600000
2022-11-09 15:25:08.267000,1.46027,1.46018,5840000,3600000
2022-11-09 15:25:08.369000,1.46028,1.46023,1200000,3600000
2022-11-09 15:25:08.420000,1.46031,1.46021,4940000,4500000
2022-11-09 15:25:08.521000,1.4603,1.46022,3600000,3600000
2022-11-09 15:25:08.623000,1.46029,1.46021,4940000,3600000
2022-11-09 15:25:08.734000,1.46029,1.46019,4940000,4500000
2022-11-09 15:25:08.835000,1.46028,1.4602,3600000,3600000
2022-11-09 15:25:08.961000,1.4603,1.46025,1200000,3600000
2022-11-09 15:25:09.012000,1.46032,1.46024,3600000,3600000
2022-11-09 15:25:09.114000,1.46032,1.46025,3600000,1200000
2022-11-09 15:25:09.216000,1.46032,1.46024,3600000,4500000
2022-11-09 15:25:09.368000,1.46033,1.46026,3600000,4500000
2022-11-09 15:25:09.420000,1.46035,1.46026,4040000,4500000
2022-11-09 15:25:09.521000,1.46034,1.46026,3600000,4500000
2022-11-09 15:25:10.085000,1.46032,1.46024,3600000,3600000
2022-11-09 15:25:11.154000,1.46032,1.46023,4040000,4500000
2022-11-09 15:25:11.321000,1.46033,1.46025,4500000,4500000
2022-11-09 15:25:11.372000,1.46035,1.46026,4940000,3600000
2022-11-09 15:25:11.474000,1.46035,1.46025,4940000,4500000
2022-11-09 15:25:11.693000,1.46033,1.46025,3600000,4500000
2022-11-09 15:25:12.788000,1.46031,1.46024,3600000,3600000
2022-11-09 15:25:12.839000,1.46033,1.46024,3600000,3600000
2022-11-09 15:25:13.071000,1.46033,1.46023,3600000,4500000
2022-11-09 15:25:13.655000,1.46032,1.46024,5400000,3600000
2022-11-09 15:25:14.174000,1.46031,1.46024,1200000,3600000
2022-11-09 15:25:14.276000,1.46032,1.46022,4500000,3600000
2022-11-09 15:25:14.744000,1.46026,1.46021,3600000,1200000
2022-11-09 15:25:14.795000,1.46028,1.46018,3600000,3600000
2022-11-09 15:25:14.897000,1.46027,1.46018,3600000,4500000
2022-11-09 15:25:15.050000,1.46026,1.46019,3600000,3600000
2022-11-09 15:25:15.303000,1.46028,1.46019,5400000,3600000
2022-11-09 15:25:15.415000,1.46027,1.4602,3600000,3600000
2022-11-09 15:25:15.618000,1.46028,1.46018,6740000,4500000
2022-11-09 15:25:15.770000,1.46026,1.46019,4040000,3600000
2022-11-09 15:25:15.872000,1.46026,1.46018,4040000,3600000
2022-11-09 15:25:16.024000,1.46026,1.46017,4040000,3600000
2022-11-09 15:25:16.126000,1.46024,1.46019,3600000,1200000
2022-11-09 15:25:16.248000,1.46025,1.46018,1200000,3600000
2022-11-09 15:25:16.401000,1.46026,1.46018,4040000,4500000
2022-11-09 15:25:16.857000,1.46024,1.46017,3600000,4500000
2022-11-09 15:25:16.959000,1.46023,1.46016,3600000,5400000
2022-11-09 15:25:17.092000,1.46021,1.46016,1200000,5400000
2022-11-09 15:25:17.295000,1.46022,1.46016,1200000,5400000
2022-11-09 15:25:17.397000,1.46023,1.46016,3600000,5400000
2022-11-09 15:25:17.499000,1.46024,1.46018,3600000,1200000
2022-11-09 15:25:17.775000,1.46026,1.46018,4040000,4500000
2022-11-09 15:25:17.877000,1.46026,1.46019,4040000,1200000
2022-11-09 15:25:17.979000,1.4603,1.46022,4500000,4500000
2022-11-09 15:25:18.080000,1.4603,1.46023,4500000,1200000
2022-11-09 15:25:18.233000,1.46028,1.46023,3600000,1200000
2022-11-09 15:25:18.284000,1.46028,1.46021,3600000,4500000
2022-11-09 15:25:18.486000,1.46028,1.46022,3600000,1200000
2022-11-09 15:25:18.689000,1.46028,1.46023,3600000,1200000
2022-11-09 15:25:18.864000,1.46029,1.46023,4940000,1200000
2022-11-09 15:25:18.915000,1.46029,1.4602,4940000,3600000
2022-11-09 15:25:19.354000,1.46027,1.4602,4040000,3600000
2022-11-09 15:25:19.456000,1.46027,1.46018,5400000,3600000
2022-11-09 15:25:20.067000,1.46027,1.46019,5400000,3600000
2022-11-09 15:25:20.324000,1.46027,1.4602,1200000,3600000
2022-11-09 15:25:21.136000,1.46028,1.46017,5540000,3600000
2022-11-09 15:25:21.238000,1.46025,1.46017,4040000,4500000
2022-11-09 15:25:21.340000,1.46026,1.46018,1200000,3600000
2022-11-09 15:25:22.470000,1.46025,1.46018,3600000,3600000
2022-11-09 15:25:22.777000,1.46027,1.46021,4040000,2940000
2022-11-09 15:25:22.879000,1.46032,1.46025,4500000,3600000
2022-11-09 15:25:22.930000,1.46032,1.46027,1200000,3600000
2022-11-09 15:25:23.032000,1.46034,1.4603,1200000,5640000
2022-11-09 15:25:23.134000,1.46041,1.46034,3600000,4500000
2022-11-09 15:25:23.185000,1.46044,1.46035,4940000,3600000
2022-11-09 15:25:23.237000,1.46041,1.46033,3600000,3600000
2022-11-09 15:25:23.338000,1.4604,1.46033,4040000,3600000
2022-11-09 15:25:23.440000,1.46041,1.46032,4200000,3600000
2022-11-09 15:25:23.795000,1.46042,1.46031,3600000,3600000
2022-11-09 15:25:24.118000,1.46042,1.46036,1200000,3600000
2022-11-09 15:25:24.169000,1.46044,1.46036,4040000,3600000
2022-11-09 15:25:24.271000,1.46045,1.46037,5100000,3600000
2022-11-09 15:25:24.373000,1.46043,1.46035,4940000,3600000
2022-11-09 15:25:24.526000,1.46042,1.46035,3600000,3600000
2022-11-09 15:25:24.577000,1.46044,1.46037,4940000,3600000
2022-11-09 15:25:24.730000,1.46045,1.46038,4040000,3600000
2022-11-09 15:25:24.832000,1.46045,1.46037,4040000,3600000
2022-11-09 15:25:25.567000,1.46047,1.4604,1200000,3600000
2022-11-09 15:25:25.669000,1.46048,1.46041,1200000,3600000
2022-11-09 15:25:25.771000,1.46054,1.46046,3600000,3600000
2022-11-09 15:25:25.873000,1.46054,1.46047,3600000,3600000
2022-11-09 15:25:26.026000,1.46053,1.46044,3600000,3600000
2022-11-09 15:25:26.077000,1.46051,1.46044,3600000,3600000
2022-11-09 15:25:26.179000,1.46052,1.46041,4200000,3600000
2022-11-09 15:25:26.281000,1.46046,1.4604,3600000,1200000
2022-11-09 15:25:26.382000,1.46046,1.46037,3600000,3600000
2022-11-09 15:25:26.621000,1.46046,1.46038,3600000,3600000
2022-11-09 15:25:27.059000,1.4605,1.46042,3600000,3600000
2022-11-09 15:25:27.161000,1.46052,1.46043,4040000,3600000
2022-11-09 15:25:27.263000,1.46052,1.46042,4040000,3600000
2022-11-09 15:25:27.364000,1.4605,1.46041,4200000,3600000
2022-11-09 15:25:27.466000,1.46049,1.4604,4270000,3600000
2022-11-09 15:25:27.618000,1.46049,1.46041,4040000,3600000
2022-11-09 15:25:27.771000,1.46049,1.4604,4040000,3600000
2022-11-09 15:25:27.911000,1.46047,1.46039,3600000,3600000
2022-11-09 15:25:28.015000,1.46049,1.46042,3600000,3600000
2022-11-09 15:25:28.117000,1.46049,1.46042,4200000,3600000
2022-11-09 15:25:28.168000,1.46047,1.46039,4500000,3600000
2022-11-09 15:25:28.307000,1.46048,1.46041,4040000,3600000
2022-11-09 15:25:28.561000,1.46048,1.46038,4500000,3600000
2022-11-09 15:25:28.663000,1.46047,1.46038,5400000,3600000
2022-11-09 15:25:28.764000,1.46048,1.46038,5400000,3600000
2022-11-09 15:25:29.179000,1.46045,1.46038,1800000,3600000
2022-11-09 15:25:29.230000,1.46044,1.46036,4040000,3600000
2022-11-09 15:25:29.338000,1.46043,1.46036,3600000,3600000
2022-11-09 15:25:29.439000,1.46043,1.46035,3600000,3600000
2022-11-09 15:25:29.729000,1.46044,1.46036,4040000,3600000
2022-11-09 15:25:30.007000,1.46045,1.46037,4500000,3600000
2022-11-09 15:25:30.058000,1.46045,1.46039,4500000,3600000
2022-11-09 15:25:30.160000,1.46046,1.46038,3600000,3600000
2022-11-09 15:25:30.262000,1.46046,1.46039,3600000,3600000
2022-11-09 15:25:30.364000,1.46046,1.4604,3600000,3600000
2022-11-09 15:25:30.516000,1.46048,1.4604,4640000,3600000
2022-11-09 15:25:30.645000,1.46048,1.46041,4940000,3600000
2022-11-09 15:25:30.746000,1.46048,1.46039,4040000,3600000
2022-11-09 15:25:30.848000,1.46046,1.46039,3600000,3600000
2022-11-09 15:25:30.950000,1.46047,1.4604,4040000,3600000
2022-11-09 15:25:31.406000,1.46047,1.46039,4040000,3600000
2022-11-09 15:25:31.801000,1.46047,1.4604,3600000,3600000
2022-11-09 15:25:31.903000,1.46047,1.46041,3600000,3600000
2022-11-09 15:25:32.106000,1.46047,1.46039,5400000,3600000
2022-11-09 15:25:32.241000,1.46047,1.4604,4500000,3600000
2022-11-09 15:25:32.546000,1.46047,1.46039,4940000,3600000
2022-11-09 15:25:32.648000,1.46045,1.46039,3600000,3600000
2022-11-09 15:25:33.002000,1.46046,1.46038,4500000,3600000
2022-11-09 15:25:33.104000,1.46046,1.46039,4500000,3600000
2022-11-09 15:25:33.741000,1.46046,1.46038,4500000,3600000
2022-11-09 15:25:34.416000,1.46046,1.46039,4500000,3600000
2022-11-09 15:25:34.670000,1.46045,1.46037,4040000,3600000
2022-11-09 15:25:34.771000,1.46045,1.46039,4940000,3600000
2022-11-09 15:25:35.046000,1.46046,1.46036,1200000,3600000
2022-11-09 15:25:35.147000,1.46047,1.46036,4040000,3600000
2022-11-09 15:25:35.917000,1.46048,1.46042,5540000,3600000
2022-11-09 15:25:36.019000,1.46048,1.46042,3600000,3600000
2022-11-09 15:25:36.348000,1.46049,1.46039,3600000,3600000
2022-11-09 15:25:36.480000,1.46051,1.46043,6300000,3600000
2022-11-09 15:25:36.595000,1.46047,1.4604,4500000,1200000
2022-11-09 15:25:36.696000,1.46047,1.46039,4040000,4500000
2022-11-09 15:25:36.798000,1.46046,1.46039,3600000,3600000
2022-11-09 15:25:36.900000,1.46047,1.46039,4940000,3600000
2022-11-09 15:25:37.001000,1.46046,1.46039,3600000,3600000
2022-11-09 15:25:37.295000,1.46047,1.46038,4940000,3600000
2022-11-09 15:25:37.483000,1.46046,1.46038,3600000,3600000
2022-11-09 15:25:37.534000,1.46047,1.4604,3600000,3600000
2022-11-09 15:25:37.636000,1.46048,1.46041,4040000,3600000
2022-11-09 15:25:37.738000,1.46048,1.46042,3600000,1320000
2022-11-09 15:25:37.839000,1.46053,1.46046,3600000,3600000
2022-11-09 15:25:37.992000,1.46053,1.46044,3600000,3600000
2022-11-09 15:25:38.275000,1.46053,1.46046,3600000,3600000
2022-11-09 15:25:38.579000,1.46054,1.46045,4040000,3600000
2022-11-09 15:25:38.681000,1.46052,1.46044,3600000,4500000
2022-11-09 15:25:38.783000,1.46053,1.46045,3600000,3600000
2022-11-09 15:25:39.227000,1.46054,1.46047,3600000,3600000
2022-11-09 15:25:39.329000,1.46055,1.46048,4040000,3600000
2022-11-09 15:25:39.431000,1.46056,1.46049,4040000,3600000
2022-11-09 15:25:39.532000,1.46056,1.4605,4040000,3600000
2022-11-09 15:25:39.685000,1.46057,1.46049,4040000,3600000
2022-11-09 15:25:39.787000,1.46056,1.46048,3600000,3600000
2022-11-09 15:25:39.994000,1.46056,1.46049,3600000,3600000
2022-11-09 15:25:40.197000,1.46056,1.46048,3600000,3600000
2022-11-09 15:25:40.350000,1.46058,1.46049,4500000,3600000
2022-11-09 15:25:40.766000,1.46058,1.46048,4040000,3600000
2022-11-09 15:25:41.579000,1.46057,1.4605,4040000,3600000
2022-11-09 15:25:41.685000,1.46057,1.46049,4040000,3600000
2022-11-09 15:25:41.815000,1.46057,1.46049,4200000,3600000
2022-11-09 15:25:41.917000,1.46056,1.46048,4500000,3600000
2022-11-09 15:25:42.288000,1.46056,1.4605,4040000,1200000
2022-11-09 15:25:42.486000,1.46058,1.4605,5400000,1200000
2022-11-09 15:25:42.588000,1.46057,1.46051,3600000,1200000
2022-11-09 15:25:42.740000,1.46059,1.4605,4500000,1200000
2022-11-09 15:25:42.842000,1.46058,1.46052,3600000,1200000
2022-11-09 15:25:42.893000,1.46059,1.46057,1200000,3600000
2022-11-09 15:25:42.944000,1.46063,1.46057,1800000,3600000
2022-11-09 15:25:42.995000,1.46065,1.46058,3600000,1200000
2022-11-09 15:25:43.097000,1.46065,1.46059,3600000,1200000
2022-11-09 15:25:43.249000,1.46067,1.46058,3600000,1200000
2022-11-09 15:25:43.503000,1.46068,1.4606,4500000,1200000
2022-11-09 15:25:43.635000,1.46068,1.46061,4040000,1200000
2022-11-09 15:25:43.738000,1.46069,1.46062,4940000,4500000
2022-11-09 15:25:43.839000,1.46069,1.46063,3600000,1200000
2022-11-09 15:25:44.460000,1.4607,1.46063,3600000,4500000
2022-11-09 15:25:44.589000,1.4607,1.46064,3600000,1200000
2022-11-09 15:25:44.821000,1.46072,1.46067,1340000,3600000
2022-11-09 15:25:44.923000,1.46072,1.46068,3600000,1200000
2022-11-09 15:25:44.974000,1.46073,1.46066,3600000,1200000
2022-11-09 15:25:46.690000,1.46069,1.46065,1200000,1200000
2022-11-09 15:25:46.741000,1.46068,1.46062,4500000,1200000
2022-11-09 15:25:46.792000,1.46067,1.4606,3600000,1200000
2022-11-09 15:25:46.912000,1.46067,1.46059,3600000,4500000
2022-11-09 15:25:47.093000,1.46066,1.46059,1880000,1200000
2022-11-09 15:25:47.144000,1.46065,1.46057,4500000,1200000
2022-11-09 15:25:47.195000,1.46063,1.46056,3600000,4500000
2022-11-09 15:25:47.297000,1.46064,1.46056,4500000,1200000
2022-11-09 15:25:47.399000,1.46064,1.46058,4500000,1200000
2022-11-09 15:25:47.705000,1.46063,1.46056,4040000,1200000
2022-11-09 15:25:47.807000,1.46062,1.46055,3600000,1200000
2022-11-09 15:25:48.478000,1.4606,1.46055,2240000,1200000
2022-11-09 15:25:48.529000,1.46058,1.46052,1340000,4500000
2022-11-09 15:25:48.631000,1.4606,1.46054,3600000,1200000
2022-11-09 15:25:48.732000,1.46062,1.46057,4500000,1200000
2022-11-09 15:25:48.936000,1.46062,1.46054,4500000,3600000
2022-11-09 15:25:49.921000,1.46062,1.46055,1200000,3600000
2022-11-09 15:25:50.022000,1.46063,1.46055,4500000,3600000
2022-11-09 15:25:50.124000,1.46065,1.46057,5400000,3600000
2022-11-09 15:25:50.277000,1.46064,1.46056,4940000,3600000
2022-11-09 15:25:50.378000,1.46063,1.46055,3600000,3600000
2022-11-09 15:25:50.796000,1.46064,1.46055,4940000,3600000
2022-11-09 15:25:50.932000,1.46064,1.46056,4940000,3600000
2022-11-09 15:25:51.034000,1.46063,1.46056,3600000,3600000
2022-11-09 15:25:51.187000,1.46063,1.46055,3600000,3600000
2022-11-09 15:25:51.393000,1.46064,1.46056,3600000,3600000
2022-11-09 15:25:51.496000,1.46063,1.46055,3600000,3600000
2022-11-09 15:25:51.648000,1.46063,1.46054,3600000,4500000
2022-11-09 15:25:52.107000,1.46062,1.46054,3600000,4500000
2022-11-09 15:25:52.210000,1.46063,1.46054,4940000,4500000
2022-11-09 15:25:53.758000,1.46062,1.46054,3600000,4500000
2022-11-09 15:25:54.020000,1.46059,1.46054,1800000,3600000
2022-11-09 15:25:54.122000,1.46058,1.46054,1340000,3600000
2022-11-09 15:25:54.223000,1.46057,1.46051,3600000,3600000
2022-11-09 15:25:54.325000,1.46056,1.46048,3600000,4500000
2022-11-09 15:25:54.600000,1.46058,1.4605,3600000,3830000
2022-11-09 15:25:54.796000,1.46058,1.46052,3600000,3600000
2022-11-09 15:25:55.176000,1.46057,1.46049,4940000,3600000
2022-11-09 15:25:55.304000,1.46056,1.46048,3600000,3600000
2022-11-09 15:25:56.020000,1.46057,1.46048,3600000,3600000
2022-11-09 15:25:56.121000,1.46058,1.4605,4940000,3600000
2022-11-09 15:25:56.223000,1.46058,1.46051,3600000,3600000
2022-11-09 15:25:56.325000,1.46059,1.46051,3600000,3600000
2022-11-09 15:25:56.477000,1.46057,1.46049,3600000,4500000
2022-11-09 15:25:56.579000,1.46058,1.46051,4940000,3600000
2022-11-09 15:25:56.833000,1.46057,1.46049,4940000,1200000
2022-11-09 15:25:56.935000,1.46057,1.46048,3600000,5170000
2022-11-09 15:25:57.239000,1.46056,1.46049,3600000,3600000
2022-11-09 15:25:57.543000,1.46056,1.46048,4040000,3600000
2022-11-09 15:25:57.645000,1.46056,1.46048,6000000,3600000
2022-11-09 15:25:58.110000,1.46056,1.46048,3600000,4500000
2022-11-09 15:25:58.212000,1.46057,1.46049,4040000,3600000
2022-11-09 15:25:58.314000,1.46058,1.4605,4940000,4500000
2022-11-09 15:25:58.415000,1.46058,1.46051,4940000,3600000
2022-11-09 15:25:58.568000,1.46059,1.46051,3600000,3600000
2022-11-09 15:25:59.020000,1.46058,1.4605,7740000,3600000
2022-11-09 15:25:59.071000,1.46056,1.46049,4040000,3600000
2022-11-09 15:25:59.172000,1.46056,1.46048,5840000,3600000
2022-11-09 15:25:59.480000,1.46056,1.46049,1200000,3600000
2022-11-09 15:25:59.582000,1.46057,1.46049,4040000,3600000
2022-11-09 15:25:59.785000,1.46057,1.46049,4200000,3600000
2022-11-09 15:25:59.988000,1.46057,1.46049,4040000,4500000
2022-11-09 15:26:00.241000,1.46057,1.4605,3600000,1340000
2022-11-09 15:26:00.343000,1.4606,1.46052,3600000,3600000
2022-11-09 15:26:00.445000,1.46061,1.46053,3600000,3600000
2022-11-09 15:26:01.137000,1.46062,1.46054,4040000,3600000
2022-11-09 15:26:01.341000,1.46063,1.46055,6080000,3600000
2022-11-09 15:26:01.442000,1.46061,1.46053,3600000,4500000
2022-11-09 15:26:01.544000,1.46062,1.46053,3600000,4500000
2022-11-09 15:26:02.017000,1.46062,1.46054,4200000,3600000
2022-11-09 15:26:02.388000,1.46058,1.4605,4940000,4500000
2022-11-09 15:26:02.490000,1.46057,1.46049,3600000,4730000
2022-11-09 15:26:02.541000,1.46054,1.46048,1200000,3600000
2022-11-09 15:26:02.643000,1.46052,1.46044,4500000,4940000
2022-11-09 15:26:02.745000,1.46049,1.46042,1200000,3600000
2022-11-09 15:26:02.846000,1.46049,1.46041,1200000,3600000
2022-11-09 15:26:02.927000,1.4605,1.46042,3600000,3600000
2022-11-09 15:26:03.380000,1.46048,1.46042,1320000,3600000
2022-11-09 15:26:03.431000,1.46041,1.46037,2700000,2520000
2022-11-09 15:26:03.533000,1.46041,1.46031,4800000,4200000
2022-11-09 15:26:03.584000,1.46039,1.46032,1200000,3600000
2022-11-09 15:26:03.636000,1.46038,1.4603,3600000,3600000
2022-11-09 15:26:03.737000,1.46036,1.46029,3600000,3600000
2022-11-09 15:26:03.893000,1.46037,1.46029,4500000,3600000
2022-11-09 15:26:03.995000,1.46037,1.46028,3600000,3600000
2022-11-09 15:26:04.097000,1.46037,1.46029,4500000,3600000
2022-11-09 15:26:04.482000,1.46036,1.46028,3600000,4500000
2022-11-09 15:26:04.685000,1.46036,1.46029,3600000,3600000
2022-11-09 15:26:04.944000,1.46036,1.46027,3600000,4500000
2022-11-09 15:26:05.046000,1.46036,1.46028,3600000,3600000
2022-11-09 15:26:05.370000,1.46036,1.4603,3600000,3600000
2022-11-09 15:26:05.472000,1.46037,1.46029,3600000,3600000
2022-11-09 15:26:05.693000,1.46036,1.46028,3600000,3600000
2022-11-09 15:26:05.795000,1.46034,1.46028,3600000,3600000
2022-11-09 15:26:05.947000,1.46035,1.46027,3600000,3600000
2022-11-09 15:26:06.049000,1.46036,1.46028,4500000,3600000
2022-11-09 15:26:06.151000,1.46036,1.46027,3600000,4500000
2022-11-09 15:26:06.253000,1.46035,1.46029,3600000,3600000
2022-11-09 15:26:06.304000,1.46036,1.46027,3600000,4500000
2022-11-09 15:26:06.456000,1.46035,1.46027,3600000,4500000
2022-11-09 15:26:07.661000,1.46035,1.46026,3600000,3600000
2022-11-09 15:26:07.763000,1.46034,1.46026,2180000,3600000
2022-11-09 15:26:07.814000,1.46033,1.46024,6140000,3600000
2022-11-09 15:26:07.916000,1.46033,1.46024,6380000,3600000
2022-11-09 15:26:08.201000,1.46034,1.46024,6300000,4500000
2022-11-09 15:26:08.302000,1.46034,1.46025,5400000,3600000
2022-11-09 15:26:08.863000,1.46033,1.46025,3600000,3600000
2022-11-09 15:26:09.534000,1.46035,1.46027,5840000,3600000
2022-11-09 15:26:10.651000,1.46035,1.46028,3600000,4500000
2022-11-09 15:26:10.753000,1.46038,1.46027,4040000,4500000
2022-11-09 15:26:10.854000,1.46036,1.46028,3600000,4500000
2022-11-09 15:26:10.956000,1.46038,1.46029,6000000,3600000
2022-11-09 15:26:11.166000,1.46038,1.46028,6000000,4500000
2022-11-09 15:26:11.293000,1.46038,1.46029,6000000,3600000
2022-11-09 15:26:11.778000,1.46036,1.46028,3600000,4500000
2022-11-09 15:26:11.981000,1.46037,1.46029,1200000,3600000
2022-11-09 15:26:12.144000,1.46036,1.46028,3600000,4500000
2022-11-09 15:26:13.902000,1.46035,1.46027,4940000,3600000
2022-11-09 15:26:14.004000,1.46035,1.46026,5840000,3600000
2022-11-09 15:26:14.462000,1.46035,1.46028,1200000,1200000
2022-11-09 15:26:14.564000,1.46035,1.46027,4040000,4500000
2022-11-09 15:26:15.046000,1.46033,1.46025,3600000,3600000
2022-11-09 15:26:15.147000,1.46034,1.46023,4200000,3600000
2022-11-09 15:26:16.176000,1.46032,1.46023,4040000,4040000
2022-11-09 15:26:16.277000,1.46031,1.46023,3600000,4040000
2022-11-09 15:26:16.480000,1.46031,1.46022,1800000,3600000
2022-11-09 15:26:16.532000,1.46027,1.46018,3600000,3600000
2022-11-09 15:26:16.684000,1.46027,1.46018,5400000,4500000
2022-11-09 15:26:16.786000,1.46026,1.46019,3600000,3600000
2022-11-09 15:26:16.903000,1.46025,1.46018,3600000,4500000
2022-11-09 15:26:17.089000,1.46026,1.46019,3600000,3600000
2022-11-09 15:26:17.191000,1.46026,1.46018,3600000,3600000
2022-11-09 15:26:17.424000,1.46025,1.46018,3600000,3600000
2022-11-09 15:26:17.526000,1.46025,1.46017,3600000,4040000
2022-11-09 15:26:17.628000,1.46024,1.46017,3600000,4040000
2022-11-09 15:26:17.831000,1.46023,1.46016,3600000,3600000
2022-11-09 15:26:18.542000,1.46023,1.46015,3600000,4500000
2022-11-09 15:26:20.270000,1.46024,1.46017,4040000,3600000
2022-11-09 15:26:20.372000,1.46026,1.46018,4940000,3600000
2022-11-09 15:26:20.423000,1.46024,1.46017,3600000,4500000
2022-11-09 15:26:20.474000,1.46026,1.46018,4040000,3600000
2022-11-09 15:26:20.576000,1.46026,1.46017,4040000,4500000
2022-11-09 15:26:20.677000,1.46025,1.46017,3600000,4500000
2022-11-09 15:26:20.797000,1.46027,1.46016,4040000,4500000
2022-11-09 15:26:21.758000,1.46025,1.46017,3600000,4500000
2022-11-09 15:26:22.720000,1.46025,1.46016,4200000,3600000
2022-11-09 15:26:22.924000,1.46024,1.46017,5840000,3600000
2022-11-09 15:26:25.003000,1.46023,1.46016,4940000,4500000
2022-11-09 15:26:27.317000,1.46024,1.46017,1200000,4500000
2022-11-09 15:26:27.369000,1.46026,1.46017,4040000,3600000
2022-11-09 15:26:27.676000,1.46025,1.46017,4040000,4500000
2022-11-09 15:26:28.579000,1.46024,1.46017,3600000,4500000
2022-11-09 15:26:28.630000,1.46024,1.46019,3600000,1200000
2022-11-09 15:26:28.733000,1.46029,1.46021,3600000,3600000
2022-11-09 15:26:28.835000,1.4603,1.46022,4040000,1200000
2022-11-09 15:26:28.937000,1.46029,1.46022,3600000,1200000
2022-11-09 15:26:29.318000,1.46029,1.46021,3600000,3600000
2022-11-09 15:26:29.420000,1.46028,1.46021,3600000,3600000
2022-11-09 15:26:29.898000,1.46031,1.46023,5540000,1340000
2022-11-09 15:26:29.949000,1.46032,1.46024,4500000,3600000
2022-11-09 15:26:30.051000,1.46033,1.46023,4500000,1340000
2022-11-09 15:26:30.153000,1.46032,1.46024,3600000,3600000
2022-11-09 15:26:30.709000,1.46033,1.46024,5400000,3600000
2022-11-09 15:26:30.811000,1.46032,1.46024,3600000,3600000
2022-11-09 15:26:31.151000,1.46033,1.46025,4500000,3600000
2022-11-09 15:26:31.303000,1.46034,1.46026,3600000,3600000
2022-11-09 15:26:31.870000,1.46035,1.46027,3600000,3600000
2022-11-09 15:26:32.889000,1.46037,1.46029,8540000,3600000
2022-11-09 15:26:32.991000,1.46037,1.4603,4940000,3600000
2022-11-09 15:26:33.909000,1.46038,1.46028,5540000,3600000
2022-11-09 15:26:34.011000,1.46036,1.46028,4500000,3600000
2022-11-09 15:26:34.112000,1.46035,1.46028,3600000,3600000
2022-11-09 15:26:34.472000,1.46035,1.46027,3600000,3600000
2022-11-09 15:26:34.647000,1.46035,1.46028,3600000,3600000
2022-11-09 15:26:34.901000,1.46032,1.46025,3600000,3600000
2022-11-09 15:26:35.002000,1.46032,1.46024,4200000,3600000
2022-11-09 15:26:35.860000,1.46032,1.46025,3600000,3600000
2022-11-09 15:26:35.911000,1.46034,1.46026,4040000,3600000
2022-11-09 15:26:36.617000,1.46034,1.46026,3600000,5640000
2022-11-09 15:26:36.719000,1.46034,1.46028,3600000,2240000
2022-11-09 15:26:36.770000,1.46037,1.4603,3600000,3600000
2022-11-09 15:26:36.973000,1.46036,1.46028,3600000,5400000
2022-11-09 15:26:37.075000,1.46036,1.46028,3600000,5100000
2022-11-09 15:26:37.127000,1.46038,1.46032,1200000,3600000
2022-11-09 15:26:37.229000,1.46038,1.46034,1200000,3600000
2022-11-09 15:26:37.432000,1.46038,1.46033,1200000,3600000
2022-11-09 15:26:37.686000,1.46038,1.46034,1200000,3600000
2022-11-09 15:26:37.788000,1.46039,1.46034,1200000,3600000
2022-11-09 15:26:38.528000,1.46038,1.46034,1200000,3600000
2022-11-09 15:26:39.919000,1.46044,1.46037,3600000,3600000
2022-11-09 15:26:39.971000,1.4604,1.46036,1200000,3600000
2022-11-09 15:26:40.023000,1.46046,1.46038,3600000,3600000
2022-11-09 15:26:40.124000,1.46045,1.46037,3600000,3600000
2022-11-09 15:26:40.226000,1.46044,1.46036,4940000,3600000
2022-11-09 15:26:40.329000,1.46036,1.46033,3600000,1340000
2022-11-09 15:26:40.380000,1.46037,1.46029,4940000,3600000
2022-11-09 15:26:40.533000,1.46035,1.46028,4500000,1200000
2022-11-09 15:26:40.635000,1.46034,1.46027,3600000,3600000
2022-11-09 15:26:40.737000,1.46035,1.46027,3600000,3600000
2022-11-09 15:26:41.181000,1.46036,1.46029,3600000,3600000
2022-11-09 15:26:41.283000,1.46037,1.46029,4500000,3600000
2022-11-09 15:26:41.385000,1.46039,1.46032,1200000,3600000
2022-11-09 15:26:41.488000,1.46043,1.46035,4500000,3600000
2022-11-09 15:26:42.310000,1.46043,1.46035,5540000,3600000
2022-11-09 15:26:42.412000,1.4604,1.46033,3600000,3600000
2022-11-09 15:26:42.869000,1.46042,1.46034,4500000,3600000
2022-11-09 15:26:43.072000,1.46042,1.46032,1800000,3600000
2022-11-09 15:26:43.225000,1.46041,1.46032,4940000,3600000
2022-11-09 15:26:43.357000,1.46043,1.46036,4500000,3600000
2022-11-09 15:26:43.460000,1.46043,1.46035,4500000,3600000
2022-11-09 15:26:43.562000,1.46043,1.46036,4500000,3600000
2022-11-09 15:26:44.170000,1.46045,1.46036,4500000,3600000
2022-11-09 15:26:44.221000,1.46046,1.46038,4500000,3600000
2022-11-09 15:26:44.323000,1.46045,1.46038,3600000,3600000
2022-11-09 15:26:44.425000,1.46047,1.46037,4500000,3600000
2022-11-09 15:26:44.527000,1.46046,1.46039,4500000,3600000
2022-11-09 15:26:44.883000,1.46047,1.46039,4940000,3600000
2022-11-09 15:26:45.086000,1.46047,1.46036,3600000,5100000
2022-11-09 15:26:45.599000,1.46048,1.46043,5820000,1340000
2022-11-09 15:26:45.701000,1.46049,1.46045,1620000,3600000
2022-11-09 15:26:45.854000,1.46048,1.46045,1620000,3600000
2022-11-09 15:26:45.905000,1.46049,1.46042,1620000,3600000
2022-11-09 15:26:46.058000,1.46048,1.46042,1620000,1200000
2022-11-09 15:26:46.160000,1.46048,1.46043,1620000,3600000
2022-11-09 15:26:46.261000,1.46048,1.46044,1620000,3600000
2022-11-09 15:26:46.465000,1.4605,1.46045,1620000,3600000
2022-11-09 15:26:46.567000,1.46054,1.46047,3600000,3600000
2022-11-09 15:26:46.669000,1.46055,1.46047,4500000,3600000
2022-11-09 15:26:47.009000,1.46056,1.46048,4500000,3600000
2022-11-09 15:26:48.030000,1.46055,1.46047,3600000,3600000
2022-11-09 15:26:48.132000,1.46054,1.46045,3600000,1200000
2022-11-09 15:26:48.183000,1.46055,1.46047,4500000,3600000
2022-11-09 15:26:49.735000,1.46054,1.46045,4500000,3600000
2022-11-09 15:26:49.837000,1.46056,1.46048,4500000,4940000
2022-11-09 15:26:49.939000,1.46059,1.46047,9240000,4940000
2022-11-09 15:26:50.041000,1.46058,1.4605,8180000,3600000
2022-11-09 15:26:50.143000,1.46057,1.4605,3600000,3600000
2022-11-09 15:26:50.304000,1.46058,1.4605,8180000,3600000
2022-11-09 15:26:50.457000,1.46058,1.46052,3680000,3600000
2022-11-09 15:26:50.559000,1.46058,1.46051,6380000,3600000
2022-11-09 15:26:50.711000,1.46058,1.4605,2780000,4500000
2022-11-09 15:26:50.813000,1.46057,1.46049,3600000,4500000
2022-11-09 15:26:51.192000,1.46058,1.4605,7280000,3600000
2022-11-09 15:26:51.294000,1.46058,1.46049,3600000,3600000
2022-11-09 15:26:51.915000,1.46058,1.46048,8180000,4500000
2022-11-09 15:26:52.068000,1.46058,1.46049,3600000,3600000
2022-11-09 15:26:52.220000,1.46057,1.46047,5400000,4500000
2022-11-09 15:26:52.322000,1.46057,1.46048,5400000,3600000
2022-11-09 15:26:52.627000,1.46057,1.46049,1200000,3600000
2022-11-09 15:26:52.745000,1.46059,1.46048,8640000,3600000
2022-11-09 15:26:52.847000,1.46058,1.46051,2780000,3600000
2022-11-09 15:26:53.304000,1.46058,1.46049,8340000,4940000
2022-11-09 15:26:53.406000,1.46058,1.46049,4040000,3600000
2022-11-09 15:26:53.977000,1.46058,1.46051,8780000,3600000
2022-11-09 15:26:54.079000,1.46059,1.4605,2780000,3600000
2022-11-09 15:26:54.181000,1.46058,1.4605,7740000,3600000
2022-11-09 15:26:54.458000,1.46059,1.4605,6380000,3600000
2022-11-09 15:26:55.220000,1.46057,1.46051,3600000,3600000
2022-11-09 15:26:55.373000,1.46057,1.46049,3600000,3600000
2022-11-09 15:26:55.474000,1.46057,1.46048,4640000,4500000
2022-11-09 15:26:55.526000,1.46057,1.46047,1800000,3600000
2022-11-09 15:26:55.580000,1.46043,1.46039,4940000,1200000
2022-11-09 15:26:55.632000,1.46043,1.46034,4940000,4040000
2022-11-09 15:26:55.683000,1.46043,1.46037,1340000,3600000
2022-11-09 15:26:55.785000,1.46044,1.4604,1200000,3600000
2022-11-09 15:26:55.836000,1.46044,1.46035,4800000,3600000
2022-11-09 15:26:55.887000,1.46043,1.46035,1500000,3600000
2022-11-09 15:26:55.995000,1.46044,1.46035,4800000,3600000
2022-11-09 15:26:56.046000,1.46044,1.46035,4730000,3600000
2022-11-09 15:26:56.098000,1.46042,1.46035,2400000,3600000
2022-11-09 15:26:56.149000,1.46037,1.4603,1800000,4870000
2022-11-09 15:26:56.200000,1.46036,1.46028,4940000,3600000
2022-11-09 15:26:56.251000,1.46036,1.46026,6000000,5170000
2022-11-09 15:26:56.556000,1.46036,1.46026,4940000,4500000
2022-11-09 15:26:56.607000,1.46036,1.46028,4500000,3600000
2022-11-09 15:26:56.709000,1.46036,1.4603,3600000,3600000
2022-11-09 15:26:56.761000,1.4604,1.46033,3600000,1200000
2022-11-09 15:26:56.863000,1.46045,1.46038,1500000,3600000
2022-11-09 15:26:56.965000,1.46047,1.46039,5170000,3600000
2022-11-09 15:26:57.067000,1.46047,1.46041,3600000,3600000
2022-11-09 15:26:57.169000,1.46047,1.46042,3600000,1200000
2022-11-09 15:26:57.271000,1.46055,1.46048,3900000,1200000
2022-11-09 15:26:57.425000,1.46056,1.46049,3900000,3600000
2022-11-09 15:26:57.529000,1.46054,1.46045,4500000,3600000
2022-11-09 15:26:57.580000,1.46055,1.46047,4500000,3600000
2022-11-09 15:26:57.705000,1.46054,1.46047,1200000,3600000
2022-11-09 15:26:57.811000,1.46055,1.46047,1200000,4500000
2022-11-09 15:26:57.913000,1.46057,1.46048,4940000,4500000
2022-11-09 15:26:58.015000,1.46056,1.46049,3600000,3600000
2022-11-09 15:26:58.117000,1.46057,1.46051,3600000,1200000
2022-11-09 15:26:58.219000,1.46059,1.46052,2340000,3600000
2022-11-09 15:26:58.321000,1.46058,1.46054,2340000,3600000
2022-11-09 15:26:58.423000,1.46058,1.46053,2340000,3600000
2022-11-09 15:26:58.525000,1.46059,1.46053,2340000,3600000
2022-11-09 15:26:58.627000,1.46059,1.46056,2340000,3600000
2022-11-09 15:26:58.679000,1.46065,1.46057,4500000,3600000
2022-11-09 15:26:58.831000,1.46067,1.46058,5400000,3600000
2022-11-09 15:26:58.882000,1.46065,1.46058,3600000,3600000
2022-11-09 15:26:58.934000,1.46067,1.46057,4500000,4500000
2022-11-09 15:26:59.036000,1.46063,1.46057,1340000,3600000
2022-11-09 15:26:59.138000,1.46058,1.46053,2340000,3600000
2022-11-09 15:26:59.595000,1.46058,1.46054,2340000,3600000
2022-11-09 15:26:59.697000,1.46059,1.46056,2340000,3600000
2022-11-09 15:27:00.159000,1.46066,1.46058,1200000,3600000
2022-11-09 15:27:00.362000,1.46066,1.46056,4500000,4500000
2022-11-09 15:27:00.572000,1.46068,1.46063,2520000,3600000
2022-11-09 15:27:00.674000,1.46069,1.46061,2520000,3600000
2022-11-09 15:27:00.776000,1.46068,1.46063,2520000,3600000
2022-11-09 15:27:01.182000,1.46068,1.46061,3420000,3600000
2022-11-09 15:27:01.233000,1.46067,1.46058,1200000,4500000
2022-11-09 15:27:01.285000,1.46067,1.4606,3600000,3600000
2022-11-09 15:27:01.437000,1.46067,1.46057,1200000,4940000
2022-11-09 15:27:01.646000,1.46066,1.46057,3600000,1200000
2022-11-09 15:27:01.748000,1.46064,1.46058,1340000,3600000
2022-11-09 15:27:01.799000,1.46065,1.46055,1340000,3600000
2022-11-09 15:27:02.058000,1.46064,1.46057,3600000,4200000
2022-11-09 15:27:02.159000,1.46067,1.4606,1200000,3600000
2022-11-09 15:27:02.211000,1.46068,1.46061,2520000,4500000
2022-11-09 15:27:02.313000,1.46067,1.4606,3600000,3600000
2022-11-09 15:27:02.364000,1.46065,1.46056,1200000,3600000
2022-11-09 15:27:02.415000,1.46064,1.46058,1200000,3600000
2022-11-09 15:27:02.466000,1.46062,1.46055,3600000,3600000
2022-11-09 15:27:02.568000,1.46061,1.46054,3600000,3600000
2022-11-09 15:27:02.709000,1.46062,1.46054,4500000,3600000
2022-11-09 15:27:02.814000,1.46063,1.46055,1200000,3600000
2022-11-09 15:27:02.916000,1.46063,1.46056,3600000,3600000
2022-11-09 15:27:02.968000,1.46062,1.46054,3600000,3600000
2022-11-09 15:27:03.069000,1.46063,1.46054,1200000,3600000
2022-11-09 15:27:03.171000,1.46064,1.46054,4500000,4500000
2022-11-09 15:27:03.324000,1.46064,1.46055,3600000,3600000
2022-11-09 15:27:03.600000,1.46063,1.46055,4500000,3600000
2022-11-09 15:27:03.702000,1.46063,1.46054,1200000,3600000
2022-11-09 15:27:03.804000,1.46064,1.46057,1200000,3600000
2022-11-09 15:27:03.906000,1.46066,1.46056,3600000,3600000
2022-11-09 15:27:04.008000,1.46066,1.46057,1200000,3600000
2022-11-09 15:27:04.110000,1.46068,1.46059,7020000,3600000
2022-11-09 15:27:04.364000,1.46067,1.46057,4500000,1800000
2022-11-09 15:27:04.526000,1.46064,1.46057,1200000,3600000
2022-11-09 15:27:04.577000,1.46064,1.46055,1200000,3600000
2022-11-09 15:27:04.679000,1.46065,1.46056,1200000,3600000
2022-11-09 15:27:04.832000,1.46064,1.46055,4500000,3600000
2022-11-09 15:27:04.934000,1.46065,1.46053,4500000,1200000
2022-11-09 15:27:05.036000,1.46063,1.46054,4500000,3600000
2022-11-09 15:27:05.138000,1.46062,1.46054,3600000,3600000
2022-11-09 15:27:05.241000,1.46063,1.46054,5400000,3600000
2022-11-09 15:27:05.495000,1.46063,1.46053,3600000,3600000
2022-11-09 15:27:05.597000,1.46063,1.46053,4500000,3600000
2022-11-09 15:27:05.648000,1.46064,1.46055,5400000,3600000
2022-11-09 15:27:05.750000,1.46065,1.46056,4500000,3600000
2022-11-09 15:27:05.852000,1.46066,1.46056,5400000,4500000
2022-11-09 15:27:06.080000,1.46065,1.46056,4500000,3600000
2022-11-09 15:27:06.183000,1.46063,1.46055,1800000,3600000
2022-11-09 15:27:06.285000,1.46064,1.46054,4500000,1200000
2022-11-09 15:27:06.437000,1.46063,1.46054,1200000,3600000
2022-11-09 15:27:06.539000,1.46064,1.46054,3600000,4500000
2022-11-09 15:27:06.641000,1.46066,1.46054,4500000,3600000
2022-11-09 15:27:06.845000,1.46063,1.46054,1200000,3600000
2022-11-09 15:27:06.947000,1.46064,1.46054,1200000,3600000
2022-11-09 15:27:07.099000,1.46061,1.46053,3600000,1200000
2022-11-09 15:27:07.201000,1.46063,1.46054,4500000,3600000
2022-11-09 15:27:07.810000,1.46062,1.46053,3600000,4500000
2022-11-09 15:27:08.927000,1.46061,1.46053,1200000,3600000
2022-11-09 15:27:08.978000,1.46059,1.4605,5400000,4500000
2022-11-09 15:27:09.080000,1.46059,1.46051,1340000,3600000
2022-11-09 15:27:09.637000,1.46061,1.46053,1200000,3600000
2022-11-09 15:27:09.740000,1.46059,1.46051,4640000,1200000
2022-11-09 15:27:09.842000,1.46058,1.4605,3600000,1200000
2022-11-09 15:27:09.944000,1.46061,1.46052,1340000,3600000
2022-11-09 15:27:09.995000,1.46059,1.46052,3600000,3600000
2022-11-09 15:27:10.046000,1.46062,1.46052,3600000,5400000
2022-11-09 15:27:10.097000,1.46062,1.46055,3600000,3600000
2022-11-09 15:27:10.149000,1.46062,1.46053,3600000,3600000
2022-11-09 15:27:10.250000,1.46062,1.46054,3600000,3600000
2022-11-09 15:27:10.879000,1.46062,1.46055,3600000,3600000
2022-11-09 15:27:11.133000,1.46064,1.46057,4500000,3600000
2022-11-09 15:27:11.235000,1.46064,1.46056,1200000,3600000
2022-11-09 15:27:11.337000,1.4606,1.46052,4040000,3600000
2022-11-09 15:27:11.439000,1.46058,1.46052,3600000,3600000
2022-11-09 15:27:11.540000,1.4606,1.46052,4500000,4040000
2022-11-09 15:27:11.642000,1.46062,1.46052,5170000,5840000
2022-11-09 15:27:11.795000,1.46061,1.46054,3600000,3600000
2022-11-09 15:27:12.450000,1.46065,1.46058,4730000,3600000
2022-11-09 15:27:12.552000,1.46067,1.46061,4200000,1920000
2022-11-09 15:27:12.654000,1.46068,1.46065,2520000,4500000
2022-11-09 15:27:12.705000,1.46072,1.46067,1200000,4500000
2022-11-09 15:27:12.757000,1.46076,1.46068,3900000,3600000
2022-11-09 15:27:12.859000,1.46076,1.46068,3600000,3600000
2022-11-09 15:27:13.130000,1.46075,1.46068,1500000,3600000
2022-11-09 15:27:13.181000,1.46073,1.46068,1800000,3600000
2022-11-09 15:27:13.283000,1.4607,1.46065,1340000,3600000
2022-11-09 15:27:13.385000,1.46068,1.46062,1200000,3600000
2022-11-09 15:27:13.487000,1.46069,1.46061,6740000,3600000
2022-11-09 15:27:13.589000,1.46068,1.46061,3600000,1200000
2022-11-09 15:27:13.640000,1.4607,1.46062,4040000,3600000
2022-11-09 15:27:13.691000,1.4607,1.46064,3600000,1200000
2022-11-09 15:27:13.742000,1.46074,1.46065,3600000,4500000
2022-11-09 15:27:13.844000,1.46075,1.46066,4500000,3600000
2022-11-09 15:27:14.242000,1.46076,1.46067,4500000,3600000
2022-11-09 15:27:14.344000,1.46074,1.46065,3600000,4500000
2022-11-09 15:27:14.446000,1.46074,1.46066,1200000,3600000
2022-11-09 15:27:14.700000,1.46075,1.46066,3600000,3600000
2022-11-09 15:27:14.803000,1.46077,1.46068,4500000,3600000
2022-11-09 15:27:14.905000,1.46075,1.46066,4500000,3600000
2022-11-09 15:27:15.058000,1.46075,1.46068,1200000,3600000
2022-11-09 15:27:15.392000,1.46075,1.46066,3600000,4500000
2022-11-09 15:27:15.493000,1.46076,1.46069,3600000,3600000
2022-11-09 15:27:15.545000,1.46078,1.46069,5170000,3600000
2022-11-09 15:27:15.646000,1.46078,1.4607,4500000,3600000
2022-11-09 15:27:16.092000,1.46078,1.4607,3600000,6000000
2022-11-09 15:27:16.144000,1.46079,1.46074,1340000,3600000
2022-11-09 15:27:16.195000,1.46083,1.46075,3830000,3600000
2022-11-09 15:27:16.297000,1.46084,1.46077,3900000,3600000
2022-11-09 15:27:16.348000,1.46085,1.46077,4730000,3600000
2022-11-09 15:27:16.501000,1.46085,1.46079,4500000,3600000
2022-11-09 15:27:16.552000,1.46082,1.46075,1200000,1200000
2022-11-09 15:27:16.654000,1.46083,1.46077,1200000,3600000
2022-11-09 15:27:16.705000,1.46086,1.46078,3600000,3600000
2022-11-09 15:27:16.757000,1.46087,1.46082,1340000,3600000
2022-11-09 15:27:16.808000,1.46089,1.46081,4500000,3600000
2022-11-09 15:27:16.910000,1.46088,1.46081,3600000,3600000
2022-11-09 15:27:17.012000,1.46091,1.46082,4640000,4500000
2022-11-09 15:27:17.064000,1.46092,1.46083,4500000,3600000
2022-11-09 15:27:17.165000,1.46092,1.46084,3600000,4140000
2022-11-09 15:27:17.217000,1.46095,1.46087,1200000,3600000
2022-11-09 15:27:17.323000,1.46095,1.46088,3600000,3600000
2022-11-09 15:27:17.425000,1.46097,1.46087,4500000,4500000
2022-11-09 15:27:17.476000,1.461,1.46089,5240000,3600000
2022-11-09 15:27:17.578000,1.46099,1.4609,3600000,4730000
2022-11-09 15:27:17.831000,1.46101,1.46097,2930000,1200000
2022-11-09 15:27:17.883000,1.4611,1.46102,3900000,4500000
2022-11-09 15:27:17.934000,1.4611,1.46102,4800000,1200000
2022-11-09 15:27:18.038000,1.46103,1.46095,3600000,7500000
2022-11-09 15:27:18.141000,1.46104,1.46097,3600000,3600000
2022-11-09 15:27:18.243000,1.46107,1.46096,5400000,3600000
2022-11-09 15:27:18.395000,1.46102,1.46095,1200000,1800000
2022-11-09 15:27:18.497000,1.46099,1.46093,3600000,3600000
2022-11-09 15:27:18.772000,1.46099,1.46092,3600000,3600000
2022-11-09 15:27:18.874000,1.46099,1.46091,3600000,3600000
2022-11-09 15:27:19.280000,1.46098,1.4609,4500000,3600000
2022-11-09 15:27:19.555000,1.46099,1.46094,1500000,1200000
2022-11-09 15:27:19.607000,1.46103,1.46095,4640000,3600000
2022-11-09 15:27:19.658000,1.46104,1.46096,4500000,3600000
2022-11-09 15:27:19.759000,1.46104,1.46097,3600000,3600000
2022-11-09 15:27:20.277000,1.46104,1.46094,3600000,3600000
2022-11-09 15:27:20.530000,1.46103,1.46096,3600000,3600000
2022-11-09 15:27:20.632000,1.46103,1.46095,3600000,3600000
2022-11-09 15:27:20.890000,1.46101,1.46095,1200000,3600000
2022-11-09 15:27:20.953000,1.461,1.46093,1200000,3600000
2022-11-09 15:27:21.110000,1.46104,1.46094,4500000,4500000
2022-11-09 15:27:21.211000,1.46104,1.46095,4500000,3600000
2022-11-09 15:27:21.263000,1.46102,1.46094,3600000,3600000
2022-11-09 15:27:21.364000,1.46103,1.46095,3600000,3600000
2022-11-09 15:27:21.517000,1.46099,1.46091,3600000,4500000
2022-11-09 15:27:21.619000,1.46101,1.46091,5840000,4500000
2022-11-09 15:27:21.771000,1.461,1.46091,1200000,4500000
2022-11-09 15:27:22.025000,1.46099,1.46091,3600000,3600000
2022-11-09 15:27:22.126000,1.46099,1.4609,3600000,1500000
2022-11-09 15:27:22.228000,1.46099,1.46091,3600000,3600000
2022-11-09 15:27:22.330000,1.46099,1.4609,3600000,1500000
2022-11-09 15:27:22.468000,1.46099,1.46091,3600000,3600000
2022-11-09 15:27:22.899000,1.46099,1.46092,4500000,3600000
2022-11-09 15:27:22.950000,1.46101,1.46092,1200000,3600000
2022-11-09 15:27:23.052000,1.46101,1.46093,4500000,3600000
2022-11-09 15:27:23.154000,1.461,1.46092,5400000,3600000
2022-11-09 15:27:23.205000,1.46099,1.4609,3600000,4500000
2022-11-09 15:27:23.376000,1.461,1.46094,4940000,2040000
2022-11-09 15:27:23.427000,1.46104,1.46098,4500000,3600000
2022-11-09 15:27:23.580000,1.46104,1.46101,1200000,3600000
2022-11-09 15:27:23.682000,1.46113,1.46107,4200000,3680000
2022-11-09 15:27:23.733000,1.46118,1.46112,1500000,3600000
2022-11-09 15:27:23.788000,1.4612,1.46112,4800000,3600000
2022-11-09 15:27:23.890000,1.46121,1.46115,3600000,3600000
2022-11-09 15:27:23.941000,1.4612,1.46112,3600000,3600000
2022-11-09 15:27:24.043000,1.4612,1.46111,3600000,3600000
2022-11-09 15:27:24.094000,1.4612,1.46113,3600000,3600000
2022-11-09 15:27:24.145000,1.46117,1.46109,3600000,3600000
2022-11-09 15:27:24.197000,1.46115,1.46108,3600000,3600000
2022-11-09 15:27:24.298000,1.4611,1.46104,3600000,3600000
2022-11-09 15:27:24.418000,1.46111,1.46105,4940000,3600000
2022-11-09 15:27:24.571000,1.46111,1.46108,1340000,3600000
2022-11-09 15:27:24.622000,1.46119,1.46112,1500000,3600000
2022-11-09 15:27:24.673000,1.46121,1.46111,3830000,3600000
2022-11-09 15:27:24.977000,1.46121,1.46112,4500000,3600000
2022-11-09 15:27:25.282000,1.46122,1.46114,6300000,3600000
2022-11-09 15:27:25.333000,1.4612,1.46114,3600000,3600000
2022-11-09 15:27:25.435000,1.46121,1.46113,4500000,3600000
2022-11-09 15:27:25.638000,1.46121,1.46114,3600000,3600000
2022-11-09 15:27:25.841000,1.46123,1.46117,4940000,3600000
2022-11-09 15:27:26.027000,1.46123,1.46116,3600000,3600000
2022-11-09 15:27:26.078000,1.46126,1.46116,3600000,3600000
2022-11-09 15:27:26.180000,1.46123,1.46117,3600000,3600000
2022-11-09 15:27:26.231000,1.46125,1.46117,3600000,3600000
2022-11-09 15:27:26.284000,1.46121,1.46115,3600000,3600000
2022-11-09 15:27:26.386000,1.4612,1.46114,3600000,3600000
2022-11-09 15:27:26.437000,1.46122,1.46114,3600000,3600000
2022-11-09 15:27:26.590000,1.46124,1.46117,1340000,3600000
2022-11-09 15:27:26.692000,1.46124,1.46118,3600000,3600000
2022-11-09 15:27:26.793000,1.46125,1.46118,3830000,3600000
2022-11-09 15:27:27.502000,1.46127,1.46118,3830000,3600000
2022-11-09 15:27:27.604000,1.46123,1.46116,3600000,3600000
2022-11-09 15:27:27.707000,1.46121,1.46114,1200000,4500000
2022-11-09 15:27:27.961000,1.46121,1.46113,4940000,3600000
2022-11-09 15:27:28.265000,1.46119,1.46113,1200000,3600000
2022-11-09 15:27:28.367000,1.46121,1.46113,6300000,3600000
2022-11-09 15:27:28.671000,1.46119,1.46112,1200000,3600000
2022-11-09 15:27:28.775000,1.46121,1.46113,3600000,3600000
2022-11-09 15:27:29.353000,1.46122,1.46115,2700000,3600000
2022-11-09 15:27:29.455000,1.46126,1.46117,4270000,3600000
2022-11-09 15:27:29.725000,1.46125,1.46117,3830000,3600000
2022-11-09 15:27:30.030000,1.46126,1.46118,3900000,3600000
2022-11-09 15:27:30.180000,1.46125,1.46119,3830000,3600000
2022-11-09 15:27:30.231000,1.46124,1.46116,4200000,3600000
2022-11-09 15:27:30.282000,1.46125,1.46117,6970000,3600000
2022-11-09 15:27:30.587000,1.46123,1.46115,4040000,3600000
2022-11-09 15:27:30.688000,1.46121,1.46114,3600000,3600000
2022-11-09 15:27:30.790000,1.46122,1.46114,3600000,3600000
2022-11-09 15:27:30.892000,1.46125,1.46118,1800000,3600000
2022-11-09 15:27:31.044000,1.46128,1.46118,1200000,3600000
2022-11-09 15:27:31.096000,1.46129,1.4612,4040000,3600000
2022-11-09 15:27:31.197000,1.4613,1.4612,4040000,3600000
2022-11-09 15:27:31.350000,1.46124,1.46117,1340000,3600000
2022-11-09 15:27:31.401000,1.46121,1.46114,4940000,4040000
2022-11-09 15:27:31.452000,1.4612,1.46112,4040000,3600000
2022-11-09 15:27:31.504000,1.46117,1.4611,3600000,3600000
2022-11-09 15:27:31.605000,1.46117,1.46109,3830000,3600000
2022-11-09 15:27:31.750000,1.46117,1.4611,3600000,3600000
2022-11-09 15:27:31.852000,1.4612,1.46112,3600000,3600000
2022-11-09 15:27:31.954000,1.46123,1.46116,3600000,3600000
2022-11-09 15:27:32.055000,1.46124,1.46116,4270000,3600000
2022-11-09 15:27:32.157000,1.46124,1.46116,3900000,3600000
2022-11-09 15:27:32.259000,1.46121,1.46113,3600000,3600000
2022-11-09 15:27:32.361000,1.46122,1.46115,3600000,3600000
2022-11-09 15:27:32.665000,1.46122,1.46116,3600000,3600000
2022-11-09 15:27:32.716000,1.46125,1.46118,5840000,3600000
2022-11-09 15:27:32.767000,1.46129,1.46122,4040000,3600000
2022-11-09 15:27:32.869000,1.46133,1.46126,4940000,3600000
2022-11-09 15:27:32.971000,1.46132,1.46122,3830000,3600000
2022-11-09 15:27:33.123000,1.46128,1.4612,3600000,3600000
2022-11-09 15:27:33.225000,1.46121,1.46115,3600000,3600000
2022-11-09 15:27:33.327000,1.46122,1.46118,1200000,3600000
2022-11-09 15:27:33.378000,1.46125,1.46117,4940000,3600000
2022-11-09 15:27:33.480000,1.46125,1.46118,3600000,3600000
2022-11-09 15:27:33.762000,1.46125,1.46119,3600000,3600000
2022-11-09 15:27:33.864000,1.46125,1.46117,3600000,3600000
2022-11-09 15:27:33.915000,1.46127,1.4612,3600000,3600000
2022-11-09 15:27:33.966000,1.46126,1.46118,3600000,3600000
2022-11-09 15:27:34.921000,1.46121,1.46114,3600000,3600000
2022-11-09 15:27:35.023000,1.46122,1.46116,1340000,3600000
2022-11-09 15:27:35.110000,1.46126,1.46118,3600000,3600000
2022-11-09 15:27:35.602000,1.46127,1.4612,4040000,3600000
2022-11-09 15:27:35.805000,1.46129,1.46121,4200000,3600000
2022-11-09 15:27:35.907000,1.46129,1.46119,4940000,3600000
2022-11-09 15:27:36.166000,1.46128,1.4612,5100000,3600000
2022-11-09 15:27:36.750000,1.46129,1.46122,1200000,3600000
2022-11-09 15:27:36.852000,1.4613,1.46122,5840000,3600000
2022-11-09 15:27:36.954000,1.46133,1.46129,1200000,1200000
2022-11-09 15:27:37.005000,1.46139,1.46132,3900000,3600000
2022-11-09 15:27:37.056000,1.46137,1.4613,3830000,4500000
2022-11-09 15:27:37.158000,1.46136,1.46132,3600000,1500000
2022-11-09 15:27:37.210000,1.46136,1.46129,4040000,3600000
2022-11-09 15:27:37.312000,1.46136,1.46128,3600000,3600000
2022-11-09 15:27:37.413000,1.46136,1.46129,4500000,3600000
2022-11-09 15:27:37.516000,1.46138,1.46131,4500000,3600000
2022-11-09 15:27:37.618000,1.4614,1.46133,3600000,3600000
2022-11-09 15:27:37.719000,1.4614,1.46132,4040000,3600000
2022-11-09 15:27:37.821000,1.4614,1.46131,3600000,3600000
2022-11-09 15:27:38.176000,1.4614,1.46132,4500000,3600000
2022-11-09 15:27:38.278000,1.4614,1.46133,4040000,3600000
2022-11-09 15:27:38.380000,1.46141,1.46137,1200000,3600000
2022-11-09 15:27:38.431000,1.46147,1.4614,3180000,3600000
2022-11-09 15:27:38.483000,1.46147,1.46139,6480000,3830000
2022-11-09 15:27:38.584000,1.46147,1.4614,5580000,3830000
2022-11-09 15:27:38.750000,1.46147,1.46143,1980000,3600000
2022-11-09 15:27:38.801000,1.4615,1.46143,3600000,3600000
2022-11-09 15:27:38.904000,1.46149,1.46142,4500000,3600000
2022-11-09 15:27:39.005000,1.46149,1.46141,4500000,3600000
2022-11-09 15:27:39.107000,1.46148,1.46141,1200000,3600000
2022-11-09 15:27:39.381000,1.46147,1.46141,1800000,3600000
2022-11-09 15:27:39.432000,1.46143,1.46136,6300000,3600000
2022-11-09 15:27:39.483000,1.46143,1.46138,1800000,3600000
2022-11-09 15:27:39.535000,1.46145,1.46138,3600000,3600000
2022-11-09 15:27:39.636000,1.46146,1.46139,4500000,3600000
2022-11-09 15:27:39.738000,1.46146,1.46142,1200000,3600000
2022-11-09 15:27:39.789000,1.46146,1.4614,1200000,3600000
2022-11-09 15:27:39.841000,1.4615,1.46143,4040000,3600000
2022-11-09 15:27:39.892000,1.46148,1.46143,1200000,3600000
2022-11-09 15:27:40.095000,1.46149,1.46143,1200000,3600000
2022-11-09 15:27:40.197000,1.4615,1.46144,1200000,3600000
2022-11-09 15:27:40.349000,1.4615,1.46146,1200000,3600000
2022-11-09 15:27:40.401000,1.46148,1.4614,1200000,3830000
2022-11-09 15:27:40.452000,1.46147,1.4614,1800000,3600000
2022-11-09 15:27:40.554000,1.46143,1.4614,1200000,3600000
2022-11-09 15:27:40.659000,1.46143,1.46139,1200000,3600000
2022-11-09 15:27:41.319000,1.46148,1.46141,1340000,3600000
2022-11-09 15:27:41.421000,1.46147,1.46143,1200000,3600000
2022-11-09 15:27:41.523000,1.46148,1.46143,1340000,3600000
2022-11-09 15:27:41.574000,1.46148,1.4614,1340000,3600000
2022-11-09 15:27:41.785000,1.46148,1.46141,1340000,3600000
2022-11-09 15:27:42.047000,1.46146,1.4614,1800000,3600000
2022-11-09 15:27:42.099000,1.46145,1.46139,1940000,3600000
2022-11-09 15:27:42.150000,1.46142,1.46139,1200000,3600000
2022-11-09 15:27:42.252000,1.46142,1.46133,3600000,3830000
2022-11-09 15:27:42.354000,1.46142,1.46133,1200000,3600000
2022-11-09 15:27:42.557000,1.46141,1.46136,1200000,3600000
2022-11-09 15:27:42.760000,1.46142,1.46136,1800000,3600000
2022-11-09 15:27:42.924000,1.46141,1.46136,1340000,3600000
2022-11-09 15:27:43.178000,1.46139,1.46135,1200000,3600000
2022-11-09 15:27:43.282000,1.46139,1.46134,1200000,3600000
2022-11-09 15:27:43.384000,1.46141,1.46134,1800000,3600000
2022-11-09 15:27:43.485000,1.46136,1.46133,1200000,3600000
2022-11-09 15:27:43.625000,1.46139,1.46133,1200000,3600000
2022-11-09 15:27:43.726000,1.4614,1.46132,1200000,3600000
2022-11-09 15:27:44.071000,1.46142,1.46132,1200000,3600000
2022-11-09 15:27:44.123000,1.46138,1.4613,2240000,3900000
2022-11-09 15:27:44.275000,1.46138,1.4613,4040000,3600000
2022-11-09 15:27:44.631000,1.46138,1.46128,1800000,3600000
2022-11-09 15:27:44.732000,1.46136,1.4613,1340000,3600000
2022-11-09 15:27:44.834000,1.46138,1.46129,5100000,3600000
2022-11-09 15:27:45.138000,1.46136,1.46126,4040000,3600000
2022-11-09 15:27:45.190000,1.46135,1.46126,2400000,3600000
2022-11-09 15:27:45.292000,1.4613,1.46123,1200000,3600000
2022-11-09 15:27:45.394000,1.4613,1.46122,3600000,3600000
2022-11-09 15:27:45.566000,1.4613,1.46122,3600000,3900000
2022-11-09 15:27:45.668000,1.46131,1.46123,3600000,3600000
2022-11-09 15:27:45.769000,1.46132,1.46123,3600000,3600000
2022-11-09 15:27:46.230000,1.46134,1.46123,5400000,3600000
2022-11-09 15:27:46.331000,1.46134,1.46125,4040000,3600000
2022-11-09 15:27:46.853000,1.46132,1.46122,4040000,3600000
2022-11-09 15:27:47.005000,1.46131,1.46125,4500000,3600000
2022-11-09 15:27:47.157000,1.46132,1.46124,1340000,3600000
2022-11-09 15:27:47.259000,1.46131,1.46125,3600000,3600000
2022-11-09 15:27:47.361000,1.46132,1.46124,1340000,3600000
2022-11-09 15:27:47.564000,1.46136,1.46129,1940000,3600000
2022-11-09 15:27:47.666000,1.46137,1.4613,3600000,3600000
2022-11-09 15:27:47.767000,1.46141,1.4613,6440000,3600000
2022-11-09 15:27:48.022000,1.4614,1.46132,5400000,3600000
2022-11-09 15:27:48.123000,1.46139,1.46133,3600000,3600000
2022-11-09 15:27:48.225000,1.4614,1.46132,1200000,3600000
2022-11-09 15:27:48.327000,1.46141,1.46132,1800000,3600000
2022-11-09 15:27:48.479000,1.46139,1.46131,3600000,3600000
2022-11-09 15:27:48.581000,1.46139,1.46133,3600000,3600000
2022-11-09 15:27:48.684000,1.4614,1.46134,3600000,3600000
2022-11-09 15:27:48.786000,1.46144,1.46135,1800000,3600000
2022-11-09 15:27:48.888000,1.46149,1.4614,1860000,3600000
2022-11-09 15:27:48.990000,1.46148,1.46141,1260000,3600000
2022-11-09 15:27:49.092000,1.46147,1.4614,4500000,3600000
2022-11-09 15:27:49.194000,1.46144,1.46139,1200000,3830000
2022-11-09 15:27:49.295000,1.46145,1.46139,1200000,3600000
2022-11-09 15:27:49.449000,1.46145,1.46138,1200000,3600000
2022-11-09 15:27:49.589000,1.46147,1.46139,5540000,3600000
2022-11-09 15:27:49.691000,1.46147,1.4614,2840000,3600000
2022-11-09 15:27:50.190000,1.46145,1.46136,5540000,3600000
2022-11-09 15:27:50.241000,1.46145,1.46138,1200000,3600000
2022-11-09 15:27:50.343000,1.46145,1.46141,1340000,3600000
2022-11-09 15:27:50.394000,1.46149,1.46141,4040000,3600000
2022-11-09 15:27:50.445000,1.4615,1.46143,6000000,3600000
2022-11-09 15:27:50.547000,1.46146,1.46142,1200000,3600000
2022-11-09 15:27:50.598000,1.46148,1.46141,1340000,3600000
2022-11-09 15:27:50.704000,1.46148,1.46142,1340000,3600000
2022-11-09 15:27:51.027000,1.46147,1.46138,3600000,3600000
2022-11-09 15:27:51.078000,1.46146,1.46136,3600000,3600000
2022-11-09 15:27:51.180000,1.46146,1.46142,1200000,3600000
2022-11-09 15:27:51.232000,1.46149,1.46142,1340000,3600000
2022-11-09 15:27:51.283000,1.46149,1.46139,4040000,3600000
2022-11-09 15:27:51.334000,1.4615,1.46143,5100000,3600000
2022-11-09 15:27:51.385000,1.46149,1.46139,4040000,3600000
2022-11-09 15:27:51.487000,1.46148,1.46139,3600000,3600000
2022-11-09 15:27:51.538000,1.4615,1.46143,1800000,3600000
2022-11-09 15:27:51.690000,1.46149,1.4614,3600000,3600000
2022-11-09 15:27:51.850000,1.46151,1.46144,2400000,3600000
2022-11-09 15:27:51.902000,1.46148,1.46141,3600000,3600000
2022-11-09 15:27:52.003000,1.46147,1.46143,1200000,3600000
2022-11-09 15:27:52.105000,1.46147,1.46138,3600000,3600000
2022-11-09 15:27:52.216000,1.46143,1.46138,1200000,3600000
2022-11-09 15:27:52.318000,1.4614,1.46134,4500000,3600000
2022-11-09 15:27:52.421000,1.4614,1.46136,1200000,3600000
2022-11-09 15:27:52.523000,1.46142,1.46136,3600000,3600000
2022-11-09 15:27:53.563000,1.46143,1.46135,1800000,3600000
2022-11-09 15:27:53.665000,1.46145,1.46139,3600000,3600000
2022-11-09 15:27:53.716000,1.46148,1.46138,3600000,3600000
2022-11-09 15:27:53.818000,1.46148,1.4614,3600000,3600000
2022-11-09 15:27:54.403000,1.46149,1.46144,2400000,3600000
2022-11-09 15:27:54.454000,1.46147,1.46141,1800000,3600000
2022-11-09 15:27:54.506000,1.46144,1.46137,1200000,3600000
2022-11-09 15:27:54.557000,1.46144,1.46139,1200000,3600000
2022-11-09 15:27:54.659000,1.46143,1.46134,1200000,5480000
2022-11-09 15:27:54.710000,1.46143,1.4614,1200000,3600000
2022-11-09 15:27:54.919000,1.46144,1.4614,1200000,3600000
2022-11-09 15:27:55.021000,1.46147,1.46142,1200000,3600000
2022-11-09 15:27:55.123000,1.46147,1.46141,1200000,3600000
2022-11-09 15:27:55.484000,1.46147,1.46141,1800000,3600000
2022-11-09 15:27:55.824000,1.46148,1.46136,1340000,3600000
2022-11-09 15:27:55.947000,1.46147,1.46138,4500000,3600000
2022-11-09 15:27:56.005000,1.46148,1.4614,3600000,3600000
2022-11-09 15:27:56.107000,1.46149,1.46142,1340000,3600000
2022-11-09 15:27:56.208000,1.4615,1.46141,5100000,3600000
2022-11-09 15:27:56.312000,1.46153,1.46145,5100000,3600000
2022-11-09 15:27:56.414000,1.46149,1.46143,3600000,3830000
2022-11-09 15:27:56.465000,1.46151,1.46142,1200000,5240000
2022-11-09 15:27:56.772000,1.46152,1.46146,3600000,3830000
2022-11-09 15:27:57.077000,1.46151,1.46145,3600000,3900000
2022-11-09 15:27:57.178000,1.46152,1.46145,4500000,3900000
2022-11-09 15:27:57.432000,1.46153,1.46148,2700000,3600000
2022-11-09 15:27:57.534000,1.46151,1.46148,1200000,3600000
2022-11-09 15:27:58.070000,1.46147,1.46142,3600000,1500000
2022-11-09 15:27:58.174000,1.46152,1.46145,6070000,3600000
2022-11-09 15:27:58.225000,1.46149,1.46142,3600000,3600000
2022-11-09 15:27:58.327000,1.46151,1.46141,3600000,3600000
2022-11-09 15:27:58.479000,1.46152,1.46145,5540000,3600000
2022-11-09 15:27:58.531000,1.4615,1.46141,3600000,3600000
2022-11-09 15:27:58.734000,1.4615,1.46142,3600000,3600000
2022-11-09 15:27:58.836000,1.46153,1.46149,1200000,3600000
2022-11-09 15:27:58.938000,1.46155,1.4615,1200000,3600000
2022-11-09 15:27:59.040000,1.46155,1.46147,3600000,3600000
2022-11-09 15:27:59.092000,1.46159,1.46148,1200000,1320000
2022-11-09 15:27:59.143000,1.46158,1.4615,3600000,3600000
2022-11-09 15:27:59.244000,1.46158,1.46151,3600000,3600000
2022-11-09 15:27:59.619000,1.46158,1.46152,3600000,5660000
2022-11-09 15:27:59.688000,1.46164,1.46159,1200000,3600000
2022-11-09 15:27:59.739000,1.46163,1.46156,3600000,3600000
2022-11-09 15:27:59.841000,1.46164,1.46159,1200000,3600000
2022-11-09 15:27:59.943000,1.46168,1.4616,3600000,3600000
2022-11-09 15:27:59.994000,1.4617,1.4616,3600000,3600000
2022-11-09 15:28:00.045000,1.46167,1.46159,4500000,3600000
2022-11-09 15:28:00.147000,1.46163,1.46158,1200000,3600000
2022-11-09 15:28:00.198000,1.46161,1.46153,3600000,4040000
2022-11-09 15:28:00.452000,1.46162,1.46156,2240000,3600000
2022-11-09 15:28:00.503000,1.46161,1.46153,3600000,3600000
2022-11-09 15:28:00.554000,1.46162,1.46156,2240000,3600000
2022-11-09 15:28:00.605000,1.46161,1.46151,3600000,3830000
2022-11-09 15:28:00.809000,1.46159,1.46149,3600000,5840000
2022-11-09 15:28:00.911000,1.4616,1.46149,1800000,3600000
2022-11-09 15:28:01.391000,1.4616,1.46153,5400000,3600000
2022-11-09 15:28:01.543000,1.4616,1.46149,1800000,3600000
2022-11-09 15:28:01.695000,1.46162,1.46148,4500000,3600000
2022-11-09 15:28:01.848000,1.4616,1.46149,1200000,3600000
2022-11-09 15:28:02.054000,1.4616,1.46148,1200000,3600000
2022-11-09 15:28:02.156000,1.46156,1.46149,2400000,3600000
2022-11-09 15:28:02.207000,1.46155,1.46147,4500000,3600000
2022-11-09 15:28:02.258000,1.46153,1.46147,2240000,3600000
2022-11-09 15:28:02.309000,1.46153,1.46143,2240000,3600000
2022-11-09 15:28:02.361000,1.46148,1.46142,3600000,3830000
2022-11-09 15:28:02.463000,1.46148,1.46141,5840000,3600000
2022-11-09 15:28:02.514000,1.46146,1.46137,3600000,3600000
2022-11-09 15:28:02.565000,1.46149,1.46141,3600000,3600000
2022-11-09 15:28:02.667000,1.46151,1.46141,3600000,3600000
2022-11-09 15:28:03.102000,1.46153,1.46146,7200000,3600000
2022-11-09 15:28:03.210000,1.46154,1.46146,3600000,3830000
2022-11-09 15:28:03.666000,1.46156,1.46146,4040000,3830000
2022-11-09 15:28:03.717000,1.46156,1.46148,4040000,3600000
2022-11-09 15:28:03.970000,1.46157,1.46146,3600000,3600000
2022-11-09 15:28:04.072000,1.46157,1.46146,3600000,3830000
2022-11-09 15:28:04.174000,1.46163,1.46149,2880000,3600000
2022-11-09 15:28:04.225000,1.46162,1.46152,1980000,5040000
2022-11-09 15:28:04.327000,1.46165,1.46156,1200000,3600000
2022-11-09 15:28:04.430000,1.46163,1.46154,3600000,3600000
2022-11-09 15:28:04.481000,1.46164,1.46157,1200000,3600000
2022-11-09 15:28:04.583000,1.46163,1.46156,3600000,3830000
2022-11-09 15:28:04.684000,1.46167,1.4616,4730000,3600000
2022-11-09 15:28:04.735000,1.46166,1.46156,3600000,3600000
2022-11-09 15:28:04.888000,1.46164,1.46154,1340000,6860000
2022-11-09 15:28:04.990000,1.46165,1.46158,3600000,3600000
2022-11-09 15:28:05.092000,1.46173,1.46168,1260000,3600000
2022-11-09 15:28:05.194000,1.46176,1.46168,3600000,3600000
2022-11-09 15:28:05.245000,1.46178,1.46173,1500000,3600000
2022-11-09 15:28:05.347000,1.4618,1.46173,4500000,3600000
2022-11-09 15:28:05.398000,1.46177,1.46168,3600000,4550000
2022-11-09 15:28:05.450000,1.4618,1.46173,3600000,3600000
2022-11-09 15:28:05.602000,1.46178,1.46168,3600000,3600000
2022-11-09 15:28:05.704000,1.46175,1.46167,1340000,3900000
2022-11-09 15:28:05.756000,1.46175,1.46166,1340000,3600000
2022-11-09 15:28:05.809000,1.46175,1.46167,1200000,3600000
2022-11-09 15:28:05.912000,1.46174,1.46165,3600000,3600000
2022-11-09 15:28:05.963000,1.46176,1.46167,1340000,3600000
2022-11-09 15:28:06.065000,1.46174,1.46169,1200000,3600000
2022-11-09 15:28:06.166000,1.46175,1.46168,4500000,3600000
2022-11-09 15:28:06.268000,1.46179,1.46171,5840000,3600000
2022-11-09 15:28:06.420000,1.46181,1.46173,3600000,3600000
2022-11-09 15:28:06.725000,1.46182,1.46171,3600000,3600000
2022-11-09 15:28:06.827000,1.46181,1.46173,3600000,3600000
2022-11-09 15:28:06.929000,1.46178,1.46169,3600000,2470000
2022-11-09 15:28:06.980000,1.46175,1.46167,1200000,3600000
2022-11-09 15:28:07.031000,1.46175,1.46165,1200000,2030000
2022-11-09 15:28:07.133000,1.46174,1.46166,3600000,3830000
2022-11-09 15:28:07.336000,1.46173,1.46166,3600000,3600000
2022-11-09 15:28:07.438000,1.46174,1.46166,3600000,3600000
2022-11-09 15:28:07.729000,1.46175,1.46172,1200000,3600000
2022-11-09 15:28:07.781000,1.46179,1.46172,3600000,3600000
2022-11-09 15:28:07.882000,1.4618,1.46172,3600000,3600000
2022-11-09 15:28:08.348000,1.46178,1.46168,1200000,2540000
2022-11-09 15:28:08.429000,1.46175,1.46171,1200000,3600000
2022-11-09 15:28:08.531000,1.46175,1.4617,1200000,3600000
2022-11-09 15:28:08.582000,1.46178,1.46171,4940000,3600000
2022-11-09 15:28:08.633000,1.46177,1.46166,3600000,3600000
2022-11-09 15:28:08.685000,1.46179,1.46171,4040000,3600000
2022-11-09 15:28:08.736000,1.4618,1.46168,1200000,3830000
2022-11-09 15:28:08.787000,1.46178,1.46169,3600000,3600000
2022-11-09 15:28:08.940000,1.4618,1.46173,1800000,3600000
2022-11-09 15:28:08.991000,1.46182,1.46174,3600000,3600000
2022-11-09 15:28:09.093000,1.46182,1.46173,3600000,3600000
2022-11-09 15:28:09.448000,1.46183,1.46173,3600000,4320000
2022-11-09 15:28:09.550000,1.46185,1.46177,3600000,3600000
2022-11-09 15:28:09.651000,1.46192,1.46185,1820000,3600000
2022-11-09 15:28:09.804000,1.46192,1.46184,4220000,3600000
2022-11-09 15:28:09.906000,1.46194,1.46182,1800000,3600000
2022-11-09 15:28:09.957000,1.46191,1.46182,3600000,3600000
2022-11-09 15:28:10.160000,1.46194,1.46182,1800000,3600000
2022-11-09 15:28:10.262000,1.46191,1.46182,3600000,3600000
2022-11-09 15:28:10.473000,1.46195,1.46188,4640000,3600000
2022-11-09 15:28:10.525000,1.46196,1.46189,3600000,3600000
2022-11-09 15:28:10.576000,1.46195,1.46185,3600000,3600000
2022-11-09 15:28:10.678000,1.46196,1.46189,1800000,3600000
2022-11-09 15:28:10.830000,1.46196,1.46187,4940000,3600000
2022-11-09 15:28:10.932000,1.46196,1.46186,3140000,3600000
2022-11-09 15:28:11.658000,1.46195,1.46189,3600000,3600000
2022-11-09 15:28:11.760000,1.46196,1.46189,2700000,3600000
2022-11-09 15:28:11.912000,1.46195,1.46185,1800000,3600000
2022-11-09 15:28:12.014000,1.46194,1.46185,3600000,3600000
2022-11-09 15:28:12.116000,1.46193,1.46182,1200000,3900000
2022-11-09 15:28:12.218000,1.46186,1.46179,3600000,4800000
2022-11-09 15:28:12.320000,1.46185,1.46179,1340000,3900000
2022-11-09 15:28:12.422000,1.46187,1.46178,3600000,3600000
2022-11-09 15:28:12.523000,1.46188,1.46178,3600000,3600000
2022-11-09 15:28:12.625000,1.46187,1.46179,3600000,3600000
2022-11-09 15:28:12.727000,1.46185,1.46179,2240000,3600000
2022-11-09 15:28:12.879000,1.46185,1.46174,2240000,4730000
2022-11-09 15:28:12.931000,1.46185,1.46179,1800000,3600000
2022-11-09 15:28:13.033000,1.46186,1.46177,3600000,3600000
2022-11-09 15:28:13.135000,1.46186,1.46178,5100000,3600000
2022-11-09 15:28:13.186000,1.46184,1.46173,3600000,3600000
2022-11-09 15:28:13.389000,1.46184,1.46174,4040000,3600000
2022-11-09 15:28:13.440000,1.46187,1.46178,1200000,3600000
2022-11-09 15:28:13.491000,1.46189,1.46179,1800000,3600000
2022-11-09 15:28:13.542000,1.46185,1.46179,1200000,3600000
2022-11-09 15:28:13.644000,1.46183,1.46176,3600000,3600000
2022-11-09 15:28:13.746000,1.46186,1.46176,3600000,3600000
2022-11-09 15:28:13.848000,1.46186,1.46178,3600000,3600000
2022-11-09 15:28:14.065000,1.46187,1.46179,4940000,3600000
2022-11-09 15:28:14.166000,1.46187,1.46179,5100000,3600000
2022-11-09 15:28:14.217000,1.46186,1.46179,1200000,3600000
2022-11-09 15:28:14.269000,1.46183,1.46175,3600000,3600000
2022-11-09 15:28:14.320000,1.46183,1.46173,3600000,3600000
2022-11-09 15:28:14.624000,1.46184,1.46173,1340000,3830000
2022-11-09 15:28:14.733000,1.46183,1.46173,3600000,3600000
2022-11-09 15:28:14.835000,1.46183,1.46174,3600000,3600000
2022-11-09 15:28:14.936000,1.46183,1.46175,3600000,3600000
2022-11-09 15:28:15.038000,1.46183,1.46174,3600000,3600000
2022-11-09 15:28:15.395000,1.46185,1.46177,4640000,3600000
2022-11-09 15:28:15.497000,1.46187,1.46178,4200000,4140000
2022-11-09 15:28:15.599000,1.46188,1.46178,3600000,4500000
2022-11-09 15:28:15.751000,1.46188,1.46177,3600000,3830000
2022-11-09 15:28:15.853000,1.46185,1.46179,1200000,3600000
2022-11-09 15:28:16.057000,1.46186,1.46177,3600000,3600000
2022-11-09 15:28:16.108000,1.46187,1.46179,6740000,3600000
2022-11-09 15:28:16.209000,1.46185,1.46179,1200000,3600000
2022-11-09 15:28:16.261000,1.46185,1.46177,4500000,3600000
2022-11-09 15:28:16.363000,1.46184,1.46174,3600000,3600000
2022-11-09 15:28:16.414000,1.46185,1.46177,6300000,3600000
2022-11-09 15:28:16.516000,1.46187,1.4618,1200000,3600000
2022-11-09 15:28:16.567000,1.46188,1.4618,3600000,3600000
2022-11-09 15:28:16.669000,1.46189,1.46181,4500000,3600000
2022-11-09 15:28:16.791000,1.46187,1.46179,3600000,3600000
2022-11-09 15:28:16.994000,1.46187,1.4618,3600000,3600000
2022-11-09 15:28:17.146000,1.46189,1.4618,3600000,3600000
2022-11-09 15:28:17.299000,1.46188,1.46182,1200000,3600000
2022-11-09 15:28:17.350000,1.46188,1.46179,4940000,3600000
2022-11-09 15:28:17.401000,1.46185,1.46179,1200000,3600000
2022-11-09 15:28:17.519000,1.46184,1.46177,3600000,3600000
2022-11-09 15:28:17.570000,1.46185,1.4618,1340000,1200000
2022-11-09 15:28:17.672000,1.4619,1.46182,3600000,3600000
2022-11-09 15:28:17.774000,1.46189,1.46181,3600000,3600000
2022-11-09 15:28:17.876000,1.4619,1.46181,3600000,3600000
2022-11-09 15:28:17.992000,1.4619,1.46179,3600000,3600000
2022-11-09 15:28:18.100000,1.4619,1.46181,3600000,3600000
2022-11-09 15:28:18.360000,1.46191,1.46182,4940000,3600000
2022-11-09 15:28:18.462000,1.46191,1.46179,3600000,7960000
2022-11-09 15:28:18.564000,1.46192,1.46183,4730000,3600000
2022-11-09 15:28:18.822000,1.46192,1.46182,3830000,3600000
2022-11-09 15:28:18.924000,1.46194,1.46184,3600000,3600000
2022-11-09 15:28:19.026000,1.46196,1.46186,1200000,3830000
2022-11-09 15:28:19.539000,1.46196,1.4619,1800000,3830000
2022-11-09 15:28:19.591000,1.46199,1.4619,3600000,3900000
2022-11-09 15:28:19.642000,1.462,1.46193,3600000,3600000
2022-11-09 15:28:19.744000,1.462,1.46192,3600000,3600000
2022-11-09 15:28:19.845000,1.462,1.46191,3600000,3830000
2022-11-09 15:28:19.947000,1.462,1.4619,3600000,3600000
2022-11-09 15:28:20.049000,1.46194,1.46187,3600000,4430000
2022-11-09 15:28:20.100000,1.46194,1.46184,3600000,5710000
2022-11-09 15:28:20.202000,1.46189,1.4618,3600000,9440000
2022-11-09 15:28:20.304000,1.46189,1.4618,3600000,3600000
2022-11-09 15:28:20.406000,1.46189,1.46181,3600000,3600000
2022-11-09 15:28:20.507000,1.46189,1.4618,3600000,3600000
2022-11-09 15:28:20.629000,1.46192,1.46181,3600000,3600000
2022-11-09 15:28:20.681000,1.4619,1.4618,3600000,3600000
2022-11-09 15:28:20.782000,1.46189,1.4618,3600000,3600000
2022-11-09 15:28:20.884000,1.46189,1.46179,3600000,3600000
2022-11-09 15:28:21.037000,1.46188,1.46179,1200000,3600000
2022-11-09 15:28:21.088000,1.46182,1.46175,3600000,4270000
2022-11-09 15:28:21.190000,1.46177,1.46167,3600000,3830000
2022-11-09 15:28:21.292000,1.46177,1.46168,4500000,4440000
2022-11-09 15:28:21.394000,1.46179,1.4617,3600000,3600000
2022-11-09 15:28:21.446000,1.4618,1.46172,3600000,3600000
2022-11-09 15:28:22.581000,1.46177,1.46172,1200000,3600000
2022-11-09 15:28:22.633000,1.46174,1.46166,1200000,3600000
2022-11-09 15:28:22.735000,1.46174,1.46166,1800000,3600000
2022-11-09 15:28:22.938000,1.46173,1.46164,4040000,3600000
2022-11-09 15:28:23.040000,1.46172,1.46163,3600000,3600000
2022-11-09 15:28:23.091000,1.4617,1.46163,3600000,3600000
2022-11-09 15:28:23.142000,1.46168,1.4616,3600000,4040000
2022-11-09 15:28:23.244000,1.46169,1.46163,1200000,3600000
2022-11-09 15:28:23.295000,1.46172,1.46163,3600000,3600000
2022-11-09 15:28:23.397000,1.46173,1.46163,3600000,3600000
2022-11-09 15:28:23.499000,1.46172,1.46162,3600000,3600000
2022-11-09 15:28:23.601000,1.46173,1.46162,4040000,4500000
2022-11-09 15:28:23.652000,1.46173,1.46164,4040000,3600000
2022-11-09 15:28:23.754000,1.46173,1.46165,3600000,3600000
2022-11-09 15:28:23.856000,1.46173,1.46164,3600000,3600000
2022-11-09 15:28:24.047000,1.46172,1.46165,3600000,3600000
2022-11-09 15:28:24.556000,1.46173,1.46164,4500000,3600000
2022-11-09 15:28:24.972000,1.46172,1.46165,3600000,3600000
2022-11-09 15:28:25.074000,1.46174,1.46164,3600000,3600000
2022-11-09 15:28:25.540000,1.46174,1.46165,4500000,3830000
2022-11-09 15:28:25.647000,1.46174,1.46168,3600000,3600000
2022-11-09 15:28:25.749000,1.46181,1.46172,4500000,3600000
2022-11-09 15:28:25.800000,1.46179,1.46172,3600000,3600000
2022-11-09 15:28:25.902000,1.46173,1.46166,3600000,3600000
2022-11-09 15:28:26.054000,1.46173,1.46165,3600000,3600000
2022-11-09 15:28:26.207000,1.46172,1.46163,3600000,3600000
2022-11-09 15:28:26.911000,1.46172,1.46162,3600000,3600000
2022-11-09 15:28:27.114000,1.46171,1.46164,3600000,3600000
2022-11-09 15:28:27.216000,1.46172,1.46164,3600000,5220000
2022-11-09 15:28:27.267000,1.46175,1.46168,1200000,3600000
2022-11-09 15:28:27.318000,1.46176,1.46168,3600000,3600000
2022-11-09 15:28:27.370000,1.46179,1.4617,5400000,3600000
2022-11-09 15:28:27.471000,1.4618,1.4617,3600000,3600000
2022-11-09 15:28:27.624000,1.4618,1.46171,3600000,3600000
2022-11-09 15:28:27.878000,1.46181,1.46173,3600000,3600000
2022-11-09 15:28:27.979000,1.4618,1.46172,1200000,3600000
2022-11-09 15:28:28.081000,1.46181,1.46168,4500000,3600000
2022-11-09 15:28:28.132000,1.4618,1.46172,1200000,3600000
2022-11-09 15:28:28.597000,1.4618,1.46173,1200000,3600000
2022-11-09 15:28:28.699000,1.46181,1.46173,3600000,3600000
2022-11-09 15:28:28.801000,1.46182,1.46174,4500000,3600000
2022-11-09 15:28:29.004000,1.46183,1.46175,2880000,3600000
2022-11-09 15:28:29.106000,1.46181,1.46173,4500000,3600000
2022-11-09 15:28:29.208000,1.46182,1.46174,5840000,3600000
2022-11-09 15:28:29.338000,1.46181,1.46173,3600000,3600000
2022-11-09 15:28:29.606000,1.46183,1.46173,4940000,3600000
2022-11-09 15:28:30.147000,1.46181,1.46174,1200000,3600000
2022-11-09 15:28:30.553000,1.46182,1.46174,4940000,3600000
2022-11-09 15:28:31.977000,1.46183,1.46175,1200000,3600000
2022-11-09 15:28:32.079000,1.46188,1.46179,4940000,3600000
2022-11-09 15:28:32.130000,1.46186,1.46178,5400000,3600000
2022-11-09 15:28:32.232000,1.46188,1.46179,5540000,3600000
2022-11-09 15:28:32.283000,1.46188,1.4618,4640000,3600000
2022-11-09 15:28:32.385000,1.4619,1.46182,3600000,3600000
2022-11-09 15:28:32.487000,1.46192,1.46183,4040000,3600000
2022-11-09 15:28:32.691000,1.46193,1.46181,1800000,4940000
2022-11-09 15:28:32.742000,1.46191,1.46182,3600000,3600000
2022-11-09 15:28:32.843000,1.46192,1.46184,4040000,3600000
2022-11-09 15:28:33.134000,1.46193,1.46185,2840000,3600000
2022-11-09 15:28:33.236000,1.46194,1.46184,1800000,3600000
2022-11-09 15:28:33.338000,1.46192,1.46184,3600000,3600000
2022-11-09 15:28:33.440000,1.46193,1.46185,2240000,3600000
2022-11-09 15:28:33.550000,1.46192,1.46183,3600000,3600000
2022-11-09 15:28:34.154000,1.46193,1.46184,6740000,3600000
2022-11-09 15:28:34.458000,1.46193,1.46185,1340000,3600000
2022-11-09 15:28:34.509000,1.46195,1.46186,6920000,3600000
2022-11-09 15:28:34.560000,1.46193,1.46185,1800000,3600000
2022-11-09 15:28:34.662000,1.46192,1.46184,3600000,3600000
2022-11-09 15:28:34.764000,1.46192,1.46183,3600000,3600000
2022-11-09 15:28:34.866000,1.46192,1.46184,3600000,3600000
2022-11-09 15:28:35.019000,1.46193,1.46184,6740000,3600000
2022-11-09 15:28:35.070000,1.46194,1.4618,4940000,3830000
2022-11-09 15:28:35.121000,1.46193,1.46185,1200000,3600000
2022-11-09 15:28:35.325000,1.46191,1.46182,3600000,3600000
2022-11-09 15:28:35.475000,1.46192,1.46185,1200000,3600000
2022-11-09 15:28:35.578000,1.46192,1.46184,4940000,3600000
2022-11-09 15:28:35.679000,1.4619,1.46182,3600000,3600000
2022-11-09 15:28:35.781000,1.46191,1.46182,4500000,3600000
2022-11-09 15:28:35.934000,1.4619,1.46183,1200000,3600000
2022-11-09 15:28:36.036000,1.46191,1.46186,1200000,3600000
2022-11-09 15:28:36.087000,1.46195,1.46186,6300000,3600000
2022-11-09 15:28:36.189000,1.46196,1.46188,5400000,3600000
2022-11-09 15:28:36.240000,1.46195,1.46186,3600000,3600000
2022-11-09 15:28:36.814000,1.46194,1.46186,3600000,3830000
2022-11-09 15:28:36.865000,1.46196,1.46188,5840000,3600000
2022-11-09 15:28:37.017000,1.46198,1.46186,1200000,3600000
2022-11-09 15:28:37.119000,1.46195,1.46186,3600000,3600000
2022-11-09 15:28:37.502000,1.46195,1.46187,3600000,3600000
2022-11-09 15:28:37.553000,1.46197,1.46186,4940000,3900000
2022-11-09 15:28:37.705000,1.46195,1.46186,3600000,3900000
2022-11-09 15:28:37.807000,1.46195,1.46186,3600000,3600000
2022-11-09 15:28:37.909000,1.46194,1.46185,3600000,3600000
2022-11-09 15:28:38.565000,1.46194,1.46186,3600000,3600000
2022-11-09 15:28:38.768000,1.46196,1.46185,3600000,3830000
2022-11-09 15:28:40.142000,1.46194,1.46183,3600000,4800000
2022-11-09 15:28:40.244000,1.46189,1.46182,3600000,1500000
2022-11-09 15:28:40.295000,1.46189,1.46181,3600000,3830000
2022-11-09 15:28:40.471000,1.4619,1.4618,3600000,4340000
2022-11-09 15:28:40.775000,1.46191,1.46181,5840000,3830000
2022-11-09 15:28:40.877000,1.4619,1.46182,3600000,3600000
2022-11-09 15:28:40.978000,1.46191,1.46181,4040000,3830000
2022-11-09 15:28:41.122000,1.4619,1.46182,3600000,3600000
2022-11-09 15:28:41.278000,1.4619,1.46183,3600000,3600000
2022-11-09 15:28:41.367000,1.46192,1.46183,3600000,3600000
2022-11-09 15:28:41.677000,1.46193,1.46186,1390000,3600000
2022-11-09 15:28:41.728000,1.46195,1.46187,3600000,3600000
2022-11-09 15:28:41.830000,1.46195,1.46186,3600000,3600000
2022-11-09 15:28:42.024000,1.46192,1.46186,1200000,3600000
2022-11-09 15:28:42.125000,1.46185,1.46182,3600000,1200000
2022-11-09 15:28:42.177000,1.46185,1.46175,3600000,3830000
2022-11-09 15:28:42.329000,1.46185,1.46177,3600000,3600000
2022-11-09 15:28:42.684000,1.46188,1.46184,1940000,3600000
2022-11-09 15:28:42.735000,1.46193,1.46183,3600000,3830000
2022-11-09 15:28:42.837000,1.46192,1.46184,3600000,3600000
2022-11-09 15:28:42.938000,1.46192,1.46185,3600000,3600000
2022-11-09 15:28:43.141000,1.46194,1.46186,3600000,3600000
2022-11-09 15:28:43.243000,1.46195,1.46185,3600000,3830000
2022-11-09 15:28:43.345000,1.46194,1.46185,3600000,3600000
2022-11-09 15:28:43.701000,1.46194,1.46184,4500000,3600000
2022-11-09 15:28:43.809000,1.46193,1.46184,3600000,3600000
2022-11-09 15:28:44.505000,1.46194,1.46182,3600000,3600000
2022-11-09 15:28:44.989000,1.46193,1.46184,3600000,3600000
2022-11-09 15:28:45.621000,1.46188,1.46184,1200000,3600000
2022-11-09 15:28:45.723000,1.46186,1.46176,4040000,3600000
2022-11-09 15:28:45.825000,1.46185,1.46178,5240000,4500000
2022-11-09 15:28:45.876000,1.46186,1.46178,4870000,1200000
2022-11-09 15:28:45.978000,1.46185,1.46177,4270000,1200000
2022-11-09 15:28:46.080000,1.46186,1.4618,3600000,1200000
2022-11-09 15:28:46.182000,1.46187,1.4618,3600000,1200000
2022-11-09 15:28:46.284000,1.46187,1.46179,3600000,1200000
2022-11-09 15:28:46.436000,1.46185,1.46179,3830000,1200000
2022-11-09 15:28:46.487000,1.46185,1.46177,4730000,4500000
2022-11-09 15:28:46.589000,1.46185,1.46177,4800000,4500000
2022-11-09 15:28:46.694000,1.46185,1.46177,4500000,4500000
2022-11-09 15:28:46.796000,1.46185,1.46176,3600000,1200000
2022-11-09 15:28:47.186000,1.46186,1.46176,3830000,1200000
2022-11-09 15:28:47.463000,1.46184,1.46177,3600000,1200000
2022-11-09 15:28:47.564000,1.46183,1.46177,3600000,1200000
2022-11-09 15:28:47.666000,1.46184,1.46177,3600000,3600000
2022-11-09 15:28:47.768000,1.46184,1.46178,3600000,1200000
2022-11-09 15:28:48.326000,1.46185,1.46178,3600000,1200000
2022-11-09 15:28:48.874000,1.46184,1.46178,3600000,1200000
2022-11-09 15:28:48.976000,1.46184,1.46177,3600000,4500000
2022-11-09 15:28:49.457000,1.46185,1.46177,3600000,4500000
2022-11-09 15:28:49.560000,1.46186,1.46178,3600000,3600000
2022-11-09 15:28:49.662000,1.46187,1.46181,1200000,3600000
2022-11-09 15:28:49.764000,1.46189,1.46182,3600000,1200000
2022-11-09 15:28:49.999000,1.46191,1.46183,1340000,1200000
2022-11-09 15:28:50.050000,1.46191,1.46185,3600000,1200000
2022-11-09 15:28:50.405000,1.46191,1.46182,4500000,1200000
2022-11-09 15:28:50.507000,1.46188,1.46182,3600000,1200000
2022-11-09 15:28:50.700000,1.46186,1.46182,3600000,1200000
2022-11-09 15:28:50.801000,1.46185,1.46181,3600000,1200000
2022-11-09 15:28:50.903000,1.46186,1.46179,4040000,1200000
2022-11-09 15:28:51.033000,1.46185,1.46179,4040000,4500000
2022-11-09 15:28:51.135000,1.46185,1.4618,4040000,1200000
2022-11-09 15:28:51.236000,1.46185,1.46178,4640000,1200000
2022-11-09 15:28:51.338000,1.46184,1.46176,4040000,3600000
2022-11-09 15:28:51.440000,1.46184,1.46178,4040000,3600000
2022-11-09 15:28:51.541000,1.46183,1.46176,3600000,3600000
2022-11-09 15:28:51.643000,1.46182,1.46176,3600000,3600000
2022-11-09 15:28:51.745000,1.46182,1.46175,4200000,3600000
2022-11-09 15:28:51.796000,1.46176,1.46172,3600000,1200000
2022-11-09 15:28:51.847000,1.46179,1.46169,4940000,3600000
2022-11-09 15:28:52.101000,1.46175,1.46167,3600000,4040000
2022-11-09 15:28:52.203000,1.46173,1.46166,3600000,3600000
2022-11-09 15:28:52.305000,1.46174,1.46165,4040000,3600000
2022-11-09 15:28:52.406000,1.46176,1.46165,4940000,3600000
2022-11-09 15:28:52.897000,1.46175,1.46166,6000000,3600000
2022-11-09 15:28:52.999000,1.46173,1.46164,3600000,4200000
2022-11-09 15:28:53.136000,1.46173,1.46166,3600000,3600000
2022-11-09 15:28:53.243000,1.46173,1.46164,3600000,4200000
2022-11-09 15:28:53.598000,1.46174,1.46167,4040000,3600000
2022-11-09 15:28:53.801000,1.46173,1.46165,3600000,3600000
2022-11-09 15:28:53.852000,1.46174,1.46167,1200000,3600000
2022-11-09 15:28:54.272000,1.46175,1.46168,4200000,1320000
2022-11-09 15:28:54.374000,1.46182,1.46174,5400000,1200000
2022-11-09 15:28:54.526000,1.4618,1.46174,3600000,1200000
2022-11-09 15:28:54.678000,1.4618,1.46173,3600000,1200000
2022-11-09 15:28:55.376000,1.46176,1.46173,4040000,1200000
2022-11-09 15:28:55.478000,1.46176,1.46169,4040000,4500000
2022-11-09 15:28:55.580000,1.46177,1.46169,3600000,4500000
2022-11-09 15:28:55.682000,1.46179,1.46173,1200000,3600000
2022-11-09 15:28:55.783000,1.46181,1.46173,5100000,4500000
2022-11-09 15:28:55.885000,1.46181,1.46174,3600000,1200000
2022-11-09 15:28:55.987000,1.46183,1.46174,4940000,1200000
2022-11-09 15:28:56.089000,1.46183,1.46175,4940000,1200000
2022-11-09 15:28:56.557000,1.46184,1.46177,4500000,4500000
2022-11-09 15:28:56.659000,1.46184,1.46178,4040000,1200000
2022-11-09 15:28:56.760000,1.46185,1.46178,4940000,1200000
2022-11-09 15:28:57.065000,1.46186,1.46179,4500000,1200000
2022-11-09 15:28:57.166000,1.46185,1.46179,3600000,1200000
2022-11-09 15:28:57.369000,1.46188,1.46182,1200000,1200000
2022-11-09 15:28:57.422000,1.46189,1.46182,4040000,1200000
2022-11-09 15:28:57.524000,1.46189,1.46183,4040000,1200000
2022-11-09 15:28:57.676000,1.46191,1.46184,4040000,1200000
2022-11-09 15:28:57.778000,1.4619,1.46183,3600000,1200000
2022-11-09 15:28:57.880000,1.4619,1.46183,4200000,1200000
2022-11-09 15:28:57.982000,1.4619,1.46182,4200000,3600000
2022-11-09 15:28:58.083000,1.4619,1.46182,3600000,3600000
2022-11-09 15:28:58.185000,1.46191,1.46183,4500000,3600000
2022-11-09 15:28:58.287000,1.46191,1.46185,3600000,1200000
2022-11-09 15:28:58.440000,1.46193,1.46184,3600000,1200000
2022-11-09 15:28:58.542000,1.46192,1.46186,3600000,1200000
2022-11-09 15:28:58.667000,1.46193,1.46186,4040000,1200000
2022-11-09 15:28:59.429000,1.46192,1.46186,3600000,1200000
2022-11-09 15:28:59.531000,1.46192,1.46185,3600000,1200000
2022-11-09 15:28:59.809000,1.46191,1.46185,3600000,1200000
2022-11-09 15:29:00.218000,1.46191,1.46185,4200000,1200000
2022-11-09 15:29:00.320000,1.4619,1.46183,4040000,1200000
2022-11-09 15:29:00.422000,1.4619,1.46182,4040000,4500000
2022-11-09 15:29:00.524000,1.46192,1.46183,4500000,1200000
2022-11-09 15:29:00.625000,1.46192,1.46185,4500000,1200000
2022-11-09 15:29:00.727000,1.46191,1.46185,3600000,1200000
2022-11-09 15:29:01.189000,1.46186,1.46183,2700000,3600000
2022-11-09 15:29:01.290000,1.46186,1.46178,4040000,3600000
2022-11-09 15:29:01.530000,1.46185,1.46178,4040000,4500000
2022-11-09 15:29:01.733000,1.46186,1.4618,4640000,1200000
2022-11-09 15:29:01.835000,1.46188,1.46179,5100000,1200000
2022-11-09 15:29:01.937000,1.4619,1.46183,4040000,3600000
2022-11-09 15:29:01.988000,1.46193,1.46185,6980000,1200000
2022-11-09 15:29:02.093000,1.46193,1.46186,4040000,1200000
2022-11-09 15:29:02.742000,1.46196,1.46186,4500000,4500000
2022-11-09 15:29:02.844000,1.46194,1.46189,3600000,1200000
2022-11-09 15:29:02.946000,1.46196,1.46189,4640000,4500000
2022-11-09 15:29:03.402000,1.46196,1.46189,4500000,1200000
2022-11-09 15:29:03.554000,1.46195,1.46189,3600000,1200000
2022-11-09 15:29:03.707000,1.46195,1.46187,4040000,3600000
2022-11-09 15:29:03.809000,1.46194,1.46187,3600000,3600000
2022-11-09 15:29:03.915000,1.46195,1.46185,3600000,3600000
2022-11-09 15:29:04.130000,1.46194,1.46184,4200000,3600000
2022-11-09 15:29:04.231000,1.46192,1.46184,4040000,3600000
2022-11-09 15:29:04.283000,1.46191,1.46184,1320000,3600000
2022-11-09 15:29:04.385000,1.46184,1.46179,3600000,1640000
2022-11-09 15:29:04.487000,1.46187,1.46179,1200000,3600000
2022-11-09 15:29:04.538000,1.46187,1.4618,4040000,3600000
2022-11-09 15:29:04.690000,1.46186,1.46179,3600000,3600000
2022-11-09 15:29:04.947000,1.46188,1.46178,4200000,3830000
2022-11-09 15:29:05.099000,1.46186,1.46179,3600000,3600000
2022-11-09 15:29:05.222000,1.46187,1.46178,6480000,4500000
2022-11-09 15:29:05.273000,1.46187,1.4618,2420000,3600000
2022-11-09 15:29:05.476000,1.46187,1.46178,6020000,4500000
2022-11-09 15:29:05.656000,1.46187,1.4618,6020000,3600000
2022-11-09 15:29:05.757000,1.46191,1.46183,3600000,3600000
2022-11-09 15:29:06.464000,1.46189,1.4618,1200000,3600000
2022-11-09 15:29:06.565000,1.46189,1.46181,3600000,3600000
2022-11-09 15:29:06.667000,1.46195,1.46185,4040000,3600000
2022-11-09 15:29:06.820000,1.46193,1.46185,3600000,3600000
2022-11-09 15:29:06.921000,1.46191,1.46183,3600000,3600000
2022-11-09 15:29:07.023000,1.46188,1.46182,3600000,3600000
2022-11-09 15:29:07.074000,1.4619,1.46182,4040000,3600000
2022-11-09 15:29:07.398000,1.46187,1.4618,3600000,3600000
2022-11-09 15:29:07.450000,1.46186,1.46178,6740000,3600000
2022-11-09 15:29:07.501000,1.46185,1.46177,4200000,3600000
2022-11-09 15:29:08.062000,1.46186,1.46178,4640000,3600000
2022-11-09 15:29:08.165000,1.46187,1.46179,3600000,3600000
2022-11-09 15:29:08.735000,1.46187,1.46178,3600000,3600000
2022-11-09 15:29:09.041000,1.46185,1.46177,4500000,3600000
2022-11-09 15:29:09.142000,1.46184,1.46178,4040000,3600000
2022-11-09 15:29:09.244000,1.46185,1.46179,4040000,3600000
2022-11-09 15:29:09.347000,1.4619,1.46181,4800000,3600000
2022-11-09 15:29:09.449000,1.46188,1.46181,3600000,3600000
2022-11-09 15:29:09.551000,1.4619,1.4618,4040000,3600000
2022-11-09 15:29:09.653000,1.46189,1.46181,3600000,4200000
2022-11-09 15:29:09.704000,1.46193,1.46181,4500000,4040000
2022-11-09 15:29:09.755000,1.46193,1.46184,3600000,6080000
2022-11-09 15:29:09.806000,1.46196,1.46185,3600000,3600000
2022-11-09 15:29:09.908000,1.46195,1.46187,4200000,3600000
2022-11-09 15:29:09.959000,1.46196,1.46188,4040000,3600000
2022-11-09 15:29:10.061000,1.46195,1.46186,4040000,3600000
2022-11-09 15:29:10.163000,1.46193,1.46185,3600000,4040000
2022-11-09 15:29:10.214000,1.46195,1.46184,1340000,4200000
2022-11-09 15:29:10.316000,1.46195,1.46184,4040000,3600000
2022-11-09 15:29:10.367000,1.46196,1.46185,3600000,3600000
2022-11-09 15:29:10.498000,1.46195,1.46187,3600000,3600000
2022-11-09 15:29:11.130000,1.46194,1.46188,3600000,3600000
2022-11-09 15:29:11.446000,1.46195,1.46187,3600000,3600000
2022-11-09 15:29:11.548000,1.46188,1.46184,3600000,1340000
2022-11-09 15:29:11.599000,1.4619,1.4618,4040000,3600000
2022-11-09 15:29:11.903000,1.4619,1.46182,3600000,3600000
2022-11-09 15:29:12.132000,1.46191,1.46182,4040000,3600000
2022-11-09 15:29:12.234000,1.46192,1.46181,4940000,4040000
2022-11-09 15:29:12.336000,1.46192,1.46183,4040000,3600000
2022-11-09 15:29:12.488000,1.46191,1.46183,3600000,3600000
2022-11-09 15:29:13.007000,1.46187,1.46179,4640000,1200000
2022-11-09 15:29:13.058000,1.46186,1.46177,1200000,3600000
2022-11-09 15:29:13.160000,1.46186,1.46176,4940000,3600000
2022-11-09 15:29:13.312000,1.46185,1.46177,4640000,3600000
2022-11-09 15:29:13.414000,1.46186,1.46175,5100000,3600000
2022-11-09 15:29:13.769000,1.46185,1.46177,4640000,3600000
2022-11-09 15:29:13.871000,1.46185,1.46177,4500000,3600000
2022-11-09 15:29:14.074000,1.46186,1.46179,1800000,3600000
2022-11-09 15:29:14.125000,1.46187,1.4618,3600000,3600000
2022-11-09 15:29:14.176000,1.46186,1.46178,4200000,4500000
2022-11-09 15:29:14.278000,1.46182,1.46175,3600000,3600000
2022-11-09 15:29:14.380000,1.4618,1.46173,1340000,3600000
2022-11-09 15:29:14.431000,1.46179,1.46169,3600000,3830000
2022-11-09 15:29:14.635000,1.46179,1.46171,3600000,3600000
2022-11-09 15:29:15.054000,1.46178,1.4617,3600000,3600000
2022-11-09 15:29:15.257000,1.46179,1.4617,3600000,3600000
2022-11-09 15:29:15.308000,1.4618,1.46172,3600000,3600000
2022-11-09 15:29:15.359000,1.46182,1.46173,3600000,3600000
2022-11-09 15:29:15.781000,1.46181,1.46173,3600000,3600000
2022-11-09 15:29:16.123000,1.46182,1.46172,6000000,3600000
2022-11-09 15:29:16.174000,1.46178,1.4617,3600000,3600000
2022-11-09 15:29:16.296000,1.46178,1.46171,3600000,3600000
2022-11-09 15:29:16.615000,1.46178,1.4617,3600000,3600000
2022-11-09 15:29:16.671000,1.46174,1.46166,3600000,3600000
2022-11-09 15:29:16.775000,1.46173,1.46166,1200000,3600000
2022-11-09 15:29:16.876000,1.46172,1.46165,3600000,3600000
2022-11-09 15:29:17.029000,1.46172,1.46164,3600000,3600000
2022-11-09 15:29:17.140000,1.46169,1.46162,1800000,3600000
2022-11-09 15:29:17.191000,1.46167,1.46159,3600000,3600000
2022-11-09 15:29:17.242000,1.46169,1.46161,3600000,3600000
2022-11-09 15:29:17.344000,1.46172,1.46162,3900000,3600000
2022-11-09 15:29:17.395000,1.46173,1.46162,4940000,3600000
2022-11-09 15:29:17.446000,1.46172,1.46164,3600000,3600000
2022-11-09 15:29:17.751000,1.46172,1.46163,3600000,3600000
2022-11-09 15:29:17.852000,1.46172,1.46164,3600000,3600000
2022-11-09 15:29:18.131000,1.46171,1.46163,3600000,3600000
2022-11-09 15:29:18.385000,1.46172,1.46164,3600000,3600000
2022-11-09 15:29:18.487000,1.46173,1.46164,3600000,3600000
2022-11-09 15:29:18.589000,1.46173,1.46163,3600000,3600000
2022-11-09 15:29:18.640000,1.46172,1.46162,3600000,3600000
2022-11-09 15:29:18.741000,1.46171,1.46163,3600000,3600000
2022-11-09 15:29:19.030000,1.46173,1.46161,3600000,4500000
2022-11-09 15:29:19.081000,1.46172,1.46164,3600000,3600000
2022-11-09 15:29:19.773000,1.46173,1.46167,4040000,1320000
2022-11-09 15:29:19.877000,1.46182,1.46171,1340000,3600000
2022-11-09 15:29:19.979000,1.46183,1.46172,4500000,3600000
2022-11-09 15:29:20.081000,1.46183,1.46174,4500000,3600000
2022-11-09 15:29:20.335000,1.46181,1.46173,5400000,3600000
2022-11-09 15:29:20.437000,1.46177,1.46169,3600000,3830000
2022-11-09 15:29:20.640000,1.46174,1.46166,3600000,3600000
2022-11-09 15:29:21.652000,1.46173,1.46165,4040000,3600000
2022-11-09 15:29:21.754000,1.46172,1.46164,3600000,3600000
2022-11-09 15:29:21.954000,1.46172,1.46165,3600000,3600000
2022-11-09 15:29:22.132000,1.46172,1.46164,3600000,3600000
2022-11-09 15:29:22.285000,1.46171,1.46163,3600000,3600000
2022-11-09 15:29:22.386000,1.46172,1.46163,4500000,3600000
2022-11-09 15:29:22.538000,1.4617,1.46163,3600000,3600000
2022-11-09 15:29:22.847000,1.46172,1.46163,1200000,4040000
2022-11-09 15:29:22.898000,1.46174,1.46166,4500000,3600000
2022-11-09 15:29:23.001000,1.46173,1.46165,3600000,3600000
2022-11-09 15:29:23.102000,1.46174,1.46166,4040000,3600000
2022-11-09 15:29:23.204000,1.46174,1.46165,4040000,3600000
2022-11-09 15:29:23.306000,1.46173,1.46165,3600000,3600000
2022-11-09 15:29:24.960000,1.46173,1.46163,3600000,3600000
2022-11-09 15:29:25.163000,1.46172,1.46165,3600000,3600000
2022-11-09 15:29:25.366000,1.46173,1.46165,4040000,3600000
2022-11-09 15:29:25.827000,1.46172,1.46164,3600000,3600000
2022-11-09 15:29:25.929000,1.4617,1.46163,3600000,3600000
2022-11-09 15:29:26.234000,1.46172,1.46162,3600000,3600000
2022-11-09 15:29:26.487000,1.46172,1.46164,3600000,3600000
2022-11-09 15:29:26.589000,1.46173,1.46165,3600000,3600000
2022-11-09 15:29:26.842000,1.46172,1.46164,3600000,3600000
2022-11-09 15:29:27.189000,1.46171,1.46164,3600000,3600000
2022-11-09 15:29:27.456000,1.4617,1.46163,3600000,3600000
2022-11-09 15:29:27.558000,1.46172,1.46163,3600000,3600000
2022-11-09 15:29:27.721000,1.46171,1.46164,3600000,3600000
2022-11-09 15:29:27.822000,1.46171,1.46163,3600000,3600000
2022-11-09 15:29:28.278000,1.46172,1.46164,3600000,3600000
2022-11-09 15:29:29.146000,1.46171,1.46163,3600000,3600000
2022-11-09 15:29:29.248000,1.46173,1.46163,3600000,3600000
2022-11-09 15:29:29.350000,1.46174,1.46164,4940000,3600000
2022-11-09 15:29:30.200000,1.46175,1.46167,4040000,5100000
2022-11-09 15:29:30.302000,1.4618,1.46169,3600000,3600000
2022-11-09 15:29:30.454000,1.46173,1.46167,3600000,5240000
2022-11-09 15:29:30.556000,1.46177,1.46169,4200000,3600000
2022-11-09 15:29:30.607000,1.46177,1.46169,3600000,3600000
2022-11-09 15:29:30.709000,1.46174,1.46167,3600000,4040000
2022-11-09 15:29:31.293000,1.46174,1.46166,3600000,4040000
2022-11-09 15:29:31.445000,1.46177,1.46168,3600000,3600000
2022-11-09 15:29:31.547000,1.46176,1.46168,3600000,3600000
2022-11-09 15:29:31.659000,1.46175,1.46166,4500000,3600000
2022-11-09 15:29:31.761000,1.46174,1.46166,4040000,3600000
2022-11-09 15:29:32.169000,1.46172,1.46166,3600000,3600000
2022-11-09 15:29:32.422000,1.46174,1.46164,3600000,3600000
2022-11-09 15:29:33.529000,1.46172,1.46163,3600000,3600000
2022-11-09 15:29:34.557000,1.46173,1.46164,3600000,3600000
2022-11-09 15:29:34.659000,1.46173,1.46165,4040000,3600000
2022-11-09 15:29:34.761000,1.46174,1.46166,4040000,3600000
2022-11-09 15:29:34.862000,1.46173,1.46165,4040000,3600000
2022-11-09 15:29:34.964000,1.46172,1.46164,3600000,3600000
2022-11-09 15:29:35.240000,1.46172,1.46165,3600000,3600000
2022-11-09 15:29:35.341000,1.46172,1.46164,3600000,3600000
2022-11-09 15:29:35.863000,1.46174,1.46165,4940000,3600000
2022-11-09 15:29:35.964000,1.46173,1.46165,4040000,3600000
2022-11-09 15:29:36.117000,1.46174,1.46167,1340000,3600000
2022-11-09 15:29:36.219000,1.46176,1.4617,3600000,3600000
2022-11-09 15:29:36.270000,1.46179,1.46171,4640000,3600000
2022-11-09 15:29:36.322000,1.4618,1.46173,3600000,4040000
2022-11-09 15:29:36.423000,1.46184,1.46177,3600000,3600000
2022-11-09 15:29:36.780000,1.46184,1.46176,3600000,3600000
2022-11-09 15:29:37.017000,1.46185,1.46177,4040000,3600000
2022-11-09 15:29:37.119000,1.46183,1.46177,3600000,3600000
2022-11-09 15:29:37.221000,1.46182,1.46176,3600000,3600000
2022-11-09 15:29:37.793000,1.46183,1.46175,3600000,4040000
2022-11-09 15:29:37.894000,1.46182,1.46175,3600000,4040000
2022-11-09 15:29:38.352000,1.46183,1.46175,3600000,3600000
2022-11-09 15:29:38.647000,1.46183,1.46176,3600000,3600000
2022-11-09 15:29:38.846000,1.46182,1.46175,4040000,3600000
2022-11-09 15:29:38.948000,1.46182,1.46173,3600000,4040000
2022-11-09 15:29:39.056000,1.46181,1.46175,3600000,3600000
2022-11-09 15:29:39.174000,1.46182,1.46174,4040000,4040000
2022-11-09 15:29:39.278000,1.46183,1.46175,4200000,3600000
2022-11-09 15:29:39.458000,1.46183,1.46175,3600000,3600000
2022-11-09 15:29:39.560000,1.46183,1.46176,3600000,3600000
2022-11-09 15:29:39.876000,1.46182,1.46174,4740000,3600000
2022-11-09 15:29:39.977000,1.46183,1.46173,4040000,3600000
2022-11-09 15:29:40.028000,1.46181,1.46172,4040000,4730000
2022-11-09 15:29:40.079000,1.4618,1.46174,3600000,3600000
2022-11-09 15:29:40.181000,1.46181,1.46173,4040000,3600000
2022-11-09 15:29:40.639000,1.46182,1.46175,3600000,3600000
2022-11-09 15:29:41.747000,1.46182,1.46176,3600000,3600000
2022-11-09 15:29:41.798000,1.46182,1.46174,3600000,3600000
2022-11-09 15:29:41.900000,1.46183,1.46174,4040000,3600000
2022-11-09 15:29:42.103000,1.46181,1.46174,4040000,3600000
2022-11-09 15:29:42.205000,1.46181,1.46173,3600000,3830000
2022-11-09 15:29:42.306000,1.46182,1.46175,4040000,3600000
2022-11-09 15:29:42.412000,1.46181,1.46174,3600000,3600000
2022-11-09 15:29:42.580000,1.46182,1.46174,4040000,3600000
2022-11-09 15:29:42.834000,1.46183,1.46174,3600000,3830000
2022-11-09 15:29:42.935000,1.46182,1.46175,4040000,3600000
2022-11-09 15:29:43.037000,1.46183,1.46175,3600000,3600000
2022-11-09 15:29:43.519000,1.46184,1.46177,3600000,3600000
2022-11-09 15:29:43.621000,1.46186,1.46179,3600000,4800000
2022-11-09 15:29:43.774000,1.4619,1.46183,4500000,3600000
2022-11-09 15:29:43.876000,1.46192,1.46183,4040000,3600000
2022-11-09 15:29:43.927000,1.46191,1.46183,3600000,3600000
2022-11-09 15:29:44.029000,1.4619,1.46183,3600000,3600000
2022-11-09 15:29:44.496000,1.46186,1.46179,3600000,2240000
2022-11-09 15:29:44.547000,1.46185,1.46176,4040000,3600000
2022-11-09 15:29:44.649000,1.46185,1.46177,4040000,3600000
2022-11-09 15:29:44.751000,1.46183,1.46175,3600000,3600000
2022-11-09 15:29:44.916000,1.46184,1.46176,4040000,3600000
2022-11-09 15:29:45.119000,1.46183,1.46176,3600000,3600000
2022-11-09 15:29:45.221000,1.46184,1.46174,4040000,3600000
2022-11-09 15:29:45.322000,1.46182,1.46176,3600000,3600000
2022-11-09 15:29:45.651000,1.46182,1.46174,3600000,3600000
2022-11-09 15:29:45.777000,1.46183,1.46175,4040000,3600000
2022-11-09 15:29:45.879000,1.46182,1.46175,3600000,3600000
2022-11-09 15:29:46.101000,1.46182,1.46174,4940000,3830000
2022-11-09 15:29:46.203000,1.4618,1.46172,4640000,3600000
2022-11-09 15:29:46.305000,1.46181,1.46174,3600000,1340000
2022-11-09 15:29:46.356000,1.46184,1.46174,3600000,3600000
2022-11-09 15:29:46.458000,1.46182,1.46174,3600000,3600000
2022-11-09 15:29:47.166000,1.46183,1.46175,3600000,3600000
2022-11-09 15:29:47.582000,1.46184,1.46175,3600000,4730000
2022-11-09 15:29:47.684000,1.46184,1.46177,3600000,3600000
2022-11-09 15:29:47.786000,1.46184,1.46176,3600000,3600000
2022-11-09 15:29:48.012000,1.46183,1.46175,3600000,3600000
2022-11-09 15:29:48.143000,1.46183,1.46174,3600000,3600000
2022-11-09 15:29:48.443000,1.46183,1.46177,3600000,3600000
2022-11-09 15:29:48.545000,1.46184,1.46176,3600000,3600000
2022-11-09 15:29:48.910000,1.46184,1.46175,3600000,4270000
2022-11-09 15:29:49.012000,1.46184,1.46175,3600000,3600000
2022-11-09 15:29:49.320000,1.46184,1.46175,3600000,4040000
2022-11-09 15:29:49.948000,1.46185,1.46177,4500000,3600000
2022-11-09 15:29:50.049000,1.46184,1.46176,4040000,3600000
2022-11-09 15:29:50.151000,1.46183,1.46176,3600000,3600000
2022-11-09 15:29:50.303000,1.46183,1.46175,3600000,3600000
2022-11-09 15:29:51.413000,1.46184,1.46178,3600000,3600000
2022-11-09 15:29:51.514000,1.46186,1.4618,4640000,3600000
2022-11-09 15:29:51.667000,1.46184,1.46176,3600000,1500000
2022-11-09 15:29:51.718000,1.46184,1.46175,4500000,3900000
2022-11-09 15:29:51.820000,1.46184,1.46175,4500000,3830000
2022-11-09 15:29:51.922000,1.46182,1.46175,3600000,3600000
2022-11-09 15:29:52.080000,1.46183,1.46176,4040000,3600000
2022-11-09 15:29:52.182000,1.46181,1.46174,3600000,3600000
2022-11-09 15:29:52.421000,1.46181,1.46172,3600000,3600000
2022-11-09 15:29:52.776000,1.46181,1.46174,3600000,3600000
2022-11-09 15:29:53.080000,1.46181,1.46174,3600000,3900000
2022-11-09 15:29:53.131000,1.46185,1.46176,5100000,3600000
2022-11-09 15:29:53.334000,1.46184,1.46174,4500000,4040000
2022-11-09 15:29:53.386000,1.46182,1.46174,4040000,3600000
2022-11-09 15:29:53.488000,1.46181,1.46174,3600000,3600000
2022-11-09 15:29:54.387000,1.46181,1.46173,4040000,3600000
2022-11-09 15:29:54.489000,1.4618,1.46173,3600000,3600000
2022-11-09 15:29:54.642000,1.46181,1.46174,3600000,4800000
2022-11-09 15:29:54.693000,1.46183,1.46175,4040000,3900000
2022-11-09 15:29:54.947000,1.46183,1.46174,3600000,3600000
2022-11-09 15:29:55.099000,1.46182,1.46174,3600000,3600000
2022-11-09 15:29:55.201000,1.46182,1.46175,3600000,3600000
2022-11-09 15:29:55.539000,1.46183,1.46175,4500000,3600000
2022-11-09 15:29:55.640000,1.46182,1.46175,3600000,3600000
2022-11-09 15:29:55.801000,1.46182,1.46174,4040000,3600000
2022-11-09 15:29:55.903000,1.46181,1.46173,3600000,3600000
2022-11-09 15:29:56.217000,1.46181,1.46174,3600000,3600000
2022-11-09 15:29:56.828000,1.46182,1.46172,3600000,3600000
2022-11-09 15:29:56.997000,1.46182,1.46174,4040000,3600000
2022-11-09 15:29:57.108000,1.46181,1.46173,3600000,3600000
2022-11-09 15:29:57.500000,1.46181,1.46174,3600000,3600000
2022-11-09 15:29:57.551000,1.46183,1.46177,1200000,3600000
2022-11-09 15:29:57.602000,1.46184,1.46175,4040000,3900000
2022-11-09 15:29:57.704000,1.46184,1.46174,4040000,3600000
2022-11-09 15:29:58.136000,1.46184,1.46178,3600000,3600000
2022-11-09 15:29:58.238000,1.46185,1.46177,3600000,3830000
2022-11-09 15:29:58.339000,1.46185,1.46179,3600000,3600000
2022-11-09 15:29:58.442000,1.46191,1.46183,3600000,3600000
2022-11-09 15:29:58.777000,1.46192,1.46183,3600000,3600000
2022-11-09 15:29:58.977000,1.46193,1.46183,3600000,3600000
2022-11-09 15:29:59.078000,1.46194,1.46186,3600000,3600000
2022-11-09 15:29:59.199000,1.46193,1.46186,3600000,3600000
2022-11-09 15:29:59.302000,1.46194,1.46184,3600000,3600000
2022-11-09 15:29:59.404000,1.46192,1.46185,3600000,3600000
2022-11-09 15:29:59.601000,1.46193,1.46185,3600000,3600000
2022-11-09 15:29:59.703000,1.46188,1.46183,4200000,1200000
2022-11-09 15:29:59.754000,1.46187,1.46179,3600000,3600000
2022-11-09 15:29:59.805000,1.46189,1.4618,4500000,3830000
2022-11-09 15:29:59.907000,1.46189,1.46181,3600000,3600000
2022-11-09 15:30:00.017000,1.4619,1.46177,3600000,5840000
2022-11-09 15:30:00.432000,1.46188,1.46179,3600000,3600000
2022-11-09 15:30:00.505000,1.46185,1.46176,3600000,4040000
2022-11-09 15:30:00.631000,1.46188,1.4618,4500000,3830000
2022-11-09 15:30:01.036000,1.4619,1.46182,1200000,3600000
2022-11-09 15:30:01.138000,1.46191,1.46183,3600000,3600000
2022-11-09 15:30:01.341000,1.46189,1.46181,3600000,3600000
2022-11-09 15:30:01.493000,1.4619,1.46183,3600000,3600000
2022-11-09 15:30:01.645000,1.4619,1.46182,3600000,3600000
2022-11-09 15:30:01.747000,1.46191,1.46182,3600000,3600000
2022-11-09 15:30:01.849000,1.46188,1.46181,3600000,3600000
2022-11-09 15:30:03.124000,1.46188,1.4618,3600000,3600000
2022-11-09 15:30:03.226000,1.46187,1.46178,3600000,3600000
2022-11-09 15:30:03.327000,1.46187,1.46179,3600000,3600000
2022-11-09 15:30:03.428000,1.46188,1.4618,4040000,3600000
2022-11-09 15:30:03.930000,1.46187,1.46177,4500000,3600000
2022-11-09 15:30:03.981000,1.46185,1.46177,3600000,3600000
2022-11-09 15:30:04.317000,1.46186,1.46179,3600000,3600000
2022-11-09 15:30:04.419000,1.46189,1.46181,3600000,3600000
2022-11-09 15:30:04.520000,1.46189,1.46182,3600000,3600000
2022-11-09 15:30:04.723000,1.46189,1.46181,3600000,3600000
2022-11-09 15:30:04.825000,1.46187,1.4618,3600000,3600000
2022-11-09 15:30:04.876000,1.46185,1.46178,3600000,3600000
2022-11-09 15:30:04.978000,1.46183,1.46177,1200000,3600000
2022-11-09 15:30:05.029000,1.46183,1.46173,3600000,3600000
2022-11-09 15:30:05.232000,1.46183,1.46175,1200000,4200000
2022-11-09 15:30:05.283000,1.46186,1.46176,3600000,4040000
2022-11-09 15:30:05.334000,1.46185,1.46178,3600000,3600000
2022-11-09 15:30:05.436000,1.46185,1.46177,3600000,3600000
2022-11-09 15:30:05.588000,1.46185,1.46176,3600000,3600000
2022-11-09 15:30:06.209000,1.46185,1.46177,4040000,3600000
2022-11-09 15:30:06.576000,1.46184,1.46176,4040000,3600000
2022-11-09 15:30:06.701000,1.46183,1.46175,3600000,3600000
2022-11-09 15:30:06.907000,1.46184,1.46176,3600000,3830000
2022-11-09 15:30:07.160000,1.46184,1.46175,4040000,3600000
2022-11-09 15:30:07.262000,1.46182,1.46176,3600000,3600000
2022-11-09 15:30:07.313000,1.46184,1.46176,4040000,3600000
2022-11-09 15:30:07.792000,1.46186,1.46177,4940000,3600000
2022-11-09 15:30:07.894000,1.46185,1.46177,4040000,3600000
2022-11-09 15:30:07.996000,1.46184,1.46177,3600000,3600000
2022-11-09 15:30:08.126000,1.46185,1.46177,4040000,3600000
2022-11-09 15:30:08.677000,1.46187,1.46179,4500000,3600000
2022-11-09 15:30:08.728000,1.46189,1.46179,3600000,4340000
2022-11-09 15:30:08.829000,1.46191,1.4618,3600000,3600000
2022-11-09 15:30:08.931000,1.46191,1.46178,1880000,3140000
2022-11-09 15:30:09.033000,1.4619,1.46181,3600000,3600000
2022-11-09 15:30:09.135000,1.46189,1.46181,3600000,3600000
2022-11-09 15:30:09.292000,1.4619,1.46179,3600000,4340000
2022-11-09 15:30:09.407000,1.4619,1.46181,3600000,3600000
2022-11-09 15:30:09.607000,1.4619,1.46179,3600000,4340000
2022-11-09 15:30:09.860000,1.4619,1.46181,3600000,3600000
2022-11-09 15:30:09.962000,1.46189,1.46181,3600000,3600000
2022-11-09 15:30:10.013000,1.4619,1.46183,3600000,3600000
2022-11-09 15:30:10.064000,1.46189,1.46181,4040000,3600000
2022-11-09 15:30:10.115000,1.46187,1.46181,3380000,3600000
2022-11-09 15:30:10.166000,1.46185,1.46177,4200000,3600000
2022-11-09 15:30:10.421000,1.46185,1.46177,3600000,3600000
2022-11-09 15:30:10.574000,1.46185,1.46176,4040000,3600000
2022-11-09 15:30:10.662000,1.46182,1.46174,4500000,3600000
2022-11-09 15:30:10.713000,1.4618,1.46172,3600000,3600000
2022-11-09 15:30:11.018000,1.46179,1.46172,1200000,3600000
