time,ask,bid,ask_volume,bid_volume
2018-05-23 13:55:00.092000,1.10112,1.10111,1500000,1500000
2018-05-23 13:55:00.293000,1.1011,1.10107,1000000,5440000
2018-05-23 13:55:00.810000,1.10109,1.10107,1000000,1730000
2018-05-23 13:55:01.628000,1.10109,1.10106,3750000,3210000
2018-05-23 13:55:01.837000,1.10107,1.10104,1250000,2700000
2018-05-23 13:55:02.676000,1.10106,1.10104,1000000,1690000
2018-05-23 13:55:02.985000,1.10103,1.10102,1690000,1120000
2018-05-23 13:55:03.341000,1.101,1.10099,1000000,1100000
2018-05-23 13:55:03.853000,1.10102,1.10099,1690000,1870000
2018-05-23 13:55:04.524000,1.10103,1.101,1250000,4120000
2018-05-23 13:55:05.120000,1.101,1.10098,1000000,2550000
2018-05-23 13:55:05.662000,1.101,1.10097,2440000,1950000
2018-05-23 13:55:06.175000,1.10101,1.10098,1540000,2250000
2018-05-23 13:55:06.677000,1.10101,1.10098,1250000,4500000
2018-05-23 13:55:07.533000,1.10102,1.10099,1250000,1870000
2018-05-23 13:55:08.954000,1.10101,1.10099,1250000,1870000
2018-05-23 13:55:09.304000,1.10099,1.10097,1250000,1120000
2018-05-23 13:55:09.722000,1.10102,1.10099,1760000,2620000
2018-05-23 13:55:10.265000,1.10101,1.10099,1250000,1870000
2018-05-23 13:55:10.582000,1.10099,1.10097,1250000,4570000
2018-05-23 13:55:11.127000,1.10099,1.10097,1250000,1120000
2018-05-23 13:55:11.639000,1.101,1.10097,1690000,1950000
2018-05-23 13:55:12.154000,1.101,1.10096,7310000,1950000
2018-05-23 13:55:12.515000,1.10101,1.10098,1250000,2250000
2018-05-23 13:55:13.941000,1.101,1.10097,3750000,1570000
2018-05-23 13:55:14.402000,1.10101,1.101,1000000,1120000
2018-05-23 13:55:14.602000,1.10105,1.10103,1010000,1120000
2018-05-23 13:55:14.686000,1.10107,1.10105,1120000,1190000
2018-05-23 13:55:14.793000,1.10107,1.10104,1310000,3750000
2018-05-23 13:55:15.006000,1.1011,1.10106,4010000,1000000
2018-05-23 13:55:15.726000,1.1011,1.10107,1310000,1500000
2018-05-23 13:55:16.232000,1.1011,1.10106,5440000,1690000
2018-05-23 13:55:16.809000,1.1011,1.10107,1310000,1500000
2018-05-23 13:55:17.627000,1.10108,1.10105,1250000,1570000
2018-05-23 13:55:17.966000,1.10104,1.10101,1250000,1760000
2018-05-23 13:55:18.490000,1.10103,1.101,1310000,1100000
2018-05-23 13:55:18.595000,1.101,1.10098,1000000,2510000
2018-05-23 13:55:18.701000,1.101,1.10097,1690000,2320000
2018-05-23 13:55:19.067000,1.10101,1.10099,1190000,1000000
2018-05-23 13:55:19.120000,1.10103,1.10099,2440000,3750000
2018-05-23 13:55:19.495000,1.101,1.10098,1000000,1350000
2018-05-23 13:55:19.803000,1.10103,1.101,1190000,1870000
2018-05-23 13:55:19.931000,1.10104,1.101,1690000,2060000
2018-05-23 13:55:20.445000,1.10105,1.10101,1690000,1010000
2018-05-23 13:55:20.993000,1.10104,1.101,2440000,1200000
2018-05-23 13:55:21.496000,1.10104,1.10101,1310000,1000000
2018-05-23 13:55:21.948000,1.10106,1.10102,5060000,3000000
2018-05-23 13:55:22.500000,1.10106,1.10103,2060000,1000000
2018-05-23 13:55:22.758000,1.10107,1.10104,1250000,1500000
2018-05-23 13:55:23.116000,1.10105,1.10103,1190000,1200000
2018-05-23 13:55:23.390000,1.10104,1.101,3190000,1200000
2018-05-23 13:55:24.235000,1.10104,1.10101,3190000,1000000
2018-05-23 13:55:24.767000,1.10104,1.101,3190000,1000000
2018-05-23 13:55:25.972000,1.10104,1.10101,4690000,1000000
2018-05-23 13:55:26.485000,1.10104,1.10101,1690000,1000000
2018-05-23 13:55:26.641000,1.10103,1.101,3560000,1100000
2018-05-23 13:55:26.972000,1.101,1.10097,4310000,2700000
2018-05-23 13:55:27.127000,1.10103,1.101,2890000,1500000
2018-05-23 13:55:27.662000,1.10104,1.10101,1690000,1000000
2018-05-23 13:55:28.173000,1.10103,1.101,1310000,2320000
2018-05-23 13:55:28.691000,1.10104,1.10101,3410000,1000000
2018-05-23 13:55:29.181000,1.10101,1.10099,1000000,1200000
2018-05-23 13:55:29.288000,1.101,1.10096,2810000,2810000
2018-05-23 13:55:29.822000,1.10098,1.10095,1000000,1000000
2018-05-23 13:55:29.889000,1.10101,1.101,1000000,1000000
2018-05-23 13:55:30.068000,1.10107,1.10105,1100000,1870000
2018-05-23 13:55:30.540000,1.10109,1.10106,1310000,1690000
2018-05-23 13:55:31.044000,1.1011,1.10107,4310000,1000000
2018-05-23 13:55:31.582000,1.10109,1.10106,1250000,3560000
2018-05-23 13:55:32.152000,1.1011,1.10107,1690000,1000000
2018-05-23 13:55:34.133000,1.1011,1.10106,2440000,2890000
2018-05-23 13:55:35.385000,1.10108,1.10104,2810000,3260000
2018-05-23 13:55:35.491000,1.10106,1.10103,1500000,4010000
2018-05-23 13:55:35.798000,1.10105,1.10102,2440000,1000000
2018-05-23 13:55:36.398000,1.10104,1.10101,1310000,1250000
2018-05-23 13:55:36.713000,1.10104,1.101,3190000,3070000
2018-05-23 13:55:36.818000,1.101,1.10097,1310000,1500000
2018-05-23 13:55:37.229000,1.10102,1.10099,2510000,1000000
2018-05-23 13:55:37.540000,1.10104,1.10101,4310000,1000000
2018-05-23 13:55:38.085000,1.10104,1.10101,2440000,1250000
2018-05-23 13:55:38.673000,1.10104,1.10101,1310000,1250000
2018-05-23 13:55:38.980000,1.10103,1.101,2440000,1000000
2018-05-23 13:55:39.541000,1.10103,1.10101,1250000,1000000
2018-05-23 13:55:39.595000,1.10105,1.10102,8140000,1000000
2018-05-23 13:55:39.858000,1.10105,1.10103,1250000,1000000
2018-05-23 13:55:39.912000,1.10106,1.10104,5510000,1000000
2018-05-23 13:55:39.966000,1.1011,1.10107,3190000,1000000
2018-05-23 13:55:40.142000,1.10109,1.10106,1690000,1200000
2018-05-23 13:55:40.194000,1.1011,1.10107,1310000,1000000
2018-05-23 13:55:40.706000,1.10112,1.10108,2060000,1950000
2018-05-23 13:55:41.216000,1.10112,1.10108,2060000,1870000
2018-05-23 13:55:41.531000,1.10112,1.1011,1000000,1690000
2018-05-23 13:55:41.701000,1.10112,1.10108,3560000,2060000
2018-05-23 13:55:41.958000,1.10111,1.10107,2440000,3260000
2018-05-23 13:55:42.530000,1.10111,1.10107,2440000,3190000
2018-05-23 13:55:44.471000,1.1011,1.10108,1000000,1120000
2018-05-23 13:55:45.181000,1.10111,1.10108,2810000,1000000
2018-05-23 13:55:45.769000,1.1011,1.10107,2440000,2250000
2018-05-23 13:55:46.077000,1.10108,1.10106,2440000,1000000
2018-05-23 13:55:46.600000,1.10108,1.10105,1690000,1120000
2018-05-23 13:55:46.810000,1.10106,1.10103,1120000,1690000
2018-05-23 13:55:47.315000,1.10105,1.10103,1250000,1000000
2018-05-23 13:55:47.849000,1.10105,1.10102,1250000,1120000
2018-05-23 13:55:48.378000,1.10103,1.101,3790000,1570000
2018-05-23 13:55:48.533000,1.101,1.10096,3940000,4010000
2018-05-23 13:55:49.047000,1.10099,1.10096,1120000,1690000
2018-05-23 13:55:49.842000,1.10099,1.10096,2060000,1000000
2018-05-23 13:55:50.352000,1.10098,1.10096,1870000,1000000
2018-05-23 13:55:51.229000,1.10099,1.10096,3670000,1000000
2018-05-23 13:55:51.490000,1.10099,1.10098,1000000,1120000
2018-05-23 13:55:51.815000,1.10099,1.10096,1310000,1000000
2018-05-23 13:55:52.350000,1.10098,1.10095,1000000,1120000
2018-05-23 13:55:52.669000,1.10095,1.10094,3750000,1000000
2018-05-23 13:55:52.721000,1.10094,1.10091,1000000,4010000
2018-05-23 13:55:52.927000,1.10097,1.10093,3070000,3560000
2018-05-23 13:55:53.081000,1.10098,1.10094,2700000,5440000
2018-05-23 13:55:53.482000,1.10098,1.10096,1000000,1690000
2018-05-23 13:55:53.792000,1.101,1.10096,3190000,4310000
2018-05-23 13:55:54.332000,1.10102,1.10098,5700000,2440000
2018-05-23 13:55:54.807000,1.10102,1.101,1000000,1250000
2018-05-23 13:55:55.350000,1.10101,1.10099,1250000,1500000
2018-05-23 13:55:55.562000,1.10103,1.101,2060000,1000000
2018-05-23 13:55:55.744000,1.10101,1.10099,1000000,3190000
2018-05-23 13:55:56.271000,1.10101,1.10098,1250000,2060000
2018-05-23 13:55:56.776000,1.10102,1.10099,3560000,2060000
2018-05-23 13:55:57.200000,1.10107,1.10105,2250000,1000000
2018-05-23 13:55:57.306000,1.10109,1.10106,1390000,1000000
2018-05-23 13:55:57.512000,1.10111,1.10108,1500000,2060000
2018-05-23 13:55:58.108000,1.1011,1.10107,1250000,2060000
2018-05-23 13:56:00.190000,1.10109,1.10107,1250000,1000000
2018-05-23 13:56:00.351000,1.10105,1.10102,1310000,1500000
2018-05-23 13:56:00.855000,1.10105,1.10101,2810000,2810000
2018-05-23 13:56:01.477000,1.10106,1.10102,4010000,1000000
2018-05-23 13:56:02.343000,1.10104,1.10101,1000000,2810000
2018-05-23 13:56:02.886000,1.10105,1.10101,2060000,2060000
2018-05-23 13:56:04.042000,1.10104,1.10101,1000000,2060000
2018-05-23 13:56:04.463000,1.10103,1.101,4160000,1100000
2018-05-23 13:56:04.707000,1.10102,1.10098,2890000,2810000
2018-05-23 13:56:04.814000,1.10098,1.10097,1120000,1250000
2018-05-23 13:56:05.371000,1.10099,1.10097,1100000,1000000
2018-05-23 13:56:05.774000,1.10101,1.10099,2510000,1000000
2018-05-23 13:56:06.284000,1.10101,1.10099,1000000,1250000
2018-05-23 13:56:07.103000,1.10102,1.101,2890000,1000000
2018-05-23 13:56:07.615000,1.10103,1.10101,3560000,1000000
2018-05-23 13:56:08.238000,1.10103,1.101,3560000,1000000
2018-05-23 13:56:08.707000,1.10102,1.10098,4310000,1690000
2018-05-23 13:56:09.239000,1.10101,1.10098,1690000,1500000
2018-05-23 13:56:09.764000,1.10101,1.10098,1010000,1250000
2018-05-23 13:56:10.025000,1.10103,1.101,1100000,2060000
2018-05-23 13:56:10.548000,1.10104,1.10101,3560000,1000000
2018-05-23 13:56:11.077000,1.10105,1.10101,2510000,1500000
2018-05-23 13:56:12.903000,1.10105,1.10101,4390000,2810000
2018-05-23 13:56:13.455000,1.10105,1.10102,2810000,1000000
2018-05-23 13:56:14.457000,1.10103,1.101,1000000,3260000
2018-05-23 13:56:15.563000,1.10103,1.101,1000000,1310000
2018-05-23 13:56:16.552000,1.10103,1.10101,1000000,1190000
2018-05-23 13:56:17.092000,1.10104,1.10101,1000000,3190000
2018-05-23 13:56:17.408000,1.10107,1.10105,1000000,2250000
2018-05-23 13:56:17.925000,1.10108,1.10105,2890000,1000000
2018-05-23 13:56:18.906000,1.10109,1.10106,1200000,1690000
2018-05-23 13:56:20.460000,1.1011,1.10108,1000000,1000000
2018-05-23 13:56:20.978000,1.10111,1.10108,1120000,1500000
2018-05-23 13:56:21.384000,1.10109,1.10106,1500000,2440000
2018-05-23 13:56:21.438000,1.10109,1.10105,4010000,2250000
2018-05-23 13:56:21.965000,1.10109,1.10106,1000000,2810000
2018-05-23 13:56:22.559000,1.10108,1.10105,1690000,1870000
2018-05-23 13:56:24.007000,1.10107,1.10105,1310000,1500000
2018-05-23 13:56:24.161000,1.10105,1.10103,1250000,1000000
2018-05-23 13:56:24.711000,1.10104,1.10102,1250000,1870000
2018-05-23 13:56:26.470000,1.10106,1.10103,4390000,1500000
2018-05-23 13:56:26.629000,1.10107,1.10104,5140000,1250000
2018-05-23 13:56:26.820000,1.10107,1.10106,2510000,1000000
2018-05-23 13:56:26.974000,1.10109,1.10106,1120000,1690000
2018-05-23 13:56:27.479000,1.1011,1.10107,2890000,1000000
2018-05-23 13:56:28.007000,1.10108,1.10106,1250000,1500000
2018-05-23 13:56:28.520000,1.10107,1.10106,1000000,1120000
2018-05-23 13:56:29.419000,1.10105,1.10103,1000000,1200000
2018-05-23 13:56:29.474000,1.10103,1.10101,1000000,1310000
2018-05-23 13:56:30.095000,1.10103,1.10102,1000000,1000000
2018-05-23 13:56:30.360000,1.10102,1.101,1690000,1000000
2018-05-23 13:56:31.457000,1.10102,1.10099,2060000,1000000
2018-05-23 13:56:32.037000,1.10102,1.10101,1120000,1000000
2018-05-23 13:56:32.609000,1.10102,1.101,1000000,1000000
2018-05-23 13:56:32.925000,1.10104,1.10102,1000000,1250000
2018-05-23 13:56:33.242000,1.10106,1.10104,1100000,1250000
2018-05-23 13:56:33.587000,1.10104,1.10103,1000000,1000000
2018-05-23 13:56:34.146000,1.10103,1.10102,1000000,1120000
2018-05-23 13:56:34.677000,1.10103,1.10101,1000000,2060000
2018-05-23 13:56:35.230000,1.10104,1.10101,1690000,2060000
2018-05-23 13:56:36.765000,1.10105,1.10102,2060000,1000000
2018-05-23 13:56:38.656000,1.10104,1.10101,1690000,2060000
2018-05-23 13:56:38.966000,1.10103,1.10099,1310000,3370000
2018-05-23 13:56:39.517000,1.10102,1.10099,1190000,1120000
2018-05-23 13:56:39.830000,1.101,1.10097,1690000,2700000
2018-05-23 13:56:40.334000,1.10099,1.10096,1250000,2700000
2018-05-23 13:56:40.880000,1.10102,1.10098,3260000,1000000
2018-05-23 13:56:41.392000,1.10103,1.10099,3190000,1500000
2018-05-23 13:56:42.236000,1.10102,1.10099,1310000,1000000
2018-05-23 13:56:42.763000,1.101,1.10097,3190000,1100000
2018-05-23 13:56:43.165000,1.10098,1.10095,2060000,1000000
2018-05-23 13:56:44.001000,1.10099,1.10096,3000000,1190000
2018-05-23 13:56:44.528000,1.101,1.10096,3190000,2510000
2018-05-23 13:56:44.682000,1.10102,1.10099,1100000,2810000
2018-05-23 13:56:45.093000,1.10104,1.10101,2440000,1000000
2018-05-23 13:56:45.599000,1.10103,1.101,1000000,3560000
2018-05-23 13:56:46.254000,1.10104,1.10101,1120000,1000000
2018-05-23 13:56:47.081000,1.10103,1.101,1000000,3640000
2018-05-23 13:56:47.976000,1.10103,1.10101,1120000,1000000
2018-05-23 13:56:48.512000,1.10104,1.10101,2060000,1000000
2018-05-23 13:56:48.954000,1.10103,1.101,1190000,1870000
2018-05-23 13:56:49.798000,1.10103,1.10099,3560000,1950000
2018-05-23 13:56:50.309000,1.10101,1.10098,1190000,3000000
2018-05-23 13:56:50.927000,1.10101,1.10099,2440000,1000000
2018-05-23 13:56:51.397000,1.10103,1.101,2060000,1000000
2018-05-23 13:56:53.578000,1.10103,1.101,1310000,2250000
2018-05-23 13:56:54.090000,1.10103,1.10101,1250000,1000000
2018-05-23 13:56:54.380000,1.101,1.10098,4310000,1000000
2018-05-23 13:56:54.535000,1.10099,1.10096,2810000,1100000
2018-05-23 13:56:55.063000,1.10098,1.10095,3190000,1500000
2018-05-23 13:56:55.221000,1.10095,1.10093,1000000,3450000
2018-05-23 13:56:55.328000,1.10094,1.10092,1690000,1000000
2018-05-23 13:56:55.873000,1.10094,1.10091,3190000,1000000
2018-05-23 13:56:56.398000,1.10094,1.1009,5810000,2440000
2018-05-23 13:56:56.934000,1.10094,1.10091,5060000,1250000
2018-05-23 13:56:57.457000,1.10094,1.10091,5440000,1000000
2018-05-23 13:56:57.984000,1.10094,1.10091,3940000,1250000
2018-05-23 13:56:58.734000,1.10094,1.10092,1690000,1000000
2018-05-23 13:56:59.258000,1.10094,1.10091,3190000,2060000
2018-05-23 13:56:59.826000,1.10094,1.10091,4690000,1120000
2018-05-23 13:57:00.152000,1.10089,1.10088,1500000,1120000
2018-05-23 13:57:00.311000,1.10088,1.10086,2440000,1000000
2018-05-23 13:57:00.364000,1.10087,1.10084,1690000,1200000
2018-05-23 13:57:00.899000,1.10087,1.10084,2250000,1250000
2018-05-23 13:57:01.264000,1.1009,1.10087,2510000,2440000
2018-05-23 13:57:01.798000,1.10089,1.10087,1000000,1250000
2018-05-23 13:57:02.026000,1.10088,1.10085,3370000,1690000
2018-05-23 13:57:02.548000,1.10087,1.10085,1000000,1000000
2018-05-23 13:57:03.091000,1.10089,1.10085,2700000,1690000
2018-05-23 13:57:03.325000,1.10091,1.10088,1570000,1250000
2018-05-23 13:57:03.727000,1.10088,1.10087,1000000,1250000
2018-05-23 13:57:04.244000,1.10088,1.10085,1500000,1760000
2018-05-23 13:57:05.107000,1.10087,1.10085,1000000,2440000
2018-05-23 13:57:05.215000,1.10086,1.10083,1190000,2320000
2018-05-23 13:57:05.322000,1.10087,1.10084,1120000,1250000
2018-05-23 13:57:05.547000,1.10086,1.10083,1310000,1100000
2018-05-23 13:57:06.388000,1.10086,1.10084,1120000,1000000
2018-05-23 13:57:07.284000,1.10086,1.10083,1120000,3640000
2018-05-23 13:57:07.815000,1.10085,1.10082,1690000,4010000
2018-05-23 13:57:08.197000,1.10084,1.10082,2320000,1250000
2018-05-23 13:57:08.707000,1.10082,1.10081,1650000,1250000
2018-05-23 13:57:09.020000,1.10081,1.10079,1120000,1250000
2018-05-23 13:57:09.804000,1.10081,1.10078,1690000,1950000
2018-05-23 13:57:10.727000,1.10081,1.10077,1500000,4010000
2018-05-23 13:57:11.252000,1.10083,1.10082,1100000,2060000
2018-05-23 13:57:11.461000,1.10086,1.10082,2440000,4010000
2018-05-23 13:57:12.090000,1.10086,1.10083,1840000,1120000
2018-05-23 13:57:12.618000,1.10086,1.10083,1500000,1310000
2018-05-23 13:57:13.574000,1.10086,1.10084,1000000,1250000
2018-05-23 13:57:14.078000,1.10087,1.10084,2250000,1250000
2018-05-23 13:57:14.990000,1.10087,1.10084,1000000,2510000
2018-05-23 13:57:15.055000,1.1009,1.10087,3710000,1120000
2018-05-23 13:57:15.364000,1.10091,1.10088,2810000,1000000
2018-05-23 13:57:15.732000,1.10092,1.1009,1120000,1000000
2018-05-23 13:57:15.838000,1.10094,1.10091,4870000,2060000
2018-05-23 13:57:18.531000,1.10096,1.10094,1760000,1000000
2018-05-23 13:57:18.687000,1.10098,1.10095,1310000,1000000
2018-05-23 13:57:19.719000,1.10099,1.10095,2060000,1310000
2018-05-23 13:57:20.260000,1.10099,1.10096,1310000,1000000
2018-05-23 13:57:20.792000,1.10099,1.10096,2290000,1000000
2018-05-23 13:57:21.300000,1.10098,1.10095,1910000,1120000
2018-05-23 13:57:24.196000,1.10099,1.10096,2440000,1000000
2018-05-23 13:57:24.904000,1.101,1.10096,8140000,1310000
2018-05-23 13:57:25.419000,1.101,1.10096,3370000,2440000
2018-05-23 13:57:25.924000,1.10099,1.10096,1000000,2440000
2018-05-23 13:57:26.459000,1.101,1.10096,2890000,3190000
2018-05-23 13:57:26.613000,1.10101,1.10099,1200000,1310000
2018-05-23 13:57:26.767000,1.10103,1.101,3980000,1250000
2018-05-23 13:57:27.201000,1.10105,1.10102,1700000,2060000
2018-05-23 13:57:27.252000,1.10106,1.10102,4470000,2060000
2018-05-23 13:57:27.977000,1.10106,1.10102,6340000,2060000
2018-05-23 13:57:28.514000,1.10106,1.10102,5060000,2060000
2018-05-23 13:57:29.170000,1.10106,1.10103,5250000,1250000
2018-05-23 13:57:30.053000,1.10106,1.10102,3560000,2060000
2018-05-23 13:57:30.600000,1.10105,1.10102,1000000,2060000
2018-05-23 13:57:31.115000,1.10105,1.10102,1910000,2060000
2018-05-23 13:57:31.659000,1.10105,1.10101,6410000,1120000
2018-05-23 13:57:31.947000,1.10105,1.10102,3600000,1190000
2018-05-23 13:57:32.962000,1.10104,1.10102,1000000,2060000
2018-05-23 13:57:33.549000,1.10104,1.10102,1000000,2060000
2018-05-23 13:57:34.096000,1.10104,1.10102,1000000,1310000
2018-05-23 13:57:34.629000,1.10104,1.10101,1000000,2060000
2018-05-23 13:57:35.159000,1.10103,1.10102,1000000,1250000
2018-05-23 13:57:35.864000,1.10104,1.10102,1000000,1250000
2018-05-23 13:57:36.408000,1.10103,1.10101,1000000,1000000
2018-05-23 13:57:36.719000,1.10099,1.10097,1000000,3190000
2018-05-23 13:57:37.233000,1.10099,1.10098,1000000,1250000
2018-05-23 13:57:37.601000,1.10099,1.10096,1870000,1250000
2018-05-23 13:57:40.481000,1.10098,1.10096,1000000,1250000
2018-05-23 13:57:45.697000,1.10097,1.10095,1000000,1190000
2018-05-23 13:57:46.264000,1.10097,1.10094,1000000,2810000
2018-05-23 13:57:46.871000,1.10098,1.10095,2100000,1690000
2018-05-23 13:57:50.914000,1.10098,1.10096,1120000,1000000
2018-05-23 13:57:51.681000,1.10097,1.10095,1000000,1690000
2018-05-23 13:57:52.337000,1.10098,1.10095,2320000,1690000
2018-05-23 13:57:54.375000,1.10097,1.10095,1000000,1690000
2018-05-23 13:57:54.928000,1.10097,1.10094,1720000,2060000
2018-05-23 13:57:55.490000,1.10097,1.10095,1870000,1000000
2018-05-23 13:57:56.023000,1.10097,1.10094,1870000,2060000
2018-05-23 13:57:57.479000,1.10097,1.10095,1500000,1000000
2018-05-23 13:57:58,1.10098,1.10095,2480000,1000000
2018-05-23 13:58:00.098000,1.10097,1.10095,1000000,1000000
2018-05-23 13:58:00.314000,1.10097,1.10094,1690000,2620000
2018-05-23 13:58:00.545000,1.10097,1.10095,1000000,3190000
2018-05-23 13:58:01.096000,1.10099,1.10095,5140000,3190000
2018-05-23 13:58:02.433000,1.10102,1.10101,1500000,1120000
2018-05-23 13:58:02.487000,1.10104,1.10102,1000000,1250000
2018-05-23 13:58:03.046000,1.10105,1.10102,1000000,2810000
2018-05-23 13:58:05.816000,1.10106,1.10103,1000000,3560000
2018-05-23 13:58:05.870000,1.10107,1.10105,1100000,1000000
2018-05-23 13:58:06.026000,1.10109,1.10106,1000000,2440000
2018-05-23 13:58:06.548000,1.1011,1.10106,4200000,2440000
2018-05-23 13:58:07.291000,1.1011,1.10106,4200000,1250000
2018-05-23 13:58:07.863000,1.1011,1.10106,3640000,2440000
2018-05-23 13:58:11.873000,1.1011,1.10106,2320000,1390000
2018-05-23 13:58:12.376000,1.1011,1.10106,4200000,1250000
2018-05-23 13:58:13.567000,1.10097,1.10095,1000000,1500000
2018-05-23 13:58:13.887000,1.10098,1.10096,1000000,3370000
2018-05-23 13:58:13.941000,1.101,1.10096,4390000,2140000
2018-05-23 13:58:14.047000,1.10099,1.10095,3820000,1250000
2018-05-23 13:58:16.251000,1.10099,1.10096,1200000,1290000
2018-05-23 13:58:16.364000,1.10099,1.10095,3450000,1390000
2018-05-23 13:58:16.910000,1.10098,1.10095,1000000,1390000
2018-05-23 13:58:17.441000,1.101,1.10096,1120000,3940000
2018-05-23 13:58:18.700000,1.101,1.10096,1120000,3190000
2018-05-23 13:58:19.463000,1.10099,1.10095,3640000,2250000
2018-05-23 13:58:19.983000,1.10099,1.10095,2060000,2250000
2018-05-23 13:58:21.514000,1.10099,1.10095,1760000,1750000
2018-05-23 13:58:21.784000,1.10102,1.10098,4200000,4310000
2018-05-23 13:58:21.838000,1.10102,1.101,1100000,1870000
2018-05-23 13:58:22.099000,1.10104,1.10101,1120000,1250000
2018-05-23 13:58:25.029000,1.10104,1.101,1310000,1500000
2018-05-23 13:58:25.552000,1.10103,1.101,1000000,1100000
2018-05-23 13:58:26.374000,1.10104,1.101,2890000,1100000
2018-05-23 13:58:26.892000,1.10105,1.10101,4760000,1100000
2018-05-23 13:58:27.751000,1.10104,1.101,1120000,2440000
2018-05-23 13:58:28.301000,1.10104,1.101,1310000,2510000
2018-05-23 13:58:28.896000,1.10104,1.101,1310000,2250000
2018-05-23 13:58:30.981000,1.10104,1.101,1480000,3070000
2018-05-23 13:58:32.395000,1.10103,1.10099,1220000,4390000
2018-05-23 13:58:32.902000,1.10104,1.101,3640000,1250000
2018-05-23 13:58:33.112000,1.10105,1.10101,1390000,2700000
2018-05-23 13:58:33.651000,1.10105,1.10102,2060000,1000000
2018-05-23 13:58:34.329000,1.10104,1.10102,1190000,1000000
2018-05-23 13:58:34.858000,1.10104,1.10101,1190000,2620000
2018-05-23 13:58:35.464000,1.10105,1.10101,2810000,2700000
2018-05-23 13:58:36.187000,1.10104,1.10101,1690000,2700000
2018-05-23 13:58:36.726000,1.10104,1.10101,1000000,1950000
2018-05-23 13:58:37.272000,1.10104,1.10101,1000000,3450000
2018-05-23 13:58:37.814000,1.10104,1.10101,1690000,1870000
2018-05-23 13:58:38.733000,1.10104,1.10101,1250000,2700000
2018-05-23 13:58:39.982000,1.10104,1.101,2440000,4010000
2018-05-23 13:58:40.489000,1.10104,1.101,2810000,3190000
2018-05-23 13:58:41.019000,1.10103,1.10099,3190000,2700000
2018-05-23 13:58:41.561000,1.101,1.10098,1000000,1570000
2018-05-23 13:58:41.869000,1.101,1.10096,3560000,4120000
2018-05-23 13:58:43.620000,1.10098,1.10095,1690000,2770000
2018-05-23 13:58:43.994000,1.10099,1.10096,1310000,1570000
2018-05-23 13:58:44.505000,1.101,1.10096,1310000,3450000
2018-05-23 13:58:44.712000,1.10099,1.10096,1190000,1950000
2018-05-23 13:58:44.972000,1.10098,1.10095,1190000,3450000
2018-05-23 13:58:45.299000,1.10099,1.10095,1310000,2620000
2018-05-23 13:58:45.401000,1.10098,1.10095,1190000,2620000
2018-05-23 13:58:48.167000,1.101,1.10098,2510000,1000000
2018-05-23 13:58:48.769000,1.10099,1.10097,1520000,1000000
2018-05-23 13:58:51.579000,1.10101,1.10097,2440000,2320000
2018-05-23 13:58:52.109000,1.10101,1.10097,2810000,2320000
2018-05-23 13:58:52.835000,1.10101,1.10097,3190000,2320000
2018-05-23 13:58:53.370000,1.10101,1.10097,2440000,2320000
2018-05-23 13:58:53.629000,1.10099,1.10097,1190000,1570000
2018-05-23 13:58:54.732000,1.101,1.10097,1310000,1570000
2018-05-23 13:58:56.588000,1.101,1.10097,2260000,1570000
2018-05-23 13:58:57.137000,1.10099,1.10097,1190000,1100000
2018-05-23 13:58:58.094000,1.10099,1.10097,1250000,1570000
2018-05-23 13:58:58.675000,1.101,1.10097,1310000,1570000
2018-05-23 13:58:58.988000,1.10102,1.10098,2810000,2320000
2018-05-23 13:58:59.494000,1.10102,1.10098,2060000,3820000
2018-05-23 13:59:00.458000,1.10102,1.10099,1310000,1000000
2018-05-23 13:59:02.941000,1.10102,1.101,1190000,1000000
2018-05-23 13:59:03.676000,1.10103,1.101,1310000,1000000
2018-05-23 13:59:03.939000,1.10106,1.10103,1310000,1000000
2018-05-23 13:59:03.992000,1.10107,1.10104,3560000,1000000
2018-05-23 13:59:04.543000,1.10108,1.10105,1690000,1000000
2018-05-23 13:59:05.148000,1.10109,1.10106,1760000,1000000
2018-05-23 13:59:05.687000,1.10109,1.10107,1190000,1000000
2018-05-23 13:59:06.220000,1.1011,1.10107,1690000,1500000
2018-05-23 13:59:08.903000,1.10109,1.10107,1190000,1500000
2018-05-23 13:59:12.874000,1.10107,1.10105,1190000,1000000
2018-05-23 13:59:13.562000,1.10106,1.10103,1690000,1100000
2018-05-23 13:59:13.615000,1.10104,1.10102,1190000,3070000
2018-05-23 13:59:14.040000,1.10104,1.10101,1190000,3450000
2018-05-23 13:59:14.094000,1.10107,1.10103,3640000,1000000
2018-05-23 13:59:14.738000,1.10108,1.10105,2140000,1000000
2018-05-23 13:59:15.052000,1.10104,1.10103,1250000,1500000
2018-05-23 13:59:15.572000,1.10104,1.10102,1190000,1000000
2018-05-23 13:59:18.407000,1.10104,1.10102,1690000,1000000
2018-05-23 13:59:18.990000,1.10104,1.10102,1470000,1000000
2018-05-23 13:59:19.542000,1.10104,1.10102,1690000,1000000
2018-05-23 13:59:24.108000,1.10105,1.10103,1390000,1000000
2018-05-23 13:59:25.684000,1.10105,1.10102,2810000,1000000
2018-05-23 13:59:26.853000,1.10105,1.10103,2810000,1000000
2018-05-23 13:59:27.401000,1.10105,1.10102,3560000,1000000
2018-05-23 13:59:29.232000,1.10104,1.101,1690000,2250000
2018-05-23 13:59:30.549000,1.10103,1.101,1500000,1000000
2018-05-23 13:59:31.101000,1.10102,1.10099,1500000,1500000
2018-05-23 13:59:35.704000,1.10103,1.10099,1500000,3370000
2018-05-23 13:59:36.291000,1.10102,1.10099,1000000,1870000
2018-05-23 13:59:39.617000,1.10099,1.10098,1000000,2250000
2018-05-23 13:59:39.671000,1.10098,1.10096,1000000,1100000
2018-05-23 13:59:40.206000,1.10098,1.10095,1000000,1500000
2018-05-23 13:59:41.109000,1.10098,1.10096,1000000,1000000
2018-05-23 13:59:41.461000,1.101,1.10097,1000000,1000000
2018-05-23 13:59:41.981000,1.10099,1.10097,1000000,1000000
2018-05-23 13:59:42.486000,1.10098,1.10096,1000000,1000000
2018-05-23 13:59:42.794000,1.10096,1.10094,1000000,1000000
2018-05-23 13:59:43.362000,1.10096,1.10093,1000000,1500000
2018-05-23 13:59:43.939000,1.10095,1.10093,1000000,1000000
2018-05-23 13:59:46.215000,1.10095,1.10092,2620000,1000000
2018-05-23 13:59:46.529000,1.10091,1.10088,1000000,2250000
2018-05-23 13:59:46.672000,1.10092,1.10088,1000000,3000000
2018-05-23 13:59:47.349000,1.10091,1.10088,1000000,2250000
2018-05-23 13:59:47.791000,1.10093,1.10089,3910000,2250000
2018-05-23 13:59:48.319000,1.10092,1.10089,1500000,2250000
2018-05-23 13:59:48.972000,1.10091,1.10088,1000000,1870000
2018-05-23 13:59:49.517000,1.1009,1.10088,1000000,1120000
2018-05-23 13:59:50.998000,1.10091,1.10088,1000000,1120000
2018-05-23 13:59:51.501000,1.1009,1.10088,1000000,1120000
2018-05-23 13:59:51.934000,1.10092,1.10088,1500000,1870000
2018-05-23 13:59:52.567000,1.10091,1.10088,1000000,1120000
2018-05-23 13:59:53.405000,1.10092,1.10088,1000000,1120000
2018-05-23 13:59:53.560000,1.1009,1.10087,1500000,1000000
2018-05-23 13:59:53.612000,1.10089,1.10084,1000000,2250000
2018-05-23 13:59:53.717000,1.10088,1.10082,1500000,3600000
2018-05-23 13:59:54.504000,1.10087,1.10082,1000000,2250000
2018-05-23 13:59:55.022000,1.10087,1.10082,1500000,1120000
2018-05-23 13:59:55.535000,1.10086,1.10082,1000000,1120000
2018-05-23 13:59:56.055000,1.10086,1.10081,1500000,2470000
2018-05-23 13:59:57.085000,1.10085,1.10081,1000000,1500000
2018-05-23 13:59:58.051000,1.10084,1.1008,1500000,1000000
2018-05-23 13:59:59.452000,1.10085,1.10079,2620000,3970000
2018-05-23 13:59:59.616000,1.10083,1.10079,1000000,1870000
2018-05-23 13:59:59.683000,1.10081,1.10074,3000000,6600000
2018-05-23 14:00:00.190000,1.10081,1.10075,2250000,2850000
2018-05-23 14:00:00.823000,1.10081,1.10074,2250000,3000000
2018-05-23 14:00:01.681000,1.1008,1.10074,1000000,1500000
2018-05-23 14:00:01.896000,1.10077,1.10074,1000000,1500000
2018-05-23 14:00:02.055000,1.10079,1.10073,2250000,1500000
2018-05-23 14:00:02.873000,1.1008,1.10077,1000000,1500000
2018-05-23 14:00:02.925000,1.10083,1.10077,3370000,2100000
2018-05-23 14:00:02.976000,1.10083,1.10077,2250000,1120000
2018-05-23 14:00:03.768000,1.10084,1.10078,3000000,1870000
2018-05-23 14:00:03.820000,1.10084,1.1008,1500000,2100000
2018-05-23 14:00:04.492000,1.10084,1.10079,1000000,1000000
2018-05-23 14:00:04.842000,1.10088,1.10084,1120000,2250000
2018-05-23 14:00:04.950000,1.10091,1.10085,2250000,3220000
2018-05-23 14:00:05.494000,1.10091,1.10085,2250000,2250000
2018-05-23 14:00:06.342000,1.10092,1.10086,1200000,1120000
2018-05-23 14:00:06.865000,1.10092,1.10086,1500000,2250000
2018-05-23 14:00:07.038000,1.10092,1.10089,1500000,1870000
2018-05-23 14:00:07.097000,1.10097,1.10091,2700000,1870000
2018-05-23 14:00:07.149000,1.10097,1.10092,1570000,1370000
2018-05-23 14:00:07.457000,1.10099,1.10093,1950000,5850000
2018-05-23 14:00:07.610000,1.101,1.10095,1000000,4350000
2018-05-23 14:00:08.387000,1.101,1.10097,1000000,3220000
2018-05-23 14:00:08.438000,1.10103,1.10099,1500000,3000000
2018-05-23 14:00:08.958000,1.10104,1.101,1500000,1000000
2018-05-23 14:00:09.867000,1.10104,1.10101,1000000,1000000
2018-05-23 14:00:10.412000,1.10104,1.101,1500000,1000000
2018-05-23 14:00:10.948000,1.10103,1.101,1000000,1500000
2018-05-23 14:00:11.717000,1.10104,1.101,2250000,1000000
2018-05-23 14:00:12.263000,1.10103,1.101,1500000,1000000
2018-05-23 14:00:12.527000,1.10101,1.101,1000000,1000000
2018-05-23 14:00:13.060000,1.10102,1.10099,1000000,1000000
2018-05-23 14:00:15.439000,1.10098,1.10096,1500000,1120000
2018-05-23 14:00:16.931000,1.10098,1.10094,1500000,1870000
2018-05-23 14:00:17.444000,1.10097,1.10094,1000000,2620000
2018-05-23 14:00:19.545000,1.10097,1.10095,1000000,1000000
2018-05-23 14:00:20.173000,1.10097,1.10094,1000000,1870000
2018-05-23 14:00:20.686000,1.10097,1.10093,1000000,3370000
2018-05-23 14:00:21.530000,1.10097,1.10094,1000000,1000000
2018-05-23 14:00:22.856000,1.10097,1.10093,1000000,3370000
2018-05-23 14:00:24.408000,1.10097,1.10093,1500000,3750000
2018-05-23 14:00:24.513000,1.10097,1.10093,2250000,2620000
2018-05-23 14:00:24.777000,1.10096,1.10093,1120000,1000000
2018-05-23 14:00:24.830000,1.10088,1.10082,5620000,3000000
2018-05-23 14:00:25.332000,1.10086,1.1008,2250000,3000000
2018-05-23 14:00:25.842000,1.10086,1.10082,2870000,1000000
2018-05-23 14:00:27.210000,1.10086,1.10083,1000000,5850000
2018-05-23 14:00:27.320000,1.10087,1.10085,1000000,3000000
2018-05-23 14:00:27.374000,1.10089,1.10085,2620000,2620000
2018-05-23 14:00:27.962000,1.10087,1.10083,1120000,2470000
2018-05-23 14:00:28.473000,1.10087,1.10082,7050000,2620000
2018-05-23 14:00:29.024000,1.10086,1.10081,2620000,4500000
2018-05-23 14:00:29.551000,1.10086,1.10081,7670000,3750000
2018-05-23 14:00:30.679000,1.10086,1.10082,1870000,2470000
2018-05-23 14:00:31.201000,1.10086,1.10082,1500000,3750000
2018-05-23 14:00:32.032000,1.10086,1.10082,2810000,1870000
2018-05-23 14:00:32.269000,1.10086,1.10081,6860000,5360000
2018-05-23 14:00:34.586000,1.10085,1.10081,2620000,2810000
2018-05-23 14:00:36.456000,1.10085,1.1008,3890000,5250000
2018-05-23 14:00:38.561000,1.10084,1.1008,1870000,1870000
2018-05-23 14:00:39.286000,1.10081,1.10077,1120000,6640000
2018-05-23 14:00:39.396000,1.10079,1.10075,1310000,1010000
2018-05-23 14:00:39.899000,1.10079,1.10074,4760000,3560000
2018-05-23 14:00:40.728000,1.10079,1.10074,5140000,1690000
2018-05-23 14:00:41.667000,1.10078,1.10073,4010000,3040000
2018-05-23 14:00:42.201000,1.10078,1.10074,6260000,1000000
2018-05-23 14:00:45.086000,1.10077,1.10074,1120000,1100000
2018-05-23 14:00:45.328000,1.10076,1.10073,1500000,1100000
2018-05-23 14:00:45.390000,1.10074,1.10071,1950000,2320000
2018-05-23 14:00:45.602000,1.10074,1.10069,5510000,1570000
2018-05-23 14:00:46.134000,1.10072,1.10068,2810000,1200000
2018-05-23 14:00:46.545000,1.10072,1.10068,7010000,1570000
2018-05-23 14:00:46.649000,1.10073,1.1007,1250000,1910000
2018-05-23 14:00:46.981000,1.10077,1.10074,1120000,1070000
2018-05-23 14:00:47.490000,1.10078,1.10074,3260000,1570000
2018-05-23 14:00:49.339000,1.10077,1.10074,1120000,1100000
2018-05-23 14:00:49.501000,1.10077,1.10074,1200000,1000000
2018-05-23 14:00:49.710000,1.10078,1.10076,1000000,2170000
2018-05-23 14:00:50.013000,1.1008,1.10077,1310000,1570000
2018-05-23 14:00:50.589000,1.10081,1.10079,2810000,1500000
2018-05-23 14:00:50.642000,1.10084,1.1008,3260000,2100000
2018-05-23 14:00:51.798000,1.10083,1.10078,2060000,4610000
2018-05-23 14:00:52.350000,1.10083,1.10078,5510000,1870000
2018-05-23 14:00:52.897000,1.1008,1.10076,1120000,5740000
2018-05-23 14:00:53.233000,1.10079,1.10074,2620000,2320000
2018-05-23 14:00:55.726000,1.10075,1.1007,3370000,4990000
2018-05-23 14:00:55.900000,1.10075,1.1007,5880000,2810000
2018-05-23 14:00:56.414000,1.10074,1.1007,2470000,1250000
2018-05-23 14:00:56.620000,1.10073,1.10068,2620000,1950000
2018-05-23 14:00:56.778000,1.10069,1.10066,1310000,1310000
2018-05-23 14:00:56.831000,1.10067,1.10063,1870000,5510000
2018-05-23 14:00:57.486000,1.10066,1.10062,1120000,5700000
2018-05-23 14:00:58,1.10065,1.10062,1120000,2250000
2018-05-23 14:00:58.103000,1.10066,1.10062,3560000,4120000
2018-05-23 14:00:58.646000,1.10067,1.10063,2440000,3070000
2018-05-23 14:00:59.170000,1.10067,1.10062,3930000,4240000
2018-05-23 14:00:59.483000,1.10067,1.10064,1500000,1250000
2018-05-23 14:00:59.590000,1.10069,1.10066,1120000,3600000
2018-05-23 14:01:00.854000,1.10069,1.10068,1250000,1000000
2018-05-23 14:01:00.961000,1.10072,1.10069,1100000,2060000
2018-05-23 14:01:01.501000,1.10073,1.10069,1310000,6260000
2018-05-23 14:01:02.968000,1.10075,1.10071,2810000,2810000
2018-05-23 14:01:03.656000,1.10075,1.10072,2810000,1000000
2018-05-23 14:01:04.204000,1.10075,1.10071,3040000,8140000
2018-05-23 14:01:04.409000,1.10076,1.10074,1190000,2100000
2018-05-23 14:01:04.718000,1.10079,1.10075,1690000,5360000
2018-05-23 14:01:05,1.10079,1.10075,4690000,1100000
2018-05-23 14:01:05.219000,1.10074,1.1007,1870000,1310000
2018-05-23 14:01:06.561000,1.10074,1.10069,3930000,2510000
2018-05-23 14:01:08.584000,1.10073,1.10069,2060000,1000000
2018-05-23 14:01:08.972000,1.10071,1.10067,5440000,1950000
2018-05-23 14:01:09.335000,1.10066,1.10062,1870000,3450000
2018-05-23 14:01:09.490000,1.10067,1.10063,2890000,2440000
2018-05-23 14:01:10.011000,1.10067,1.10063,1310000,2060000
2018-05-23 14:01:10.150000,1.10066,1.10062,2250000,1000000
2018-05-23 14:01:10.670000,1.10066,1.10062,1760000,3370000
2018-05-23 14:01:11.665000,1.10066,1.10062,3560000,1250000
2018-05-23 14:01:12.200000,1.10066,1.10062,1690000,4310000
2018-05-23 14:01:12.954000,1.10066,1.10062,2430000,2250000
2018-05-23 14:01:13.007000,1.10065,1.10062,1120000,1000000
2018-05-23 14:01:13.523000,1.10065,1.10061,2060000,1000000
2018-05-23 14:01:14.052000,1.10064,1.1006,6190000,1250000
2018-05-23 14:01:14.373000,1.10057,1.10055,3560000,1100000
2018-05-23 14:01:14.424000,1.10057,1.10053,3260000,4500000
2018-05-23 14:01:14.680000,1.10057,1.10053,1250000,6640000
2018-05-23 14:01:15.185000,1.10058,1.10054,2810000,1310000
2018-05-23 14:01:15.494000,1.10056,1.10051,3370000,1310000
2018-05-23 14:01:16.610000,1.10056,1.1005,3140000,4390000
2018-05-23 14:01:17.150000,1.10056,1.1005,7260000,4390000
2018-05-23 14:01:17.665000,1.10055,1.1005,6260000,1310000
2018-05-23 14:01:18.331000,1.10054,1.1005,1390000,1190000
2018-05-23 14:01:18.641000,1.10053,1.10049,9820000,1000000
2018-05-23 14:01:19.108000,1.10054,1.10051,1500000,1000000
2018-05-23 14:01:19.542000,1.10057,1.10054,1950000,3190000
2018-05-23 14:01:19.696000,1.10059,1.10056,2890000,1250000
2018-05-23 14:01:20.134000,1.10057,1.10053,4120000,2320000
2018-05-23 14:01:20.348000,1.10055,1.10051,1870000,1000000
2018-05-23 14:01:21.755000,1.10055,1.1005,4380000,1000000
2018-05-23 14:01:23.231000,1.10055,1.1005,5880000,1000000
2018-05-23 14:01:23.940000,1.10055,1.10051,2890000,2250000
2018-05-23 14:01:24.468000,1.10055,1.10051,3640000,1120000
2018-05-23 14:01:25.014000,1.10055,1.1005,4760000,2620000
2018-05-23 14:01:25.741000,1.10055,1.1005,6110000,1000000
2018-05-23 14:01:26.904000,1.10055,1.1005,4760000,2060000
2018-05-23 14:01:27.417000,1.10055,1.10051,4760000,1000000
2018-05-23 14:01:27.964000,1.10055,1.1005,5130000,2810000
2018-05-23 14:01:30.218000,1.10055,1.10051,1000000,1000000
2018-05-23 14:01:30.781000,1.10056,1.10054,3260000,1500000
2018-05-23 14:01:30.834000,1.10059,1.10056,2810000,1500000
2018-05-23 14:01:31.940000,1.10059,1.10056,1310000,2440000
2018-05-23 14:01:32.453000,1.1006,1.10056,2060000,3560000
2018-05-23 14:01:33.050000,1.1006,1.10056,2060000,2620000
2018-05-23 14:01:33.667000,1.1006,1.10056,1310000,4310000
2018-05-23 14:01:34.236000,1.10061,1.10057,2810000,1950000
2018-05-23 14:01:34.768000,1.1006,1.10055,3750000,2890000
2018-05-23 14:01:35.277000,1.10059,1.10055,2250000,2620000
2018-05-23 14:01:36.920000,1.10059,1.10056,3180000,1000000
2018-05-23 14:01:37.471000,1.10059,1.10055,3870000,3560000
2018-05-23 14:01:38.790000,1.10059,1.10056,3120000,1000000
2018-05-23 14:01:40.613000,1.10059,1.10055,3200000,3560000
2018-05-23 14:01:41.878000,1.10059,1.10056,3810000,1250000
2018-05-23 14:01:44.747000,1.10059,1.10056,2140000,1250000
2018-05-23 14:01:45.366000,1.1006,1.10056,4690000,3190000
2018-05-23 14:01:45.933000,1.1006,1.10056,3190000,3190000
2018-05-23 14:01:47.291000,1.10062,1.1006,7390000,3000000
2018-05-23 14:01:47.445000,1.10063,1.10061,1250000,2250000
2018-05-23 14:01:48.010000,1.10064,1.10061,2060000,2440000
2018-05-23 14:01:48.551000,1.10064,1.10061,2370000,1500000
2018-05-23 14:01:49.466000,1.10064,1.10061,2810000,1250000
2018-05-23 14:01:49.729000,1.10063,1.10061,1690000,1000000
2018-05-23 14:01:50.281000,1.10063,1.10061,1250000,1000000
2018-05-23 14:01:50.949000,1.10063,1.10059,2060000,2440000
2018-05-23 14:01:51.472000,1.10064,1.10061,2810000,1500000
2018-05-23 14:01:52.562000,1.10063,1.1006,1120000,1000000
2018-05-23 14:01:52.891000,1.1006,1.10056,1870000,2810000
2018-05-23 14:01:53.422000,1.1006,1.10056,3950000,3750000
2018-05-23 14:01:54.456000,1.10059,1.10056,2440000,1120000
2018-05-23 14:01:54.978000,1.10059,1.10055,6260000,3190000
2018-05-23 14:01:55.649000,1.10059,1.10056,5510000,1000000
2018-05-23 14:01:57.953000,1.10059,1.10056,4240000,1000000
2018-05-23 14:01:58.462000,1.10059,1.10056,1000000,1690000
2018-05-23 14:02:01.053000,1.10059,1.10056,1000000,2440000
2018-05-23 14:02:01.260000,1.10061,1.10059,2440000,1000000
2018-05-23 14:02:01.314000,1.1006,1.10056,1870000,4420000
2018-05-23 14:02:01.369000,1.10059,1.10056,1500000,1310000
2018-05-23 14:02:01.633000,1.10056,1.10053,1120000,1250000
2018-05-23 14:02:01.740000,1.10055,1.1005,1500000,3490000
2018-05-23 14:02:02.398000,1.10054,1.1005,4390000,1250000
2018-05-23 14:02:02.766000,1.10052,1.10048,4500000,2620000
2018-05-23 14:02:03.240000,1.10052,1.10049,3070000,2440000
2018-05-23 14:02:05.420000,1.10052,1.10048,3640000,1120000
2018-05-23 14:02:05.933000,1.10052,1.10049,1760000,2250000
2018-05-23 14:02:06.301000,1.10052,1.10047,4700000,3190000
2018-05-23 14:02:06.745000,1.10052,1.10048,5810000,1500000
2018-05-23 14:02:06.806000,1.10052,1.10049,1000000,3560000
2018-05-23 14:02:08.072000,1.10053,1.1005,1310000,1000000
2018-05-23 14:02:08.622000,1.10053,1.1005,1870000,1190000
2018-05-23 14:02:09.311000,1.10053,1.10049,3700000,2810000
2018-05-23 14:02:09.896000,1.10053,1.1005,2620000,1190000
2018-05-23 14:02:10.442000,1.10054,1.10051,1000000,3190000
2018-05-23 14:02:11.125000,1.10054,1.10051,1000000,1870000
2018-05-23 14:02:11.286000,1.10057,1.10055,4010000,1000000
2018-05-23 14:02:11.441000,1.10058,1.10055,1250000,1870000
2018-05-23 14:02:11.493000,1.10058,1.10055,1000000,3040000
2018-05-23 14:02:11.732000,1.10057,1.10053,9070000,1690000
2018-05-23 14:02:11.814000,1.10055,1.10051,1390000,1120000
2018-05-23 14:02:12.348000,1.1005,1.10046,1500000,1760000
2018-05-23 14:02:12.552000,1.1005,1.10045,6180000,4010000
2018-05-23 14:02:13.559000,1.1005,1.10045,4390000,2850000
2018-05-23 14:02:14.078000,1.1005,1.10046,4390000,3190000
2018-05-23 14:02:14.599000,1.10053,1.1005,2060000,1500000
2018-05-23 14:02:14.660000,1.10053,1.1005,1120000,1190000
2018-05-23 14:02:15.167000,1.10053,1.1005,2060000,1500000
2018-05-23 14:02:15.782000,1.10054,1.10051,2510000,2250000
2018-05-23 14:02:16.317000,1.10054,1.10051,2810000,1690000
2018-05-23 14:02:17.170000,1.10054,1.10052,2060000,1000000
2018-05-23 14:02:18.193000,1.10054,1.10051,3440000,1500000
2018-05-23 14:02:18.450000,1.10051,1.10049,3750000,1000000
2018-05-23 14:02:18.694000,1.10051,1.10046,7010000,2060000
2018-05-23 14:02:19.214000,1.10051,1.10047,7760000,1000000
2018-05-23 14:02:20.346000,1.10051,1.10048,8210000,1000000
2018-05-23 14:02:20.454000,1.10052,1.10051,1000000,1000000
2018-05-23 14:02:20.955000,1.10053,1.10051,2060000,1000000
2018-05-23 14:02:24.299000,1.10054,1.10052,3940000,1000000
2018-05-23 14:02:24.894000,1.10054,1.10051,3940000,1000000
2018-05-23 14:02:24.998000,1.10053,1.10049,4500000,1760000
2018-05-23 14:02:25.050000,1.10052,1.10048,1690000,4090000
2018-05-23 14:02:25.349000,1.10051,1.10046,3370000,1090000
2018-05-23 14:02:25.924000,1.1005,1.10046,3450000,1010000
2018-05-23 14:02:26.473000,1.1005,1.10048,1690000,2250000
2018-05-23 14:02:26.527000,1.10054,1.10051,3450000,1000000
2018-05-23 14:02:27.886000,1.10054,1.10052,2440000,1000000
2018-05-23 14:02:29.923000,1.10052,1.1005,1310000,3150000
2018-05-23 14:02:30.134000,1.10052,1.10048,9940000,1000000
2018-05-23 14:02:30.188000,1.10052,1.1005,4490000,1250000
2018-05-23 14:02:30.689000,1.10053,1.10051,1500000,1010000
2018-05-23 14:02:31.151000,1.10055,1.10053,2060000,1000000
2018-05-23 14:02:31.450000,1.10056,1.10054,1120000,1500000
2018-05-23 14:02:32.039000,1.10056,1.10053,2620000,2440000
2018-05-23 14:02:32.463000,1.10058,1.10057,1200000,1000000
2018-05-23 14:02:32.981000,1.1006,1.10057,1690000,1570000
2018-05-23 14:02:33.494000,1.1006,1.10058,1690000,1100000
2018-05-23 14:02:34.223000,1.1006,1.10057,2440000,1570000
2018-05-23 14:02:34.757000,1.1006,1.10057,1690000,1570000
2018-05-23 14:02:35.284000,1.1006,1.10057,1870000,2320000
2018-05-23 14:02:35.806000,1.1006,1.10056,6260000,3190000
2018-05-23 14:02:36.355000,1.1006,1.10057,5430000,1100000
2018-05-23 14:02:38.755000,1.1006,1.10058,1690000,1500000
2018-05-23 14:02:39.299000,1.1006,1.10058,1000000,2250000
2018-05-23 14:02:40.962000,1.10063,1.10062,3000000,1500000
2018-05-23 14:02:41.069000,1.10066,1.10062,2810000,3070000
2018-05-23 14:02:41.356000,1.1007,1.10067,1690000,5320000
2018-05-23 14:02:41.408000,1.10072,1.10068,1940000,1570000
2018-05-23 14:02:41.941000,1.1007,1.10068,1120000,1000000
2018-05-23 14:02:41.997000,1.10073,1.10068,2440000,1500000
2018-05-23 14:02:42.303000,1.10074,1.1007,1390000,1100000
2018-05-23 14:02:42.724000,1.10079,1.10075,2440000,2020000
2018-05-23 14:02:42.776000,1.10079,1.10073,3940000,6900000
2018-05-23 14:02:42.935000,1.10079,1.10075,1760000,1310000
2018-05-23 14:02:44.572000,1.1008,1.10076,2440000,1250000
2018-05-23 14:02:45.015000,1.10082,1.10077,1690000,2890000
2018-05-23 14:02:45.220000,1.10081,1.10076,4720000,2890000
2018-05-23 14:02:47.541000,1.10081,1.10077,2440000,1000000
2018-05-23 14:02:47.967000,1.10083,1.10079,1940000,1000000
2018-05-23 14:02:48.021000,1.10084,1.10079,1760000,5810000
2018-05-23 14:02:48.075000,1.10084,1.1008,1010000,4310000
2018-05-23 14:02:48.596000,1.10085,1.10081,1310000,1010000
2018-05-23 14:02:48.913000,1.1009,1.10086,2060000,1010000
2018-05-23 14:02:49.539000,1.1009,1.10085,2370000,5890000
2018-05-23 14:02:50.001000,1.10088,1.10083,1720000,4200000
2018-05-23 14:02:50.321000,1.10086,1.10081,2470000,3070000
2018-05-23 14:02:50.580000,1.10086,1.10081,3930000,1100000
2018-05-23 14:02:51.572000,1.10085,1.1008,2620000,3450000
2018-05-23 14:02:52.100000,1.10085,1.1008,1690000,3640000
2018-05-23 14:02:52.751000,1.10085,1.1008,4310000,2320000
2018-05-23 14:02:52.960000,1.10084,1.10078,3600000,4950000
2018-05-23 14:02:53.509000,1.10082,1.10078,1120000,1120000
2018-05-23 14:02:54.164000,1.1008,1.10076,1870000,1570000
2018-05-23 14:02:54.350000,1.1008,1.10077,1310000,1000000
2018-05-23 14:02:54.875000,1.10082,1.10078,3940000,1000000
2018-05-23 14:02:55.841000,1.10082,1.10078,3190000,1000000
2018-05-23 14:02:56.686000,1.10082,1.10078,3180000,1000000
2018-05-23 14:02:56.946000,1.10082,1.10079,1250000,3000000
2018-05-23 14:02:57.458000,1.10082,1.10077,5440000,4390000
2018-05-23 14:02:58.002000,1.10081,1.10077,2250000,2700000
2018-05-23 14:02:59.417000,1.10081,1.10077,2060000,3820000
2018-05-23 14:02:59.918000,1.10082,1.10078,2440000,1000000
2018-05-23 14:03:01.725000,1.10082,1.10079,1690000,1000000
2018-05-23 14:03:01.778000,1.10083,1.1008,1310000,1250000
2018-05-23 14:03:02.566000,1.10084,1.1008,1310000,3640000
2018-05-23 14:03:02.923000,1.10085,1.10082,1310000,1000000
2018-05-23 14:03:03.244000,1.10089,1.10086,1310000,1500000
2018-05-23 14:03:03.370000,1.1009,1.10086,2810000,2620000
2018-05-23 14:03:03.628000,1.1009,1.10086,4190000,2620000
2018-05-23 14:03:03.680000,1.1009,1.10086,1310000,3750000
2018-05-23 14:03:06.249000,1.10088,1.10084,2810000,1950000
2018-05-23 14:03:06.354000,1.10088,1.10083,7680000,2140000
2018-05-23 14:03:06.890000,1.10087,1.10082,4690000,3260000
2018-05-23 14:03:07.508000,1.10087,1.10083,2440000,2620000
2018-05-23 14:03:08.965000,1.10088,1.10084,2620000,2060000
2018-05-23 14:03:09.489000,1.10089,1.10085,1310000,5060000
2018-05-23 14:03:09.868000,1.10089,1.10088,1000000,1000000
2018-05-23 14:03:10.498000,1.10091,1.10087,2000000,2810000
2018-05-23 14:03:11.792000,1.10092,1.10089,1760000,1000000
2018-05-23 14:03:12.299000,1.10092,1.10088,1690000,2060000
2018-05-23 14:03:12.402000,1.10092,1.10088,2000000,1690000
2018-05-23 14:03:13.480000,1.10091,1.10087,1870000,1570000
2018-05-23 14:03:14.439000,1.10091,1.10088,2000000,1500000
2018-05-23 14:03:14.850000,1.10084,1.10079,3750000,3040000
2018-05-23 14:03:14.959000,1.10083,1.10079,4870000,2250000
2018-05-23 14:03:15.468000,1.10083,1.10078,6130000,4310000
2018-05-23 14:03:15.996000,1.10083,1.10079,5380000,1000000
2018-05-23 14:03:16.541000,1.10084,1.10081,2320000,3000000
2018-05-23 14:03:16.792000,1.10085,1.10082,1120000,1000000
2018-05-23 14:03:17.100000,1.10085,1.10081,2810000,3070000
2018-05-23 14:03:19.095000,1.10085,1.10081,1690000,4500000
2018-05-23 14:03:19.636000,1.10085,1.10081,5430000,1570000
2018-05-23 14:03:20.052000,1.10082,1.10079,10690000,1500000
2018-05-23 14:03:20.111000,1.10082,1.10079,1120000,3370000
2018-05-23 14:03:20.270000,1.10082,1.10076,8510000,2700000
2018-05-23 14:03:20.819000,1.10081,1.10077,2250000,1000000
2018-05-23 14:03:21.384000,1.10081,1.10076,9260000,3000000
2018-05-23 14:03:21.910000,1.10081,1.10077,3190000,3000000
2018-05-23 14:03:22.469000,1.10081,1.10078,3190000,1000000
2018-05-23 14:03:22.843000,1.10081,1.10078,1000000,4310000
2018-05-23 14:03:23.110000,1.10083,1.1008,1620000,1690000
2018-05-23 14:03:23.633000,1.10085,1.10081,4690000,1000000
2018-05-23 14:03:24.403000,1.10085,1.10082,3440000,4500000
2018-05-23 14:03:24.457000,1.10085,1.10082,2440000,1870000
2018-05-23 14:03:25.931000,1.10085,1.10082,3190000,2250000
2018-05-23 14:03:26.445000,1.10085,1.10081,7010000,1000000
2018-05-23 14:03:26.998000,1.10085,1.1008,12940000,1390000
2018-05-23 14:03:27.546000,1.10084,1.10079,6450000,1250000
2018-05-23 14:03:27.747000,1.10084,1.1008,1570000,3190000
2018-05-23 14:03:28.593000,1.10083,1.10079,3370000,2140000
2018-05-23 14:03:29.645000,1.10082,1.10078,5620000,4010000
2018-05-23 14:03:30.201000,1.10081,1.10079,1500000,1000000
2018-05-23 14:03:30.254000,1.10083,1.10079,4010000,5810000
2018-05-23 14:03:31.302000,1.10083,1.10081,1690000,1500000
2018-05-23 14:03:31.824000,1.10083,1.1008,1690000,1690000
2018-05-23 14:03:33.294000,1.10084,1.1008,2000000,2440000
2018-05-23 14:03:36.341000,1.10084,1.10082,1000000,1000000
2018-05-23 14:03:36.654000,1.10084,1.1008,4690000,2440000
2018-05-23 14:03:36.810000,1.10084,1.10079,11430000,3640000
2018-05-23 14:03:38.233000,1.10082,1.10079,5250000,1190000
2018-05-23 14:03:39.818000,1.10082,1.10081,1000000,1250000
2018-05-23 14:03:40.310000,1.10082,1.10079,1500000,2320000
2018-05-23 14:03:40.816000,1.10082,1.10079,4500000,1190000
2018-05-23 14:03:41.256000,1.10082,1.10078,5060000,3940000
2018-05-23 14:03:41.800000,1.10081,1.10077,4760000,1690000
2018-05-23 14:03:42.862000,1.10081,1.10078,5700000,1000000
2018-05-23 14:03:42.914000,1.10081,1.10079,3820000,1250000
2018-05-23 14:03:43.497000,1.10083,1.10079,4870000,1000000
2018-05-23 14:03:43.857000,1.10082,1.10077,6220000,1690000
2018-05-23 14:03:44.793000,1.10081,1.10076,4950000,2060000
2018-05-23 14:03:45.558000,1.10079,1.10075,3220000,1100000
2018-05-23 14:03:45.971000,1.10077,1.10073,2620000,2250000
2018-05-23 14:03:46.129000,1.10074,1.10069,3190000,5890000
2018-05-23 14:03:46.739000,1.10074,1.10069,6630000,2810000
2018-05-23 14:03:48.117000,1.10074,1.10068,11880000,2440000
2018-05-23 14:03:48.647000,1.10074,1.10069,7010000,2440000
2018-05-23 14:03:49.043000,1.10075,1.10072,3450000,2440000
2018-05-23 14:03:49.365000,1.10078,1.10076,2620000,1250000
2018-05-23 14:03:50.425000,1.10079,1.10075,3750000,1760000
2018-05-23 14:03:50.937000,1.10079,1.10074,5730000,1690000
2018-05-23 14:03:51.478000,1.10078,1.10074,4870000,1690000
2018-05-23 14:03:54.089000,1.10076,1.10073,3000000,1000000
2018-05-23 14:03:54.597000,1.10076,1.10071,13010000,1690000
2018-05-23 14:03:55.318000,1.10076,1.10071,13010000,1690000
2018-05-23 14:03:55.651000,1.10077,1.10074,1870000,1690000
2018-05-23 14:03:56.019000,1.10076,1.10072,3000000,4010000
2018-05-23 14:03:56.549000,1.10075,1.10071,4690000,1290000
2018-05-23 14:03:56.808000,1.10074,1.10069,4310000,2510000
2018-05-23 14:03:57.394000,1.10074,1.1007,6820000,1250000
2018-05-23 14:03:57.915000,1.10074,1.10069,9260000,1690000
2018-05-23 14:03:58.865000,1.10074,1.10068,10990000,4390000
2018-05-23 14:03:59.542000,1.10074,1.10069,7010000,1690000
2018-05-23 14:04:00.087000,1.10073,1.10069,2250000,1250000
2018-05-23 14:04:00.625000,1.10073,1.10068,4760000,2060000
2018-05-23 14:04:01.511000,1.10072,1.10067,4310000,3260000
2018-05-23 14:04:01.767000,1.1007,1.10067,3940000,1690000
2018-05-23 14:04:02.663000,1.1007,1.10066,6640000,1690000
2018-05-23 14:04:03.037000,1.1007,1.10067,2250000,1690000
2018-05-23 14:04:03.788000,1.10071,1.10067,3070000,2440000
2018-05-23 14:04:04.340000,1.10071,1.10068,1500000,3190000
2018-05-23 14:04:04.886000,1.10072,1.10068,1950000,5440000
2018-05-23 14:04:05.388000,1.10072,1.10069,1500000,3190000
2018-05-23 14:04:06.325000,1.1007,1.10066,5510000,3190000
2018-05-23 14:04:06.689000,1.1007,1.10066,7760000,1250000
2018-05-23 14:04:08.074000,1.1007,1.10067,1000000,8440000
2018-05-23 14:04:08.596000,1.1007,1.10067,7310000,1250000
2018-05-23 14:04:08.700000,1.10069,1.10065,3000000,1250000
2018-05-23 14:04:09.250000,1.10069,1.10064,6640000,2060000
2018-05-23 14:04:09.772000,1.10068,1.10064,2320000,2060000
2018-05-23 14:04:10.282000,1.10068,1.10064,3070000,2060000
2018-05-23 14:04:10.847000,1.10068,1.10066,1100000,1690000
2018-05-23 14:04:11.015000,1.10068,1.10065,1120000,1250000
2018-05-23 14:04:11.067000,1.10068,1.10066,1120000,1190000
2018-05-23 14:04:12.292000,1.10068,1.10065,1870000,1250000
2018-05-23 14:04:12.605000,1.10065,1.10062,2140000,1000000
2018-05-23 14:04:13.113000,1.10065,1.10061,8140000,1190000
2018-05-23 14:04:14.692000,1.10065,1.10062,2140000,1250000
2018-05-23 14:04:16.417000,1.10066,1.10063,1570000,1250000
2018-05-23 14:04:17.042000,1.10066,1.10062,1570000,3940000
2018-05-23 14:04:17.818000,1.10067,1.10063,3450000,1250000
2018-05-23 14:04:24.467000,1.10064,1.10061,1120000,1190000
2018-05-23 14:04:24.831000,1.10064,1.1006,5200000,1690000
2018-05-23 14:04:24.884000,1.10064,1.10061,5690000,1190000
2018-05-23 14:04:25.859000,1.10064,1.10061,1870000,1190000
2018-05-23 14:04:26.392000,1.10065,1.10063,1120000,1250000
2018-05-23 14:04:32.278000,1.10066,1.10063,1000000,1250000
2018-05-23 14:04:33.289000,1.10066,1.10063,1000000,1690000
2018-05-23 14:04:33.814000,1.10066,1.10062,6450000,1500000
2018-05-23 14:04:34.405000,1.10065,1.10062,1310000,1250000
2018-05-23 14:04:34.933000,1.10064,1.10061,2700000,1190000
2018-05-23 14:04:36.533000,1.10064,1.10061,3440000,1250000
2018-05-23 14:04:36.739000,1.10065,1.10062,1200000,3190000
2018-05-23 14:04:40.410000,1.10064,1.10061,2620000,1390000
2018-05-23 14:04:40.957000,1.10064,1.1006,6630000,1190000
2018-05-23 14:04:41.502000,1.10064,1.10061,4190000,1190000
2018-05-23 14:04:41.605000,1.10066,1.10062,2890000,1690000
2018-05-23 14:04:42.955000,1.10066,1.10063,1500000,1690000
2018-05-23 14:04:43.498000,1.10066,1.10063,1000000,2440000
2018-05-23 14:04:44.048000,1.10066,1.10064,1000000,1250000
2018-05-23 14:04:44.587000,1.10067,1.10064,3000000,1250000
2018-05-23 14:04:44.851000,1.10067,1.10063,5500000,1690000
2018-05-23 14:04:45.358000,1.10067,1.10063,4940000,1690000
2018-05-23 14:04:46.378000,1.10067,1.10063,4500000,1250000
2018-05-23 14:04:46.920000,1.10067,1.10063,2500000,1690000
2018-05-23 14:04:47.562000,1.10067,1.10063,3000000,1690000
2018-05-23 14:04:48.945000,1.10066,1.10063,4500000,1690000
2018-05-23 14:04:49.471000,1.10066,1.10062,4870000,3190000
2018-05-23 14:04:50.191000,1.10066,1.10063,2250000,1190000
2018-05-23 14:04:50.713000,1.10066,1.10063,2250000,1250000
2018-05-23 14:04:51.871000,1.10066,1.10063,2250000,1250000
2018-05-23 14:04:52.391000,1.10067,1.10066,1000000,1250000
2018-05-23 14:04:52.908000,1.10068,1.10066,1870000,1250000
2018-05-23 14:04:53.518000,1.1007,1.10067,1100000,7010000
2018-05-23 14:04:54,1.10072,1.10068,3000000,2510000
2018-05-23 14:04:54.502000,1.10072,1.10068,4000000,2060000
2018-05-23 14:04:56.515000,1.1007,1.10067,5060000,1100000
2018-05-23 14:04:56.567000,1.10069,1.10064,4990000,2060000
2018-05-23 14:04:57.080000,1.10069,1.10066,1120000,3190000
2018-05-23 14:04:57.808000,1.10069,1.10065,3190000,1760000
2018-05-23 14:04:59.584000,1.1007,1.10066,3190000,1250000
2018-05-23 14:05:00.094000,1.1007,1.10067,1250000,3750000
2018-05-23 14:05:00.537000,1.10073,1.10068,4010000,2060000
2018-05-23 14:05:01.423000,1.10073,1.10068,7640000,2060000
2018-05-23 14:05:02.141000,1.10073,1.10068,5880000,2060000
2018-05-23 14:05:02.297000,1.10071,1.10067,5470000,5510000
2018-05-23 14:05:02.456000,1.1007,1.10066,1310000,2510000
2018-05-23 14:05:02.964000,1.1007,1.10066,3190000,1500000
2018-05-23 14:05:03.342000,1.10069,1.10064,3820000,1690000
2018-05-23 14:05:03.870000,1.10068,1.10063,5470000,1100000
2018-05-23 14:05:04.305000,1.10066,1.10062,3750000,2250000
2018-05-23 14:05:06.807000,1.10067,1.10062,9190000,2060000
2018-05-23 14:05:07.348000,1.10066,1.10062,1720000,1500000
2018-05-23 14:05:08.097000,1.10064,1.10062,1310000,1000000
2018-05-23 14:05:08.517000,1.10063,1.10059,3190000,2440000
2018-05-23 14:05:09.031000,1.10063,1.10059,4500000,3190000
2018-05-23 14:05:14.458000,1.10063,1.10061,1720000,1250000
2018-05-23 14:05:14.613000,1.10066,1.10062,1690000,1760000
2018-05-23 14:05:14.768000,1.10066,1.10064,4120000,1190000
2018-05-23 14:05:14.819000,1.10066,1.10061,5810000,1570000
2018-05-23 14:05:15.354000,1.10066,1.10062,2810000,1250000
2018-05-23 14:05:16.391000,1.10066,1.10061,6930000,3260000
2018-05-23 14:05:16.905000,1.10066,1.10062,3940000,1760000
2018-05-23 14:05:17.446000,1.10066,1.10061,8360000,1690000
2018-05-23 14:05:18.032000,1.10066,1.10062,5060000,1500000
2018-05-23 14:05:18.579000,1.10065,1.1006,4500000,2510000
2018-05-23 14:05:19.647000,1.10065,1.10062,1310000,1000000
2018-05-23 14:05:20.548000,1.10065,1.10062,2060000,1000000
2018-05-23 14:05:21.094000,1.10064,1.1006,3560000,1690000
2018-05-23 14:05:22.653000,1.10064,1.1006,6930000,1250000
2018-05-23 14:05:23.205000,1.10064,1.1006,2430000,1690000
2018-05-23 14:05:23.680000,1.10065,1.10061,2060000,5810000
2018-05-23 14:05:24.363000,1.10065,1.10062,1870000,1250000
2018-05-23 14:05:24.919000,1.10065,1.10061,2810000,5810000
2018-05-23 14:05:25.455000,1.10065,1.10061,4310000,4310000
2018-05-23 14:05:25.961000,1.10065,1.1006,8890000,2140000
2018-05-23 14:05:26.256000,1.10065,1.10062,1500000,1690000
2018-05-23 14:05:26.785000,1.10066,1.10062,1310000,2510000
2018-05-23 14:05:27.333000,1.10067,1.10063,5440000,1690000
2018-05-23 14:05:29.115000,1.10067,1.10062,5060000,2510000
2018-05-23 14:05:29.380000,1.10066,1.10061,4500000,3260000
2018-05-23 14:05:29.939000,1.10066,1.10061,8890000,5440000
2018-05-23 14:05:30.504000,1.10064,1.10059,4010000,5060000
2018-05-23 14:05:31.023000,1.10064,1.10061,1690000,1250000
2018-05-23 14:05:31.600000,1.10064,1.1006,3060000,3560000
2018-05-23 14:05:32.134000,1.10064,1.1006,1310000,3560000
2018-05-23 14:05:32.657000,1.10065,1.10062,1690000,1000000
2018-05-23 14:05:32.925000,1.10067,1.10063,4310000,1000000
2018-05-23 14:05:34.166000,1.10067,1.10064,3190000,1000000
2018-05-23 14:05:34.849000,1.10067,1.10063,2810000,3370000
2018-05-23 14:05:35.379000,1.10067,1.10063,2060000,3560000
2018-05-23 14:05:36.058000,1.10067,1.10064,1120000,2440000
2018-05-23 14:05:36.110000,1.10067,1.10066,1000000,1250000
2018-05-23 14:05:36.423000,1.1007,1.10068,1200000,2440000
2018-05-23 14:05:36.679000,1.10071,1.10068,1000000,3190000
2018-05-23 14:05:37.208000,1.10072,1.10069,1350000,1250000
2018-05-23 14:05:37.262000,1.10071,1.10069,1120000,1250000
2018-05-23 14:05:37.655000,1.10072,1.10069,1950000,1250000
2018-05-23 14:05:38.233000,1.10073,1.1007,2620000,1250000
2018-05-23 14:05:38.495000,1.10073,1.10068,4310000,5140000
2018-05-23 14:05:39.352000,1.10073,1.10068,4950000,3560000
2018-05-23 14:05:39.862000,1.10073,1.1007,1120000,1250000
2018-05-23 14:05:40.161000,1.10075,1.10074,1100000,1250000
2018-05-23 14:05:40.213000,1.10077,1.10074,1000000,2810000
2018-05-23 14:05:40.572000,1.10079,1.10076,9490000,1250000
2018-05-23 14:05:40.888000,1.10081,1.10076,8510000,3560000
2018-05-23 14:05:41.407000,1.10081,1.10077,4010000,1000000
2018-05-23 14:05:41.969000,1.10081,1.10076,5140000,3560000
2018-05-23 14:05:42.072000,1.10082,1.10078,3820000,2810000
2018-05-23 14:05:42.379000,1.10086,1.10084,2250000,2810000
2018-05-23 14:05:42.430000,1.10087,1.10084,3000000,3560000
2018-05-23 14:05:42.711000,1.10089,1.10087,1000000,1120000
2018-05-23 14:05:42.814000,1.10092,1.10088,1570000,1690000
2018-05-23 14:05:43.018000,1.10093,1.10088,3640000,2810000
2018-05-23 14:05:43.259000,1.10093,1.10091,1570000,1000000
2018-05-23 14:05:43.524000,1.10093,1.10089,1500000,1250000
2018-05-23 14:05:44.087000,1.10093,1.10089,2700000,1250000
2018-05-23 14:05:44.665000,1.10093,1.10089,1950000,1250000
2018-05-23 14:05:46.241000,1.10094,1.10091,1950000,1190000
2018-05-23 14:05:46.296000,1.10097,1.10093,2250000,2440000
2018-05-23 14:05:46.456000,1.10104,1.10101,1000000,1690000
2018-05-23 14:05:46.773000,1.1011,1.10107,1000000,1500000
2018-05-23 14:05:46.876000,1.10109,1.10105,2320000,1310000
2018-05-23 14:05:47.185000,1.1011,1.10106,2060000,2060000
2018-05-23 14:05:48.192000,1.1011,1.10108,1000000,1000000
2018-05-23 14:05:48.719000,1.1011,1.10107,1010000,1310000
2018-05-23 14:05:49.337000,1.1011,1.10107,2890000,1000000
2018-05-23 14:05:49.853000,1.1011,1.10107,1250000,1000000
2018-05-23 14:05:50.369000,1.1011,1.10106,1250000,4010000
2018-05-23 14:05:50.969000,1.1011,1.10105,4370000,1390000
2018-05-23 14:05:51.282000,1.10105,1.101,3410000,2510000
2018-05-23 14:05:51.614000,1.10104,1.10099,3220000,1570000
2018-05-23 14:05:52.118000,1.10103,1.10098,1310000,2140000
2018-05-23 14:05:52.276000,1.10102,1.10096,4800000,4010000
2018-05-23 14:05:52.857000,1.101,1.10096,1120000,1950000
2018-05-23 14:05:53.186000,1.10099,1.10094,2620000,3070000
2018-05-23 14:05:53.746000,1.10099,1.10095,3190000,1250000
2018-05-23 14:05:53.799000,1.10099,1.10098,1000000,1870000
2018-05-23 14:05:53.852000,1.10101,1.10098,1010000,1870000
2018-05-23 14:05:54.169000,1.10103,1.101,1690000,1570000
2018-05-23 14:05:54.781000,1.10106,1.10101,3640000,5810000
2018-05-23 14:05:54.834000,1.10106,1.10104,1250000,3000000
2018-05-23 14:05:54.973000,1.1011,1.10106,1690000,10120000
2018-05-23 14:05:55.031000,1.1011,1.10109,1250000,1500000
2018-05-23 14:05:55.142000,1.1011,1.10107,1870000,1690000
2018-05-23 14:05:55.958000,1.1011,1.10107,3000000,1000000
2018-05-23 14:05:56.464000,1.1011,1.10108,1000000,1690000
2018-05-23 14:05:56.679000,1.1011,1.10107,1690000,1000000
2018-05-23 14:05:57.227000,1.1011,1.10107,1250000,1120000
2018-05-23 14:05:59.442000,1.1011,1.10107,1000000,2620000
2018-05-23 14:05:59.597000,1.10111,1.10109,2250000,1190000
2018-05-23 14:05:59.650000,1.10111,1.10107,3250000,2440000
2018-05-23 14:06:00.188000,1.10111,1.10107,3200000,1000000
2018-05-23 14:06:00.626000,1.10111,1.10106,1690000,3940000
2018-05-23 14:06:01.252000,1.10111,1.10106,2810000,2510000
2018-05-23 14:06:01.794000,1.10111,1.10106,3570000,6940000
2018-05-23 14:06:03.141000,1.10111,1.10107,4250000,1500000
2018-05-23 14:06:03.505000,1.1011,1.10106,3000000,1100000
2018-05-23 14:06:04.057000,1.1011,1.10106,3560000,2060000
2018-05-23 14:06:04.595000,1.1011,1.10105,4310000,7240000
2018-05-23 14:06:05.113000,1.1011,1.10107,1000000,2060000
2018-05-23 14:06:05.634000,1.1011,1.10107,1000000,3940000
2018-05-23 14:06:06.736000,1.1011,1.10107,1250000,2620000
2018-05-23 14:06:07.247000,1.1011,1.10105,4690000,2510000
2018-05-23 14:06:07.926000,1.1011,1.10106,4690000,1310000
2018-05-23 14:06:08.668000,1.1011,1.10104,4680000,5140000
2018-05-23 14:06:08.823000,1.1011,1.10107,1390000,1000000
2018-05-23 14:06:09.298000,1.1011,1.10109,1000000,1000000
2018-05-23 14:06:09.921000,1.1011,1.10108,1000000,2810000
2018-05-23 14:06:10.701000,1.1011,1.10107,1000000,2890000
2018-05-23 14:06:12.585000,1.1011,1.10105,2810000,4460000
2018-05-23 14:06:13.090000,1.1011,1.10105,4310000,2140000
2018-05-23 14:06:14.605000,1.1011,1.10106,2440000,1500000
2018-05-23 14:06:15.037000,1.1011,1.10109,1000000,1500000
2018-05-23 14:06:15.589000,1.1011,1.10108,1000000,1000000
2018-05-23 14:06:16.123000,1.10113,1.10109,2140000,2810000
2018-05-23 14:06:16.279000,1.10112,1.10108,2060000,1390000
2018-05-23 14:06:16.873000,1.10112,1.10108,2060000,4160000
2018-05-23 14:06:17.395000,1.10112,1.10108,3630000,1250000
2018-05-23 14:06:17.746000,1.10112,1.10106,5880000,2510000
2018-05-23 14:06:18.331000,1.1011,1.10105,2320000,2810000
2018-05-23 14:06:18.907000,1.1011,1.10105,5880000,1870000
2018-05-23 14:06:19.829000,1.10106,1.10104,1310000,1100000
2018-05-23 14:06:19.959000,1.10107,1.10103,1690000,4310000
2018-05-23 14:06:20.013000,1.10108,1.10105,1190000,1120000
2018-05-23 14:06:20.120000,1.10109,1.10105,1310000,1310000
2018-05-23 14:06:23.230000,1.10109,1.10105,3190000,2890000
2018-05-23 14:06:23.755000,1.10109,1.10105,3560000,1690000
2018-05-23 14:06:24.516000,1.10109,1.10105,3190000,3940000
2018-05-23 14:06:25.023000,1.10109,1.10105,2810000,3190000
2018-05-23 14:06:25.831000,1.10108,1.10104,2620000,2320000
2018-05-23 14:06:26.275000,1.10108,1.10104,1310000,3370000
2018-05-23 14:06:26.896000,1.10108,1.10104,3000000,2250000
2018-05-23 14:06:27.421000,1.10108,1.10103,5880000,3370000
2018-05-23 14:06:28.492000,1.10108,1.10104,6260000,1500000
2018-05-23 14:06:29.134000,1.10107,1.10103,1870000,1500000
2018-05-23 14:06:29.320000,1.10105,1.10102,1870000,1000000
2018-05-23 14:06:29.685000,1.10105,1.101,4560000,7010000
2018-05-23 14:06:31.247000,1.10104,1.101,1120000,3560000
2018-05-23 14:06:32.236000,1.10104,1.10101,1310000,1000000
2018-05-23 14:06:32.780000,1.10104,1.101,1250000,5060000
2018-05-23 14:06:36.333000,1.10105,1.10102,1950000,1500000
2018-05-23 14:06:36.875000,1.10107,1.10103,4390000,3600000
2018-05-23 14:06:37.211000,1.10108,1.10105,1390000,2440000
2018-05-23 14:06:37.525000,1.10109,1.10107,1690000,1000000
2018-05-23 14:06:40.264000,1.1011,1.10107,1250000,1000000
2018-05-23 14:06:40.767000,1.10111,1.10107,6640000,1500000
2018-05-23 14:06:41.645000,1.10111,1.10107,6500000,2250000
2018-05-23 14:06:41.903000,1.10111,1.10107,4700000,3000000
2018-05-23 14:06:42.249000,1.10114,1.10112,1000000,3000000
2018-05-23 14:06:42.759000,1.10115,1.10112,1250000,7500000
2018-05-23 14:06:43.357000,1.10116,1.10112,3260000,1750000
2018-05-23 14:06:44.235000,1.10116,1.10113,1010000,2250000
2018-05-23 14:06:44.545000,1.1012,1.10117,1250000,3000000
2018-05-23 14:06:45.048000,1.10121,1.10117,3190000,3750000
2018-05-23 14:06:45.381000,1.10122,1.1012,1250000,1000000
2018-05-23 14:06:45.536000,1.10122,1.10118,1760000,3000000
2018-05-23 14:06:46.211000,1.10122,1.10118,6810000,2250000
2018-05-23 14:06:46.263000,1.10121,1.10118,1870000,1000000
2018-05-23 14:06:47.381000,1.10121,1.10118,1310000,1500000
2018-05-23 14:06:48.231000,1.10122,1.10118,2060000,2700000
2018-05-23 14:06:48.771000,1.10122,1.10118,1250000,4200000
2018-05-23 14:06:57.027000,1.10123,1.1012,4310000,1500000
2018-05-23 14:06:57.594000,1.10125,1.10122,2140000,3000000
2018-05-23 14:06:57.701000,1.10127,1.10124,2140000,1120000
2018-05-23 14:06:58.243000,1.10128,1.10125,1250000,2620000
2018-05-23 14:06:58.780000,1.10129,1.10126,1190000,1000000
2018-05-23 14:06:59.320000,1.10129,1.10125,1250000,1870000
2018-05-23 14:07:01.546000,1.10129,1.10125,2440000,1310000
2018-05-23 14:07:02.368000,1.1013,1.10127,5440000,1500000
2018-05-23 14:07:02.727000,1.1013,1.10126,5060000,2060000
2018-05-23 14:07:03.847000,1.10129,1.10125,1120000,2700000
2018-05-23 14:07:04.350000,1.10129,1.10125,3190000,2620000
2018-05-23 14:07:05.034000,1.10129,1.10125,1690000,1870000
2018-05-23 14:07:06.900000,1.10129,1.10124,6060000,3820000
2018-05-23 14:07:07.432000,1.10129,1.10124,5810000,2700000
2018-05-23 14:07:08.196000,1.10127,1.10123,2810000,1760000
2018-05-23 14:07:08.299000,1.10124,1.10119,2440000,2060000
2018-05-23 14:07:08.845000,1.10124,1.10118,5130000,3260000
2018-05-23 14:07:09.954000,1.10123,1.10118,3940000,2140000
2018-05-23 14:07:10.423000,1.1012,1.10117,1500000,1100000
2018-05-23 14:07:10.750000,1.10118,1.10114,1500000,3270000
2018-05-23 14:07:11.269000,1.10118,1.10113,6020000,1760000
2018-05-23 14:07:12.151000,1.10117,1.10112,4780000,3560000
2018-05-23 14:07:12.489000,1.10115,1.1011,4390000,1000000
2018-05-23 14:07:13.043000,1.10114,1.10111,1690000,1000000
2018-05-23 14:07:13.666000,1.10114,1.10111,2060000,3600000
2018-05-23 14:07:14.012000,1.10116,1.10112,2700000,1760000
2018-05-23 14:07:15.152000,1.10116,1.10112,1950000,2060000
2018-05-23 14:07:15.918000,1.10113,1.10111,1500000,1250000
2018-05-23 14:07:16.255000,1.10112,1.10108,2250000,2060000
2018-05-23 14:07:18.160000,1.10112,1.10107,8130000,2060000
2018-05-23 14:07:18.679000,1.10111,1.10107,2510000,1120000
2018-05-23 14:07:19.216000,1.1011,1.10107,3820000,1000000
2018-05-23 14:07:19.323000,1.10109,1.10105,4570000,1690000
2018-05-23 14:07:19.832000,1.10108,1.10104,1950000,1310000
2018-05-23 14:07:20.525000,1.10106,1.10104,1500000,1000000
2018-05-23 14:07:20.578000,1.10106,1.10101,6190000,4010000
2018-05-23 14:07:21.103000,1.10105,1.10102,2620000,1250000
2018-05-23 14:07:21.475000,1.10107,1.10103,4390000,1000000
2018-05-23 14:07:22.002000,1.10108,1.10104,2320000,1250000
2018-05-23 14:07:22.056000,1.10109,1.10105,2700000,3410000
2018-05-23 14:07:22.606000,1.1011,1.10107,4010000,1000000
2018-05-23 14:07:23.180000,1.10111,1.10107,2700000,1250000
2018-05-23 14:07:23.701000,1.10111,1.10108,1500000,1000000
2018-05-23 14:07:24.277000,1.10113,1.10109,4570000,1250000
2018-05-23 14:07:25.408000,1.10113,1.10109,3000000,1250000
2018-05-23 14:07:25.722000,1.10112,1.10108,2440000,1000000
2018-05-23 14:07:26.247000,1.10112,1.10107,3630000,2440000
2018-05-23 14:07:26.959000,1.10111,1.10107,4160000,2060000
2018-05-23 14:07:27.618000,1.10111,1.10106,6630000,1950000
2018-05-23 14:07:28,1.10111,1.10109,4720000,1000000
2018-05-23 14:07:28.556000,1.10111,1.1011,1000000,1000000
2018-05-23 14:07:28.714000,1.10111,1.10108,1000000,3940000
2018-05-23 14:07:29.351000,1.10111,1.10107,1870000,2510000
2018-05-23 14:07:32.856000,1.10112,1.10111,1000000,1250000
2018-05-23 14:07:32.961000,1.10114,1.10111,1000000,2140000
2018-05-23 14:07:33.111000,1.10116,1.10113,1000000,1100000
2018-05-23 14:07:33.644000,1.10117,1.10113,4500000,3110000
2018-05-23 14:07:34.591000,1.10117,1.10114,2620000,1250000
2018-05-23 14:07:35.371000,1.10117,1.10114,1350000,1250000
2018-05-23 14:07:36.340000,1.10117,1.10114,2620000,1250000
2018-05-23 14:07:36.799000,1.10119,1.10115,3750000,1390000
2018-05-23 14:07:37.208000,1.10119,1.10115,4070000,1310000
2018-05-23 14:07:37.320000,1.10119,1.10115,5400000,1390000
2018-05-23 14:07:37.371000,1.10119,1.10115,5120000,1310000
2018-05-23 14:07:37.874000,1.10118,1.10114,1950000,2060000
2018-05-23 14:07:38.388000,1.10118,1.10114,1500000,2890000
2018-05-23 14:07:38.913000,1.10118,1.10114,4000000,2060000
2018-05-23 14:07:39.545000,1.10118,1.10114,2250000,1310000
2018-05-23 14:07:41.785000,1.10118,1.10113,5010000,3190000
2018-05-23 14:07:42.518000,1.10117,1.10113,4870000,2440000
2018-05-23 14:07:42.678000,1.10117,1.10112,9260000,2140000
2018-05-23 14:07:46.777000,1.10117,1.10113,8890000,1250000
2018-05-23 14:07:47.317000,1.10117,1.10112,9260000,1760000
2018-05-23 14:07:49.568000,1.10115,1.10111,1870000,1310000
2018-05-23 14:07:49.623000,1.10115,1.10111,8240000,1310000
2018-05-23 14:07:49.731000,1.10115,1.10113,1000000,1120000
2018-05-23 14:07:49.784000,1.10117,1.10113,1100000,3940000
2018-05-23 14:07:51.730000,1.10118,1.10115,4690000,3370000
2018-05-23 14:07:51.783000,1.1012,1.10118,1570000,1250000
2018-05-23 14:07:51.939000,1.10122,1.10119,1000000,1250000
2018-05-23 14:07:52.257000,1.10123,1.10121,1570000,1250000
2018-05-23 14:07:53.344000,1.10123,1.10121,1500000,1190000
2018-05-23 14:07:53.857000,1.10123,1.1012,1500000,1120000
2018-05-23 14:07:53.961000,1.10123,1.10121,1500000,1190000
2018-05-23 14:07:54.744000,1.10124,1.10121,1870000,1290000
2018-05-23 14:07:55.203000,1.10124,1.1012,4870000,2060000
2018-05-23 14:07:55.754000,1.10123,1.1012,1120000,1250000
2018-05-23 14:07:55.907000,1.10123,1.10121,1200000,1190000
2018-05-23 14:07:56.474000,1.10123,1.10121,1500000,1190000
2018-05-23 14:07:57.347000,1.10123,1.10119,2620000,2140000
2018-05-23 14:07:58.646000,1.10123,1.10119,3670000,1310000
2018-05-23 14:07:59.997000,1.10122,1.10117,4500000,2140000
2018-05-23 14:08:00.462000,1.10123,1.10118,3860000,4690000
2018-05-23 14:08:08.074000,1.10123,1.10121,2250000,1250000
2018-05-23 14:08:08.623000,1.10123,1.1012,2250000,2060000
2018-05-23 14:08:10.776000,1.10123,1.10121,1000000,1190000
2018-05-23 14:08:11.167000,1.10123,1.1012,1000000,3370000
2018-05-23 14:08:11.481000,1.10123,1.10122,1000000,1000000
2018-05-23 14:08:11.535000,1.10127,1.10123,4200000,3560000
2018-05-23 14:08:11.589000,1.10127,1.10123,1200000,6190000
2018-05-23 14:08:11.642000,1.10128,1.10123,2440000,7010000
2018-05-23 14:08:12.151000,1.10129,1.10126,1870000,1000000
2018-05-23 14:08:13.081000,1.10129,1.10125,1870000,4310000
2018-05-23 14:08:13.588000,1.10129,1.10126,1870000,1000000
2018-05-23 14:08:14.110000,1.1013,1.10127,1690000,1310000
2018-05-23 14:08:15.806000,1.10132,1.1013,2320000,1870000
2018-05-23 14:08:15.865000,1.10135,1.10132,1200000,3000000
2018-05-23 14:08:16.410000,1.10135,1.10131,1950000,3190000
2018-05-23 14:08:16.922000,1.10135,1.1013,2310000,4760000
2018-05-23 14:08:17.431000,1.10135,1.10132,1310000,1690000
2018-05-23 14:08:18.365000,1.10135,1.10131,1000000,2140000
2018-05-23 14:08:19.643000,1.10136,1.10133,3820000,1500000
2018-05-23 14:08:21.571000,1.10136,1.10131,5810000,2890000
2018-05-23 14:08:21.783000,1.10131,1.10127,1870000,6450000
2018-05-23 14:08:22.090000,1.10131,1.10125,7760000,5510000
2018-05-23 14:08:22.649000,1.1013,1.10125,3190000,5140000
2018-05-23 14:08:22.914000,1.1013,1.10126,3940000,1690000
2018-05-23 14:08:24.152000,1.1013,1.10126,2060000,2810000
2018-05-23 14:08:24.688000,1.1013,1.10126,3560000,1310000
2018-05-23 14:08:26.223000,1.1013,1.10126,6060000,1000000
2018-05-23 14:08:26.362000,1.10124,1.10119,2060000,7760000
2018-05-23 14:08:27.133000,1.10124,1.10119,5880000,2440000
2018-05-23 14:08:28.220000,1.10124,1.1012,7010000,1000000
2018-05-23 14:08:28.817000,1.10124,1.10118,7760000,7010000
2018-05-23 14:08:29.349000,1.10124,1.1012,7380000,1000000
2018-05-23 14:08:29.901000,1.10124,1.10119,7760000,1310000
2018-05-23 14:08:30.589000,1.10123,1.10119,2620000,1120000
2018-05-23 14:08:30.642000,1.1012,1.10117,4500000,1000000
2018-05-23 14:08:30.694000,1.10118,1.10114,2620000,1570000
2018-05-23 14:08:31.200000,1.10118,1.10114,3560000,1120000
2018-05-23 14:08:31.743000,1.10119,1.10115,5510000,1870000
2018-05-23 14:08:32.261000,1.10119,1.10115,4760000,1870000
2018-05-23 14:08:32.801000,1.10118,1.10115,3370000,1000000
2018-05-23 14:08:32.907000,1.10118,1.10113,5510000,1250000
2018-05-23 14:08:33.453000,1.10116,1.10111,3750000,2700000
2018-05-23 14:08:33.786000,1.10116,1.10113,3810000,1000000
2018-05-23 14:08:33.967000,1.10116,1.10112,4190000,2620000
2018-05-23 14:08:39.185000,1.10116,1.10112,1250000,3940000
2018-05-23 14:08:39.289000,1.10118,1.10115,1310000,2060000
2018-05-23 14:08:39.637000,1.10121,1.10117,1290000,4120000
2018-05-23 14:08:40.218000,1.10122,1.10118,1310000,1000000
2018-05-23 14:08:41.903000,1.10122,1.10117,3560000,1200000
2018-05-23 14:08:42.407000,1.10122,1.10118,1310000,1500000
2018-05-23 14:08:42.918000,1.10122,1.10119,1500000,1000000
2018-05-23 14:08:43.444000,1.10122,1.10118,1310000,1570000
2018-05-23 14:08:44.226000,1.10123,1.10118,2060000,4390000
2018-05-23 14:08:45.492000,1.10121,1.10117,3370000,1950000
2018-05-23 14:08:45.543000,1.10122,1.10118,5810000,2890000
2018-05-23 14:08:47.072000,1.10122,1.10119,1310000,1000000
2018-05-23 14:08:47.594000,1.10122,1.10119,1310000,1000000
2018-05-23 14:08:48.161000,1.10124,1.1012,6260000,1000000
2018-05-23 14:08:48.702000,1.10124,1.10119,6190000,2890000
2018-05-23 14:08:49.334000,1.10124,1.10119,4160000,2700000
2018-05-23 14:08:50.447000,1.10124,1.10119,6260000,2810000
2018-05-23 14:08:50.665000,1.10124,1.1012,2810000,1190000
2018-05-23 14:08:51.190000,1.10124,1.1012,6560000,1000000
2018-05-23 14:08:53.879000,1.10124,1.10119,4310000,2700000
2018-05-23 14:08:54.205000,1.10124,1.10123,1250000,1500000
2018-05-23 14:08:54.417000,1.10128,1.10123,2510000,6560000
2018-05-23 14:08:54.521000,1.10129,1.10125,2440000,2810000
2018-05-23 14:08:55.166000,1.10129,1.10125,4560000,1390000
2018-05-23 14:08:55.218000,1.10129,1.10125,1690000,2140000
2018-05-23 14:08:58.031000,1.10132,1.10129,1190000,1500000
2018-05-23 14:08:58.397000,1.10132,1.10129,1190000,1000000
2018-05-23 14:08:58.562000,1.10132,1.10129,2810000,2250000
2018-05-23 14:08:58.721000,1.10132,1.10127,4680000,1570000
2018-05-23 14:08:58.777000,1.10133,1.10128,6110000,2620000
2018-05-23 14:08:59.146000,1.10133,1.1013,1120000,1190000
2018-05-23 14:08:59.201000,1.10133,1.10129,1310000,3640000
2018-05-23 14:08:59.753000,1.10134,1.1013,3560000,1000000
2018-05-23 14:09:00.017000,1.10129,1.10125,1690000,3190000
2018-05-23 14:09:00.324000,1.10129,1.10124,6630000,1870000
2018-05-23 14:09:00.906000,1.10129,1.10124,6260000,2060000
2018-05-23 14:09:01.270000,1.10134,1.10131,1310000,3370000
2018-05-23 14:09:01.323000,1.10136,1.10132,1560000,3750000
2018-05-23 14:09:01.679000,1.10137,1.10133,7310000,2140000
2018-05-23 14:09:01.986000,1.10137,1.10133,3940000,1190000
2018-05-23 14:09:02.223000,1.10138,1.10134,2320000,2060000
2018-05-23 14:09:03.968000,1.10136,1.10133,2440000,1010000
2018-05-23 14:09:04.020000,1.10135,1.10131,5620000,1690000
2018-05-23 14:09:04.324000,1.10132,1.10129,2810000,1100000
2018-05-23 14:09:04.648000,1.10131,1.10126,1870000,2140000
2018-05-23 14:09:05.193000,1.10131,1.10127,5810000,1120000
2018-05-23 14:09:05.738000,1.10131,1.10127,1310000,3450000
2018-05-23 14:09:06.399000,1.10131,1.10128,1000000,1690000
2018-05-23 14:09:06.973000,1.10132,1.10128,1120000,6260000
2018-05-23 14:09:07.564000,1.10133,1.10129,1310000,1950000
2018-05-23 14:09:07.874000,1.10132,1.10127,3370000,1570000
2018-05-23 14:09:08.395000,1.10132,1.10129,1690000,1000000
2018-05-23 14:09:08.986000,1.10132,1.10128,1310000,4990000
2018-05-23 14:09:09.488000,1.10134,1.10129,3260000,4690000
2018-05-23 14:09:09.927000,1.10134,1.10131,2440000,2250000
2018-05-23 14:09:10.030000,1.10137,1.10133,2890000,1120000
2018-05-23 14:09:10.321000,1.10137,1.10134,1250000,2620000
2018-05-23 14:09:10.382000,1.10139,1.10136,2060000,1250000
2018-05-23 14:09:10.907000,1.1014,1.10137,2060000,1000000
2018-05-23 14:09:11.408000,1.10141,1.10137,1250000,5660000
2018-05-23 14:09:11.931000,1.10143,1.10139,2810000,1000000
2018-05-23 14:09:12.834000,1.10143,1.10139,1310000,2440000
2018-05-23 14:09:13.279000,1.10146,1.10142,2510000,1120000
2018-05-23 14:09:13.801000,1.10146,1.10141,5880000,3000000
2018-05-23 14:09:14.105000,1.10144,1.10139,3000000,2510000
2018-05-23 14:09:14.472000,1.10143,1.10137,2620000,6490000
2018-05-23 14:09:15.043000,1.10142,1.10137,5620000,1950000
2018-05-23 14:09:16.792000,1.10141,1.10137,1310000,1870000
2018-05-23 14:09:16.845000,1.10137,1.10133,1120000,1950000
2018-05-23 14:09:16.899000,1.10137,1.10135,4310000,1000000
2018-05-23 14:09:16.952000,1.10137,1.10133,6180000,1100000
2018-05-23 14:09:17.491000,1.10137,1.10132,7010000,1120000
2018-05-23 14:09:18.394000,1.10136,1.10131,4570000,1500000
2018-05-23 14:09:18.549000,1.10136,1.10132,3190000,1500000
2018-05-23 14:09:18.652000,1.10136,1.10131,4690000,4760000
2018-05-23 14:09:19.829000,1.10135,1.1013,2250000,1390000
2018-05-23 14:09:20.155000,1.10133,1.10128,4200000,3560000
2018-05-23 14:09:20.780000,1.10131,1.10126,3000000,1570000
2018-05-23 14:09:22.963000,1.1013,1.10125,3070000,1310000
2018-05-23 14:09:23.118000,1.10128,1.10123,2620000,5510000
2018-05-23 14:09:23.362000,1.10127,1.10122,3750000,3070000
2018-05-23 14:09:23.764000,1.10128,1.10124,5510000,1190000
2018-05-23 14:09:24.897000,1.10129,1.10125,2810000,1190000
2018-05-23 14:09:24.980000,1.10129,1.10125,2440000,1310000
2018-05-23 14:09:25.615000,1.10129,1.10125,3190000,3860000
2018-05-23 14:09:26.249000,1.10129,1.10124,1690000,4760000
2018-05-23 14:09:27.034000,1.10129,1.10125,5060000,1310000
2018-05-23 14:09:27.576000,1.10129,1.10125,5810000,1120000
2018-05-23 14:09:28.246000,1.10129,1.10124,6330000,1870000
2018-05-23 14:09:28.455000,1.10125,1.10122,1870000,1200000
2018-05-23 14:09:28.931000,1.10126,1.10123,1310000,2280000
2018-05-23 14:09:29.249000,1.10125,1.10123,2250000,1000000
2018-05-23 14:09:29.488000,1.10127,1.10125,1950000,1250000
2018-05-23 14:09:30.237000,1.10128,1.10126,1250000,1000000
2018-05-23 14:09:30.447000,1.1013,1.10129,2140000,1000000
2018-05-23 14:09:30.499000,1.10132,1.1013,1760000,1000000
2018-05-23 14:09:31.052000,1.10133,1.10129,2510000,1500000
2018-05-23 14:09:31.158000,1.10133,1.10131,1250000,1000000
2018-05-23 14:09:31.554000,1.10133,1.10129,6180000,1950000
2018-05-23 14:09:31.608000,1.10133,1.1013,3500000,1000000
2018-05-23 14:09:32.150000,1.10133,1.10131,1250000,1000000
2018-05-23 14:09:33.171000,1.10134,1.10131,1760000,1500000
2018-05-23 14:09:33.276000,1.10136,1.10134,1010000,1000000
2018-05-23 14:09:33.502000,1.10142,1.10138,3940000,1870000
2018-05-23 14:09:34.101000,1.10142,1.10139,4690000,1000000
2018-05-23 14:09:35.858000,1.10144,1.10141,2060000,1000000
2018-05-23 14:09:36.018000,1.10146,1.10142,2440000,2250000
2018-05-23 14:09:36.176000,1.10147,1.10144,2890000,1000000
2018-05-23 14:09:36.686000,1.10147,1.10142,4160000,3070000
2018-05-23 14:09:37.968000,1.10146,1.10142,6000000,1120000
2018-05-23 14:09:38.283000,1.10147,1.10143,4010000,1690000
2018-05-23 14:09:38.336000,1.10147,1.10144,1070000,1190000
2018-05-23 14:09:38.653000,1.10151,1.10148,2060000,3260000
2018-05-23 14:09:39.033000,1.10151,1.10146,13910000,2140000
2018-05-23 14:09:39.405000,1.10149,1.10145,2620000,1070000
2018-05-23 14:09:39.457000,1.10149,1.10144,8060000,1570000
2018-05-23 14:09:41.126000,1.10148,1.10144,3820000,1000000
2018-05-23 14:09:41.667000,1.10147,1.10143,4120000,1000000
2018-05-23 14:09:41.824000,1.10147,1.10144,2700000,2810000
2018-05-23 14:09:42.230000,1.10147,1.10143,2060000,1010000
2018-05-23 14:09:44.679000,1.10147,1.10143,1370000,4090000
2018-05-23 14:09:44.733000,1.10147,1.10143,1690000,3260000
2018-05-23 14:09:44.786000,1.10148,1.10144,2060000,1760000
2018-05-23 14:09:45.776000,1.10148,1.10144,3030000,1870000
2018-05-23 14:09:46.317000,1.10148,1.10143,3560000,3260000
2018-05-23 14:09:48.254000,1.10148,1.10143,5130000,1870000
2018-05-23 14:09:48.597000,1.1015,1.10147,2060000,1500000
2018-05-23 14:09:48.970000,1.10149,1.10145,3750000,1950000
2018-05-23 14:09:49.565000,1.10149,1.10145,5520000,1000000
2018-05-23 14:09:50.094000,1.1015,1.10146,2060000,6640000
2018-05-23 14:09:50.613000,1.1015,1.10147,1690000,1100000
2018-05-23 14:09:51.205000,1.10151,1.10148,2060000,1000000
2018-05-23 14:09:51.735000,1.10151,1.10148,1190000,1120000
2018-05-23 14:09:51.851000,1.10152,1.10148,7390000,1250000
2018-05-23 14:09:52.359000,1.10153,1.10149,2060000,2960000
2018-05-23 14:09:52.961000,1.10153,1.10149,2080000,2960000
2018-05-23 14:09:53.632000,1.10153,1.10149,1700000,3710000
2018-05-23 14:09:54.179000,1.10154,1.10152,2250000,1500000
2018-05-23 14:09:54.444000,1.10157,1.10153,1690000,2890000
2018-05-23 14:09:54.987000,1.10157,1.10153,1250000,3260000
2018-05-23 14:09:55.491000,1.10158,1.10153,4010000,2510000
2018-05-23 14:09:56.273000,1.10158,1.10153,4760000,2510000
2018-05-23 14:09:57.098000,1.10158,1.10153,3260000,1760000
2018-05-23 14:09:58.051000,1.10158,1.10153,3640000,3260000
2018-05-23 14:09:58.103000,1.10156,1.10151,3190000,2590000
2018-05-23 14:09:58.418000,1.10154,1.10149,4950000,1690000
2018-05-23 14:09:59.433000,1.10154,1.10148,10760000,2890000
2018-05-23 14:10:00.050000,1.10153,1.10148,2320000,1760000
2018-05-23 14:10:00.595000,1.10152,1.10147,3260000,2510000
2018-05-23 14:10:01.323000,1.10148,1.10143,3750000,3340000
2018-05-23 14:10:01.479000,1.10148,1.10142,7380000,3260000
2018-05-23 14:10:02.028000,1.10148,1.10142,7010000,2590000
2018-05-23 14:10:02.564000,1.10148,1.10143,4390000,2140000
2018-05-23 14:10:03.211000,1.10149,1.10145,2510000,1290000
2018-05-23 14:10:03.467000,1.10151,1.10147,3640000,1100000
2018-05-23 14:10:03.976000,1.10152,1.10147,4390000,2140000
2018-05-23 14:10:04.546000,1.10152,1.10147,3640000,2890000
2018-05-23 14:10:04.700000,1.10152,1.10149,1000000,1100000
2018-05-23 14:10:05.007000,1.10153,1.1015,1000000,1290000
2018-05-23 14:10:05.112000,1.10156,1.10152,2060000,1870000
2018-05-23 14:10:05.436000,1.10157,1.10153,2060000,3150000
2018-05-23 14:10:05.795000,1.1016,1.10157,3260000,1000000
2018-05-23 14:10:06.031000,1.10165,1.10161,2510000,1690000
2018-05-23 14:10:06.402000,1.10163,1.10158,2250000,5210000
2018-05-23 14:10:06.949000,1.10163,1.10158,3630000,2440000
2018-05-23 14:10:07.270000,1.10162,1.10156,4870000,2510000
2018-05-23 14:10:07.804000,1.10162,1.10156,8510000,2140000
2018-05-23 14:10:08.166000,1.10162,1.10159,5510000,1000000
2018-05-23 14:10:08.474000,1.10164,1.10159,3640000,3260000
2018-05-23 14:10:09.007000,1.10164,1.1016,1690000,1390000
2018-05-23 14:10:09.323000,1.10167,1.10163,9560000,2250000
2018-05-23 14:10:09.466000,1.10167,1.10162,5060000,2140000
2018-05-23 14:10:09.937000,1.10167,1.10165,2450000,2250000
2018-05-23 14:10:10.172000,1.1017,1.10166,1690000,3340000
2018-05-23 14:10:10.697000,1.1017,1.10166,2060000,2590000
2018-05-23 14:10:10.953000,1.10167,1.10164,2250000,1000000
2018-05-23 14:10:11.326000,1.10167,1.10161,8880000,5140000
2018-05-23 14:10:11.835000,1.10165,1.10161,2060000,3190000
2018-05-23 14:10:12.098000,1.10164,1.10159,2250000,4460000
2018-05-23 14:10:12.704000,1.10165,1.1016,7010000,1100000
2018-05-23 14:10:13.590000,1.10165,1.1016,3180000,2960000
2018-05-23 14:10:13.745000,1.10165,1.10161,1000000,3260000
2018-05-23 14:10:14.268000,1.10165,1.10161,1250000,3340000
2018-05-23 14:10:14.792000,1.10165,1.10161,1190000,4840000
2018-05-23 14:10:15.283000,1.10166,1.10164,1690000,1950000
2018-05-23 14:10:15.386000,1.1017,1.10165,3560000,2510000
2018-05-23 14:10:15.920000,1.1017,1.10164,6110000,3260000
2018-05-23 14:10:16.453000,1.1017,1.10165,2440000,3340000
2018-05-23 14:10:16.709000,1.10169,1.10166,2620000,1100000
2018-05-23 14:10:17.213000,1.10169,1.10163,6860000,4840000
2018-05-23 14:10:17.712000,1.1017,1.10165,5510000,9190000
2018-05-23 14:10:18.223000,1.1017,1.10165,5810000,1170000
2018-05-23 14:10:19.152000,1.1017,1.10166,2810000,2400000
2018-05-23 14:10:20.250000,1.1017,1.10168,1190000,1000000
2018-05-23 14:10:20.766000,1.10171,1.10167,3190000,3340000
2018-05-23 14:10:21.309000,1.10171,1.10167,1250000,5400000
2018-05-23 14:10:21.521000,1.10172,1.10171,1690000,1120000
2018-05-23 14:10:21.690000,1.10176,1.10173,2060000,1000000
2018-05-23 14:10:22.268000,1.10176,1.10172,1310000,1310000
2018-05-23 14:10:23.248000,1.10177,1.10172,4310000,3340000
2018-05-23 14:10:23.301000,1.10179,1.10176,1700000,1310000
2018-05-23 14:10:23.830000,1.1018,1.10176,2270000,1690000
2018-05-23 14:10:24.144000,1.10179,1.10174,3210000,2210000
2018-05-23 14:10:25.983000,1.10177,1.10172,2620000,4200000
2018-05-23 14:10:26.526000,1.10176,1.10172,1870000,1200000
2018-05-23 14:10:29.178000,1.10176,1.10171,2440000,4460000
2018-05-23 14:10:29.384000,1.10175,1.10171,4870000,3710000
2018-05-23 14:10:29.487000,1.10175,1.1017,4940000,3710000
2018-05-23 14:10:29.881000,1.10177,1.10173,3260000,1000000
2018-05-23 14:10:30.396000,1.10177,1.10173,1310000,1070000
2018-05-23 14:10:31.007000,1.10178,1.10175,1310000,1250000
2018-05-23 14:10:31.456000,1.10178,1.10173,5690000,2140000
2018-05-23 14:10:31.765000,1.10177,1.10172,2700000,1120000
2018-05-23 14:10:31.972000,1.10177,1.10173,4010000,1000000
2018-05-23 14:10:32.188000,1.10177,1.10175,1250000,1000000
2018-05-23 14:10:32.294000,1.10179,1.10174,9940000,3340000
2018-05-23 14:10:32.404000,1.10179,1.10173,6190000,4460000
2018-05-23 14:10:32.906000,1.10179,1.10174,4620000,2960000
2018-05-23 14:10:34.998000,1.10179,1.10174,5440000,2020000
2018-05-23 14:10:36.088000,1.10179,1.10174,3190000,3340000
2018-05-23 14:10:36.634000,1.10179,1.10174,3940000,1650000
2018-05-23 14:10:37.630000,1.10179,1.10173,4380000,4840000
2018-05-23 14:10:40.958000,1.10179,1.10176,1310000,4310000
2018-05-23 14:10:42.020000,1.1018,1.10176,2060000,2590000
2018-05-23 14:10:43.202000,1.1018,1.10176,2060000,3260000
2018-05-23 14:10:44.940000,1.10179,1.10175,1870000,3450000
2018-05-23 14:10:45.244000,1.1018,1.10178,1190000,1120000
2018-05-23 14:10:46.630000,1.1018,1.10177,1310000,2620000
2018-05-23 14:10:46.812000,1.10179,1.10175,3370000,1100000
2018-05-23 14:10:47.337000,1.10178,1.10173,1200000,4390000
2018-05-23 14:10:47.495000,1.10176,1.10172,2250000,1200000
2018-05-23 14:10:47.601000,1.10175,1.1017,2320000,2890000
2018-05-23 14:10:48.290000,1.10175,1.10171,3260000,1500000
2018-05-23 14:10:50.194000,1.10175,1.1017,4680000,2320000
2018-05-23 14:10:50.245000,1.10174,1.10169,3000000,2140000
2018-05-23 14:10:50.509000,1.10173,1.10168,4200000,1500000
2018-05-23 14:10:54.262000,1.10173,1.10168,4840000,3940000
2018-05-23 14:10:54.793000,1.10173,1.10169,2060000,1200000
2018-05-23 14:10:55.416000,1.10173,1.10169,1310000,1200000
2018-05-23 14:10:55.522000,1.10174,1.1017,2510000,3560000
2018-05-23 14:10:56.143000,1.10175,1.10171,2510000,2140000
2018-05-23 14:10:56.532000,1.10175,1.10171,2440000,3260000
2018-05-23 14:10:58.153000,1.10176,1.10171,4390000,4010000
2018-05-23 14:10:59.281000,1.10178,1.10175,2890000,1000000
2018-05-23 14:10:59.594000,1.10172,1.10167,3000000,1070000
2018-05-23 14:11:00.110000,1.10171,1.10166,6070000,3190000
2018-05-23 14:11:00.651000,1.10171,1.10168,5140000,1100000
2018-05-23 14:11:01.267000,1.10171,1.10167,5140000,1950000
2018-05-23 14:11:06.419000,1.1017,1.10165,7200000,2250000
2018-05-23 14:11:06.624000,1.1017,1.10165,8510000,1870000
2018-05-23 14:11:08.818000,1.10168,1.10165,3370000,1000000
2018-05-23 14:11:08.870000,1.10166,1.10163,4870000,1650000
2018-05-23 14:11:09.026000,1.10166,1.10162,6940000,1500000
2018-05-23 14:11:10,1.10166,1.10162,7010000,1000000
2018-05-23 14:11:10.538000,1.10166,1.10161,11510000,2060000
2018-05-23 14:11:14.801000,1.10165,1.10159,2320000,2770000
2018-05-23 14:11:15.381000,1.10165,1.10159,6390000,3710000
2018-05-23 14:11:18.169000,1.10164,1.10159,5620000,1170000
2018-05-23 14:11:18.381000,1.10162,1.10157,5250000,2770000
2018-05-23 14:11:18.728000,1.10162,1.10158,3260000,1070000
2018-05-23 14:11:18.935000,1.1016,1.10154,6000000,5740000
2018-05-23 14:11:19.483000,1.1016,1.10155,1010000,4610000
2018-05-23 14:11:19.688000,1.10161,1.10158,1390000,1500000
2018-05-23 14:11:20.046000,1.10161,1.10156,2510000,1120000
2018-05-23 14:11:20.940000,1.10161,1.10156,3640000,1500000
2018-05-23 14:11:21.045000,1.10162,1.10158,2890000,1070000
2018-05-23 14:11:21.251000,1.10161,1.10156,3940000,3560000
2018-05-23 14:11:21.822000,1.1016,1.10155,2890000,1700000
2018-05-23 14:11:22.347000,1.1016,1.10154,6480000,3000000
2018-05-23 14:11:22.848000,1.1016,1.10154,7230000,1840000
2018-05-23 14:11:23.831000,1.10158,1.10153,4200000,1950000
2018-05-23 14:11:24.243000,1.10158,1.10154,2950000,2140000
2018-05-23 14:11:24.755000,1.10158,1.10154,3370000,2140000
2018-05-23 14:11:25.794000,1.10158,1.10153,5890000,2510000
2018-05-23 14:11:26.305000,1.10158,1.10154,5140000,1200000
2018-05-23 14:11:27.203000,1.10158,1.10153,4640000,6300000
2018-05-23 14:11:27.647000,1.10159,1.10156,2890000,1690000
2018-05-23 14:11:28.167000,1.10159,1.10155,7010000,1390000
2018-05-23 14:11:28.477000,1.10158,1.10153,4870000,1270000
2018-05-23 14:11:28.530000,1.10156,1.10152,3750000,4270000
2018-05-23 14:11:29.033000,1.10156,1.1015,8890000,5290000
2018-05-23 14:11:31.821000,1.10155,1.10151,3070000,1010000
2018-05-23 14:11:32.090000,1.10154,1.10149,3370000,2740000
2018-05-23 14:11:32.721000,1.10154,1.10149,7760000,2140000
2018-05-23 14:11:33.245000,1.10154,1.10149,7390000,1010000
2018-05-23 14:11:33.821000,1.10154,1.10149,7240000,1010000
2018-05-23 14:11:34.230000,1.10154,1.10152,2810000,1500000
2018-05-23 14:11:34.744000,1.10154,1.1015,1310000,2140000
2018-05-23 14:11:36.023000,1.10156,1.10152,4010000,3070000
2018-05-23 14:11:36.075000,1.10155,1.10151,3450000,2550000
2018-05-23 14:11:37.893000,1.10155,1.10152,1390000,1570000
2018-05-23 14:11:38.417000,1.10155,1.10152,1310000,1070000
2018-05-23 14:11:38.916000,1.10153,1.10149,1120000,1640000
2018-05-23 14:11:39.249000,1.10155,1.10152,1310000,1000000
2018-05-23 14:11:39.785000,1.10155,1.10152,1250000,1200000
2018-05-23 14:11:40.120000,1.10155,1.10151,5010000,2320000
2018-05-23 14:11:40.581000,1.10156,1.10151,4010000,5550000
2018-05-23 14:11:42.004000,1.10156,1.10151,4700000,3820000
2018-05-23 14:11:45.852000,1.10156,1.10151,10010000,1010000
2018-05-23 14:11:46.374000,1.10155,1.1015,4120000,1390000
2018-05-23 14:11:46.992000,1.10154,1.10152,2140000,1500000
2018-05-23 14:11:47.504000,1.10154,1.1015,2060000,2740000
2018-05-23 14:11:49.750000,1.10154,1.1015,5450000,2890000
2018-05-23 14:11:50.259000,1.10154,1.10149,5140000,2890000
2018-05-23 14:11:50.561000,1.10153,1.10148,1950000,2890000
2018-05-23 14:11:50.614000,1.10153,1.10149,4760000,1950000
2018-05-23 14:11:51.170000,1.10153,1.10149,4640000,1950000
2018-05-23 14:11:51.685000,1.10153,1.10148,2890000,2890000
2018-05-23 14:11:52.992000,1.10153,1.10149,4010000,1200000
2018-05-23 14:11:53.826000,1.10153,1.10149,5760000,1200000
2018-05-23 14:11:54.031000,1.10153,1.10149,3940000,1390000
2018-05-23 14:11:57.159000,1.10153,1.10149,6190000,1200000
2018-05-23 14:11:57.526000,1.10153,1.10149,5810000,1390000
2018-05-23 14:11:58.023000,1.10153,1.10149,6440000,1200000
2018-05-23 14:11:59.627000,1.10153,1.10149,5000000,1390000
2018-05-23 14:11:59.895000,1.10153,1.10149,4190000,1200000
2018-05-23 14:12:02.385000,1.10153,1.10149,8130000,1010000
2018-05-23 14:12:02.900000,1.10153,1.10147,7380000,4010000
2018-05-23 14:12:03.681000,1.1015,1.10148,2440000,3070000
2018-05-23 14:12:03.735000,1.10149,1.10146,1500000,1760000
2018-05-23 14:12:03.894000,1.10149,1.10145,8250000,2810000
2018-05-23 14:12:03.950000,1.10149,1.10143,6940000,2140000
2018-05-23 14:12:04.056000,1.10146,1.1014,4870000,1760000
2018-05-23 14:12:04.187000,1.10145,1.1014,4120000,1390000
2018-05-23 14:12:09.303000,1.10145,1.10141,3200000,1000000
2018-05-23 14:12:09.832000,1.10145,1.10142,2370000,1000000
2018-05-23 14:12:10.379000,1.10145,1.10141,1250000,2700000
2018-05-23 14:12:10.891000,1.10145,1.10141,1250000,1200000
2018-05-23 14:12:11.433000,1.10145,1.1014,3500000,6340000
2018-05-23 14:12:12.154000,1.10145,1.10141,3500000,1000000
2018-05-23 14:12:12.706000,1.10145,1.1014,5070000,7390000
2018-05-23 14:12:15.342000,1.10145,1.10142,1760000,2060000
2018-05-23 14:12:15.655000,1.1015,1.10147,1190000,1200000
2018-05-23 14:12:15.967000,1.10152,1.10148,2250000,10090000
2018-05-23 14:12:16.816000,1.10153,1.10149,3560000,1390000
2018-05-23 14:12:17.847000,1.10154,1.10151,1120000,1120000
2018-05-23 14:12:18.122000,1.10156,1.10152,2440000,6070000
2018-05-23 14:12:19.700000,1.10156,1.10153,1250000,1100000
2018-05-23 14:12:20.123000,1.10157,1.10155,1000000,1250000
2018-05-23 14:12:20.690000,1.10158,1.10155,1310000,1010000
2018-05-23 14:12:21.090000,1.10157,1.10152,4690000,4840000
2018-05-23 14:12:21.635000,1.10157,1.10152,4320000,2250000
2018-05-23 14:12:22.786000,1.10157,1.10153,1310000,1310000
2018-05-23 14:12:24.325000,1.1016,1.10159,1000000,1870000
2018-05-23 14:12:24.792000,1.10164,1.1016,2510000,1690000
2018-05-23 14:12:24.894000,1.10164,1.1016,1000000,3260000
2018-05-23 14:12:25.788000,1.10165,1.10164,1000000,1500000
2018-05-23 14:12:26.296000,1.10165,1.10162,1000000,2060000
2018-05-23 14:12:26.804000,1.10165,1.10162,1000000,2060000
2018-05-23 14:12:27.309000,1.10165,1.10163,1000000,1000000
2018-05-23 14:12:27.469000,1.10165,1.1016,4310000,7090000
2018-05-23 14:12:28.025000,1.10165,1.1016,5060000,4090000
2018-05-23 14:12:29.510000,1.10165,1.1016,6260000,2890000
2018-05-23 14:12:31.314000,1.10165,1.1016,8130000,1390000
2018-05-23 14:12:33.419000,1.10165,1.1016,7010000,1200000
2018-05-23 14:12:33.628000,1.10162,1.10158,3000000,1200000
2018-05-23 14:12:34.019000,1.1016,1.10156,1120000,6450000
2018-05-23 14:12:35.143000,1.1016,1.10155,7510000,2960000
2018-05-23 14:12:35.540000,1.1016,1.10157,1190000,1000000
2018-05-23 14:12:35.592000,1.1016,1.10159,1000000,1000000
2018-05-23 14:12:35.643000,1.10162,1.10159,1010000,3560000
2018-05-23 14:12:36.154000,1.10163,1.10159,1310000,4460000
2018-05-23 14:12:38.826000,1.10164,1.10162,1690000,1000000
2018-05-23 14:12:38.936000,1.10167,1.10165,1010000,1000000
2018-05-23 14:12:39.047000,1.10166,1.10163,1010000,3450000
2018-05-23 14:12:39.982000,1.10165,1.10161,1500000,2700000
2018-05-23 14:12:40.084000,1.10165,1.10164,1000000,1500000
2018-05-23 14:12:40.136000,1.10169,1.10165,4010000,1000000
2018-05-23 14:12:40.331000,1.10166,1.10162,2440000,1170000
2018-05-23 14:12:40.384000,1.10165,1.10161,1500000,1200000
2018-05-23 14:12:40.996000,1.10165,1.1016,5060000,4090000
2018-05-23 14:12:41.378000,1.10164,1.1016,4120000,1500000
2018-05-23 14:12:41.489000,1.10163,1.10158,4620000,1100000
2018-05-23 14:12:41.746000,1.10163,1.10158,4170000,5700000
2018-05-23 14:12:41.965000,1.10163,1.1016,1010000,1390000
2018-05-23 14:12:42.505000,1.10163,1.1016,1250000,1690000
2018-05-23 14:12:44.016000,1.10163,1.10159,1690000,1120000
2018-05-23 14:12:44.631000,1.10162,1.10159,2060000,1120000
2018-05-23 14:12:45.792000,1.10163,1.10159,1100000,4010000
2018-05-23 14:12:46.312000,1.10164,1.10161,1000000,3150000
2018-05-23 14:12:47.160000,1.10164,1.10159,4310000,1070000
2018-05-23 14:12:47.684000,1.10164,1.10159,2810000,5590000
2018-05-23 14:12:48.272000,1.10164,1.1016,1000000,2140000
2018-05-23 14:12:49.260000,1.10164,1.1016,1310000,3640000
2018-05-23 14:12:49.807000,1.10164,1.10161,1000000,1250000
2018-05-23 14:12:50.326000,1.10164,1.10161,1250000,1310000
2018-05-23 14:12:52.243000,1.10164,1.10161,1000000,2890000
2018-05-23 14:12:52.745000,1.10165,1.10164,1000000,1000000
2018-05-23 14:12:53.105000,1.10165,1.10161,2750000,2590000
2018-05-23 14:12:53.438000,1.10165,1.10164,1000000,1000000
2018-05-23 14:12:53.988000,1.10165,1.10163,1000000,1200000
2018-05-23 14:12:55.910000,1.10165,1.10161,1000000,3640000
2018-05-23 14:12:59.838000,1.10164,1.10159,2810000,4010000
2018-05-23 14:12:59.945000,1.10163,1.10158,4120000,7460000
2018-05-23 14:13:00,1.10161,1.10157,12370000,1270000
2018-05-23 14:13:00.053000,1.1016,1.10156,2060000,1200000
2018-05-23 14:13:04.991000,1.1016,1.10155,5140000,1500000
2018-05-23 14:13:05.219000,1.10158,1.10154,1870000,1100000
2018-05-23 14:13:06.622000,1.10158,1.10152,6200000,5590000
2018-05-23 14:13:10.205000,1.10156,1.10151,2250000,1570000
2018-05-23 14:13:11.342000,1.10156,1.10153,1290000,1200000
2018-05-23 14:13:11.893000,1.10157,1.10153,5440000,1200000
2018-05-23 14:13:12.206000,1.10158,1.10156,1250000,1120000
2018-05-23 14:13:12.571000,1.10157,1.10152,6000000,1070000
2018-05-23 14:13:12.626000,1.10155,1.10151,5250000,1760000
2018-05-23 14:13:12.681000,1.10155,1.1015,4310000,5210000
2018-05-23 14:13:13.881000,1.10155,1.10152,1000000,1690000
2018-05-23 14:13:14.139000,1.10156,1.10154,1950000,1500000
2018-05-23 14:13:14.454000,1.10161,1.10158,1000000,2250000
2018-05-23 14:13:14.619000,1.10163,1.10159,1250000,3190000
2018-05-23 14:13:15.575000,1.10164,1.1016,1120000,2960000
2018-05-23 14:13:16.170000,1.10164,1.10161,1000000,3450000
2018-05-23 14:13:17.447000,1.10164,1.10161,1690000,1120000
2018-05-23 14:13:21.132000,1.10164,1.10161,1250000,3560000
2018-05-23 14:13:21.481000,1.10164,1.10163,1000000,1000000
2018-05-23 14:13:22,1.10164,1.10162,1000000,1000000
2018-05-23 14:13:22.551000,1.10165,1.10164,1000000,1500000
2018-05-23 14:13:23.065000,1.10165,1.10163,1000000,1120000
2018-05-23 14:13:23.605000,1.10165,1.10161,1690000,4500000
2018-05-23 14:13:24.500000,1.10165,1.10161,1000000,4760000
2018-05-23 14:13:25.332000,1.10165,1.10161,1000000,4090000
2018-05-23 14:13:25.848000,1.10165,1.1016,4010000,4390000
2018-05-23 14:13:25.980000,1.10165,1.1016,4760000,4010000
2018-05-23 14:13:27.900000,1.10165,1.10161,4680000,1100000
2018-05-23 14:13:28.656000,1.10165,1.1016,6630000,2890000
2018-05-23 14:13:29.208000,1.10164,1.10159,5320000,2700000
2018-05-23 14:13:29.746000,1.10164,1.10159,7380000,1950000
2018-05-23 14:13:30.836000,1.10164,1.10159,7380000,1950000
2018-05-23 14:13:31.342000,1.10164,1.10159,7380000,1950000
2018-05-23 14:13:31.702000,1.10162,1.10157,3750000,3340000
2018-05-23 14:13:31.857000,1.10161,1.10157,4120000,1000000
2018-05-23 14:13:32.445000,1.1016,1.10155,3190000,2060000
2018-05-23 14:13:32.985000,1.1016,1.10154,8880000,5140000
2018-05-23 14:13:33.624000,1.1016,1.10156,4290000,1120000
2018-05-23 14:13:33.727000,1.1016,1.10157,1250000,1200000
2018-05-23 14:13:34.246000,1.10161,1.10157,2060000,2320000
2018-05-23 14:13:34.838000,1.10162,1.10158,2510000,3070000
2018-05-23 14:13:35.381000,1.10162,1.10158,2060000,1950000
2018-05-23 14:13:35.867000,1.10164,1.1016,1950000,2140000
2018-05-23 14:13:35.970000,1.10164,1.10163,1500000,1000000
2018-05-23 14:13:36.505000,1.10164,1.10161,1000000,1870000
2018-05-23 14:13:38.825000,1.10164,1.10159,2870000,7390000
2018-05-23 14:13:39.342000,1.10162,1.10159,2250000,1570000
2018-05-23 14:13:39.501000,1.10161,1.10156,2250000,1120000
2018-05-23 14:13:40.032000,1.1016,1.10155,4870000,2140000
2018-05-23 14:13:40.566000,1.1016,1.10156,5510000,1120000
2018-05-23 14:13:40.618000,1.1016,1.10158,2510000,1000000
2018-05-23 14:13:41.144000,1.1016,1.10157,1310000,1100000
2018-05-23 14:13:41.680000,1.10161,1.10157,1760000,2700000
2018-05-23 14:13:41.987000,1.10161,1.10158,1000000,5140000
2018-05-23 14:13:42.337000,1.10164,1.10161,3640000,2510000
2018-05-23 14:13:42.492000,1.10164,1.10159,7310000,4270000
2018-05-23 14:13:42.701000,1.10162,1.10158,2250000,3070000
2018-05-23 14:13:42.843000,1.10162,1.10157,6260000,1200000
2018-05-23 14:13:43.535000,1.10161,1.10157,7570000,1000000
2018-05-23 14:13:44.077000,1.1016,1.10156,4500000,1100000
2018-05-23 14:13:45.225000,1.1016,1.10155,6640000,1570000
2018-05-23 14:13:47.708000,1.1016,1.10155,7390000,1950000
2018-05-23 14:13:49.860000,1.10158,1.10154,1120000,4390000
2018-05-23 14:13:50.410000,1.10158,1.10154,2060000,5510000
2018-05-23 14:13:55.120000,1.10159,1.10155,2060000,1950000
2018-05-23 14:13:55.657000,1.10159,1.10155,1310000,1870000
2018-05-23 14:13:56.223000,1.10159,1.10155,2060000,2320000
2018-05-23 14:13:56.744000,1.10159,1.10155,1310000,3820000
2018-05-23 14:13:56.892000,1.10161,1.10157,1250000,3190000
2018-05-23 14:13:57.718000,1.10162,1.10157,5510000,5510000
2018-05-23 14:13:58.185000,1.10161,1.10156,3370000,3900000
2018-05-23 14:13:58.700000,1.1016,1.10156,2250000,3000000
2018-05-23 14:14:00.284000,1.1016,1.10156,4640000,1000000
2018-05-23 14:14:00.812000,1.1016,1.10156,4390000,1000000
2018-05-23 14:14:01.564000,1.1016,1.10156,6200000,1000000
2018-05-23 14:14:02.087000,1.10159,1.10154,1500000,6340000
2018-05-23 14:14:02.673000,1.10158,1.10154,1950000,1000000
2018-05-23 14:14:03.221000,1.10158,1.10153,6570000,3450000
2018-05-23 14:14:04.133000,1.10158,1.10153,6140000,4010000
2018-05-23 14:14:04.660000,1.10158,1.10153,4760000,1870000
2018-05-23 14:14:10.454000,1.10158,1.10154,2140000,1290000
2018-05-23 14:14:10.981000,1.10158,1.10155,1250000,2140000
2018-05-23 14:14:11.293000,1.10156,1.10154,1870000,1200000
2018-05-23 14:14:11.398000,1.10155,1.10152,1200000,1570000
2018-05-23 14:14:11.900000,1.10155,1.1015,5510000,1690000
2018-05-23 14:14:12.591000,1.10155,1.1015,8070000,2440000
2018-05-23 14:14:13.305000,1.10155,1.1015,7010000,1690000
2018-05-23 14:14:14.570000,1.10155,1.10149,9480000,4760000
2018-05-23 14:14:14.622000,1.10155,1.10149,9110000,4460000
2018-05-23 14:14:14.673000,1.10155,1.10149,10610000,4840000
2018-05-23 14:14:15.215000,1.10155,1.10149,8140000,5210000
2018-05-23 14:14:15.812000,1.10155,1.10151,4640000,2060000
2018-05-23 14:14:16.324000,1.10155,1.1015,7010000,2060000
2018-05-23 14:14:16.844000,1.10155,1.1015,7010000,2060000
