time,ask,bid,ask_volume,bid_volume
2017-12-04 14:55:00.420000,1.12945,1.12944,1000000,1250000
2017-12-04 14:55:00.523000,1.12945,1.12942,1500000,1310000
2017-12-04 14:55:01.064000,1.12945,1.12943,1000000,2060000
2017-12-04 14:55:01.777000,1.12946,1.12943,1000000,2810000
2017-12-04 14:55:02.337000,1.12946,1.12944,1000000,2810000
2017-12-04 14:55:03.244000,1.12946,1.12943,1870000,2440000
2017-12-04 14:55:04.645000,1.12945,1.12942,1120000,2440000
2017-12-04 14:55:04.955000,1.12943,1.12941,1000000,1190000
2017-12-04 14:55:05.059000,1.12942,1.12939,1000000,2810000
2017-12-04 14:55:06.562000,1.12941,1.12939,1000000,2060000
2017-12-04 14:55:07.096000,1.12941,1.12939,1000000,1310000
2017-12-04 14:55:07.605000,1.12942,1.1294,1000000,2440000
2017-12-04 14:55:08.126000,1.12942,1.1294,1000000,1690000
2017-12-04 14:55:08.647000,1.12942,1.1294,1000000,1250000
2017-12-04 14:55:08.960000,1.12944,1.12942,1000000,1250000
2017-12-04 14:55:09.323000,1.12945,1.12943,1000000,1690000
2017-12-04 14:55:09.955000,1.12946,1.12944,1120000,1000000
2017-12-04 14:55:10.017000,1.12947,1.12945,1500000,1000000
2017-12-04 14:55:10.754000,1.12947,1.12944,3000000,1250000
2017-12-04 14:55:11.303000,1.12947,1.12945,1120000,1250000
2017-12-04 14:55:11.811000,1.12948,1.12947,1120000,1000000
2017-12-04 14:55:12.175000,1.12945,1.12943,4800000,1310000
2017-12-04 14:55:12.722000,1.12946,1.12944,1120000,1000000
2017-12-04 14:55:13.250000,1.12946,1.12943,1120000,1250000
2017-12-04 14:55:13.569000,1.12944,1.12942,1000000,1250000
2017-12-04 14:55:14.036000,1.12945,1.12943,3750000,1000000
2017-12-04 14:55:14.632000,1.12946,1.12944,2250000,1000000
2017-12-04 14:55:15.151000,1.12946,1.12944,1500000,1690000
2017-12-04 14:55:15.418000,1.12948,1.12945,1500000,3940000
2017-12-04 14:55:15.474000,1.12949,1.12948,1500000,1000000
2017-12-04 14:55:16.011000,1.1295,1.12947,2250000,2140000
2017-12-04 14:55:16.526000,1.12951,1.12949,8250000,1250000
2017-12-04 14:55:17.314000,1.12951,1.12949,6750000,1250000
2017-12-04 14:55:17.816000,1.1295,1.12947,4870000,1390000
2017-12-04 14:55:18.131000,1.12948,1.12945,1500000,2060000
2017-12-04 14:55:18.699000,1.12949,1.12946,2250000,1390000
2017-12-04 14:55:19.190000,1.12949,1.12948,1000000,1000000
2017-12-04 14:55:19.533000,1.12951,1.12948,9370000,1250000
2017-12-04 14:55:20.035000,1.12949,1.12946,1000000,4390000
2017-12-04 14:55:20.563000,1.1295,1.12946,3000000,4760000
2017-12-04 14:55:21.114000,1.12949,1.12946,1500000,2060000
2017-12-04 14:55:21.659000,1.1295,1.12947,5250000,1250000
2017-12-04 14:55:22.420000,1.12949,1.12946,1500000,2060000
2017-12-04 14:55:22.968000,1.12948,1.12946,1000000,1190000
2017-12-04 14:55:25.666000,1.12948,1.12945,2620000,2060000
2017-12-04 14:55:26.181000,1.12947,1.12944,1000000,2060000
2017-12-04 14:55:28.022000,1.12946,1.12944,1120000,1190000
2017-12-04 14:55:28.126000,1.12946,1.12942,5440000,2440000
2017-12-04 14:55:28.284000,1.12944,1.12941,1500000,3560000
2017-12-04 14:55:28.615000,1.12941,1.12938,2250000,2440000
2017-12-04 14:55:29.130000,1.1294,1.12937,1000000,1690000
2017-12-04 14:55:29.665000,1.12941,1.12937,2250000,2060000
2017-12-04 14:55:30.339000,1.12942,1.12939,4010000,1000000
2017-12-04 14:55:30.445000,1.12943,1.1294,2620000,1690000
2017-12-04 14:55:30.992000,1.12943,1.12941,1500000,1000000
2017-12-04 14:55:31.547000,1.12942,1.12939,1120000,2060000
2017-12-04 14:55:31.703000,1.1294,1.12937,1000000,4010000
2017-12-04 14:55:32.227000,1.12939,1.12937,1000000,1690000
2017-12-04 14:55:32.775000,1.12941,1.12937,1870000,3940000
2017-12-04 14:55:32.938000,1.12943,1.12942,1870000,1000000
2017-12-04 14:55:33.452000,1.12943,1.1294,1120000,2060000
2017-12-04 14:55:33.970000,1.12943,1.1294,3000000,1250000
2017-12-04 14:55:34.671000,1.12944,1.12941,1200000,1250000
2017-12-04 14:55:35.064000,1.12945,1.12942,1500000,2810000
2017-12-04 14:55:35.374000,1.12948,1.12945,2320000,2060000
2017-12-04 14:55:35.883000,1.12948,1.12945,3450000,1250000
2017-12-04 14:55:36.498000,1.12947,1.12944,1000000,2060000
2017-12-04 14:55:37.663000,1.12946,1.12944,1000000,1190000
2017-12-04 14:55:39.163000,1.12945,1.12942,1000000,2060000
2017-12-04 14:55:39.215000,1.12941,1.1294,1000000,1310000
2017-12-04 14:55:39.436000,1.12937,1.12935,3370000,2510000
2017-12-04 14:55:39.542000,1.12934,1.12932,1000000,1190000
2017-12-04 14:55:39.701000,1.12933,1.1293,1000000,2060000
2017-12-04 14:55:40.207000,1.12934,1.12931,1870000,1690000
2017-12-04 14:55:42.478000,1.12937,1.12933,9260000,1310000
2017-12-04 14:55:42.998000,1.12933,1.12932,1120000,1760000
2017-12-04 14:55:43.104000,1.12933,1.1293,1000000,4010000
2017-12-04 14:55:43.159000,1.12935,1.12932,1500000,1690000
2017-12-04 14:55:43.479000,1.12937,1.12934,1000000,3190000
2017-12-04 14:55:43.996000,1.12936,1.12933,1500000,2440000
2017-12-04 14:55:45.041000,1.12936,1.12933,1870000,1690000
2017-12-04 14:55:46.552000,1.12935,1.12932,1120000,2440000
2017-12-04 14:55:47.133000,1.12936,1.12933,1000000,2060000
2017-12-04 14:55:47.674000,1.12936,1.12933,1000000,4310000
2017-12-04 14:55:48.269000,1.12936,1.12933,2250000,1310000
2017-12-04 14:55:49.615000,1.12936,1.12932,1500000,4010000
2017-12-04 14:55:50.268000,1.12934,1.12932,2250000,1190000
2017-12-04 14:55:50.838000,1.12934,1.12931,1500000,2060000
2017-12-04 14:55:51.382000,1.12936,1.12932,4310000,2060000
2017-12-04 14:55:51.921000,1.12936,1.12932,1870000,5440000
2017-12-04 14:55:52.467000,1.12936,1.12932,1500000,4310000
2017-12-04 14:55:53.824000,1.12937,1.12934,3560000,1000000
2017-12-04 14:55:54.161000,1.12938,1.12936,1370000,1000000
2017-12-04 14:55:54.721000,1.12936,1.12935,1000000,1250000
2017-12-04 14:55:55.032000,1.12935,1.12933,1500000,1250000
2017-12-04 14:55:55.313000,1.12936,1.12933,2620000,1250000
2017-12-04 14:55:57.289000,1.12936,1.12934,1000000,1690000
2017-12-04 14:55:57.806000,1.12935,1.12933,1000000,2440000
2017-12-04 14:55:59.888000,1.12935,1.12932,3370000,1690000
2017-12-04 14:56:01.683000,1.12935,1.12933,1500000,1250000
2017-12-04 14:56:02.214000,1.12936,1.12933,2620000,2440000
2017-12-04 14:56:02.757000,1.12935,1.12932,1500000,2440000
2017-12-04 14:56:03.694000,1.12931,1.1293,1000000,2140000
2017-12-04 14:56:03.800000,1.12931,1.12928,5620000,2440000
2017-12-04 14:56:04.390000,1.12929,1.12927,1000000,1190000
2017-12-04 14:56:04.906000,1.12929,1.12926,2250000,2810000
2017-12-04 14:56:05.164000,1.12928,1.12924,1500000,3260000
2017-12-04 14:56:07.382000,1.12928,1.12924,2620000,2810000
2017-12-04 14:56:08.543000,1.12928,1.12924,1870000,2810000
2017-12-04 14:56:09.046000,1.12928,1.12924,2250000,3640000
2017-12-04 14:56:10.183000,1.12927,1.12924,1870000,1310000
2017-12-04 14:56:10.517000,1.12925,1.12923,4720000,1250000
2017-12-04 14:56:10.828000,1.12926,1.12923,2620000,1250000
2017-12-04 14:56:11.735000,1.12926,1.12923,1120000,2810000
2017-12-04 14:56:11.892000,1.12929,1.12925,1310000,5140000
2017-12-04 14:56:11.944000,1.12929,1.12926,1120000,1690000
2017-12-04 14:56:12.452000,1.1293,1.12926,3000000,2440000
2017-12-04 14:56:12.769000,1.12931,1.1293,1000000,1120000
2017-12-04 14:56:12.853000,1.12933,1.1293,1760000,2250000
2017-12-04 14:56:12.910000,1.12934,1.12931,1100000,1250000
2017-12-04 14:56:13.016000,1.12935,1.12933,1120000,1000000
2017-12-04 14:56:13.331000,1.12938,1.12935,1500000,3190000
2017-12-04 14:56:14.903000,1.12937,1.12935,1000000,1690000
2017-12-04 14:56:15.008000,1.12936,1.12933,1000000,3640000
2017-12-04 14:56:15.886000,1.12936,1.12933,1500000,1310000
2017-12-04 14:56:17.049000,1.12937,1.12934,1500000,1690000
2017-12-04 14:56:17.580000,1.12937,1.12934,1000000,2060000
2017-12-04 14:56:20.971000,1.12937,1.12934,1120000,1250000
2017-12-04 14:56:21.540000,1.12936,1.12933,1000000,3190000
2017-12-04 14:56:21.728000,1.12937,1.12934,3750000,1690000
2017-12-04 14:56:21.788000,1.12938,1.12936,1120000,1250000
2017-12-04 14:56:24.112000,1.12939,1.12936,7120000,1250000
2017-12-04 14:56:24.644000,1.12936,1.12935,1000000,1250000
2017-12-04 14:56:25.189000,1.12937,1.12934,1000000,2440000
2017-12-04 14:56:25.568000,1.12939,1.12935,8320000,2810000
2017-12-04 14:56:26.119000,1.12939,1.12936,9370000,1250000
2017-12-04 14:56:28.106000,1.12937,1.12935,1000000,1310000
2017-12-04 14:56:28.648000,1.12939,1.12936,6750000,1310000
2017-12-04 14:56:29.583000,1.12938,1.12935,1000000,3190000
2017-12-04 14:56:30.928000,1.12937,1.12935,1000000,1190000
2017-12-04 14:56:31.502000,1.12936,1.12934,1000000,2060000
2017-12-04 14:56:32.041000,1.12937,1.12933,1500000,2810000
2017-12-04 14:56:32.583000,1.12938,1.12935,2320000,1250000
2017-12-04 14:56:33.114000,1.12939,1.12936,7500000,1250000
2017-12-04 14:56:37.841000,1.12937,1.12934,1500000,1690000
2017-12-04 14:56:40,1.12936,1.12934,1000000,1310000
2017-12-04 14:56:40.632000,1.12936,1.12933,1000000,1690000
2017-12-04 14:56:41.334000,1.12937,1.12934,2620000,1250000
2017-12-04 14:56:41.593000,1.12937,1.12936,1000000,1000000
2017-12-04 14:56:41.748000,1.12939,1.12935,9070000,2810000
2017-12-04 14:56:43.242000,1.12938,1.12935,3370000,1690000
2017-12-04 14:56:43.781000,1.12939,1.12935,9450000,2810000
2017-12-04 14:56:44.965000,1.1294,1.12937,2810000,1000000
2017-12-04 14:56:45.018000,1.12942,1.12939,2590000,1500000
2017-12-04 14:56:45.147000,1.12942,1.12939,1560000,9370000
2017-12-04 14:56:45.559000,1.12945,1.12942,1200000,2440000
2017-12-04 14:56:46.176000,1.12945,1.12942,2320000,2440000
2017-12-04 14:56:47.303000,1.12944,1.12942,1120000,1690000
2017-12-04 14:56:49.357000,1.12945,1.12942,1200000,2440000
2017-12-04 14:56:49.757000,1.12946,1.12943,1200000,3190000
2017-12-04 14:56:50.969000,1.12948,1.12945,2510000,1000000
2017-12-04 14:56:51.279000,1.12952,1.12948,4010000,4310000
2017-12-04 14:56:51.825000,1.12952,1.12948,4390000,3560000
2017-12-04 14:56:52.368000,1.12952,1.12948,4390000,1310000
2017-12-04 14:56:54.738000,1.12951,1.12948,5060000,1000000
2017-12-04 14:56:54.790000,1.12949,1.12946,1120000,2810000
2017-12-04 14:56:55.150000,1.12951,1.12948,3190000,1000000
2017-12-04 14:56:55.791000,1.1295,1.12946,2060000,5890000
2017-12-04 14:56:56.350000,1.12951,1.12948,1250000,1120000
2017-12-04 14:56:57.071000,1.12952,1.12949,3940000,1000000
2017-12-04 14:56:58.070000,1.12952,1.12948,3940000,1120000
2017-12-04 14:56:58.888000,1.12952,1.12949,3560000,1120000
2017-12-04 14:56:59.401000,1.12952,1.12949,1250000,1120000
2017-12-04 14:56:59.950000,1.12953,1.1295,1120000,2060000
2017-12-04 14:57:00.724000,1.12952,1.12949,1000000,3560000
2017-12-04 14:57:03.367000,1.12953,1.1295,2060000,1120000
2017-12-04 14:57:03.680000,1.12952,1.12949,3190000,1500000
2017-12-04 14:57:06.846000,1.12951,1.12948,1690000,1120000
2017-12-04 14:57:07.351000,1.12951,1.12949,1190000,1000000
2017-12-04 14:57:09.534000,1.12952,1.12949,4310000,1000000
2017-12-04 14:57:10.321000,1.12953,1.1295,9190000,1000000
2017-12-04 14:57:13.992000,1.12952,1.12949,1560000,1000000
2017-12-04 14:57:14.651000,1.12952,1.1295,1250000,1000000
2017-12-04 14:57:15.778000,1.12951,1.12949,1000000,1000000
2017-12-04 14:57:15.935000,1.1295,1.12947,8440000,1500000
2017-12-04 14:57:16.441000,1.12949,1.12946,1000000,1690000
2017-12-04 14:57:16.956000,1.1295,1.12947,2810000,1000000
2017-12-04 14:57:17.511000,1.12951,1.12948,2810000,1000000
2017-12-04 14:57:18.048000,1.12952,1.12949,3190000,2250000
2017-12-04 14:57:20.465000,1.12952,1.12949,1310000,1870000
2017-12-04 14:57:20.671000,1.1295,1.12948,1310000,1870000
2017-12-04 14:57:21.898000,1.12952,1.12949,1690000,1000000
2017-12-04 14:57:23.014000,1.12952,1.12948,5100000,3000000
2017-12-04 14:57:23.541000,1.12952,1.12949,1690000,1500000
2017-12-04 14:57:24.044000,1.12952,1.12949,1310000,1500000
2017-12-04 14:57:25.279000,1.12951,1.12948,3190000,1870000
2017-12-04 14:57:25.825000,1.12951,1.12949,1250000,1000000
2017-12-04 14:57:26.800000,1.12952,1.12948,9410000,1870000
2017-12-04 14:57:27.302000,1.12951,1.12948,3940000,1500000
2017-12-04 14:57:28.284000,1.1295,1.12947,3940000,1870000
2017-12-04 14:57:28.805000,1.12951,1.12948,2810000,1000000
2017-12-04 14:57:30.292000,1.12951,1.12947,3560000,2620000
2017-12-04 14:57:31.633000,1.1295,1.12947,8890000,1870000
2017-12-04 14:57:32.307000,1.12948,1.12947,1120000,1500000
2017-12-04 14:57:32.463000,1.12947,1.12945,1870000,1120000
2017-12-04 14:57:33.045000,1.12947,1.12944,6560000,2250000
2017-12-04 14:57:34.016000,1.12945,1.12944,1120000,1120000
2017-12-04 14:57:34.405000,1.12945,1.12942,3190000,1870000
2017-12-04 14:57:34.919000,1.12946,1.12943,5520000,1000000
2017-12-04 14:57:40.836000,1.12946,1.12943,10770000,1000000
2017-12-04 14:57:42.426000,1.12943,1.12941,1120000,1390000
2017-12-04 14:57:43.078000,1.12944,1.12941,3940000,1120000
2017-12-04 14:57:43.593000,1.12944,1.12941,2440000,2620000
2017-12-04 14:57:44.988000,1.12945,1.12942,1500000,2810000
2017-12-04 14:57:45.527000,1.12945,1.12943,1120000,1500000
2017-12-04 14:57:46.051000,1.12946,1.12943,2140000,1870000
2017-12-04 14:57:47.045000,1.12946,1.12943,1250000,3820000
2017-12-04 14:57:47.586000,1.12947,1.12944,3270000,2700000
2017-12-04 14:57:49.816000,1.12947,1.12944,2810000,3450000
2017-12-04 14:57:50.479000,1.12947,1.12944,2810000,3450000
2017-12-04 14:57:52.033000,1.12944,1.12942,3560000,6750000
2017-12-04 14:57:52.570000,1.12944,1.12942,1500000,3820000
2017-12-04 14:57:54.358000,1.12944,1.12943,1250000,1000000
2017-12-04 14:57:54.879000,1.12945,1.12943,3370000,1120000
2017-12-04 14:57:55.385000,1.12944,1.12942,1120000,1500000
2017-12-04 14:57:57.180000,1.12944,1.12942,7500000,1200000
2017-12-04 14:57:57.703000,1.12944,1.12941,8250000,2700000
2017-12-04 14:57:59.102000,1.12943,1.12941,1500000,1120000
2017-12-04 14:58:00.283000,1.12943,1.12941,1200000,1120000
2017-12-04 14:58:05.648000,1.12943,1.1294,2700000,2890000
2017-12-04 14:58:06.251000,1.12943,1.1294,2700000,3260000
2017-12-04 14:58:07.222000,1.12943,1.1294,3930000,1760000
2017-12-04 14:58:08.845000,1.12943,1.1294,1600000,4010000
2017-12-04 14:58:09.358000,1.12944,1.1294,8430000,4390000
2017-12-04 14:58:09.877000,1.12943,1.1294,1500000,4010000
2017-12-04 14:58:11.051000,1.12944,1.12941,4120000,2320000
2017-12-04 14:58:11.598000,1.12944,1.12941,1870000,3820000
2017-12-04 14:58:15.239000,1.12945,1.12943,1120000,1000000
2017-12-04 14:58:15.899000,1.12945,1.12942,3290000,2320000
2017-12-04 14:58:16.802000,1.12944,1.12942,1000000,2700000
2017-12-04 14:58:22.197000,1.12945,1.12943,1600000,1200000
2017-12-04 14:58:28.712000,1.12946,1.12943,4120000,4010000
2017-12-04 14:58:29.237000,1.12947,1.12944,3750000,1290000
2017-12-04 14:58:29.825000,1.12947,1.12944,1500000,1310000
2017-12-04 14:58:30.328000,1.12948,1.12944,6370000,1690000
2017-12-04 14:58:30.890000,1.12947,1.12944,1000000,1690000
2017-12-04 14:58:35.177000,1.12947,1.12944,3000000,1000000
2017-12-04 14:58:35.611000,1.12945,1.12943,1000000,2440000
2017-12-04 14:58:37.018000,1.12946,1.12943,2250000,1690000
2017-12-04 14:58:37.679000,1.12946,1.12943,2250000,1310000
2017-12-04 14:58:40.014000,1.12947,1.12943,3370000,3000000
2017-12-04 14:58:40.323000,1.12946,1.12942,7200000,4310000
2017-12-04 14:58:40.853000,1.12944,1.12942,2060000,3560000
2017-12-04 14:58:41.573000,1.12944,1.12942,2060000,1310000
2017-12-04 14:58:42.118000,1.12945,1.12942,1500000,2060000
2017-12-04 14:58:42.628000,1.12944,1.12942,2060000,1310000
2017-12-04 14:58:43.255000,1.12947,1.12944,6070000,1250000
2017-12-04 14:58:44.223000,1.12947,1.12944,1120000,1310000
2017-12-04 14:58:44.962000,1.12947,1.12945,1120000,1250000
2017-12-04 14:58:45.777000,1.12948,1.12946,1800000,1250000
2017-12-04 14:58:47.812000,1.12947,1.12945,1000000,2890000
2017-12-04 14:58:47.916000,1.12944,1.12943,2060000,1120000
2017-12-04 14:58:48.524000,1.12944,1.12942,2060000,1760000
2017-12-04 14:58:50.023000,1.12945,1.12943,1310000,3940000
2017-12-04 14:58:50.179000,1.12947,1.12945,2250000,1310000
2017-12-04 14:58:51.878000,1.12947,1.12945,1000000,3940000
2017-12-04 14:58:52.805000,1.12947,1.12945,1000000,2060000
2017-12-04 14:58:53.426000,1.12948,1.12945,3300000,2140000
2017-12-04 14:58:53.955000,1.12948,1.12946,2290000,1250000
2017-12-04 14:58:58.942000,1.12947,1.12944,1500000,4010000
2017-12-04 14:59:00.538000,1.12948,1.12944,4050000,3640000
2017-12-04 14:59:01.051000,1.12948,1.12945,1050000,2510000
2017-12-04 14:59:01.583000,1.12948,1.12946,1050000,1190000
2017-12-04 14:59:03.865000,1.12947,1.12944,2620000,2440000
2017-12-04 14:59:04.686000,1.12948,1.12944,4800000,1690000
2017-12-04 14:59:05.187000,1.12947,1.12944,2250000,2440000
2017-12-04 14:59:05.734000,1.12948,1.12945,1800000,2440000
2017-12-04 14:59:06.237000,1.12949,1.12945,6670000,3640000
2017-12-04 14:59:06.756000,1.12949,1.12946,3750000,1190000
2017-12-04 14:59:08.701000,1.12948,1.12946,1000000,1190000
2017-12-04 14:59:12.470000,1.12948,1.12945,1000000,5510000
2017-12-04 14:59:12.973000,1.12948,1.12946,1000000,1310000
2017-12-04 14:59:13.640000,1.12949,1.12946,1000000,4390000
2017-12-04 14:59:13.745000,1.1295,1.12946,5630000,11140000
2017-12-04 14:59:14.284000,1.1295,1.12946,7880000,6640000
2017-12-04 14:59:15.157000,1.1295,1.12946,7880000,5140000
2017-12-04 14:59:16.607000,1.12949,1.12946,1000000,4760000
2017-12-04 14:59:20.734000,1.1295,1.12946,7870000,2140000
2017-12-04 14:59:21.517000,1.12949,1.12946,1000000,4010000
2017-12-04 14:59:24.697000,1.12949,1.12946,1000000,5440000
2017-12-04 14:59:24.801000,1.12951,1.12947,1120000,3260000
2017-12-04 14:59:25.451000,1.12952,1.12948,3190000,1760000
2017-12-04 14:59:26.419000,1.12951,1.12948,1000000,3260000
2017-12-04 14:59:26.933000,1.1295,1.12948,3000000,1250000
2017-12-04 14:59:27.538000,1.12949,1.12947,1000000,1390000
2017-12-04 14:59:28.056000,1.12949,1.12946,1000000,4390000
2017-12-04 14:59:30.024000,1.12949,1.12946,2620000,1390000
2017-12-04 14:59:30.633000,1.1295,1.12947,4870000,1570000
2017-12-04 14:59:33.498000,1.12949,1.12945,3000000,3070000
2017-12-04 14:59:34.019000,1.12949,1.12946,1870000,1120000
2017-12-04 14:59:34.477000,1.12949,1.12946,6000000,1120000
2017-12-04 14:59:34.733000,1.12949,1.12946,1500000,1120000
2017-12-04 14:59:36.435000,1.1295,1.12946,5620000,1200000
2017-12-04 14:59:37.154000,1.12951,1.12948,3370000,1500000
2017-12-04 14:59:37.688000,1.1295,1.12946,3000000,2700000
2017-12-04 14:59:38.191000,1.12949,1.12946,1000000,2700000
2017-12-04 14:59:38.710000,1.12949,1.12946,2620000,1570000
2017-12-04 14:59:38.915000,1.1295,1.12946,4880000,1950000
2017-12-04 14:59:39.560000,1.12949,1.12946,1000000,1570000
2017-12-04 14:59:40.705000,1.12949,1.12946,1000000,1200000
2017-12-04 14:59:41.623000,1.1295,1.12946,6000000,1200000
2017-12-04 14:59:42.250000,1.1295,1.12947,3000000,1120000
2017-12-04 14:59:42.512000,1.12951,1.12949,1000000,1000000
2017-12-04 14:59:42.564000,1.12953,1.12949,1890000,1500000
2017-12-04 14:59:43.080000,1.12953,1.1295,1000000,1950000
2017-12-04 14:59:45.375000,1.12952,1.1295,1370000,1870000
2017-12-04 14:59:45.479000,1.12953,1.1295,1000000,1570000
2017-12-04 14:59:46.003000,1.12954,1.12951,4500000,2320000
2017-12-04 14:59:46.451000,1.12955,1.12951,3750000,3000000
2017-12-04 14:59:46.558000,1.12954,1.12951,3000000,2250000
2017-12-04 14:59:46.664000,1.12952,1.1295,1500000,1500000
2017-12-04 14:59:47.015000,1.12954,1.12951,3750000,3000000
2017-12-04 14:59:47.436000,1.12953,1.1295,1000000,3000000
2017-12-04 14:59:48.221000,1.1295,1.12949,1000000,1000000
2017-12-04 14:59:48.712000,1.12953,1.12947,2320000,3070000
2017-12-04 14:59:50.203000,1.12953,1.12948,3070000,1000000
2017-12-04 14:59:50.744000,1.12952,1.12947,1500000,1100000
2017-12-04 14:59:51.108000,1.1295,1.12945,2250000,1200000
2017-12-04 14:59:51.653000,1.12953,1.12947,1570000,2320000
2017-12-04 14:59:52.198000,1.12952,1.12946,4010000,1100000
2017-12-04 14:59:52.740000,1.1295,1.12944,2250000,2700000
2017-12-04 14:59:53.257000,1.12951,1.12946,1500000,1100000
2017-12-04 14:59:53.808000,1.12948,1.12946,1450000,1500000
2017-12-04 14:59:53.865000,1.12948,1.12944,1450000,1000000
2017-12-04 14:59:54.127000,1.12944,1.12942,1000000,2020000
2017-12-04 14:59:54.294000,1.12942,1.12938,1950000,1000000
2017-12-04 14:59:54.843000,1.12941,1.12937,1200000,1000000
2017-12-04 14:59:55.460000,1.12942,1.12938,1950000,1000000
2017-12-04 14:59:55.969000,1.12942,1.12937,1200000,1500000
2017-12-04 14:59:56.322000,1.12943,1.12939,1950000,1500000
2017-12-04 14:59:56.836000,1.12944,1.12939,4390000,2100000
2017-12-04 14:59:57.168000,1.12944,1.12942,3640000,1000000
2017-12-04 14:59:57.273000,1.12947,1.12943,1950000,1000000
2017-12-04 14:59:57.483000,1.12947,1.12945,1200000,1000000
2017-12-04 14:59:57.535000,1.12949,1.12945,1950000,1000000
2017-12-04 14:59:58.084000,1.12949,1.12944,1200000,2250000
2017-12-04 14:59:59.111000,1.12949,1.12944,1950000,1500000
2017-12-04 14:59:59.466000,1.12947,1.12942,2700000,1000000
2017-12-04 14:59:59.833000,1.12947,1.12944,1200000,1000000
2017-12-04 15:00:00.335000,1.12948,1.12945,1950000,1000000
2017-12-04 15:00:00.881000,1.12949,1.12945,1450000,1120000
2017-12-04 15:00:01.193000,1.12949,1.12947,1200000,1000000
2017-12-04 15:00:01.297000,1.12949,1.12945,1200000,1500000
2017-12-04 15:00:01.921000,1.12948,1.12945,1200000,1500000
2017-12-04 15:00:02.446000,1.12949,1.12947,1200000,1500000
2017-12-04 15:00:02.498000,1.12952,1.12949,2700000,1000000
2017-12-04 15:00:03.041000,1.12952,1.12949,1950000,1370000
2017-12-04 15:00:03.250000,1.1295,1.12948,1000000,2250000
2017-12-04 15:00:03.355000,1.1295,1.12946,1950000,1500000
2017-12-04 15:00:03.408000,1.12948,1.12943,1000000,4570000
2017-12-04 15:00:03.630000,1.12951,1.12946,1450000,1000000
2017-12-04 15:00:03.944000,1.12952,1.12949,1200000,1000000
2017-12-04 15:00:04.101000,1.12954,1.12949,5700000,1500000
2017-12-04 15:00:04.234000,1.12954,1.12951,4950000,1000000
2017-12-04 15:00:04.289000,1.12957,1.12952,1200000,2250000
2017-12-04 15:00:04.805000,1.12958,1.12953,1200000,3750000
2017-12-04 15:00:05.138000,1.12959,1.12955,1200000,1000000
2017-12-04 15:00:05.666000,1.12959,1.12954,1450000,1500000
2017-12-04 15:00:05.932000,1.12954,1.12949,1200000,3000000
2017-12-04 15:00:06.466000,1.12954,1.1295,3070000,1000000
2017-12-04 15:00:07.054000,1.12949,1.12948,1000000,1000000
2017-12-04 15:00:07.107000,1.12949,1.12945,1100000,1120000
2017-12-04 15:00:07.654000,1.12949,1.12944,2320000,1500000
2017-12-04 15:00:08.168000,1.12948,1.12944,1000000,1000000
2017-12-04 15:00:08.683000,1.12949,1.12944,3070000,1500000
2017-12-04 15:00:09.007000,1.12949,1.12946,1100000,1190000
2017-12-04 15:00:09.928000,1.12947,1.12944,1000000,1190000
2017-12-04 15:00:10.289000,1.12949,1.12945,1500000,1190000
2017-12-04 15:00:10.808000,1.1295,1.12946,6450000,1190000
2017-12-04 15:00:11.059000,1.12951,1.12948,2320000,3940000
2017-12-04 15:00:11.165000,1.12954,1.12951,1760000,2250000
2017-12-04 15:00:11.699000,1.12954,1.12949,5510000,1190000
2017-12-04 15:00:12.210000,1.12954,1.1295,1570000,1190000
2017-12-04 15:00:12.828000,1.12955,1.1295,3640000,1690000
2017-12-04 15:00:13.773000,1.12955,1.12951,2700000,1190000
2017-12-04 15:00:14.083000,1.12956,1.12952,4690000,1310000
2017-12-04 15:00:14.135000,1.12957,1.12954,1200000,1190000
2017-12-04 15:00:14.673000,1.12956,1.12953,1500000,1310000
2017-12-04 15:00:15.619000,1.12957,1.12954,2620000,1190000
2017-12-04 15:00:16.150000,1.12956,1.12953,6070000,1190000
2017-12-04 15:00:16.305000,1.12956,1.12951,6260000,2060000
2017-12-04 15:00:16.852000,1.12955,1.12951,1000000,2060000
2017-12-04 15:00:17.419000,1.12956,1.12952,2060000,2440000
2017-12-04 15:00:17.472000,1.12956,1.12954,1250000,1500000
2017-12-04 15:00:17.631000,1.12959,1.12956,1500000,1390000
2017-12-04 15:00:18.393000,1.1296,1.12955,4010000,1690000
2017-12-04 15:00:18.847000,1.1296,1.12958,1690000,1870000
2017-12-04 15:00:18.951000,1.12963,1.12959,4500000,1500000
2017-12-04 15:00:20.031000,1.12964,1.12961,3940000,1870000
2017-12-04 15:00:20.548000,1.12964,1.12961,6560000,1000000
2017-12-04 15:00:21.083000,1.12963,1.12959,2250000,1690000
2017-12-04 15:00:22.184000,1.12963,1.12961,1870000,1120000
2017-12-04 15:00:22.710000,1.12964,1.12962,3750000,1000000
2017-12-04 15:00:23.839000,1.12965,1.12963,4310000,1000000
2017-12-04 15:00:24.256000,1.12964,1.12961,4500000,3190000
2017-12-04 15:00:24.757000,1.12963,1.1296,2250000,2470000
2017-12-04 15:00:25.294000,1.12963,1.1296,3000000,1000000
2017-12-04 15:00:25.826000,1.12963,1.12959,3000000,1690000
2017-12-04 15:00:26.171000,1.12963,1.1296,1690000,3190000
2017-12-04 15:00:26.430000,1.12968,1.12963,2510000,2810000
2017-12-04 15:00:27.237000,1.12963,1.12962,1690000,1200000
2017-12-04 15:00:27.368000,1.12963,1.1296,1870000,1950000
2017-12-04 15:00:27.574000,1.12963,1.12961,1870000,1500000
2017-12-04 15:00:27.627000,1.12967,1.12962,2890000,3940000
2017-12-04 15:00:28.158000,1.12968,1.12963,3640000,2060000
2017-12-04 15:00:28.263000,1.12963,1.12962,1250000,1950000
2017-12-04 15:00:28.523000,1.12959,1.12956,1310000,1000000
2017-12-04 15:00:28.805000,1.12958,1.12955,1370000,1310000
2017-12-04 15:00:29.358000,1.12957,1.12955,4120000,3000000
2017-12-04 15:00:29.565000,1.12956,1.12953,3190000,1000000
2017-12-04 15:00:30.091000,1.12956,1.12952,3190000,1250000
2017-12-04 15:00:30.196000,1.12956,1.12954,1250000,1000000
2017-12-04 15:00:30.249000,1.12958,1.12955,2810000,1120000
2017-12-04 15:00:30.353000,1.12956,1.12955,1000000,1120000
2017-12-04 15:00:31.127000,1.12956,1.12954,2440000,1000000
2017-12-04 15:00:31.629000,1.12955,1.12954,1000000,1000000
2017-12-04 15:00:32.172000,1.12956,1.12953,4690000,1000000
2017-12-04 15:00:32.718000,1.12955,1.12953,1000000,1000000
2017-12-04 15:00:33.301000,1.12954,1.12952,1120000,1120000
2017-12-04 15:00:33.616000,1.12957,1.12954,4120000,1000000
2017-12-04 15:00:33.862000,1.12958,1.12956,5810000,1000000
2017-12-04 15:00:34.071000,1.12956,1.12955,1000000,1000000
2017-12-04 15:00:34.534000,1.12956,1.12953,1250000,3370000
2017-12-04 15:00:34.696000,1.12958,1.12956,5060000,3750000
2017-12-04 15:00:34.752000,1.12962,1.1296,1000000,1120000
2017-12-04 15:00:34.806000,1.12963,1.12962,1870000,1000000
2017-12-04 15:00:34.860000,1.12965,1.12963,1250000,1000000
2017-12-04 15:00:34.968000,1.12963,1.12961,1690000,1000000
2017-12-04 15:00:35.303000,1.12956,1.12955,3000000,3000000
2017-12-04 15:00:35.408000,1.12955,1.12952,1000000,2140000
2017-12-04 15:00:35.461000,1.1295,1.12949,1000000,4950000
2017-12-04 15:00:35.613000,1.1295,1.12946,7120000,1390000
2017-12-04 15:00:35.666000,1.12949,1.12946,1690000,1200000
2017-12-04 15:00:36.111000,1.12947,1.12945,3370000,1120000
2017-12-04 15:00:36.663000,1.12948,1.12944,4690000,1870000
2017-12-04 15:00:37.083000,1.1295,1.12946,5320000,2620000
2017-12-04 15:00:37.378000,1.12954,1.1295,6450000,2620000
2017-12-04 15:00:37.433000,1.12955,1.12953,1690000,1120000
2017-12-04 15:00:37.538000,1.12957,1.12955,3370000,1000000
2017-12-04 15:00:38.083000,1.12957,1.12954,3190000,1000000
2017-12-04 15:00:39.130000,1.12958,1.12955,8060000,1000000
2017-12-04 15:00:40.135000,1.12959,1.12956,5810000,1000000
2017-12-04 15:00:40.645000,1.12959,1.12957,1310000,1000000
2017-12-04 15:00:41.321000,1.12959,1.12956,1690000,1120000
2017-12-04 15:00:41.911000,1.12958,1.12955,4310000,1500000
2017-12-04 15:00:42.550000,1.12959,1.12956,2810000,1000000
2017-12-04 15:00:43.090000,1.12959,1.12957,1190000,1000000
2017-12-04 15:00:43.715000,1.12968,1.12965,6370000,1500000
2017-12-04 15:00:43.822000,1.12968,1.12966,1870000,3820000
2017-12-04 15:00:43.980000,1.12971,1.12968,2620000,1500000
2017-12-04 15:00:44.032000,1.12971,1.1297,1000000,1000000
2017-12-04 15:00:44.548000,1.1297,1.12969,24940001,1000000
2017-12-04 15:00:45.053000,1.12972,1.1297,3370000,1650000
2017-12-04 15:00:45.572000,1.12972,1.12969,6940000,1120000
2017-12-04 15:00:46.357000,1.12971,1.12967,5060000,1120000
2017-12-04 15:00:46.899000,1.12969,1.12966,1250000,2250000
2017-12-04 15:00:49.358000,1.12971,1.12968,4500000,1000000
2017-12-04 15:00:50.257000,1.12972,1.1297,6560000,1000000
2017-12-04 15:00:50.370000,1.1297,1.12968,1120000,1870000
2017-12-04 15:00:50.920000,1.12969,1.12966,1690000,1370000
2017-12-04 15:00:51.458000,1.1297,1.12967,1310000,1120000
2017-12-04 15:00:51.996000,1.12969,1.12966,1690000,1870000
2017-12-04 15:00:52.101000,1.12968,1.12965,1500000,2810000
2017-12-04 15:00:52.309000,1.12966,1.12963,1500000,1250000
2017-12-04 15:00:52.859000,1.12967,1.12963,2440000,2060000
2017-12-04 15:00:53.221000,1.12964,1.12962,1500000,2440000
2017-12-04 15:00:53.273000,1.12965,1.12961,6560000,1200000
2017-12-04 15:00:53.806000,1.12965,1.12962,1560000,1870000
2017-12-04 15:00:54.488000,1.12965,1.12962,1560000,1870000
2017-12-04 15:00:54.708000,1.12963,1.1296,4130000,1200000
2017-12-04 15:00:55.248000,1.12961,1.12958,1310000,1950000
2017-12-04 15:00:55.764000,1.1296,1.12957,1000000,2060000
2017-12-04 15:00:56.276000,1.1296,1.12957,1000000,2510000
2017-12-04 15:00:56.328000,1.1296,1.12957,1000000,2060000
2017-12-04 15:00:57.913000,1.12959,1.12957,1000000,1760000
2017-12-04 15:00:58.271000,1.1296,1.12957,1000000,3260000
2017-12-04 15:00:58.377000,1.12962,1.1296,1250000,3370000
2017-12-04 15:00:58.430000,1.12963,1.12962,1000000,1000000
2017-12-04 15:00:58.943000,1.12964,1.12962,3560000,1000000
2017-12-04 15:00:59.887000,1.12964,1.12962,1000000,1870000
2017-12-04 15:01:00.045000,1.1297,1.12968,1000000,1870000
2017-12-04 15:01:00.149000,1.12968,1.12967,1000000,1200000
2017-12-04 15:01:00.347000,1.12968,1.12965,1310000,1120000
2017-12-04 15:01:00.554000,1.1297,1.12966,3070000,2250000
2017-12-04 15:01:01.103000,1.1297,1.12967,2320000,1120000
2017-12-04 15:01:01.700000,1.12969,1.12967,1000000,1000000
2017-12-04 15:01:01.752000,1.12969,1.12965,7160000,2440000
2017-12-04 15:01:02.236000,1.12967,1.12964,1000000,1250000
2017-12-04 15:01:03.263000,1.12968,1.12965,2320000,1000000
2017-12-04 15:01:03.575000,1.1297,1.12967,1870000,1500000
2017-12-04 15:01:04.742000,1.12968,1.12965,2100000,3340000
2017-12-04 15:01:04.846000,1.12967,1.12964,1000000,2440000
2017-12-04 15:01:05.310000,1.1297,1.12967,3070000,1120000
2017-12-04 15:01:05.367000,1.1297,1.12967,1010000,1310000
2017-12-04 15:01:08.414000,1.12971,1.12969,3260000,1500000
2017-12-04 15:01:08.466000,1.1297,1.12967,1310000,3190000
2017-12-04 15:01:09.283000,1.12969,1.12967,1000000,2440000
2017-12-04 15:01:09.809000,1.1297,1.12967,2810000,6560000
2017-12-04 15:01:10.388000,1.1297,1.12968,1120000,1500000
2017-12-04 15:01:10.442000,1.12972,1.1297,6640000,1500000
2017-12-04 15:01:10.598000,1.12975,1.12972,1000000,1760000
2017-12-04 15:01:11.351000,1.12976,1.12973,1760000,1000000
2017-12-04 15:01:11.870000,1.12974,1.12971,1120000,1310000
2017-12-04 15:01:12.374000,1.12974,1.1297,1120000,5140000
2017-12-04 15:01:13.001000,1.12973,1.12969,1000000,7390000
2017-12-04 15:01:13.522000,1.12972,1.12968,1250000,4390000
2017-12-04 15:01:14.986000,1.12974,1.12972,1250000,2320000
2017-12-04 15:01:15.090000,1.12976,1.12972,1690000,5890000
2017-12-04 15:01:15.596000,1.12976,1.12972,1690000,2700000
2017-12-04 15:01:15.809000,1.12974,1.1297,1500000,4010000
2017-12-04 15:01:16.020000,1.12975,1.12972,1310000,1750000
2017-12-04 15:01:16.382000,1.12974,1.12971,1000000,4390000
2017-12-04 15:01:16.435000,1.12972,1.12971,1000000,2250000
2017-12-04 15:01:16.950000,1.12972,1.12969,1250000,1870000
2017-12-04 15:01:17.493000,1.12973,1.1297,1250000,1500000
2017-12-04 15:01:18.989000,1.12974,1.12972,1500000,1120000
2017-12-04 15:01:19.499000,1.12976,1.12973,3940000,1000000
2017-12-04 15:01:20.201000,1.12974,1.12971,1120000,1010000
2017-12-04 15:01:21.050000,1.12975,1.12972,1310000,1870000
2017-12-04 15:01:21.577000,1.12974,1.1297,4540000,1500000
2017-12-04 15:01:21.879000,1.12975,1.12971,1690000,2810000
2017-12-04 15:01:22.396000,1.12976,1.12973,2060000,1690000
2017-12-04 15:01:24.142000,1.12974,1.12971,1000000,3260000
2017-12-04 15:01:24.655000,1.12975,1.12971,1120000,3260000
2017-12-04 15:01:25.240000,1.12974,1.12972,1000000,2060000
2017-12-04 15:01:25.293000,1.12976,1.12972,1500000,4310000
2017-12-04 15:01:25.760000,1.12974,1.12971,1000000,2140000
2017-12-04 15:01:25.814000,1.12974,1.1297,1120000,4760000
2017-12-04 15:01:26.322000,1.12975,1.12971,3560000,1690000
2017-12-04 15:01:26.581000,1.12973,1.1297,3750000,1250000
2017-12-04 15:01:26.912000,1.12974,1.12973,1000000,1000000
2017-12-04 15:01:26.965000,1.12976,1.12973,3190000,1000000
2017-12-04 15:01:28.175000,1.12976,1.12973,3750000,1760000
2017-12-04 15:01:28.707000,1.12976,1.12974,1000000,1570000
2017-12-04 15:01:28.971000,1.12979,1.12977,1100000,2250000
2017-12-04 15:01:29.299000,1.12983,1.12979,2550000,3190000
2017-12-04 15:01:29.455000,1.12984,1.1298,4160000,1690000
2017-12-04 15:01:29.972000,1.12985,1.12982,8740000,1000000
2017-12-04 15:01:30.151000,1.12986,1.12983,6260000,1000000
2017-12-04 15:01:30.311000,1.12988,1.12986,2250000,3070000
2017-12-04 15:01:30.367000,1.12993,1.12991,1070000,1120000
2017-12-04 15:01:30.421000,1.12995,1.12992,1620000,1370000
2017-12-04 15:01:30.525000,1.12996,1.12994,1570000,1000000
2017-12-04 15:01:31.306000,1.12997,1.12995,6070000,1000000
2017-12-04 15:01:31.847000,1.12998,1.12996,5060000,1000000
2017-12-04 15:01:32.471000,1.12998,1.12997,2060000,1000000
2017-12-04 15:01:32.523000,1.13001,1.12997,10390000,2060000
2017-12-04 15:01:32.577000,1.13001,1.12997,7760000,2060000
2017-12-04 15:01:32.631000,1.13001,1.12999,1570000,4310000
2017-12-04 15:01:32.786000,1.13005,1.13002,5510000,1120000
2017-12-04 15:01:32.890000,1.13,1.12998,2850000,1010000
2017-12-04 15:01:33.087000,1.12995,1.12993,3790000,1010000
2017-12-04 15:01:33.402000,1.12997,1.12995,1010000,1000000
2017-12-04 15:01:33.922000,1.12998,1.12995,1500000,1250000
2017-12-04 15:01:34.283000,1.13,1.12997,1500000,1000000
2017-12-04 15:01:34.633000,1.13001,1.12999,2060000,1000000
2017-12-04 15:01:34.787000,1.13001,1.12997,7310000,5440000
2017-12-04 15:01:34.942000,1.12999,1.12997,1000000,4870000
2017-12-04 15:01:35.447000,1.13,1.12997,3000000,1250000
2017-12-04 15:01:36.022000,1.12999,1.12997,1000000,1000000
2017-12-04 15:01:37.021000,1.13,1.12997,3190000,1000000
2017-12-04 15:01:37.666000,1.12995,1.12994,1000000,1250000
2017-12-04 15:01:37.718000,1.12995,1.12993,3790000,1010000
2017-12-04 15:01:38.228000,1.12997,1.12995,5510000,1000000
2017-12-04 15:01:38.573000,1.12998,1.12997,1120000,1000000
2017-12-04 15:01:39.293000,1.12998,1.12996,1500000,1120000
2017-12-04 15:01:39.826000,1.12998,1.12995,2250000,1310000
2017-12-04 15:01:40.496000,1.12997,1.12994,1000000,1690000
2017-12-04 15:01:41.164000,1.12996,1.12994,1000000,1310000
2017-12-04 15:01:41.703000,1.12996,1.12993,1000000,1560000
2017-12-04 15:01:42.888000,1.12997,1.12994,1000000,1310000
2017-12-04 15:01:44.278000,1.12995,1.12994,1870000,1310000
2017-12-04 15:01:44.331000,1.12995,1.12992,6970000,3260000
2017-12-04 15:01:44.414000,1.12993,1.12991,1000000,2890000
2017-12-04 15:01:44.980000,1.12991,1.12989,4720000,2060000
2017-12-04 15:01:45.323000,1.12986,1.12983,1000000,3560000
2017-12-04 15:01:46.002000,1.12988,1.12986,3000000,1120000
2017-12-04 15:01:46.159000,1.12986,1.12984,1000000,1660000
2017-12-04 15:01:46.753000,1.12986,1.12984,1000000,1690000
2017-12-04 15:01:47.065000,1.12988,1.12986,1000000,1500000
2017-12-04 15:01:47.998000,1.12988,1.12986,1000000,1570000
2017-12-04 15:01:48.862000,1.12987,1.12985,1000000,2890000
2017-12-04 15:01:49.021000,1.12985,1.12983,1000000,1250000
2017-12-04 15:01:50.202000,1.12986,1.12984,1000000,1000000
2017-12-04 15:01:50.348000,1.12988,1.12985,1570000,1250000
2017-12-04 15:01:50.455000,1.12988,1.12986,1000000,2060000
2017-12-04 15:01:50.766000,1.1299,1.12988,1000000,1500000
2017-12-04 15:01:51.304000,1.12991,1.12988,1000000,3260000
2017-12-04 15:01:51.843000,1.12992,1.1299,1000000,1690000
2017-12-04 15:01:52.154000,1.1299,1.12988,1000000,3560000
2017-12-04 15:01:54.556000,1.12989,1.12988,1000000,1250000
2017-12-04 15:01:54.888000,1.12987,1.12985,1000000,1190000
2017-12-04 15:01:55.694000,1.12987,1.12984,1500000,1620000
2017-12-04 15:01:56.234000,1.12987,1.12984,1000000,2440000
2017-12-04 15:01:56.584000,1.12986,1.12984,1000000,1250000
2017-12-04 15:01:57.090000,1.12986,1.12983,1540000,1310000
2017-12-04 15:01:57.889000,1.12986,1.12984,1160000,1250000
2017-12-04 15:01:59.230000,1.12986,1.12983,1000000,1250000
2017-12-04 15:02:00.220000,1.12987,1.12984,1000000,3190000
2017-12-04 15:02:00.756000,1.12986,1.12983,1000000,3560000
2017-12-04 15:02:01.655000,1.12986,1.12984,1000000,1190000
2017-12-04 15:02:02.727000,1.12985,1.12983,1000000,1760000
2017-12-04 15:02:03.297000,1.12985,1.12983,1000000,1760000
2017-12-04 15:02:03.507000,1.1298,1.12978,1000000,1690000
2017-12-04 15:02:04.045000,1.12981,1.12978,1120000,2440000
2017-12-04 15:02:05.267000,1.12981,1.12978,1500000,3560000
2017-12-04 15:02:06.485000,1.12982,1.1298,2250000,1870000
2017-12-04 15:02:06.590000,1.12985,1.12981,1310000,2440000
2017-12-04 15:02:07.110000,1.12986,1.12982,2250000,3940000
2017-12-04 15:02:07.833000,1.12985,1.12982,2250000,2060000
2017-12-04 15:02:08.311000,1.12983,1.12981,1500000,3560000
2017-12-04 15:02:08.416000,1.12982,1.12979,3560000,1690000
2017-12-04 15:02:08.682000,1.12984,1.12981,3450000,1690000
2017-12-04 15:02:09.532000,1.12985,1.12982,3370000,1190000
2017-12-04 15:02:10.060000,1.12985,1.12981,2620000,2810000
2017-12-04 15:02:10.703000,1.12982,1.1298,3560000,1010000
2017-12-04 15:02:11.321000,1.12982,1.12978,3560000,4760000
2017-12-04 15:02:11.953000,1.12982,1.1298,2440000,1120000
2017-12-04 15:02:12.263000,1.12984,1.12981,2620000,2890000
2017-12-04 15:02:12.972000,1.12985,1.12983,1120000,1010000
2017-12-04 15:02:13.538000,1.12986,1.12983,3370000,1010000
2017-12-04 15:02:14.556000,1.12987,1.12985,5620000,1760000
2017-12-04 15:02:14.871000,1.12995,1.12992,4120000,7690000
2017-12-04 15:02:15.012000,1.12998,1.12996,3750000,1250000
2017-12-04 15:02:15.535000,1.12999,1.12996,3670000,1250000
2017-12-04 15:02:15.720000,1.13,1.12998,3070000,1130000
2017-12-04 15:02:15.788000,1.13002,1.13,5060000,1500000
2017-12-04 15:02:15.843000,1.13002,1.12998,5440000,2140000
2017-12-04 15:02:16.052000,1.12999,1.12996,4120000,3640000
2017-12-04 15:02:16.390000,1.12999,1.12997,1000000,2060000
2017-12-04 15:02:16.494000,1.12998,1.12996,1000000,1250000
2017-12-04 15:02:17.007000,1.12999,1.12996,1120000,1690000
2017-12-04 15:02:17.114000,1.13,1.12997,2620000,2440000
2017-12-04 15:02:17.640000,1.13,1.12997,5620000,2060000
2017-12-04 15:02:18.152000,1.13001,1.12998,4500000,1250000
2017-12-04 15:02:18.694000,1.13,1.12997,1120000,2060000
2017-12-04 15:02:19.237000,1.13001,1.12999,4120000,1250000
2017-12-04 15:02:19.554000,1.12999,1.12996,1500000,3260000
2017-12-04 15:02:20.058000,1.13,1.12996,2620000,2890000
2017-12-04 15:02:20.600000,1.13,1.12996,7500000,2060000
2017-12-04 15:02:21.480000,1.12999,1.12996,4350000,1250000
2017-12-04 15:02:22.637000,1.12999,1.12996,3750000,1250000
2017-12-04 15:02:23.614000,1.12999,1.12996,1000000,2060000
2017-12-04 15:02:24.078000,1.13,1.12998,1000000,2060000
2017-12-04 15:02:24.457000,1.12999,1.12997,1120000,1760000
2017-12-04 15:02:24.970000,1.12999,1.12996,1500000,1310000
2017-12-04 15:02:25.282000,1.12996,1.12995,1350000,1120000
2017-12-04 15:02:25.598000,1.12999,1.12996,4570000,1250000
2017-12-04 15:02:26.173000,1.12999,1.12998,1000000,1000000
2017-12-04 15:02:27.082000,1.13,1.12997,1120000,3560000
2017-12-04 15:02:27.778000,1.13,1.12996,10050000,2060000
2017-12-04 15:02:28.288000,1.13,1.12996,4570000,2440000
2017-12-04 15:02:30.069000,1.12999,1.12996,1500000,1250000
2017-12-04 15:02:30.584000,1.12998,1.12995,3370000,1310000
2017-12-04 15:02:31.147000,1.12998,1.12995,6370000,1310000
2017-12-04 15:02:33.363000,1.12995,1.12993,1000000,2440000
2017-12-04 15:02:33.870000,1.12994,1.12992,1120000,1690000
2017-12-04 15:02:34.462000,1.12993,1.12992,1000000,1310000
2017-12-04 15:02:34.772000,1.12988,1.12986,1000000,1310000
2017-12-04 15:02:35.385000,1.12989,1.12986,1500000,2810000
2017-12-04 15:02:37.158000,1.1299,1.12987,2250000,1310000
2017-12-04 15:02:37.708000,1.12989,1.12987,1000000,1310000
2017-12-04 15:02:37.761000,1.12987,1.12986,1000000,1310000
2017-12-04 15:02:38.307000,1.12986,1.12984,1500000,1690000
2017-12-04 15:02:38.931000,1.12985,1.12983,1000000,1690000
2017-12-04 15:02:39.255000,1.12987,1.12985,1000000,2810000
2017-12-04 15:02:39.805000,1.12986,1.12984,1000000,1690000
2017-12-04 15:02:40.621000,1.12987,1.12985,1500000,2060000
2017-12-04 15:02:40.728000,1.12989,1.12985,2700000,3940000
2017-12-04 15:02:40.947000,1.12991,1.12987,5510000,6940000
2017-12-04 15:02:41.160000,1.12996,1.12994,1000000,1500000
2017-12-04 15:02:41.667000,1.12998,1.12995,1000000,2810000
2017-12-04 15:02:41.774000,1.12996,1.12995,1120000,1310000
2017-12-04 15:02:41.929000,1.12996,1.12994,1120000,1690000
2017-12-04 15:02:42.032000,1.12994,1.12993,1870000,1250000
2017-12-04 15:02:42.269000,1.12993,1.12991,1120000,1250000
2017-12-04 15:02:42.558000,1.12987,1.12985,1000000,2620000
2017-12-04 15:02:42.897000,1.12983,1.1298,2550000,1250000
2017-12-04 15:02:43.208000,1.12985,1.12982,5890000,2250000
2017-12-04 15:02:43.520000,1.12986,1.12983,2620000,1190000
2017-12-04 15:02:44.040000,1.12986,1.12985,1120000,1250000
2017-12-04 15:02:44.094000,1.12989,1.12986,1690000,2250000
2017-12-04 15:02:44.617000,1.12988,1.12986,1000000,3190000
2017-12-04 15:02:44.842000,1.12987,1.12984,1500000,2060000
2017-12-04 15:02:45.360000,1.12988,1.12986,1500000,1250000
2017-12-04 15:02:45.731000,1.1299,1.12988,1000000,1310000
2017-12-04 15:02:46.247000,1.12991,1.12988,1500000,1310000
2017-12-04 15:02:46.923000,1.1299,1.12988,1000000,1690000
2017-12-04 15:02:47.439000,1.12991,1.12988,1500000,2440000
2017-12-04 15:02:47.852000,1.12989,1.12987,1000000,2440000
2017-12-04 15:02:48.090000,1.12991,1.12988,1500000,1760000
2017-12-04 15:02:48.245000,1.12989,1.12987,1000000,1760000
2017-12-04 15:02:48.451000,1.12991,1.12988,1120000,3190000
2017-12-04 15:02:48.503000,1.12991,1.12989,1120000,1190000
2017-12-04 15:02:48.971000,1.12988,1.12987,1000000,1310000
2017-12-04 15:02:49.076000,1.12988,1.12985,1500000,1310000
2017-12-04 15:02:49.655000,1.12985,1.12984,1000000,1250000
2017-12-04 15:02:49.812000,1.12983,1.12981,1870000,1250000
2017-12-04 15:02:50.122000,1.12981,1.1298,1000000,1250000
2017-12-04 15:02:50.664000,1.12981,1.12978,1500000,3190000
2017-12-04 15:02:51.188000,1.1298,1.12978,1120000,1310000
2017-12-04 15:02:51.743000,1.12981,1.12978,1870000,1190000
2017-12-04 15:02:52.307000,1.12982,1.12978,6000000,3940000
2017-12-04 15:02:53.176000,1.12982,1.1298,7120000,1250000
2017-12-04 15:02:53.743000,1.12981,1.1298,1000000,1690000
2017-12-04 15:02:54.283000,1.12982,1.1298,6370000,1250000
2017-12-04 15:02:54.794000,1.12982,1.1298,4500000,1000000
2017-12-04 15:02:55.206000,1.1298,1.12978,1000000,3190000
2017-12-04 15:02:55.259000,1.12981,1.1298,1500000,1250000
2017-12-04 15:02:55.766000,1.12982,1.1298,3750000,1690000
2017-12-04 15:02:56.871000,1.12982,1.12981,3750000,1000000
2017-12-04 15:02:57.391000,1.12982,1.1298,3750000,1690000
2017-12-04 15:02:57.910000,1.12981,1.12979,1000000,1250000
2017-12-04 15:02:58.428000,1.12982,1.1298,4200000,2060000
2017-12-04 15:02:59.300000,1.12982,1.1298,11510000,1250000
2017-12-04 15:02:59.777000,1.1298,1.12977,1000000,3190000
2017-12-04 15:03:00.309000,1.12981,1.12978,4200000,1190000
2017-12-04 15:03:00.871000,1.1298,1.12977,1950000,2060000
2017-12-04 15:03:02.134000,1.12981,1.12977,6000000,2060000
2017-12-04 15:03:02.642000,1.1298,1.12977,1500000,1760000
2017-12-04 15:03:02.695000,1.12978,1.12977,1000000,1390000
2017-12-04 15:03:02.747000,1.12976,1.12974,5100000,1250000
2017-12-04 15:03:02.904000,1.12975,1.12972,4120000,1250000
2017-12-04 15:03:03.443000,1.12974,1.12972,1000000,1250000
2017-12-04 15:03:04.122000,1.12975,1.12973,4120000,1310000
2017-12-04 15:03:04.727000,1.12973,1.12971,1120000,1190000
2017-12-04 15:03:05.042000,1.12971,1.12969,4120000,2440000
2017-12-04 15:03:06.179000,1.12972,1.12969,1120000,1310000
2017-12-04 15:03:06.737000,1.12971,1.12969,1000000,1310000
2017-12-04 15:03:06.790000,1.12969,1.12966,4120000,3260000
2017-12-04 15:03:06.896000,1.12967,1.12965,1000000,1190000
2017-12-04 15:03:07.496000,1.12966,1.12964,1000000,1000000
2017-12-04 15:03:07.883000,1.12962,1.1296,1000000,4310000
2017-12-04 15:03:07.935000,1.12964,1.12961,1000000,1310000
2017-12-04 15:03:08.793000,1.12963,1.1296,10310000,1690000
2017-12-04 15:03:08.847000,1.12961,1.12958,3370000,1010000
2017-12-04 15:03:09.393000,1.1296,1.12956,2620000,2810000
2017-12-04 15:03:10.062000,1.12959,1.12956,1000000,1310000
2017-12-04 15:03:10.935000,1.1296,1.12956,1870000,2060000
2017-12-04 15:03:11.477000,1.12956,1.12954,2620000,2320000
2017-12-04 15:03:11.581000,1.12949,1.12946,2850000,7690000
2017-12-04 15:03:12.088000,1.12949,1.12946,1950000,1690000
2017-12-04 15:03:12.595000,1.12949,1.12945,2060000,3940000
2017-12-04 15:03:13.465000,1.12951,1.1295,3000000,1120000
2017-12-04 15:03:13.518000,1.12953,1.1295,1190000,6000000
2017-12-04 15:03:14.036000,1.12953,1.1295,1000000,1310000
2017-12-04 15:03:14.541000,1.12954,1.12951,1500000,1250000
2017-12-04 15:03:14.593000,1.12952,1.12949,1120000,5510000
2017-12-04 15:03:15.201000,1.12952,1.12948,8620000,3560000
2017-12-04 15:03:15.515000,1.1295,1.12948,3000000,1500000
2017-12-04 15:03:16.070000,1.12951,1.12948,3190000,1000000
2017-12-04 15:03:16.720000,1.12952,1.12949,7310000,1000000
2017-12-04 15:03:17.259000,1.12952,1.12949,8440000,1120000
2017-12-04 15:03:17.760000,1.12951,1.12948,1310000,1120000
2017-12-04 15:03:18.726000,1.1295,1.12948,3940000,1000000
2017-12-04 15:03:18.778000,1.12949,1.12946,1000000,1760000
2017-12-04 15:03:19.870000,1.1295,1.12946,5440000,2140000
2017-12-04 15:03:20.777000,1.12951,1.12948,2810000,1200000
2017-12-04 15:03:21.601000,1.1295,1.12947,1690000,3370000
2017-12-04 15:03:21.758000,1.1295,1.12949,2060000,1000000
2017-12-04 15:03:22.309000,1.1295,1.12947,1120000,2660000
2017-12-04 15:03:23.048000,1.1295,1.12948,1870000,1300000
2017-12-04 15:03:23.153000,1.12949,1.12945,8810000,2440000
2017-12-04 15:03:23.694000,1.1295,1.12946,2890000,3000000
2017-12-04 15:03:23.747000,1.1295,1.12949,1000000,1000000
2017-12-04 15:03:24.346000,1.12951,1.12949,3000000,1120000
2017-12-04 15:03:24.850000,1.12951,1.12948,3000000,1310000
2017-12-04 15:03:25.356000,1.12951,1.12949,1500000,1000000
2017-12-04 15:03:26.111000,1.12951,1.12948,1500000,2060000
2017-12-04 15:03:26.627000,1.12951,1.12948,1870000,2060000
2017-12-04 15:03:27.379000,1.12951,1.12948,1120000,2060000
2017-12-04 15:03:28.910000,1.12951,1.12948,1500000,2140000
2017-12-04 15:03:30.150000,1.12951,1.12948,1000000,2440000
2017-12-04 15:03:30.707000,1.12951,1.12948,2060000,1500000
2017-12-04 15:03:31.373000,1.1295,1.12947,1690000,1120000
2017-12-04 15:03:31.886000,1.1295,1.12946,3560000,3260000
2017-12-04 15:03:32.198000,1.12946,1.12943,1500000,4310000
2017-12-04 15:03:32.532000,1.12948,1.12945,1690000,1000000
2017-12-04 15:03:33.050000,1.12949,1.12946,1310000,1500000
2017-12-04 15:03:33.346000,1.1295,1.12949,1310000,1000000
2017-12-04 15:03:33.896000,1.12951,1.12949,1310000,1000000
2017-12-04 15:03:34.120000,1.12949,1.12945,2060000,2810000
2017-12-04 15:03:35.283000,1.1295,1.12947,7570000,1310000
2017-12-04 15:03:35.387000,1.12951,1.12948,1690000,1120000
2017-12-04 15:03:36.145000,1.12951,1.1295,1000000,1000000
2017-12-04 15:03:36.691000,1.12956,1.12954,1250000,1120000
2017-12-04 15:03:38.154000,1.12958,1.12955,2440000,1000000
2017-12-04 15:03:38.656000,1.12958,1.12955,1690000,1100000
2017-12-04 15:03:38.865000,1.12956,1.12953,1120000,2060000
2017-12-04 15:03:39.379000,1.12956,1.12953,2810000,1000000
2017-12-04 15:03:39.759000,1.12957,1.12955,1310000,1000000
2017-12-04 15:03:40.274000,1.12959,1.12956,4310000,1000000
2017-12-04 15:03:40.865000,1.12956,1.12955,1000000,1000000
2017-12-04 15:03:40.918000,1.12956,1.12953,2440000,3820000
2017-12-04 15:03:41.125000,1.12954,1.12953,1300000,1500000
2017-12-04 15:03:41.469000,1.12953,1.12951,5700000,1000000
2017-12-04 15:03:42,1.12953,1.12951,1100000,1000000
2017-12-04 15:03:42.547000,1.12953,1.12951,1570000,1000000
2017-12-04 15:03:42.651000,1.12951,1.12948,4310000,6000000
2017-12-04 15:03:43.177000,1.1295,1.12948,3260000,1000000
2017-12-04 15:03:43.735000,1.1295,1.12947,3640000,2620000
2017-12-04 15:03:44.144000,1.1295,1.12949,2440000,1000000
2017-12-04 15:03:44.629000,1.12953,1.1295,3640000,1000000
2017-12-04 15:03:45.178000,1.12953,1.1295,3260000,1000000
2017-12-04 15:03:45.385000,1.1295,1.12947,1130000,2810000
2017-12-04 15:03:45.899000,1.1295,1.12948,2700000,1000000
2017-12-04 15:03:46.438000,1.1295,1.12947,1950000,2060000
2017-12-04 15:03:46.850000,1.1295,1.12948,2700000,1000000
2017-12-04 15:03:47.411000,1.1295,1.12947,2140000,1570000
2017-12-04 15:03:48.825000,1.1295,1.12947,3560000,1870000
2017-12-04 15:03:49.342000,1.12949,1.12947,2620000,1000000
2017-12-04 15:03:50.443000,1.12949,1.12946,2250000,1310000
2017-12-04 15:03:51.019000,1.12949,1.12947,1500000,1000000
2017-12-04 15:03:54.471000,1.12948,1.12946,1000000,2810000
2017-12-04 15:03:55.001000,1.12948,1.12947,1000000,1000000
2017-12-04 15:03:55.194000,1.12944,1.12941,4420000,2250000
2017-12-04 15:03:55.770000,1.12943,1.12941,1000000,2250000
2017-12-04 15:03:56.130000,1.12944,1.12943,4570000,1000000
2017-12-04 15:03:56.642000,1.12947,1.12944,2060000,1000000
2017-12-04 15:03:56.951000,1.12947,1.12945,1310000,1000000
2017-12-04 15:03:57.003000,1.12949,1.12946,7760000,1000000
2017-12-04 15:03:57.261000,1.1295,1.12949,1500000,1120000
2017-12-04 15:03:57.313000,1.12952,1.1295,2060000,1000000
2017-12-04 15:03:57.571000,1.12954,1.12952,4570000,1000000
2017-12-04 15:03:58.085000,1.12953,1.12951,1870000,1000000
2017-12-04 15:03:58.633000,1.1295,1.12948,1120000,2620000
2017-12-04 15:03:59.153000,1.12951,1.12949,1310000,1000000
2017-12-04 15:03:59.884000,1.1295,1.12948,1000000,1690000
2017-12-04 15:04:00.388000,1.12951,1.12948,1310000,1870000
2017-12-04 15:04:00.701000,1.12949,1.12946,4120000,2060000
2017-12-04 15:04:01.371000,1.12948,1.12945,3190000,1870000
2017-12-04 15:04:03.657000,1.12949,1.12947,3000000,1000000
2017-12-04 15:04:04.206000,1.12948,1.12946,3750000,1000000
2017-12-04 15:04:04.907000,1.12948,1.12945,3750000,1690000
2017-12-04 15:04:06.009000,1.12947,1.12945,1120000,1100000
2017-12-04 15:04:06.551000,1.12947,1.12944,1870000,3560000
2017-12-04 15:04:07.353000,1.12944,1.12943,1120000,1500000
2017-12-04 15:04:07.678000,1.12944,1.12941,2810000,1500000
2017-12-04 15:04:08.194000,1.12945,1.12942,4310000,1120000
2017-12-04 15:04:08.246000,1.12946,1.12943,2140000,1500000
2017-12-04 15:04:08.785000,1.12948,1.12944,4690000,2250000
2017-12-04 15:04:09.725000,1.12948,1.12945,2000000,1000000
2017-12-04 15:04:10.882000,1.12946,1.12944,1500000,2810000
2017-12-04 15:04:11.248000,1.12944,1.12941,1500000,2140000
2017-12-04 15:04:11.301000,1.12942,1.1294,1000000,1190000
2017-12-04 15:04:11.512000,1.12943,1.12939,10610000,2060000
2017-12-04 15:04:11.671000,1.1294,1.12937,1120000,1690000
2017-12-04 15:04:12.384000,1.12941,1.12938,1390000,1000000
2017-12-04 15:04:12.906000,1.12942,1.12939,1500000,2060000
2017-12-04 15:04:13.112000,1.12943,1.12941,1390000,1000000
2017-12-04 15:04:13.617000,1.12946,1.12942,2890000,2440000
2017-12-04 15:04:13.978000,1.12948,1.12945,2140000,1000000
2017-12-04 15:04:14.501000,1.12948,1.12946,1620000,1120000
2017-12-04 15:04:15.907000,1.12948,1.12945,2810000,1000000
2017-12-04 15:04:16.420000,1.12948,1.12945,2510000,1000000
2017-12-04 15:04:17.263000,1.12948,1.12946,1010000,1120000
2017-12-04 15:04:17.816000,1.12947,1.12945,1690000,1000000
2017-12-04 15:04:18.321000,1.12948,1.12945,3640000,1000000
2017-12-04 15:04:18.790000,1.12949,1.12948,1000000,1500000
2017-12-04 15:04:19.124000,1.12947,1.12945,8250000,1190000
2017-12-04 15:04:19.330000,1.12947,1.12944,8440000,1500000
2017-12-04 15:04:19.858000,1.12947,1.12944,9640000,1500000
2017-12-04 15:04:22.611000,1.12945,1.12942,1690000,1570000
2017-12-04 15:04:22.663000,1.12942,1.12941,1000000,1000000
2017-12-04 15:04:22.768000,1.12941,1.12939,1000000,1000000
2017-12-04 15:04:23.230000,1.12938,1.12937,1000000,1690000
2017-12-04 15:04:23.415000,1.12935,1.12932,3000000,1250000
2017-12-04 15:04:23.674000,1.12936,1.12935,1000000,2250000
2017-12-04 15:04:23.728000,1.12938,1.12936,1010000,2620000
2017-12-04 15:04:24.254000,1.12937,1.12933,4120000,3260000
2017-12-04 15:04:24.306000,1.12936,1.12933,1620000,1500000
2017-12-04 15:04:24.824000,1.12937,1.12934,2810000,1000000
2017-12-04 15:04:24.877000,1.12936,1.12932,2060000,5060000
2017-12-04 15:04:25.391000,1.12934,1.12931,1120000,1310000
2017-12-04 15:04:25.701000,1.12931,1.12929,1370000,4010000
2017-12-04 15:04:25.805000,1.1293,1.12927,1120000,2510000
2017-12-04 15:04:26.237000,1.12932,1.12929,1870000,1250000
2017-12-04 15:04:26.718000,1.12933,1.1293,1120000,2060000
2017-12-04 15:04:26.979000,1.12935,1.12932,1390000,1000000
2017-12-04 15:04:27.507000,1.12935,1.12931,2140000,1690000
2017-12-04 15:04:28.021000,1.12935,1.12931,2890000,1690000
2017-12-04 15:04:28.325000,1.12933,1.12929,2510000,1690000
2017-12-04 15:04:29.188000,1.12931,1.12928,1000000,9260000
2017-12-04 15:04:29.857000,1.1293,1.12926,1120000,6640000
2017-12-04 15:04:30.063000,1.12928,1.12925,1000000,4390000
2017-12-04 15:04:30.767000,1.12927,1.12924,1000000,3340000
2017-12-04 15:04:30.873000,1.12925,1.12922,1000000,9640000
2017-12-04 15:04:31.261000,1.12924,1.12921,1000000,2510000
2017-12-04 15:04:31.313000,1.12922,1.1292,1370000,1310000
2017-12-04 15:04:31.693000,1.12923,1.12921,1000000,1870000
2017-12-04 15:04:31.849000,1.12921,1.1292,1000000,4500000
2017-12-04 15:04:31.902000,1.12921,1.12918,1500000,1310000
2017-12-04 15:04:32.314000,1.12922,1.12921,1000000,1500000
2017-12-04 15:04:32.554000,1.1292,1.12918,1000000,6000000
2017-12-04 15:04:33.071000,1.12919,1.12917,1250000,1000000
2017-12-04 15:04:33.620000,1.12918,1.12916,1120000,1120000
2017-12-04 15:04:34.317000,1.12919,1.12915,2140000,9940000
2017-12-04 15:04:34.474000,1.12915,1.1291,2140000,11810000
2017-12-04 15:04:34.578000,1.12913,1.1291,1310000,1000000
2017-12-04 15:04:34.994000,1.12911,1.12909,1000000,3190000
2017-12-04 15:04:35.462000,1.12909,1.12908,1120000,1000000
2017-12-04 15:04:35.714000,1.12912,1.12911,1010000,2250000
2017-12-04 15:04:35.922000,1.12914,1.12912,2440000,1120000
2017-12-04 15:04:36.201000,1.12912,1.12911,1000000,2620000
2017-12-04 15:04:36.258000,1.12912,1.1291,1120000,1000000
2017-12-04 15:04:36.775000,1.12911,1.12909,1690000,1500000
2017-12-04 15:04:36.951000,1.12909,1.12907,1000000,2440000
2017-12-04 15:04:37.210000,1.12907,1.12905,1120000,1010000
2017-12-04 15:04:37.366000,1.12907,1.12903,3940000,3000000
2017-12-04 15:04:37.525000,1.12907,1.12905,2440000,1500000
2017-12-04 15:04:37.632000,1.12911,1.12909,2620000,1000000
2017-12-04 15:04:37.792000,1.12908,1.12907,1000000,1000000
2017-12-04 15:04:37.899000,1.12906,1.12903,1310000,1100000
2017-12-04 15:04:38.430000,1.12905,1.12902,1000000,10010000
2017-12-04 15:04:38.844000,1.12902,1.129,1000000,1320000
2017-12-04 15:04:39.127000,1.12898,1.12896,1000000,2810000
2017-12-04 15:04:39.745000,1.12897,1.12896,1000000,1690000
2017-12-04 15:04:39.850000,1.12895,1.12894,1310000,4500000
2017-12-04 15:04:39.904000,1.12893,1.1289,1120000,4760000
2017-12-04 15:04:40.447000,1.12892,1.12889,1690000,5250000
2017-12-04 15:04:40.656000,1.12891,1.12889,1690000,3750000
2017-12-04 15:04:40.709000,1.12892,1.12889,2060000,5620000
2017-12-04 15:04:40.814000,1.12891,1.12889,1000000,6370000
2017-12-04 15:04:41.192000,1.12888,1.12887,1000000,1000000
2017-12-04 15:04:41.350000,1.12886,1.12883,1000000,10010000
2017-12-04 15:04:41.559000,1.12888,1.12887,1500000,1000000
2017-12-04 15:04:41.612000,1.12891,1.12889,1500000,1000000
2017-12-04 15:04:42.013000,1.12888,1.12887,1000000,1500000
2017-12-04 15:04:42.551000,1.12889,1.12886,3260000,1000000
2017-12-04 15:04:43.068000,1.12888,1.12885,1310000,1500000
2017-12-04 15:04:43.381000,1.12883,1.12881,1200000,1190000
2017-12-04 15:04:43.434000,1.12883,1.1288,1200000,2440000
2017-12-04 15:04:43.694000,1.12881,1.12879,1500000,1250000
2017-12-04 15:04:43.935000,1.12878,1.12875,3260000,1000000
2017-12-04 15:04:44.092000,1.12877,1.12874,1470000,1250000
2017-12-04 15:04:44.396000,1.12879,1.12877,1200000,2060000
2017-12-04 15:04:44.763000,1.12878,1.12874,1950000,4310000
2017-12-04 15:04:44.868000,1.12876,1.12873,1000000,4310000
2017-12-04 15:04:45.093000,1.12879,1.12878,1200000,1000000
2017-12-04 15:04:45.607000,1.1288,1.12877,2510000,2620000
2017-12-04 15:04:46.018000,1.1288,1.12878,1120000,2620000
2017-12-04 15:04:46.123000,1.12884,1.12881,1640000,1500000
2017-12-04 15:04:46.285000,1.12886,1.12883,2140000,5250000
2017-12-04 15:04:46.337000,1.12886,1.12883,1100000,5060000
2017-12-04 15:04:47.148000,1.12886,1.12883,2890000,1100000
2017-12-04 15:04:47.663000,1.12885,1.12883,1390000,1100000
2017-12-04 15:04:47.976000,1.12887,1.12884,3260000,1100000
2017-12-04 15:04:48.396000,1.12888,1.12886,1960000,1000000
2017-12-04 15:04:48.918000,1.12888,1.12886,1250000,1100000
2017-12-04 15:04:49.314000,1.1289,1.12888,1310000,2250000
2017-12-04 15:04:50.390000,1.12889,1.12888,1000000,1000000
2017-12-04 15:04:50.970000,1.12888,1.12886,1000000,2890000
2017-12-04 15:04:51.022000,1.1289,1.12888,1000000,1000000
2017-12-04 15:04:51.231000,1.12889,1.12887,1000000,1010000
2017-12-04 15:04:52.031000,1.12888,1.12886,1000000,1390000
2017-12-04 15:04:52.569000,1.12888,1.12886,1000000,5140000
2017-12-04 15:04:53.082000,1.12889,1.12886,1120000,6260000
2017-12-04 15:04:53.584000,1.12889,1.12886,1000000,5510000
2017-12-04 15:04:54.097000,1.12889,1.12887,1000000,1000000
2017-12-04 15:04:54.345000,1.12892,1.1289,8440000,1000000
2017-12-04 15:04:54.758000,1.1289,1.12888,1870000,1000000
2017-12-04 15:04:55.006000,1.1289,1.12886,3940000,2250000
2017-12-04 15:04:55.112000,1.1289,1.12888,1870000,1160000
2017-12-04 15:04:55.318000,1.1289,1.12886,4690000,1500000
2017-12-04 15:04:55.856000,1.12888,1.12887,1000000,1250000
2017-12-04 15:04:56.405000,1.12889,1.12885,2060000,4310000
2017-12-04 15:04:56.719000,1.12886,1.12884,1000000,1250000
2017-12-04 15:04:57.021000,1.1289,1.12888,1870000,2060000
2017-12-04 15:04:57.565000,1.12891,1.12888,2250000,2510000
2017-12-04 15:04:58.455000,1.12893,1.1289,2140000,1200000
2017-12-04 15:04:59.068000,1.12893,1.12891,1120000,1870000
2017-12-04 15:04:59.173000,1.12896,1.12893,1690000,4950000
2017-12-04 15:04:59.380000,1.12895,1.12892,2250000,2140000
2017-12-04 15:04:59.485000,1.12892,1.12891,1120000,1000000
2017-12-04 15:04:59.630000,1.1289,1.12887,1250000,5290000
2017-12-04 15:05:00.152000,1.12889,1.12885,1000000,2560000
2017-12-04 15:05:00.479000,1.12887,1.12885,1000000,1250000
2017-12-04 15:05:00.687000,1.12886,1.12882,3000000,2810000
2017-12-04 15:05:01.148000,1.12884,1.12881,1000000,3560000
2017-12-04 15:05:01.199000,1.12886,1.12882,1760000,1310000
2017-12-04 15:05:01.464000,1.12884,1.12881,1000000,2060000
2017-12-04 15:05:01.746000,1.12884,1.1288,2810000,2250000
2017-12-04 15:05:02.059000,1.12885,1.12882,1310000,3410000
2017-12-04 15:05:02.113000,1.12886,1.12883,2140000,1000000
2017-12-04 15:05:03.298000,1.12885,1.12882,3190000,1540000
2017-12-04 15:05:03.355000,1.12882,1.12878,4350000,3190000
2017-12-04 15:05:03.463000,1.1288,1.12877,2850000,1190000
2017-12-04 15:05:03.518000,1.12879,1.12876,1120000,2510000
2017-12-04 15:05:04.060000,1.1288,1.12876,2060000,3190000
2017-12-04 15:05:04.163000,1.1288,1.12878,1250000,1500000
2017-12-04 15:05:05.016000,1.12879,1.12877,1000000,1120000
2017-12-04 15:05:05.413000,1.12877,1.12875,1870000,1000000
2017-12-04 15:05:05.466000,1.12877,1.12873,2250000,1310000
2017-12-04 15:05:05.981000,1.12876,1.12873,1250000,1870000
2017-12-04 15:05:06.529000,1.12875,1.12874,1250000,1000000
2017-12-04 15:05:06.788000,1.12877,1.12876,1310000,1500000
2017-12-04 15:05:06.841000,1.12878,1.12876,1310000,4870000
2017-12-04 15:05:07.392000,1.12879,1.12877,1190000,1100000
2017-12-04 15:05:08.549000,1.12877,1.12874,1000000,1760000
2017-12-04 15:05:08.602000,1.12876,1.12874,1000000,1250000
2017-12-04 15:05:08.787000,1.12875,1.12872,1690000,2250000
2017-12-04 15:05:09.301000,1.12874,1.12873,1250000,1000000
2017-12-04 15:05:09.808000,1.12874,1.12872,1000000,1000000
2017-12-04 15:05:10.358000,1.12876,1.12873,2060000,1000000
2017-12-04 15:05:10.871000,1.12877,1.12873,2810000,2620000
2017-12-04 15:05:11.181000,1.12877,1.12874,1310000,1870000
2017-12-04 15:05:11.749000,1.12878,1.12876,1250000,1000000
2017-12-04 15:05:11.854000,1.1288,1.12877,1250000,4120000
2017-12-04 15:05:12.181000,1.12886,1.12884,1250000,1120000
2017-12-04 15:05:12.287000,1.12887,1.12884,1250000,2620000
2017-12-04 15:05:12.341000,1.12885,1.12882,1250000,1270000
2017-12-04 15:05:12.393000,1.12884,1.12882,1690000,1160000
2017-12-04 15:05:12.913000,1.12886,1.12883,2060000,1120000
2017-12-04 15:05:13.224000,1.12888,1.12885,3260000,1000000
2017-12-04 15:05:13.727000,1.12889,1.12885,2890000,1500000
2017-12-04 15:05:14.055000,1.12893,1.12889,2890000,2250000
2017-12-04 15:05:14.559000,1.12891,1.1289,1000000,1120000
2017-12-04 15:05:15.085000,1.12893,1.12889,6450000,1500000
2017-12-04 15:05:15.572000,1.12889,1.12887,4160000,1000000
2017-12-04 15:05:15.696000,1.12887,1.12884,1250000,2250000
2017-12-04 15:05:16.216000,1.12887,1.12884,1250000,3820000
2017-12-04 15:05:16.584000,1.12886,1.12883,1000000,1390000
2017-12-04 15:05:17.125000,1.12886,1.12884,1190000,1570000
2017-12-04 15:05:17.487000,1.12887,1.12884,2060000,1950000
2017-12-04 15:05:18.567000,1.12887,1.12883,2060000,2060000
2017-12-04 15:05:19.197000,1.12885,1.12883,1250000,1120000
2017-12-04 15:05:19.817000,1.12885,1.12882,2060000,1120000
2017-12-04 15:05:20.158000,1.12884,1.12881,2440000,1000000
2017-12-04 15:05:20.675000,1.12884,1.1288,2440000,2060000
2017-12-04 15:05:20.981000,1.12881,1.12878,1250000,2250000
2017-12-04 15:05:22.747000,1.12882,1.1288,3560000,1000000
2017-12-04 15:05:23.144000,1.12879,1.12877,3190000,2250000
2017-12-04 15:05:23.691000,1.12879,1.12877,3190000,1000000
2017-12-04 15:05:24.261000,1.12879,1.12877,1000000,5250000
2017-12-04 15:05:24.314000,1.12882,1.12877,3260000,9190000
2017-12-04 15:05:24.437000,1.12882,1.1288,2440000,1000000
2017-12-04 15:05:24.952000,1.12882,1.1288,1000000,1000000
2017-12-04 15:05:25.544000,1.12883,1.12879,2250000,1190000
2017-12-04 15:05:26.047000,1.12883,1.12881,2620000,1250000
2017-12-04 15:05:26.563000,1.12883,1.1288,1000000,1190000
2017-12-04 15:05:26.911000,1.12886,1.12885,1000000,1000000
2017-12-04 15:05:27.429000,1.12887,1.12885,49869999,1000000
2017-12-04 15:05:28.252000,1.12887,1.12885,1500000,1690000
2017-12-04 15:05:29.112000,1.12889,1.12887,1570000,1000000
2017-12-04 15:05:29.622000,1.1289,1.12887,3640000,1000000
2017-12-04 15:05:30.152000,1.1289,1.12889,1500000,1000000
2017-12-04 15:05:30.411000,1.12891,1.12889,1000000,1250000
2017-12-04 15:05:30.515000,1.12892,1.1289,2820000,1000000
2017-12-04 15:05:31.064000,1.12893,1.12891,1870000,1000000
2017-12-04 15:05:32.093000,1.12894,1.12891,7050000,1250000
2017-12-04 15:05:32.616000,1.12893,1.12891,1120000,1690000
2017-12-04 15:05:32.874000,1.12894,1.12893,2700000,1000000
2017-12-04 15:05:33.389000,1.12895,1.12894,1120000,1000000
2017-12-04 15:05:34.068000,1.12894,1.12892,1000000,1190000
2017-12-04 15:05:34.176000,1.12893,1.12892,1120000,1250000
2017-12-04 15:05:35.103000,1.12893,1.12892,1120000,1250000
2017-12-04 15:05:35.639000,1.12894,1.12893,1950000,1000000
2017-12-04 15:05:38.040000,1.12893,1.12892,1500000,1500000
2017-12-04 15:05:38.554000,1.12892,1.1289,1870000,1190000
2017-12-04 15:05:39.100000,1.12891,1.1289,1120000,1690000
2017-12-04 15:05:41.058000,1.12892,1.12891,1870000,1250000
2017-12-04 15:05:41.705000,1.12893,1.12891,6450000,1000000
2017-12-04 15:05:42.015000,1.1289,1.12888,1000000,7690000
2017-12-04 15:05:42.342000,1.12891,1.1289,1870000,1250000
2017-12-04 15:05:42.449000,1.12893,1.12891,1870000,4310000
2017-12-04 15:05:43.028000,1.12896,1.12894,2250000,1000000
2017-12-04 15:05:43.576000,1.12896,1.12895,1120000,1250000
2017-12-04 15:05:43.929000,1.12898,1.12897,1120000,1250000
2017-12-04 15:05:44.601000,1.12898,1.12897,1120000,1250000
2017-12-04 15:05:45.148000,1.12899,1.12898,1120000,1250000
2017-12-04 15:05:45.688000,1.129,1.12899,1500000,1000000
2017-12-04 15:05:50.404000,1.12898,1.12897,1000000,1690000
2017-12-04 15:05:50.612000,1.129,1.12897,2620000,2810000
2017-12-04 15:05:51.242000,1.129,1.12898,1120000,2440000
2017-12-04 15:05:51.960000,1.12901,1.12898,2250000,2440000
2017-12-04 15:05:52.954000,1.129,1.12898,1120000,2440000
2017-12-04 15:05:53.485000,1.12901,1.12898,1870000,2440000
2017-12-04 15:05:53.737000,1.129,1.12897,5360000,1870000
2017-12-04 15:05:53.789000,1.12898,1.12895,1000000,3940000
2017-12-04 15:05:54.304000,1.12897,1.12895,1870000,1690000
2017-12-04 15:05:55.180000,1.12897,1.12895,1120000,1310000
2017-12-04 15:05:55.913000,1.12897,1.12895,1120000,1690000
2017-12-04 15:05:59.621000,1.12897,1.12895,1370000,1250000
2017-12-04 15:06:00.140000,1.12897,1.12894,1370000,2810000
2017-12-04 15:06:00.651000,1.12898,1.12894,4500000,2810000
2017-12-04 15:06:03.110000,1.12898,1.12895,1870000,2060000
2017-12-04 15:06:03.163000,1.12899,1.12897,1200000,2060000
2017-12-04 15:06:03.496000,1.12899,1.12896,1870000,2510000
2017-12-04 15:06:04.120000,1.129,1.12898,2320000,1000000
2017-12-04 15:06:04.585000,1.129,1.12897,3370000,2060000
2017-12-04 15:06:04.894000,1.129,1.12897,2620000,2060000
2017-12-04 15:06:05.402000,1.129,1.12897,2250000,2060000
2017-12-04 15:06:05.723000,1.12901,1.12899,4120000,1120000
2017-12-04 15:06:06.391000,1.12901,1.12899,1000000,1310000
2017-12-04 15:06:06.935000,1.12903,1.129,4120000,1310000
2017-12-04 15:06:07.483000,1.12903,1.12899,3750000,3190000
2017-12-04 15:06:08.507000,1.12902,1.129,1370000,1310000
2017-12-04 15:06:10.157000,1.12906,1.12903,1500000,2810000
2017-12-04 15:06:10.316000,1.12909,1.12906,11140000,1120000
2017-12-04 15:06:10.525000,1.12908,1.12905,1370000,9940000
2017-12-04 15:06:11.026000,1.12909,1.12906,3820000,2060000
2017-12-04 15:06:11.547000,1.1291,1.12906,2140000,3190000
2017-12-04 15:06:11.858000,1.12909,1.12907,1120000,2060000
2017-12-04 15:06:11.962000,1.12909,1.12906,3000000,2440000
2017-12-04 15:06:12.119000,1.12909,1.12907,1870000,1000000
2017-12-04 15:06:12.409000,1.12911,1.12909,1200000,1000000
2017-12-04 15:06:16.106000,1.1291,1.12908,1370000,1690000
2017-12-04 15:06:16.794000,1.12912,1.12909,2060000,1500000
2017-12-04 15:06:17.054000,1.12913,1.12909,5620000,4010000
2017-12-04 15:06:17.605000,1.12915,1.12912,2440000,1120000
2017-12-04 15:06:17.761000,1.12915,1.12912,3000000,1690000
2017-12-04 15:06:17.966000,1.12915,1.12912,3000000,2140000
2017-12-04 15:06:18.536000,1.12916,1.12913,3560000,1120000
2017-12-04 15:06:18.849000,1.12918,1.12916,4310000,1870000
2017-12-04 15:06:18.901000,1.1292,1.12918,1500000,1000000
2017-12-04 15:06:19.005000,1.12922,1.12919,3750000,2510000
2017-12-04 15:06:19.847000,1.12922,1.1292,1000000,1250000
2017-12-04 15:06:20.264000,1.12926,1.12924,6560000,1000000
2017-12-04 15:06:20.614000,1.12932,1.1293,3750000,1500000
2017-12-04 15:06:20.927000,1.12932,1.12929,5250000,3260000
2017-12-04 15:06:21.431000,1.12931,1.12928,2250000,3190000
2017-12-04 15:06:21.936000,1.12931,1.12928,4120000,2810000
2017-12-04 15:06:22.470000,1.1293,1.12928,1000000,1310000
2017-12-04 15:06:23.048000,1.12928,1.12927,1000000,1010000
2017-12-04 15:06:23.765000,1.12927,1.12926,1000000,1250000
2017-12-04 15:06:23.891000,1.12925,1.12923,1000000,2810000
2017-12-04 15:06:24.047000,1.12924,1.12922,1000000,2060000
2017-12-04 15:06:24.559000,1.12925,1.12922,1870000,1310000
2017-12-04 15:06:24.666000,1.12924,1.12922,5100000,1250000
2017-12-04 15:06:25.221000,1.12923,1.12921,1120000,1250000
2017-12-04 15:06:27.624000,1.12924,1.12922,1500000,1690000
2017-12-04 15:06:28.578000,1.12924,1.12921,2250000,3190000
2017-12-04 15:06:30.253000,1.12924,1.12922,1690000,1250000
2017-12-04 15:06:31.325000,1.12926,1.12923,2060000,1000000
2017-12-04 15:06:31.847000,1.12925,1.12923,1000000,2060000
2017-12-04 15:06:31.953000,1.12924,1.12921,2250000,2810000
2017-12-04 15:06:33.024000,1.12913,1.12911,1670000,1000000
2017-12-04 15:06:33.185000,1.12915,1.12912,2470000,1690000
2017-12-04 15:06:33.238000,1.12915,1.12913,1120000,1190000
2017-12-04 15:06:33.292000,1.12915,1.12912,3000000,2060000
2017-12-04 15:06:34.590000,1.12915,1.12913,1870000,3000000
2017-12-04 15:06:34.644000,1.1292,1.12917,2060000,1870000
2017-12-04 15:06:34.947000,1.12921,1.12918,1870000,4010000
2017-12-04 15:06:35.462000,1.12922,1.12919,1500000,2510000
2017-12-04 15:06:36.159000,1.12923,1.12921,1370000,1000000
2017-12-04 15:06:36.892000,1.12924,1.12921,3600000,1250000
2017-12-04 15:06:37.412000,1.12924,1.12922,1120000,1250000
2017-12-04 15:06:37.931000,1.12923,1.12921,1120000,2510000
2017-12-04 15:06:40.831000,1.12924,1.12921,1500000,3190000
2017-12-04 15:06:41.349000,1.12924,1.12921,5550000,2810000
2017-12-04 15:06:42.276000,1.12922,1.12921,1000000,1690000
2017-12-04 15:06:43.062000,1.12922,1.12919,1120000,2810000
2017-12-04 15:06:43.784000,1.12921,1.12919,1000000,2060000
2017-12-04 15:06:43.837000,1.12922,1.12919,1500000,2810000
2017-12-04 15:06:44.143000,1.1292,1.12919,1000000,1310000
2017-12-04 15:06:44.356000,1.12917,1.12916,2100000,1250000
2017-12-04 15:06:44.463000,1.12921,1.1292,3370000,1000000
2017-12-04 15:06:44.567000,1.12922,1.1292,1500000,9190000
2017-12-04 15:06:46.667000,1.12923,1.1292,1870000,4690000
2017-12-04 15:06:47.184000,1.12924,1.12921,4390000,1870000
2017-12-04 15:06:47.990000,1.12924,1.12921,4200000,2810000
2017-12-04 15:06:49.324000,1.12924,1.12923,1870000,1000000
2017-12-04 15:06:49.855000,1.12924,1.12921,1870000,2810000
2017-12-04 15:06:51.852000,1.12924,1.1292,3450000,3940000
2017-12-04 15:06:52.791000,1.12923,1.1292,2250000,3190000
2017-12-04 15:06:53.703000,1.12922,1.1292,3370000,1250000
2017-12-04 15:06:53.755000,1.12922,1.12919,4120000,3190000
2017-12-04 15:06:54.653000,1.1292,1.12919,1000000,1310000
2017-12-04 15:06:54.709000,1.12919,1.12917,2100000,2810000
2017-12-04 15:06:54.762000,1.12917,1.12916,1000000,2440000
2017-12-04 15:06:54.941000,1.12919,1.12916,2700000,2440000
2017-12-04 15:06:55.046000,1.1292,1.12918,1570000,2060000
2017-12-04 15:06:55.594000,1.12919,1.12917,1000000,1690000
2017-12-04 15:06:56.231000,1.1292,1.12918,1870000,1250000
2017-12-04 15:06:56.368000,1.12922,1.12919,1310000,3000000
2017-12-04 15:06:56.882000,1.12922,1.1292,1120000,1250000
2017-12-04 15:06:58.134000,1.12921,1.1292,1000000,1250000
2017-12-04 15:06:58.352000,1.12919,1.12918,4870000,1250000
2017-12-04 15:06:58.404000,1.12917,1.12915,1120000,1370000
2017-12-04 15:06:58.923000,1.12916,1.12915,1120000,1250000
2017-12-04 15:06:59.601000,1.12916,1.12913,2250000,1690000
2017-12-04 15:06:59.708000,1.12917,1.12914,1470000,2810000
2017-12-04 15:06:59.812000,1.12918,1.12915,1870000,4310000
2017-12-04 15:07:00.025000,1.12916,1.12914,1000000,2060000
2017-12-04 15:07:00.557000,1.12916,1.12914,1500000,2060000
2017-12-04 15:07:02.953000,1.12916,1.12913,1500000,2440000
2017-12-04 15:07:03.475000,1.12916,1.12914,1500000,2440000
2017-12-04 15:07:03.992000,1.12917,1.12914,1500000,2440000
2017-12-04 15:07:04.660000,1.12918,1.12916,3000000,1250000
2017-12-04 15:07:05.465000,1.12918,1.12915,3000000,1690000
2017-12-04 15:07:07.032000,1.12917,1.12915,1000000,1310000
2017-12-04 15:07:07.553000,1.12918,1.12916,1870000,1250000
2017-12-04 15:07:08.196000,1.12919,1.12917,1870000,1870000
2017-12-04 15:07:08.353000,1.12919,1.12916,1120000,3640000
2017-12-04 15:07:08.863000,1.12918,1.12914,4390000,5810000
2017-12-04 15:07:09.379000,1.12917,1.12914,1120000,2810000
2017-12-04 15:07:10.393000,1.12918,1.12916,3560000,1000000
2017-12-04 15:07:10.911000,1.12917,1.12915,1120000,1000000
2017-12-04 15:07:11.881000,1.12915,1.12914,3600000,1000000
2017-12-04 15:07:11.991000,1.12902,1.12901,1100000,1000000
2017-12-04 15:07:12.100000,1.12904,1.12903,2250000,2440000
2017-12-04 15:07:12.402000,1.12907,1.12905,1470000,1310000
2017-12-04 15:07:12.919000,1.12906,1.12903,1570000,2440000
2017-12-04 15:07:13.437000,1.12906,1.12904,2700000,1000000
2017-12-04 15:07:13.989000,1.12904,1.12901,2850000,3940000
2017-12-04 15:07:14.300000,1.12906,1.12904,1570000,1000000
2017-12-04 15:07:14.646000,1.12905,1.12902,3640000,1870000
2017-12-04 15:07:14.801000,1.12904,1.12901,2890000,1870000
2017-12-04 15:07:15.307000,1.12902,1.12899,1570000,1690000
2017-12-04 15:07:15.621000,1.129,1.12898,1500000,2440000
2017-12-04 15:07:15.798000,1.12899,1.12897,1120000,3190000
2017-12-04 15:07:15.952000,1.129,1.12897,1950000,2810000
2017-12-04 15:07:16.520000,1.12899,1.12897,1120000,1620000
2017-12-04 15:07:16.941000,1.12901,1.12898,1570000,3190000
2017-12-04 15:07:17.046000,1.12899,1.12898,1000000,2060000
2017-12-04 15:07:17.659000,1.129,1.12898,2700000,1620000
2017-12-04 15:07:17.724000,1.12895,1.12894,1120000,1250000
2017-12-04 15:07:17.828000,1.12893,1.12891,1100000,3000000
2017-12-04 15:07:18.092000,1.12894,1.12893,1870000,1000000
2017-12-04 15:07:18.224000,1.12898,1.12896,1120000,1870000
2017-12-04 15:07:18.638000,1.12897,1.12895,1000000,3560000
2017-12-04 15:07:18.953000,1.12896,1.12894,1120000,1500000
2017-12-04 15:07:19.467000,1.12895,1.12894,1000000,1000000
2017-12-04 15:07:19.624000,1.12893,1.12891,1000000,2810000
2017-12-04 15:07:20.127000,1.12893,1.1289,1570000,6560000
2017-12-04 15:07:20.711000,1.12893,1.1289,1870000,1310000
2017-12-04 15:07:21.020000,1.1289,1.12888,1120000,1500000
2017-12-04 15:07:21.125000,1.12892,1.1289,1870000,2620000
2017-12-04 15:07:21.505000,1.12891,1.12888,1000000,2440000
2017-12-04 15:07:23.349000,1.1289,1.12886,1120000,7390000
2017-12-04 15:07:23.526000,1.12892,1.12889,3070000,1620000
2017-12-04 15:07:23.784000,1.12891,1.12888,1000000,4310000
2017-12-04 15:07:24.041000,1.12892,1.12888,3040000,2810000
2017-12-04 15:07:24.093000,1.12892,1.12888,4170000,2440000
2017-12-04 15:07:24.377000,1.12889,1.12887,1000000,4310000
2017-12-04 15:07:24.430000,1.12891,1.12889,1000000,1690000
2017-12-04 15:07:24.484000,1.12892,1.12889,1870000,4690000
2017-12-04 15:07:24.692000,1.12891,1.12889,1000000,1250000
2017-12-04 15:07:25.227000,1.12889,1.12887,1000000,1620000
2017-12-04 15:07:25.753000,1.12891,1.12887,2510000,1620000
2017-12-04 15:07:26.428000,1.12892,1.12889,4570000,1310000
2017-12-04 15:07:26.586000,1.12892,1.12888,3450000,1690000
2017-12-04 15:07:27.117000,1.12892,1.12888,3000000,3190000
2017-12-04 15:07:27.792000,1.12892,1.12889,2250000,1690000
2017-12-04 15:07:28.133000,1.12891,1.12889,1000000,1250000
2017-12-04 15:07:29.248000,1.12892,1.12888,4760000,2250000
2017-12-04 15:07:29.762000,1.12892,1.12891,1000000,1000000
2017-12-04 15:07:30.276000,1.12892,1.12889,1500000,1620000
2017-12-04 15:07:31.345000,1.12892,1.12889,3070000,1620000
2017-12-04 15:07:31.851000,1.12891,1.12888,1120000,1620000
2017-12-04 15:07:32.382000,1.12891,1.12888,1120000,1620000
2017-12-04 15:07:33.117000,1.12891,1.12887,2620000,2440000
2017-12-04 15:07:33.621000,1.12892,1.12888,3640000,3560000
2017-12-04 15:07:34.178000,1.12891,1.12887,1120000,5440000
2017-12-04 15:07:35.372000,1.1289,1.12887,1000000,2440000
2017-12-04 15:07:36.319000,1.1289,1.12886,4870000,2060000
2017-12-04 15:07:36.702000,1.1289,1.12887,1250000,1500000
2017-12-04 15:07:36.754000,1.12891,1.12887,3640000,1690000
2017-12-04 15:07:37.691000,1.12892,1.12891,3370000,1500000
2017-12-04 15:07:37.848000,1.12897,1.12894,2140000,1500000
2017-12-04 15:07:37.902000,1.12898,1.12897,5250000,1000000
2017-12-04 15:07:38.031000,1.12902,1.12899,5510000,1000000
2017-12-04 15:07:38.550000,1.12902,1.129,1310000,1120000
2017-12-04 15:07:39.397000,1.12905,1.12903,5810000,1120000
2017-12-04 15:07:40.248000,1.12905,1.12904,2440000,1000000
2017-12-04 15:07:40.822000,1.12903,1.129,2620000,1620000
2017-12-04 15:07:40.874000,1.12903,1.12901,5850000,1000000
2017-12-04 15:07:41.407000,1.12902,1.12899,2250000,2060000
2017-12-04 15:07:41.935000,1.12903,1.12901,1760000,1120000
2017-12-04 15:07:42.113000,1.12904,1.12903,1310000,1000000
2017-12-04 15:07:42.378000,1.12905,1.12904,1000000,1120000
2017-12-04 15:07:42.535000,1.12904,1.12903,1000000,1120000
2017-12-04 15:07:43.038000,1.12903,1.12901,1000000,2810000
2017-12-04 15:07:43.583000,1.12903,1.12901,1120000,1120000
2017-12-04 15:07:44.029000,1.12904,1.12902,1000000,2060000
2017-12-04 15:07:44.289000,1.12903,1.12901,1000000,3560000
2017-12-04 15:07:44.790000,1.12903,1.12901,1000000,1690000
2017-12-04 15:07:45.305000,1.12904,1.12903,1000000,1120000
2017-12-04 15:07:46.556000,1.12903,1.12902,1000000,1000000
2017-12-04 15:07:46.816000,1.12905,1.12902,3560000,1370000
2017-12-04 15:07:46.971000,1.12903,1.12902,1120000,1000000
2017-12-04 15:07:47.292000,1.12903,1.129,2250000,2440000
2017-12-04 15:07:47.500000,1.12903,1.12901,1500000,1370000
2017-12-04 15:07:48.029000,1.12903,1.12901,1120000,1370000
2017-12-04 15:07:48.302000,1.12903,1.12901,1120000,1120000
2017-12-04 15:07:48.833000,1.12903,1.12901,1120000,1500000
2017-12-04 15:07:49.558000,1.12902,1.12899,1120000,2060000
2017-12-04 15:07:49.722000,1.12902,1.12899,1120000,1620000
2017-12-04 15:07:50.236000,1.12901,1.12898,1870000,1690000
2017-12-04 15:07:50.340000,1.12899,1.12897,1000000,1620000
2017-12-04 15:07:50.392000,1.12898,1.12896,2250000,1660000
2017-12-04 15:07:51.052000,1.12898,1.12896,2250000,4310000
2017-12-04 15:07:51.412000,1.129,1.12897,1500000,1620000
2017-12-04 15:07:51.942000,1.12899,1.12895,1310000,7010000
2017-12-04 15:07:52.457000,1.12899,1.12896,1310000,1500000
2017-12-04 15:07:52.769000,1.12896,1.12894,1000000,1760000
2017-12-04 15:07:52.924000,1.12895,1.12892,1000000,3190000
2017-12-04 15:07:53.470000,1.12896,1.12892,2810000,2440000
2017-12-04 15:07:54.202000,1.12896,1.12893,2440000,1370000
2017-12-04 15:07:54.595000,1.12894,1.12892,1120000,1620000
2017-12-04 15:07:54.907000,1.12897,1.12894,5140000,1370000
2017-12-04 15:07:55.508000,1.12897,1.12895,3370000,1000000
2017-12-04 15:07:55.917000,1.129,1.12898,3560000,1120000
2017-12-04 15:07:56.073000,1.129,1.12898,2620000,1870000
2017-12-04 15:07:56.609000,1.129,1.12899,2250000,1120000
2017-12-04 15:07:56.836000,1.12902,1.129,2060000,1120000
2017-12-04 15:07:56.997000,1.12903,1.12902,3000000,1000000
2017-12-04 15:07:57.529000,1.12902,1.12899,8620000,2060000
2017-12-04 15:07:57.890000,1.12899,1.12897,3000000,1760000
2017-12-04 15:07:58.417000,1.12899,1.12897,2250000,1500000
2017-12-04 15:07:59.035000,1.129,1.12898,1250000,1500000
2017-12-04 15:07:59.306000,1.12902,1.12899,2700000,1690000
2017-12-04 15:07:59.461000,1.12902,1.12899,1000000,2440000
2017-12-04 15:07:59.988000,1.12903,1.12902,3000000,1120000
2017-12-04 15:08:00.475000,1.12905,1.12903,1000000,1370000
2017-12-04 15:08:00.976000,1.12906,1.12903,9260000,1120000
2017-12-04 15:08:01.488000,1.12904,1.12902,4690000,1120000
2017-12-04 15:08:01.540000,1.12904,1.12901,6560000,1120000
2017-12-04 15:08:02.089000,1.12903,1.129,2620000,1310000
2017-12-04 15:08:02.573000,1.12905,1.12903,1310000,1000000
2017-12-04 15:08:03.090000,1.12905,1.12903,1310000,1370000
2017-12-04 15:08:03.652000,1.12905,1.12903,1500000,1000000
2017-12-04 15:08:04.169000,1.12905,1.12902,1310000,1500000
2017-12-04 15:08:04.697000,1.12905,1.12902,1310000,1500000
2017-12-04 15:08:06.239000,1.12906,1.12903,8510000,2620000
2017-12-04 15:08:06.586000,1.12913,1.12911,1250000,3450000
2017-12-04 15:08:06.832000,1.12915,1.12912,3940000,1950000
2017-12-04 15:08:07.255000,1.12916,1.12914,2250000,4870000
2017-12-04 15:08:07.311000,1.12918,1.12916,1120000,1250000
2017-12-04 15:08:07.808000,1.12916,1.12915,1000000,1390000
2017-12-04 15:08:07.957000,1.12916,1.12913,1000000,4760000
2017-12-04 15:08:08.013000,1.12917,1.12916,1000000,1500000
2017-12-04 15:08:08.119000,1.12919,1.12917,1250000,1120000
2017-12-04 15:08:08.659000,1.1292,1.12916,4760000,2060000
2017-12-04 15:08:09.172000,1.12921,1.12918,1870000,1250000
2017-12-04 15:08:09.700000,1.12921,1.12918,1000000,1690000
2017-12-04 15:08:11.597000,1.12922,1.1292,7500000,1120000
2017-12-04 15:08:12.145000,1.12921,1.12919,1120000,1690000
2017-12-04 15:08:13.829000,1.12921,1.12918,2620000,1250000
2017-12-04 15:08:14.411000,1.1292,1.12917,1000000,1760000
2017-12-04 15:08:14.774000,1.12918,1.12916,3000000,1100000
2017-12-04 15:08:15.122000,1.12916,1.12913,1000000,1690000
2017-12-04 15:08:15.574000,1.12918,1.12916,1910000,1000000
2017-12-04 15:08:15.780000,1.12916,1.12913,3370000,1390000
2017-12-04 15:08:15.833000,1.12916,1.12914,2250000,1690000
2017-12-04 15:08:16.011000,1.12919,1.12917,23059999,1200000
2017-12-04 15:08:16.167000,1.12916,1.12914,40869999,2060000
2017-12-04 15:08:16.322000,1.12916,1.12912,41470001,2510000
2017-12-04 15:08:16.844000,1.12915,1.12912,40119999,1250000
2017-12-04 15:08:17.102000,1.12913,1.12911,37869999,2440000
2017-12-04 15:08:17.406000,1.12909,1.12906,6410000,1200000
2017-12-04 15:08:18,1.1291,1.12907,6940000,1000000
2017-12-04 15:08:18.472000,1.12911,1.12909,3560000,1870000
2017-12-04 15:08:18.798000,1.12913,1.12911,1870000,1120000
2017-12-04 15:08:19.616000,1.12911,1.1291,1690000,1950000
2017-12-04 15:08:19.772000,1.1291,1.12907,4870000,2510000
2017-12-04 15:08:20.313000,1.1291,1.12908,3370000,1000000
2017-12-04 15:08:20.365000,1.1291,1.12906,6790000,1570000
2017-12-04 15:08:20.883000,1.1291,1.12907,1870000,1690000
2017-12-04 15:08:21.640000,1.1291,1.12909,1120000,1000000
2017-12-04 15:08:21.847000,1.12912,1.1291,1310000,1000000
2017-12-04 15:08:22.354000,1.12912,1.12909,3560000,1120000
2017-12-04 15:08:22.930000,1.12913,1.12911,2440000,1000000
2017-12-04 15:08:23.296000,1.12912,1.12909,1370000,1760000
2017-12-04 15:08:23.656000,1.12913,1.12911,4120000,2060000
2017-12-04 15:08:24.153000,1.12916,1.12913,6940000,1100000
2017-12-04 15:08:24.906000,1.12916,1.12914,2440000,1000000
2017-12-04 15:08:25.446000,1.12916,1.12913,3190000,1100000
2017-12-04 15:08:25.964000,1.12916,1.12913,3190000,1000000
2017-12-04 15:08:26.815000,1.12914,1.12911,4690000,2320000
2017-12-04 15:08:27.132000,1.12906,1.12903,2440000,1200000
2017-12-04 15:08:27.535000,1.12902,1.12901,2250000,1950000
2017-12-04 15:08:27.592000,1.12897,1.12894,1750000,2620000
2017-12-04 15:08:27.917000,1.12895,1.12892,1870000,2890000
2017-12-04 15:08:28.498000,1.12897,1.12896,1000000,1500000
2017-12-04 15:08:28.968000,1.12899,1.12898,3000000,1310000
2017-12-04 15:08:29.304000,1.12903,1.129,5440000,1000000
2017-12-04 15:08:29.836000,1.12903,1.12899,3940000,1690000
2017-12-04 15:08:30.234000,1.12901,1.12898,2060000,1100000
2017-12-04 15:08:30.686000,1.12903,1.12902,4870000,1250000
2017-12-04 15:08:30.855000,1.12906,1.12903,1500000,7800000
2017-12-04 15:08:31.120000,1.12907,1.12903,4310000,5810000
2017-12-04 15:08:31.655000,1.12907,1.12904,1310000,1200000
2017-12-04 15:08:32.014000,1.12911,1.12908,2620000,2400000
2017-12-04 15:08:32.645000,1.12912,1.12909,3370000,2810000
2017-12-04 15:08:33.296000,1.12911,1.12909,1720000,1310000
2017-12-04 15:08:33.610000,1.12907,1.12904,2060000,1200000
2017-12-04 15:08:34.598000,1.12907,1.12903,2060000,4010000
2017-12-04 15:08:36.502000,1.12906,1.12903,1870000,2510000
2017-12-04 15:08:37.095000,1.12902,1.129,1000000,1560000
2017-12-04 15:08:38.342000,1.12903,1.129,2810000,1870000
2017-12-04 15:08:39.121000,1.12901,1.129,1000000,1120000
2017-12-04 15:08:40.188000,1.12901,1.12899,1690000,1120000
2017-12-04 15:08:40.642000,1.129,1.12897,1870000,1250000
2017-12-04 15:08:40.982000,1.12896,1.12893,4870000,1250000
2017-12-04 15:08:41.291000,1.12897,1.12895,8810000,1370000
2017-12-04 15:08:41.796000,1.12897,1.12895,40009998,1120000
2017-12-04 15:08:42.109000,1.12896,1.12894,1000000,1120000
2017-12-04 15:08:42.161000,1.12897,1.12895,2060000,1120000
2017-12-04 15:08:42.460000,1.12895,1.12893,1310000,1120000
2017-12-04 15:08:42.977000,1.12897,1.12894,1870000,3040000
2017-12-04 15:08:43.171000,1.12898,1.12896,1000000,1870000
2017-12-04 15:08:43.688000,1.12898,1.12895,1250000,1500000
2017-12-04 15:08:44.083000,1.12898,1.12897,3190000,1120000
2017-12-04 15:08:44.618000,1.12899,1.12896,4690000,1870000
2017-12-04 15:08:45.126000,1.12899,1.12896,8440000,2250000
2017-12-04 15:08:45.656000,1.129,1.12898,1250000,1120000
2017-12-04 15:08:48.358000,1.12901,1.12897,3560000,1500000
2017-12-04 15:08:48.410000,1.12901,1.12898,3560000,1120000
2017-12-04 15:08:48.883000,1.12897,1.12895,1500000,1500000
2017-12-04 15:08:49.063000,1.12895,1.12893,2620000,1250000
2017-12-04 15:08:49.384000,1.12894,1.12892,2060000,1120000
2017-12-04 15:08:49.644000,1.12893,1.12891,4690000,1120000
2017-12-04 15:08:49.773000,1.12893,1.12889,4760000,3450000
2017-12-04 15:08:49.930000,1.1289,1.12888,1120000,1720000
2017-12-04 15:08:50.248000,1.12884,1.12883,1000000,8250000
2017-12-04 15:08:50.446000,1.12879,1.12877,1120000,3750000
2017-12-04 15:08:51.175000,1.12877,1.12875,1000000,4050000
2017-12-04 15:08:51.588000,1.12879,1.12877,1250000,1120000
2017-12-04 15:08:52.952000,1.12881,1.12877,3190000,2620000
2017-12-04 15:08:53.829000,1.1288,1.12876,2060000,3340000
2017-12-04 15:08:53.999000,1.12878,1.12875,1250000,1500000
2017-12-04 15:08:54.448000,1.12878,1.12876,1250000,1120000
2017-12-04 15:08:55.226000,1.12876,1.12873,1500000,2890000
2017-12-04 15:08:55.280000,1.12875,1.12872,1500000,2890000
2017-12-04 15:08:55.333000,1.12875,1.12871,2250000,1690000
2017-12-04 15:08:55.719000,1.1287,1.12866,1870000,2810000
2017-12-04 15:08:55.925000,1.12874,1.1287,10200000,3080000
2017-12-04 15:08:57.351000,1.12873,1.12871,1000000,1870000
2017-12-04 15:08:57.455000,1.12876,1.12873,3450000,1000000
2017-12-04 15:08:57.982000,1.12876,1.12872,3260000,1690000
2017-12-04 15:08:58.515000,1.12876,1.12873,1690000,1000000
2017-12-04 15:08:58.801000,1.12876,1.12873,1310000,1370000
2017-12-04 15:08:58.906000,1.12875,1.12872,5060000,1000000
2017-12-04 15:08:59.431000,1.12876,1.12875,1500000,1500000
2017-12-04 15:08:59.536000,1.1288,1.12877,17889999,2620000
2017-12-04 15:08:59.746000,1.1288,1.12877,1250000,2250000
2017-12-04 15:08:59.900000,1.1288,1.12877,1250000,1870000
2017-12-04 15:09:00.004000,1.1288,1.12877,1250000,1500000
2017-12-04 15:09:00.543000,1.12881,1.12878,1500000,1690000
2017-12-04 15:09:00.814000,1.12885,1.12882,1250000,1570000
2017-12-04 15:09:01.361000,1.12883,1.1288,1540000,2140000
2017-12-04 15:09:01.806000,1.1289,1.12889,1570000,1100000
2017-12-04 15:09:01.861000,1.12892,1.12889,2250000,6640000
2017-12-04 15:09:02.021000,1.12894,1.12891,1840000,2620000
2017-12-04 15:09:02.427000,1.12895,1.12893,1500000,1000000
2017-12-04 15:09:02.588000,1.12898,1.12895,1690000,2620000
2017-12-04 15:09:02.974000,1.12896,1.12893,1120000,2510000
2017-12-04 15:09:03.494000,1.12896,1.12893,1120000,2140000
2017-12-04 15:09:03.804000,1.12894,1.12892,1000000,1450000
2017-12-04 15:09:04.011000,1.12894,1.12891,17059999,1950000
2017-12-04 15:09:04.458000,1.12896,1.12893,3560000,1870000
2017-12-04 15:09:04.976000,1.12896,1.12893,1250000,2700000
2017-12-04 15:09:05.786000,1.12895,1.12893,1000000,1570000
2017-12-04 15:09:06.715000,1.12895,1.12892,1000000,4760000
2017-12-04 15:09:07.502000,1.12895,1.12892,1120000,4390000
2017-12-04 15:09:07.858000,1.12897,1.12895,1190000,1120000
2017-12-04 15:09:07.910000,1.12898,1.12895,2440000,1370000
2017-12-04 15:09:08.253000,1.12895,1.12892,1120000,3560000
2017-12-04 15:09:08.671000,1.12891,1.1289,1120000,1690000
2017-12-04 15:09:09.210000,1.12893,1.1289,1370000,2510000
2017-12-04 15:09:09.907000,1.12893,1.1289,1120000,1760000
2017-12-04 15:09:10.860000,1.12893,1.1289,1120000,2890000
2017-12-04 15:09:11.254000,1.12893,1.1289,1120000,2890000
2017-12-04 15:09:12.264000,1.12892,1.12889,1000000,2140000
2017-12-04 15:09:12.316000,1.12891,1.12888,1120000,1010000
2017-12-04 15:09:12.368000,1.12891,1.12888,2620000,1390000
2017-12-04 15:09:12.903000,1.12891,1.12888,1310000,2320000
2017-12-04 15:09:13.479000,1.12891,1.12888,2060000,1470000
2017-12-04 15:09:13.992000,1.12893,1.1289,6940000,1500000
2017-12-04 15:09:14.566000,1.12893,1.1289,5440000,1500000
2017-12-04 15:09:15.245000,1.12893,1.1289,1250000,1950000
2017-12-04 15:09:16.462000,1.12893,1.12891,1250000,1120000
2017-12-04 15:09:16.812000,1.1289,1.12887,1000000,3260000
2017-12-04 15:09:17.328000,1.1289,1.12888,8810000,1470000
2017-12-04 15:09:18.276000,1.1289,1.12888,1120000,1000000
2017-12-04 15:09:18.682000,1.12887,1.12884,1000000,3940000
2017-12-04 15:09:19.195000,1.12888,1.12884,1310000,4760000
2017-12-04 15:09:19.553000,1.12886,1.12884,1000000,1010000
2017-12-04 15:09:19.713000,1.12885,1.12883,8060000,1100000
2017-12-04 15:09:20.264000,1.12887,1.12884,4310000,1100000
2017-12-04 15:09:20.999000,1.12887,1.12883,2060000,4760000
2017-12-04 15:09:21.526000,1.12887,1.12884,1690000,1950000
2017-12-04 15:09:22.035000,1.12886,1.12883,1120000,3260000
2017-12-04 15:09:23.108000,1.12886,1.12882,6750000,4010000
2017-12-04 15:09:24.088000,1.12886,1.12883,1500000,3260000
2017-12-04 15:09:24.638000,1.12886,1.12884,1500000,1000000
2017-12-04 15:09:25.060000,1.12887,1.12886,1690000,1000000
2017-12-04 15:09:25.187000,1.1289,1.12887,3000000,1500000
2017-12-04 15:09:25.241000,1.12892,1.12889,2440000,5700000
2017-12-04 15:09:25.294000,1.12892,1.12891,1250000,1000000
2017-12-04 15:09:25.822000,1.12893,1.1289,2440000,1950000
2017-12-04 15:09:26.389000,1.12893,1.1289,2060000,2320000
2017-12-04 15:09:27.107000,1.12891,1.12889,1000000,1620000
2017-12-04 15:09:27.313000,1.1289,1.12887,5060000,1570000
2017-12-04 15:09:27.366000,1.12888,1.12885,1000000,2060000
2017-12-04 15:09:27.911000,1.12888,1.12885,1310000,1500000
2017-12-04 15:09:28.425000,1.12888,1.12884,1690000,2810000
2017-12-04 15:09:29.045000,1.12887,1.12884,1120000,2440000
2017-12-04 15:09:29.557000,1.12887,1.12884,1620000,2250000
2017-12-04 15:09:30.180000,1.12887,1.12884,1250000,1500000
2017-12-04 15:09:30.787000,1.12887,1.12884,1250000,1500000
2017-12-04 15:09:31.312000,1.12887,1.12884,1310000,1500000
2017-12-04 15:09:31.868000,1.12888,1.12886,1120000,1000000
2017-12-04 15:09:32.410000,1.12889,1.12885,3640000,1690000
2017-12-04 15:09:33.683000,1.1289,1.12888,6370000,1120000
2017-12-04 15:09:34.198000,1.1289,1.12887,1690000,1500000
2017-12-04 15:09:34.744000,1.1289,1.12887,1690000,2250000
2017-12-04 15:09:35.261000,1.1289,1.12888,1250000,1370000
2017-12-04 15:09:36.130000,1.12892,1.12889,9940000,1120000
2017-12-04 15:09:36.693000,1.12891,1.12888,1690000,1000000
2017-12-04 15:09:37.229000,1.1289,1.12887,1120000,3190000
2017-12-04 15:09:38.214000,1.12891,1.12888,1690000,1500000
2017-12-04 15:09:39.304000,1.12891,1.12888,1690000,1500000
2017-12-04 15:09:39.851000,1.12891,1.12888,1310000,1500000
2017-12-04 15:09:40.368000,1.12892,1.1289,1870000,1120000
2017-12-04 15:09:42.731000,1.12891,1.12888,1120000,2140000
2017-12-04 15:09:43.244000,1.12891,1.12888,1120000,2060000
2017-12-04 15:09:43.818000,1.12892,1.12889,5440000,3000000
2017-12-04 15:09:52.570000,1.1289,1.12888,1000000,1200000
2017-12-04 15:09:52.622000,1.12892,1.12889,3790000,1500000
2017-12-04 15:09:53.339000,1.12893,1.12889,6560000,3000000
2017-12-04 15:09:54.777000,1.12893,1.12891,7870000,1500000
2017-12-04 15:09:55.896000,1.12893,1.12891,7500000,1870000
2017-12-04 15:09:56.429000,1.12893,1.12891,27000000,1870000
2017-12-04 15:09:59.805000,1.12893,1.1289,5810000,3370000
2017-12-04 15:10:00.634000,1.12891,1.1289,2250000,1870000
2017-12-04 15:10:01.158000,1.12891,1.12889,4310000,1120000
2017-12-04 15:10:01.518000,1.1289,1.12887,7500000,2440000
2017-12-04 15:10:01.892000,1.12891,1.12889,1000000,1120000
2017-12-04 15:10:02.439000,1.1289,1.12889,1000000,1500000
2017-12-04 15:10:02.974000,1.12891,1.12889,1000000,1500000
2017-12-04 15:10:03.729000,1.12893,1.1289,7310000,2250000
2017-12-04 15:10:04.242000,1.12893,1.1289,6190000,3000000
2017-12-04 15:10:06.962000,1.12892,1.1289,7500000,1500000
2017-12-04 15:10:07.466000,1.12892,1.1289,3000000,3000000
2017-12-04 15:10:08.202000,1.12891,1.1289,1000000,1870000
2017-12-04 15:10:08.779000,1.1289,1.12889,1000000,1120000
2017-12-04 15:10:09.311000,1.12891,1.12889,3000000,1120000
2017-12-04 15:10:09.578000,1.12893,1.1289,7870000,2250000
2017-12-04 15:10:10.242000,1.12893,1.1289,6940000,2620000
2017-12-04 15:10:10.776000,1.12893,1.12891,5440000,1370000
2017-12-04 15:10:11.097000,1.12898,1.12895,2510000,1870000
2017-12-04 15:10:11.149000,1.12898,1.12895,1690000,1870000
2017-12-04 15:10:11.253000,1.12899,1.12897,5250000,1000000
2017-12-04 15:10:11.614000,1.12907,1.12904,6820000,1870000
2017-12-04 15:10:12.132000,1.12907,1.12905,2250000,1500000
2017-12-04 15:10:12.678000,1.12908,1.12906,1870000,1000000
2017-12-04 15:10:13.179000,1.12908,1.12905,4950000,1310000
2017-12-04 15:10:14.122000,1.12908,1.12905,6640000,1120000
2017-12-04 15:10:15.012000,1.12908,1.12906,5510000,1000000
2017-12-04 15:10:15.168000,1.12909,1.12907,1010000,2250000
2017-12-04 15:10:15.695000,1.12909,1.12906,5740000,1000000
2017-12-04 15:10:16.403000,1.12909,1.12907,1950000,1310000
2017-12-04 15:10:16.715000,1.12905,1.12904,1000000,2250000
2017-12-04 15:10:17.007000,1.12907,1.12905,1250000,1120000
2017-12-04 15:10:17.785000,1.12908,1.12905,4010000,1120000
2017-12-04 15:10:18.045000,1.12906,1.12904,1000000,2060000
2017-12-04 15:10:19.124000,1.12906,1.12904,2250000,2060000
2017-12-04 15:10:19.295000,1.12908,1.12905,2510000,1120000
2017-12-04 15:10:19.831000,1.12908,1.12906,1390000,1000000
2017-12-04 15:10:20.334000,1.12909,1.12906,4200000,1250000
2017-12-04 15:10:20.542000,1.1291,1.12909,1120000,1000000
2017-12-04 15:10:20.595000,1.1291,1.12908,1120000,2620000
2017-12-04 15:10:21.171000,1.12909,1.12907,1120000,1620000
2017-12-04 15:10:21.711000,1.1291,1.12907,5060000,1120000
2017-12-04 15:10:21.763000,1.1291,1.12909,1500000,1000000
2017-12-04 15:10:22.267000,1.12911,1.12908,5810000,1870000
2017-12-04 15:10:25.367000,1.12911,1.1291,6940000,1000000
2017-12-04 15:10:26.145000,1.12913,1.12911,1250000,1870000
2017-12-04 15:10:26.647000,1.12914,1.12912,1000000,1120000
2017-12-04 15:10:28.719000,1.12913,1.1291,1000000,5140000
2017-12-04 15:10:29.238000,1.12912,1.12909,1500000,4390000
2017-12-04 15:10:29.343000,1.12911,1.12909,1120000,1690000
2017-12-04 15:10:29.396000,1.12908,1.12905,1000000,5140000
2017-12-04 15:10:29.678000,1.12906,1.12904,1000000,1690000
2017-12-04 15:10:29.731000,1.12907,1.12904,1120000,1690000
2017-12-04 15:10:29.941000,1.12908,1.12906,1000000,1250000
2017-12-04 15:10:30.582000,1.12908,1.12907,1000000,1250000
2017-12-04 15:10:30.965000,1.12908,1.12905,1000000,2060000
2017-12-04 15:10:31.516000,1.12907,1.12904,1000000,3560000
2017-12-04 15:10:32.154000,1.12906,1.12904,1000000,2810000
2017-12-04 15:10:33.213000,1.12905,1.12903,1000000,1760000
2017-12-04 15:10:33.524000,1.12902,1.129,1000000,1840000
2017-12-04 15:10:33.577000,1.12902,1.12899,2470000,1390000
2017-12-04 15:10:33.630000,1.129,1.12898,1000000,3190000
2017-12-04 15:10:33.863000,1.12902,1.12899,1690000,2250000
2017-12-04 15:10:33.916000,1.12903,1.12901,1250000,1000000
2017-12-04 15:10:34.450000,1.12904,1.12901,3370000,1120000
2017-12-04 15:10:34.956000,1.12903,1.129,1000000,5440000
2017-12-04 15:10:35.463000,1.12905,1.12903,5620000,1000000
2017-12-04 15:10:35.520000,1.12906,1.12903,1250000,7500000
2017-12-04 15:10:35.835000,1.12907,1.12906,2250000,1000000
2017-12-04 15:10:36.020000,1.12911,1.12908,1010000,3000000
2017-12-04 15:10:36.631000,1.12911,1.12908,1000000,4460000
2017-12-04 15:10:37.151000,1.12912,1.12909,1690000,2250000
2017-12-04 15:10:37.678000,1.12909,1.12908,1870000,1570000
2017-12-04 15:10:37.784000,1.12908,1.12905,1000000,1310000
2017-12-04 15:10:38.296000,1.12907,1.12904,1000000,3190000
2017-12-04 15:10:39.133000,1.12907,1.12904,2620000,1310000
2017-12-04 15:10:39.185000,1.12906,1.12903,5440000,1370000
2017-12-04 15:10:39.238000,1.12904,1.12902,4120000,1310000
2017-12-04 15:10:39.747000,1.12904,1.12901,3560000,1120000
2017-12-04 15:10:39.853000,1.12906,1.12903,3750000,1120000
2017-12-04 15:10:40.398000,1.12903,1.129,1310000,2620000
2017-12-04 15:10:41.030000,1.12904,1.12901,1310000,1120000
2017-12-04 15:10:41.289000,1.12905,1.12903,2250000,1500000
2017-12-04 15:10:42.231000,1.12906,1.12903,3000000,1120000
2017-12-04 15:10:42.803000,1.12905,1.12902,1310000,2250000
2017-12-04 15:10:43.318000,1.12904,1.12902,1000000,1100000
2017-12-04 15:10:43.633000,1.12905,1.12904,2250000,1120000
2017-12-04 15:10:43.841000,1.12907,1.12904,1690000,2620000
2017-12-04 15:10:44.398000,1.12908,1.12905,4120000,1120000
2017-12-04 15:10:44.658000,1.1291,1.12908,3640000,1120000
2017-12-04 15:10:45.406000,1.12909,1.12907,1000000,1870000
2017-12-04 15:10:45.459000,1.12908,1.12905,3370000,2440000
2017-12-04 15:10:45.564000,1.12907,1.12904,3000000,2060000
2017-12-04 15:10:46.095000,1.12907,1.12904,3000000,3190000
2017-12-04 15:10:46.642000,1.12906,1.12903,1000000,7010000
2017-12-04 15:10:47.188000,1.12902,1.12899,11850000,2440000
2017-12-04 15:10:47.759000,1.12902,1.12899,8810000,1870000
2017-12-04 15:10:52.517000,1.12901,1.12899,11660000,1370000
2017-12-04 15:10:52.568000,1.129,1.12897,5140000,1120000
2017-12-04 15:10:53.123000,1.12899,1.12896,1000000,2060000
2017-12-04 15:10:53.703000,1.12897,1.12895,2620000,1120000
2017-12-04 15:10:54.292000,1.12897,1.12895,2250000,1870000
2017-12-04 15:10:54.808000,1.12897,1.12895,2250000,2320000
2017-12-04 15:10:55.347000,1.12899,1.12896,4500000,1000000
2017-12-04 15:10:57.768000,1.12899,1.12896,1870000,1250000
2017-12-04 15:10:58.408000,1.12898,1.12895,1120000,1390000
2017-12-04 15:10:59.553000,1.12897,1.12895,1000000,2140000
2017-12-04 15:11:00.064000,1.12896,1.12895,2250000,1570000
2017-12-04 15:11:00.221000,1.12895,1.12892,4540000,1370000
2017-12-04 15:11:00.325000,1.12893,1.12891,1000000,2060000
2017-12-04 15:11:00.722000,1.12895,1.12892,4910000,1120000
2017-12-04 15:11:01.029000,1.12893,1.12891,7870000,1500000
2017-12-04 15:11:01.558000,1.12894,1.12891,69190002,1500000
2017-12-04 15:11:02.066000,1.12893,1.1289,1000000,2060000
2017-12-04 15:11:02.590000,1.12894,1.12891,2060000,1500000
2017-12-04 15:11:03.628000,1.12893,1.12891,1000000,1500000
2017-12-04 15:11:03.830000,1.12891,1.12888,3000000,1690000
2017-12-04 15:11:04.245000,1.12889,1.12886,1000000,2140000
2017-12-04 15:11:04.592000,1.12891,1.1289,2250000,1120000
2017-12-04 15:11:04.953000,1.12893,1.12891,1000000,2250000
2017-12-04 15:11:05.442000,1.12894,1.12892,3190000,1120000
2017-12-04 15:11:05.549000,1.12894,1.12891,2810000,1870000
2017-12-04 15:11:06.370000,1.12894,1.12891,2620000,1870000
2017-12-04 15:11:07.658000,1.12894,1.12892,2810000,1120000
2017-12-04 15:11:07.762000,1.12895,1.12893,13690000,1120000
2017-12-04 15:11:07.867000,1.12896,1.12894,2440000,1120000
2017-12-04 15:11:08.195000,1.12899,1.12897,1190000,1120000
2017-12-04 15:11:08.726000,1.12899,1.12897,1310000,1120000
2017-12-04 15:11:09.682000,1.12898,1.12896,1000000,1120000
2017-12-04 15:11:10.171000,1.12896,1.12895,1000000,1120000
2017-12-04 15:11:10.367000,1.12895,1.12893,3370000,1500000
2017-12-04 15:11:10.883000,1.12894,1.12892,1000000,2240000
2017-12-04 15:11:11.422000,1.12895,1.12893,5060000,1120000
2017-12-04 15:11:12.185000,1.12894,1.12893,1000000,1120000
2017-12-04 15:11:12.693000,1.12894,1.12892,1000000,1500000
2017-12-04 15:11:15.031000,1.12893,1.12892,1000000,1500000
2017-12-04 15:11:15.238000,1.12892,1.1289,5100000,1570000
2017-12-04 15:11:15.345000,1.12889,1.12887,1000000,1500000
2017-12-04 15:11:15.452000,1.1289,1.12888,1250000,1120000
2017-12-04 15:11:15.983000,1.12889,1.12888,1000000,1120000
2017-12-04 15:11:16.461000,1.12891,1.12888,3560000,1120000
2017-12-04 15:11:16.515000,1.12889,1.12888,1000000,1120000
2017-12-04 15:11:17.062000,1.12889,1.12888,1000000,1120000
2017-12-04 15:11:17.812000,1.1289,1.12888,1250000,1120000
2017-12-04 15:11:18.833000,1.12889,1.12887,1000000,1690000
2017-12-04 15:11:18.937000,1.1289,1.12888,1250000,1120000
2017-12-04 15:11:19.505000,1.12889,1.12888,1000000,1120000
2017-12-04 15:11:20.059000,1.1289,1.12888,1250000,1120000
2017-12-04 15:11:20.248000,1.12889,1.12887,1120000,1120000
2017-12-04 15:11:20.798000,1.1289,1.12888,1310000,1120000
2017-12-04 15:11:21.339000,1.12889,1.12888,1000000,1120000
2017-12-04 15:11:21.919000,1.1289,1.12888,1310000,1120000
2017-12-04 15:11:22.437000,1.12889,1.12888,1000000,1120000
2017-12-04 15:11:23.255000,1.1289,1.12888,3560000,1120000
2017-12-04 15:11:23.788000,1.12889,1.12888,1000000,1120000
2017-12-04 15:11:24.323000,1.1289,1.12888,3560000,1120000
2017-12-04 15:11:24.851000,1.12889,1.12888,1000000,1120000
2017-12-04 15:11:27.101000,1.12889,1.12886,1500000,1760000
2017-12-04 15:11:27.606000,1.12888,1.12887,1000000,1120000
2017-12-04 15:11:29.091000,1.12889,1.12887,3370000,1120000
2017-12-04 15:11:29.608000,1.12888,1.12886,1000000,3560000
2017-12-04 15:11:29.971000,1.1289,1.12888,1310000,1120000
2017-12-04 15:11:30.529000,1.12889,1.12887,1690000,1120000
2017-12-04 15:11:31.061000,1.12888,1.12886,1000000,1500000
2017-12-04 15:11:31.613000,1.12887,1.12886,1000000,1500000
2017-12-04 15:11:31.805000,1.12889,1.12886,3560000,2250000
2017-12-04 15:11:31.860000,1.12887,1.12886,1000000,1500000
