time,ask,bid,ask_volume,bid_volume
2023-02-16 14:25:00.145000,1.34282,1.34275,3820000,3600000
2023-02-16 14:25:00.247000,1.34273,1.34271,1200000,1350000
2023-02-16 14:25:00.298000,1.34273,1.34266,4500000,4270000
2023-02-16 14:25:00.350000,1.34271,1.34265,4500000,1350000
2023-02-16 14:25:00.452000,1.34272,1.34264,1200000,5550000
2023-02-16 14:25:00.554000,1.34273,1.34266,3600000,3600000
2023-02-16 14:25:00.655000,1.34274,1.34266,4500000,3600000
2023-02-16 14:25:00.926000,1.34274,1.34267,3600000,3600000
2023-02-16 14:25:01.028000,1.34277,1.3427,3600000,3820000
2023-02-16 14:25:01.232000,1.34279,1.34274,1100000,1200000
2023-02-16 14:25:01.283000,1.3428,1.34274,1200000,4500000
2023-02-16 14:25:01.334000,1.34279,1.34271,5400000,4050000
2023-02-16 14:25:01.386000,1.34277,1.3427,4500000,3600000
2023-02-16 14:25:01.641000,1.34278,1.3427,5400000,3600000
2023-02-16 14:25:01.742000,1.34278,1.3427,3600000,3600000
2023-02-16 14:25:01.793000,1.34279,1.34272,6070000,3600000
2023-02-16 14:25:01.895000,1.34279,1.34273,4720000,3600000
2023-02-16 14:25:02.048000,1.34278,1.34272,3600000,3600000
2023-02-16 14:25:02.150000,1.34278,1.34269,3600000,3600000
2023-02-16 14:25:02.252000,1.34277,1.34271,3600000,3600000
2023-02-16 14:25:02.668000,1.34278,1.34271,5620000,3600000
2023-02-16 14:25:02.770000,1.34278,1.34272,4500000,3600000
2023-02-16 14:25:02.965000,1.34277,1.34271,3600000,3600000
2023-02-16 14:25:03.067000,1.34278,1.34272,3600000,3600000
2023-02-16 14:25:03.219000,1.34278,1.34271,3820000,3600000
2023-02-16 14:25:03.372000,1.34277,1.34271,2020000,3600000
2023-02-16 14:25:03.423000,1.34277,1.34269,5620000,3600000
2023-02-16 14:25:03.525000,1.34277,1.3427,2020000,3600000
2023-02-16 14:25:03.627000,1.34277,1.34269,5620000,3600000
2023-02-16 14:25:04.148000,1.34278,1.34272,1200000,4500000
2023-02-16 14:25:04.250000,1.34279,1.34272,4720000,4050000
2023-02-16 14:25:04.722000,1.34277,1.34271,3600000,4500000
2023-02-16 14:25:04.773000,1.34279,1.34271,3820000,4720000
2023-02-16 14:25:04.824000,1.3428,1.34273,1200000,1200000
2023-02-16 14:25:04.927000,1.34281,1.34274,4720000,3600000
2023-02-16 14:25:05.029000,1.3428,1.34275,1200000,1120000
2023-02-16 14:25:05.131000,1.34283,1.34278,1200000,3600000
2023-02-16 14:25:05.233000,1.34284,1.34278,4500000,3600000
2023-02-16 14:25:05.588000,1.34284,1.34279,1200000,3600000
2023-02-16 14:25:05.639000,1.34286,1.3428,1120000,3600000
2023-02-16 14:25:05.741000,1.34288,1.34282,1200000,4500000
2023-02-16 14:25:05.894000,1.34288,1.34283,1200000,3600000
2023-02-16 14:25:06.198000,1.34288,1.34282,1300000,3600000
2023-02-16 14:25:06.250000,1.34287,1.3428,3600000,4500000
2023-02-16 14:25:06.351000,1.34286,1.3428,1200000,3600000
2023-02-16 14:25:06.454000,1.34287,1.3428,3600000,3600000
2023-02-16 14:25:06.575000,1.34287,1.34281,3600000,3600000
2023-02-16 14:25:06.677000,1.34286,1.3428,3600000,3600000
2023-02-16 14:25:06.778000,1.34287,1.3428,4500000,3600000
2023-02-16 14:25:06.913000,1.34287,1.34282,1200000,4500000
2023-02-16 14:25:07.015000,1.34288,1.34281,4720000,4500000
2023-02-16 14:25:07.168000,1.34288,1.34282,1120000,3600000
2023-02-16 14:25:07.278000,1.34288,1.34281,4720000,4500000
2023-02-16 14:25:07.531000,1.34288,1.34282,1200000,4500000
2023-02-16 14:25:08.130000,1.34289,1.34282,4720000,4500000
2023-02-16 14:25:09.421000,1.34289,1.34283,1200000,3600000
2023-02-16 14:25:09.523000,1.34291,1.34284,4050000,3600000
2023-02-16 14:25:09.726000,1.3429,1.34283,3820000,3600000
2023-02-16 14:25:10.031000,1.3429,1.34284,3820000,3600000
2023-02-16 14:25:10.133000,1.34289,1.34283,3600000,7200000
2023-02-16 14:25:10.286000,1.34292,1.34285,4720000,6970000
2023-02-16 14:25:10.337000,1.34292,1.34287,1200000,3600000
2023-02-16 14:25:10.439000,1.34293,1.34287,3820000,3600000
2023-02-16 14:25:12.103000,1.3429,1.34284,1120000,4050000
2023-02-16 14:25:12.205000,1.34289,1.34282,3820000,3600000
2023-02-16 14:25:12.358000,1.34288,1.34282,3600000,3600000
2023-02-16 14:25:12.792000,1.3429,1.34282,3600000,3820000
2023-02-16 14:25:12.895000,1.3429,1.34287,1200000,3600000
2023-02-16 14:25:12.946000,1.34294,1.34287,5550000,3600000
2023-02-16 14:25:13.280000,1.34292,1.34287,1300000,3600000
2023-02-16 14:25:13.331000,1.34291,1.34283,3820000,4500000
2023-02-16 14:25:13.433000,1.34289,1.34283,3600000,5170000
2023-02-16 14:25:13.687000,1.34291,1.34282,3820000,4270000
2023-02-16 14:25:13.789000,1.34291,1.34287,1200000,3600000
2023-02-16 14:25:13.891000,1.34294,1.34287,6050000,3600000
2023-02-16 14:25:13.993000,1.34293,1.34286,3670000,3600000
2023-02-16 14:25:14.253000,1.34291,1.34285,3820000,3600000
2023-02-16 14:25:14.355000,1.34289,1.34283,1200000,4500000
2023-02-16 14:25:14.457000,1.34289,1.34284,1200000,3600000
2023-02-16 14:25:14.508000,1.34291,1.34285,3820000,3600000
2023-02-16 14:25:14.660000,1.34292,1.34285,3600000,3600000
2023-02-16 14:25:14.762000,1.34292,1.34286,3600000,3600000
2023-02-16 14:25:14.974000,1.34294,1.34286,3600000,3600000
2023-02-16 14:25:15.076000,1.34294,1.34288,5620000,3600000
2023-02-16 14:25:15.178000,1.34293,1.34287,3600000,3600000
2023-02-16 14:25:15.503000,1.34293,1.34287,3300000,3600000
2023-02-16 14:25:15.605000,1.34292,1.34286,3600000,3600000
2023-02-16 14:25:15.859000,1.34291,1.34284,4050000,3600000
2023-02-16 14:25:15.961000,1.34289,1.34283,3600000,3600000
2023-02-16 14:25:16.063000,1.34289,1.34282,3600000,3600000
2023-02-16 14:25:16.317000,1.34289,1.34283,3820000,3600000
2023-02-16 14:25:16.480000,1.34289,1.34282,3820000,3600000
2023-02-16 14:25:16.582000,1.34289,1.34283,3820000,3600000
2023-02-16 14:25:16.942000,1.34289,1.34282,3820000,3600000
2023-02-16 14:25:17.044000,1.34289,1.34282,3300000,3600000
2023-02-16 14:25:17.247000,1.34289,1.34283,3600000,3600000
2023-02-16 14:25:17.805000,1.3429,1.34284,4500000,3600000
2023-02-16 14:25:18.060000,1.34291,1.34285,4720000,3600000
2023-02-16 14:25:18.212000,1.3429,1.34284,3600000,3820000
2023-02-16 14:25:18.568000,1.34291,1.34285,4720000,3600000
2023-02-16 14:25:18.872000,1.3429,1.34284,3600000,3820000
2023-02-16 14:25:19.841000,1.34291,1.34284,4500000,3820000
2023-02-16 14:25:19.943000,1.34291,1.34285,4500000,3600000
2023-02-16 14:25:20.146000,1.3429,1.34284,3600000,3820000
2023-02-16 14:25:20.298000,1.34291,1.34285,4500000,3600000
2023-02-16 14:25:20.400000,1.3429,1.34284,3600000,5170000
2023-02-16 14:25:20.537000,1.34294,1.34288,4720000,3820000
2023-02-16 14:25:20.639000,1.34293,1.34287,3600000,3300000
2023-02-16 14:25:21.066000,1.34294,1.34288,4720000,3820000
2023-02-16 14:25:21.273000,1.34293,1.34287,3600000,3300000
2023-02-16 14:25:21.375000,1.34294,1.34288,4720000,3820000
2023-02-16 14:25:21.476000,1.34293,1.34287,3600000,3300000
2023-02-16 14:25:21.620000,1.34294,1.34286,3820000,3820000
2023-02-16 14:25:21.773000,1.34294,1.34288,4720000,3820000
2023-02-16 14:25:21.956000,1.34293,1.34287,3600000,3300000
2023-02-16 14:25:22.058000,1.34294,1.34288,4720000,3820000
2023-02-16 14:25:22.326000,1.34293,1.34287,3600000,3300000
2023-02-16 14:25:22.774000,1.34291,1.34285,3600000,5850000
2023-02-16 14:25:22.876000,1.3429,1.34284,4500000,4050000
2023-02-16 14:25:23.336000,1.34289,1.34282,5620000,3600000
2023-02-16 14:25:23.489000,1.34288,1.34282,3600000,3600000
2023-02-16 14:25:23.591000,1.34289,1.34282,5400000,3820000
2023-02-16 14:25:23.849000,1.34289,1.34283,4500000,3820000
2023-02-16 14:25:24.464000,1.34289,1.34284,1200000,4720000
2023-02-16 14:25:25.892000,1.3429,1.34281,4720000,3600000
2023-02-16 14:25:26.361000,1.34289,1.34283,4500000,3820000
2023-02-16 14:25:26.463000,1.34289,1.34284,1200000,3600000
2023-02-16 14:25:26.565000,1.34289,1.34283,4500000,3820000
2023-02-16 14:25:27.212000,1.34289,1.34283,4500000,3300000
2023-02-16 14:25:27.726000,1.3429,1.34286,3600000,2470000
2023-02-16 14:25:27.829000,1.34293,1.34287,3820000,3600000
2023-02-16 14:25:29.433000,1.34291,1.34285,3820000,4500000
2023-02-16 14:25:29.535000,1.34291,1.34286,1200000,3600000
2023-02-16 14:25:29.637000,1.34293,1.34285,3600000,3820000
2023-02-16 14:25:30.309000,1.34293,1.34286,1200000,3670000
2023-02-16 14:25:30.411000,1.34294,1.34288,4720000,3600000
2023-02-16 14:25:30.665000,1.34293,1.34287,3600000,3820000
2023-02-16 14:25:31.863000,1.34292,1.34286,4050000,3600000
2023-02-16 14:25:31.965000,1.34292,1.34287,1200000,3820000
2023-02-16 14:25:32.067000,1.34293,1.34286,3820000,3820000
2023-02-16 14:25:32.527000,1.34293,1.34286,3600000,3300000
2023-02-16 14:25:33.118000,1.34293,1.34286,3820000,3820000
2023-02-16 14:25:33.220000,1.34293,1.34285,4650000,3820000
2023-02-16 14:25:33.322000,1.3429,1.34284,3600000,3600000
2023-02-16 14:25:33.424000,1.34288,1.34282,3600000,4720000
2023-02-16 14:25:33.678000,1.34289,1.34283,3300000,3600000
2023-02-16 14:25:33.830000,1.34289,1.34283,3600000,3600000
2023-02-16 14:25:33.932000,1.34292,1.34284,8100000,3820000
2023-02-16 14:25:34.034000,1.34292,1.34286,3600000,3600000
2023-02-16 14:25:34.136000,1.34292,1.34286,3600000,3300000
2023-02-16 14:25:34.238000,1.34293,1.34287,3600000,3820000
2023-02-16 14:25:34.340000,1.34293,1.34287,4050000,3600000
2023-02-16 14:25:34.392000,1.3429,1.34284,3600000,4720000
2023-02-16 14:25:34.544000,1.34291,1.34285,3820000,3600000
2023-02-16 14:25:34.646000,1.34292,1.34284,4800000,3820000
2023-02-16 14:25:34.748000,1.34291,1.34285,3600000,3820000
2023-02-16 14:25:34.901000,1.34292,1.34286,4720000,3600000
2023-02-16 14:25:35.003000,1.34293,1.34287,3600000,4270000
2023-02-16 14:25:35.105000,1.34294,1.34288,3600000,3820000
2023-02-16 14:25:35.572000,1.34295,1.34288,3600000,3820000
2023-02-16 14:25:36.777000,1.34295,1.34289,3600000,3820000
2023-02-16 14:25:36.879000,1.34294,1.34288,3600000,4720000
2023-02-16 14:25:37.308000,1.34294,1.34288,3600000,3300000
2023-02-16 14:25:37.461000,1.34294,1.34288,3600000,3820000
2023-02-16 14:25:37.910000,1.34294,1.34288,3600000,3300000
2023-02-16 14:25:38.620000,1.34299,1.34292,2700000,4800000
2023-02-16 14:25:38.671000,1.34299,1.34293,3820000,3820000
2023-02-16 14:25:38.773000,1.343,1.34294,4050000,3600000
2023-02-16 14:25:39.128000,1.34301,1.34295,3600000,4050000
2023-02-16 14:25:39.230000,1.34303,1.34297,4270000,3600000
2023-02-16 14:25:39.281000,1.343,1.34294,3600000,4720000
2023-02-16 14:25:39.383000,1.34299,1.34294,3600000,1120000
2023-02-16 14:25:39.891000,1.34299,1.34293,3820000,3820000
2023-02-16 14:25:40.265000,1.34298,1.3429,3820000,5670000
2023-02-16 14:25:40.367000,1.34296,1.3429,3600000,4500000
2023-02-16 14:25:40.469000,1.34297,1.34288,3600000,3820000
2023-02-16 14:25:40.571000,1.34296,1.3429,3600000,3600000
2023-02-16 14:25:40.876000,1.34298,1.34289,3600000,3600000
2023-02-16 14:25:40.978000,1.34296,1.3429,3600000,1200000
2023-02-16 14:25:41.080000,1.34297,1.3429,3820000,3600000
2023-02-16 14:25:41.182000,1.34297,1.34289,4720000,3600000
2023-02-16 14:25:41.284000,1.34296,1.34289,3600000,3600000
2023-02-16 14:25:41.976000,1.34295,1.34288,3600000,3600000
2023-02-16 14:25:43.227000,1.34297,1.3429,4270000,1200000
2023-02-16 14:25:43.329000,1.34299,1.34291,4160000,4950000
2023-02-16 14:25:43.431000,1.34297,1.34289,1200000,4050000
2023-02-16 14:25:43.483000,1.34296,1.34288,4500000,3300000
2023-02-16 14:25:43.635000,1.34297,1.34289,8950000,3300000
2023-02-16 14:25:43.788000,1.34299,1.3429,3820000,3600000
2023-02-16 14:25:43.941000,1.34298,1.34291,2250000,4050000
2023-02-16 14:25:44.043000,1.343,1.34293,5170000,3600000
2023-02-16 14:25:44.409000,1.343,1.34293,4050000,4500000
2023-02-16 14:25:44.511000,1.34299,1.34292,3300000,3600000
2023-02-16 14:25:44.613000,1.343,1.34293,5170000,3600000
2023-02-16 14:25:44.714000,1.343,1.34292,5170000,3600000
2023-02-16 14:25:44.817000,1.34302,1.34294,3820000,4800000
2023-02-16 14:25:44.919000,1.34303,1.34296,1420000,3600000
2023-02-16 14:25:45.021000,1.34302,1.34295,3300000,4500000
2023-02-16 14:25:45.841000,1.34304,1.34296,3600000,3600000
2023-02-16 14:25:45.942000,1.34305,1.34296,3820000,3600000
2023-02-16 14:25:46.516000,1.34303,1.34297,3600000,3600000
2023-02-16 14:25:46.819000,1.34306,1.34297,3300000,4500000
2023-02-16 14:25:46.921000,1.34305,1.34299,3670000,1200000
2023-02-16 14:25:47.175000,1.34305,1.34298,3670000,3600000
2023-02-16 14:25:47.504000,1.34305,1.34298,4420000,3600000
2023-02-16 14:25:47.606000,1.34305,1.34297,4420000,4500000
2023-02-16 14:25:47.870000,1.34305,1.34298,4500000,3600000
2023-02-16 14:25:47.921000,1.34303,1.34297,3820000,3600000
2023-02-16 14:25:49.408000,1.34305,1.34298,6070000,3600000
2023-02-16 14:25:49.814000,1.34303,1.34297,3820000,3600000
2023-02-16 14:25:49.916000,1.34304,1.34299,1200000,3600000
2023-02-16 14:25:50.040000,1.34305,1.34299,1200000,3600000
2023-02-16 14:25:50.305000,1.34306,1.343,2470000,3600000
2023-02-16 14:25:50.406000,1.34305,1.34299,1200000,3600000
2023-02-16 14:25:50.508000,1.34304,1.34298,1200000,3820000
2023-02-16 14:25:50.903000,1.34304,1.343,1200000,4500000
2023-02-16 14:25:51.005000,1.34306,1.343,2970000,3600000
2023-02-16 14:25:51.314000,1.34305,1.34299,3600000,3600000
2023-02-16 14:25:51.900000,1.34305,1.343,1200000,4050000
2023-02-16 14:25:51.951000,1.34309,1.34302,4720000,3600000
2023-02-16 14:25:52.054000,1.34309,1.34302,4500000,3600000
2023-02-16 14:25:52.206000,1.34308,1.34302,4720000,3600000
2023-02-16 14:25:52.410000,1.34308,1.34301,5620000,3600000
2023-02-16 14:25:52.920000,1.34307,1.34301,3600000,3600000
2023-02-16 14:25:53.022000,1.34308,1.34301,1200000,3600000
2023-02-16 14:25:53.073000,1.34303,1.343,1200000,3600000
2023-02-16 14:25:53.124000,1.34297,1.34291,4720000,6300000
2023-02-16 14:25:53.226000,1.34296,1.34289,1120000,4500000
2023-02-16 14:25:53.328000,1.34296,1.34289,1300000,4500000
2023-02-16 14:25:53.948000,1.34295,1.34288,1570000,3600000
2023-02-16 14:25:53.999000,1.34296,1.34289,1200000,3600000
2023-02-16 14:25:54.101000,1.34297,1.34291,1300000,3600000
2023-02-16 14:25:54.813000,1.34297,1.34291,4720000,3600000
2023-02-16 14:25:55.385000,1.34299,1.34292,1200000,3600000
2023-02-16 14:25:55.486000,1.34299,1.34292,4500000,3600000
2023-02-16 14:25:56.525000,1.34299,1.34293,1200000,3600000
2023-02-16 14:25:58.362000,1.34299,1.34295,1200000,3600000
2023-02-16 14:25:58.414000,1.34303,1.34297,1120000,3600000
2023-02-16 14:25:58.465000,1.34303,1.34299,1200000,3600000
2023-02-16 14:25:58.516000,1.34305,1.34299,1120000,3600000
2023-02-16 14:25:58.771000,1.34305,1.34298,1300000,3600000
2023-02-16 14:25:59.402000,1.34305,1.34298,1120000,5850000
2023-02-16 14:25:59.454000,1.34305,1.343,1120000,3600000
2023-02-16 14:25:59.695000,1.34306,1.34299,4800000,3600000
2023-02-16 14:25:59.797000,1.34305,1.34298,1800000,4500000
2023-02-16 14:26:00.097000,1.34303,1.34298,3420000,3600000
2023-02-16 14:26:00.148000,1.34301,1.34295,1120000,1200000
2023-02-16 14:26:00.250000,1.34301,1.34294,1120000,4500000
2023-02-16 14:26:00.352000,1.34299,1.34294,1800000,3600000
2023-02-16 14:26:00.455000,1.34298,1.34293,1300000,3600000
2023-02-16 14:26:00.507000,1.34299,1.34293,1120000,3600000
2023-02-16 14:26:00.659000,1.343,1.34293,1120000,3600000
2023-02-16 14:26:00.900000,1.34299,1.34295,1200000,3600000
2023-02-16 14:26:01.002000,1.34299,1.34294,1800000,3600000
2023-02-16 14:26:01.104000,1.34299,1.34293,2020000,3600000
2023-02-16 14:26:01.207000,1.34298,1.34293,1200000,3600000
2023-02-16 14:26:01.359000,1.34299,1.34291,1200000,3600000
2023-02-16 14:26:01.461000,1.34298,1.34293,1200000,3600000
2023-02-16 14:26:01.563000,1.34299,1.34293,1120000,3600000
2023-02-16 14:26:02.132000,1.34299,1.34294,1200000,3600000
2023-02-16 14:26:02.234000,1.34302,1.34295,2020000,3600000
2023-02-16 14:26:02.336000,1.34302,1.34296,1800000,3600000
2023-02-16 14:26:02.641000,1.34302,1.34298,1200000,4950000
2023-02-16 14:26:02.692000,1.34307,1.34298,4500000,1200000
2023-02-16 14:26:02.845000,1.34306,1.343,1200000,3600000
2023-02-16 14:26:02.947000,1.34305,1.343,1200000,3600000
2023-02-16 14:26:03.099000,1.34305,1.34299,1200000,4500000
2023-02-16 14:26:04.055000,1.34306,1.34297,1120000,3600000
2023-02-16 14:26:04.157000,1.34304,1.34298,1120000,3600000
2023-02-16 14:26:04.259000,1.34303,1.34298,1120000,3600000
2023-02-16 14:26:06.042000,1.34304,1.34298,1200000,3600000
2023-02-16 14:26:06.143000,1.34304,1.34297,1200000,4500000
2023-02-16 14:26:06.245000,1.34304,1.34298,1120000,3600000
2023-02-16 14:26:08.440000,1.34304,1.34299,1200000,3600000
2023-02-16 14:26:08.542000,1.34305,1.34299,1200000,1200000
2023-02-16 14:26:08.593000,1.34306,1.343,1200000,3600000
2023-02-16 14:26:09.007000,1.34306,1.34299,1200000,4500000
2023-02-16 14:26:10.794000,1.34308,1.34304,2020000,4500000
2023-02-16 14:26:10.896000,1.34311,1.34306,1800000,3600000
2023-02-16 14:26:10.948000,1.3431,1.34304,3600000,5400000
2023-02-16 14:26:10.999000,1.34311,1.34306,1200000,3600000
2023-02-16 14:26:11.101000,1.34312,1.34306,1120000,3600000
2023-02-16 14:26:11.203000,1.34307,1.34301,3600000,4500000
2023-02-16 14:26:11.305000,1.34309,1.34301,4720000,3600000
2023-02-16 14:26:11.407000,1.34309,1.34304,1200000,3600000
2023-02-16 14:26:11.791000,1.34306,1.343,5170000,3600000
2023-02-16 14:26:11.893000,1.34307,1.34299,5170000,3600000
2023-02-16 14:26:12.046000,1.34307,1.34299,4420000,3600000
2023-02-16 14:26:12.378000,1.34304,1.34298,3600000,3600000
2023-02-16 14:26:12.581000,1.34307,1.34297,4270000,3600000
2023-02-16 14:26:12.936000,1.34304,1.34298,3600000,3600000
2023-02-16 14:26:13.370000,1.34308,1.34299,3820000,3600000
2023-02-16 14:26:13.522000,1.34307,1.34298,3600000,3600000
2023-02-16 14:26:13.625000,1.34304,1.34298,3600000,3600000
2023-02-16 14:26:14.067000,1.34305,1.34297,4270000,3600000
2023-02-16 14:26:14.206000,1.34303,1.34297,1200000,3600000
2023-02-16 14:26:14.308000,1.343,1.34294,3820000,3600000
2023-02-16 14:26:14.410000,1.34303,1.34294,4420000,3600000
2023-02-16 14:26:14.874000,1.34303,1.34293,1400000,3600000
2023-02-16 14:26:14.976000,1.343,1.34294,3600000,3600000
2023-02-16 14:26:15.459000,1.34299,1.34293,3600000,3600000
2023-02-16 14:26:15.916000,1.343,1.34292,3820000,3600000
2023-02-16 14:26:16.069000,1.343,1.34292,3790000,3600000
2023-02-16 14:26:16.120000,1.34298,1.3429,3670000,3600000
2023-02-16 14:26:16.222000,1.34297,1.34289,4050000,3600000
2023-02-16 14:26:16.526000,1.34297,1.34289,3300000,3600000
2023-02-16 14:26:16.629000,1.343,1.34294,2020000,3600000
2023-02-16 14:26:16.731000,1.34302,1.34295,4050000,3600000
2023-02-16 14:26:16.833000,1.34302,1.34294,4420000,3600000
2023-02-16 14:26:16.935000,1.343,1.34292,3300000,3600000
2023-02-16 14:26:17.037000,1.343,1.34292,1800000,3600000
2023-02-16 14:26:17.902000,1.34299,1.34291,1300000,3600000
2023-02-16 14:26:18.064000,1.34298,1.34292,1120000,3600000
2023-02-16 14:26:18.166000,1.34297,1.3429,2550000,3600000
2023-02-16 14:26:18.268000,1.34296,1.34288,1120000,3600000
2023-02-16 14:26:20.205000,1.34295,1.34292,1200000,3600000
2023-02-16 14:26:20.307000,1.34299,1.34292,1800000,3600000
2023-02-16 14:26:20.409000,1.34296,1.3429,3820000,3600000
2023-02-16 14:26:20.511000,1.34295,1.3429,1120000,3600000
2023-02-16 14:26:21.670000,1.34295,1.3429,1300000,3600000
2023-02-16 14:26:23.577000,1.34295,1.34289,5170000,3600000
2023-02-16 14:26:24.017000,1.34295,1.34289,4050000,3600000
2023-02-16 14:26:24.118000,1.34295,1.3429,1300000,3600000
2023-02-16 14:26:24.641000,1.34295,1.3429,1120000,3600000
2023-02-16 14:26:24.743000,1.34294,1.34289,1300000,3600000
2023-02-16 14:26:25.224000,1.34295,1.34288,1120000,3600000
2023-02-16 14:26:25.326000,1.34294,1.34289,1300000,3600000
2023-02-16 14:26:25.479000,1.34294,1.34289,1200000,3600000
2023-02-16 14:26:25.581000,1.34295,1.34289,5170000,3600000
2023-02-16 14:26:25.683000,1.34295,1.34289,4420000,3600000
2023-02-16 14:26:26.263000,1.34294,1.34288,1120000,3600000
2023-02-16 14:26:26.365000,1.34294,1.34288,4420000,3600000
2023-02-16 14:26:30.092000,1.34294,1.34289,1120000,3600000
2023-02-16 14:26:30.194000,1.34294,1.34288,4800000,3600000
2023-02-16 14:26:31.825000,1.34291,1.34284,1350000,5400000
2023-02-16 14:26:31.876000,1.34288,1.34282,4800000,1800000
2023-02-16 14:26:31.927000,1.34287,1.3428,1570000,3600000
2023-02-16 14:26:32.030000,1.34292,1.34286,1200000,3600000
2023-02-16 14:26:32.132000,1.34294,1.34288,1300000,3600000
2023-02-16 14:26:32.234000,1.34294,1.34288,1120000,3600000
2023-02-16 14:26:32.336000,1.34295,1.3429,1200000,3600000
2023-02-16 14:26:32.438000,1.34295,1.34288,1200000,3600000
2023-02-16 14:26:32.540000,1.34295,1.34289,4500000,3600000
2023-02-16 14:26:32.984000,1.34295,1.34289,1200000,3600000
2023-02-16 14:26:33.087000,1.34302,1.34298,1300000,3600000
2023-02-16 14:26:33.138000,1.34302,1.34296,1200000,3600000
2023-02-16 14:26:33.240000,1.34303,1.34297,1200000,3600000
2023-02-16 14:26:33.697000,1.34304,1.34297,1200000,3600000
2023-02-16 14:26:33.799000,1.34303,1.34297,1200000,3600000
2023-02-16 14:26:33.973000,1.34303,1.34298,1200000,3600000
2023-02-16 14:26:34.665000,1.34303,1.34297,1200000,3600000
2023-02-16 14:26:34.783000,1.34303,1.34298,1200000,3600000
2023-02-16 14:26:34.885000,1.34304,1.34298,1120000,3600000
2023-02-16 14:26:35.941000,1.34304,1.34297,1200000,1200000
2023-02-16 14:26:35.992000,1.34305,1.34299,1300000,3600000
2023-02-16 14:26:36.246000,1.34305,1.34298,4050000,3600000
2023-02-16 14:26:37.015000,1.34304,1.34298,1300000,3600000
2023-02-16 14:26:37.117000,1.34304,1.34297,1300000,3600000
2023-02-16 14:26:37.219000,1.34304,1.34298,1300000,3600000
2023-02-16 14:26:37.321000,1.34301,1.34293,1200000,5470000
2023-02-16 14:26:37.423000,1.34302,1.34295,2770000,3600000
2023-02-16 14:26:37.525000,1.34302,1.34296,1120000,3600000
2023-02-16 14:26:37.729000,1.343,1.34294,4050000,1800000
2023-02-16 14:26:37.780000,1.34299,1.34292,1300000,3600000
2023-02-16 14:26:38.040000,1.34297,1.34291,1120000,3600000
2023-02-16 14:26:38.142000,1.34298,1.34289,1120000,4500000
2023-02-16 14:26:38.244000,1.34297,1.34291,1120000,3600000
2023-02-16 14:26:38.722000,1.34297,1.34292,1200000,1200000
2023-02-16 14:26:38.824000,1.34298,1.34292,1200000,4500000
2023-02-16 14:26:38.926000,1.34299,1.34292,1120000,4500000
2023-02-16 14:26:39.180000,1.34297,1.3429,1120000,4500000
2023-02-16 14:26:39.383000,1.34296,1.3429,1200000,4500000
2023-02-16 14:26:39.820000,1.34297,1.34292,1200000,4500000
2023-02-16 14:26:39.922000,1.34299,1.34293,1800000,3600000
2023-02-16 14:26:40.024000,1.34299,1.34292,1300000,4500000
2023-02-16 14:26:41.311000,1.343,1.34292,4050000,4500000
2023-02-16 14:26:42.935000,1.343,1.34293,1300000,3600000
2023-02-16 14:26:43.632000,1.343,1.34292,4050000,4500000
2023-02-16 14:26:44.367000,1.343,1.34292,3300000,4500000
2023-02-16 14:26:44.485000,1.34301,1.34294,3820000,1200000
2023-02-16 14:26:44.587000,1.34304,1.34297,3820000,3600000
2023-02-16 14:26:44.689000,1.34304,1.34296,4050000,4500000
2023-02-16 14:26:44.791000,1.34304,1.34297,1300000,3600000
2023-02-16 14:26:44.893000,1.34305,1.34297,3300000,4500000
2023-02-16 14:26:44.995000,1.34306,1.34298,5170000,3600000
2023-02-16 14:26:46.075000,1.34305,1.34297,3300000,4500000
2023-02-16 14:26:46.265000,1.34306,1.34298,5920000,3600000
2023-02-16 14:26:46.797000,1.34306,1.34299,3300000,1200000
2023-02-16 14:26:47.692000,1.34307,1.34299,6300000,4500000
2023-02-16 14:26:47.895000,1.34305,1.34298,4800000,1200000
2023-02-16 14:26:47.997000,1.34304,1.34297,4050000,3600000
2023-02-16 14:26:49.129000,1.34304,1.34297,4050000,4500000
2023-02-16 14:26:50.879000,1.34305,1.34297,4420000,4500000
2023-02-16 14:26:51.196000,1.34303,1.34297,3600000,4500000
2023-02-16 14:26:51.298000,1.34304,1.34298,1120000,3600000
2023-02-16 14:26:52.890000,1.34305,1.34298,7050000,4500000
2023-02-16 14:26:52.941000,1.34297,1.34295,3600000,1200000
2023-02-16 14:26:53.043000,1.34297,1.34289,3670000,5400000
2023-02-16 14:26:53.196000,1.34297,1.34288,3670000,5400000
2023-02-16 14:26:53.856000,1.34295,1.3429,3600000,1200000
2023-02-16 14:26:53.958000,1.34296,1.3429,3600000,4500000
2023-02-16 14:26:54.113000,1.34298,1.34291,5170000,3600000
2023-02-16 14:26:54.671000,1.34298,1.3429,3300000,4500000
2023-02-16 14:26:54.773000,1.34296,1.3429,3600000,4500000
2023-02-16 14:26:54.976000,1.34294,1.34287,6070000,1720000
2023-02-16 14:26:55.078000,1.34292,1.34285,4270000,3600000
2023-02-16 14:26:55.180000,1.34292,1.34283,3820000,5400000
2023-02-16 14:26:55.282000,1.34292,1.34284,4420000,4500000
2023-02-16 14:26:55.694000,1.34289,1.34283,3300000,3600000
2023-02-16 14:26:55.796000,1.34288,1.34282,3820000,4500000
2023-02-16 14:26:57.657000,1.34288,1.34281,3820000,4500000
2023-02-16 14:26:57.759000,1.34288,1.34281,5920000,3600000
2023-02-16 14:26:57.861000,1.34288,1.3428,4050000,3600000
2023-02-16 14:26:58.022000,1.34287,1.34281,3820000,3600000
2023-02-16 14:26:58.263000,1.3429,1.34283,4800000,1200000
2023-02-16 14:26:58.415000,1.34292,1.34285,4050000,3600000
2023-02-16 14:26:59.327000,1.34292,1.34283,5920000,3600000
2023-02-16 14:26:59.378000,1.34291,1.34282,5920000,5400000
2023-02-16 14:27:00.159000,1.34288,1.34282,3600000,4500000
2023-02-16 14:27:00.261000,1.34287,1.34282,3600000,1200000
2023-02-16 14:27:00.363000,1.34289,1.34282,3300000,4500000
2023-02-16 14:27:00.566000,1.34288,1.3428,3670000,4500000
2023-02-16 14:27:00.820000,1.34287,1.34281,3820000,3600000
2023-02-16 14:27:01.598000,1.3429,1.34285,3300000,4500000
2023-02-16 14:27:01.701000,1.34294,1.34288,3820000,3600000
2023-02-16 14:27:02.099000,1.34294,1.34288,3300000,3600000
2023-02-16 14:27:02.943000,1.34294,1.34288,3820000,3600000
2023-02-16 14:27:03.424000,1.34294,1.34288,3300000,3600000
2023-02-16 14:27:04.872000,1.34291,1.34285,3820000,6750000
2023-02-16 14:27:05.025000,1.34292,1.34286,3300000,3600000
2023-02-16 14:27:05.127000,1.3429,1.34284,3820000,4500000
2023-02-16 14:27:06.268000,1.34288,1.34282,4720000,4950000
2023-02-16 14:27:06.369000,1.34287,1.34281,3300000,3600000
2023-02-16 14:27:06.623000,1.34287,1.34281,4050000,3600000
2023-02-16 14:27:06.897000,1.34289,1.34282,1300000,4500000
2023-02-16 14:27:06.948000,1.3429,1.34282,3300000,4500000
2023-02-16 14:27:07.050000,1.34291,1.34283,5920000,4500000
2023-02-16 14:27:07.152000,1.34291,1.34285,3300000,3600000
2023-02-16 14:27:07.660000,1.3429,1.34283,1420000,3600000
2023-02-16 14:27:07.711000,1.34288,1.34282,4050000,3600000
2023-02-16 14:27:08.915000,1.34288,1.34282,3820000,4500000
2023-02-16 14:27:09.118000,1.34289,1.34283,1300000,3600000
2023-02-16 14:27:09.220000,1.34289,1.34282,1300000,4500000
2023-02-16 14:27:10.834000,1.34289,1.34283,3300000,3600000
2023-02-16 14:27:10.987000,1.34291,1.34283,4800000,3600000
2023-02-16 14:27:11.574000,1.34292,1.34285,5170000,3600000
2023-02-16 14:27:11.828000,1.34291,1.34285,1300000,3600000
2023-02-16 14:27:12.097000,1.3429,1.34284,3820000,3600000
2023-02-16 14:27:12.300000,1.34291,1.34285,1300000,3600000
2023-02-16 14:27:12.402000,1.34292,1.34284,4420000,3600000
2023-02-16 14:27:12.504000,1.34292,1.34285,1420000,3600000
2023-02-16 14:27:13.206000,1.34292,1.34285,2170000,3600000
2023-02-16 14:27:13.308000,1.34292,1.34284,5170000,3600000
2023-02-16 14:27:14.127000,1.34291,1.34283,4420000,3600000
2023-02-16 14:27:14.229000,1.34288,1.3428,5170000,3600000
2023-02-16 14:27:14.484000,1.34287,1.3428,4920000,3600000
2023-02-16 14:27:16.115000,1.34286,1.3428,3820000,3600000
2023-02-16 14:27:16.217000,1.34286,1.3428,3300000,3600000
2023-02-16 14:27:16.434000,1.34286,1.34279,3670000,3600000
2023-02-16 14:27:16.637000,1.34286,1.3428,3670000,3600000
2023-02-16 14:27:18.485000,1.34286,1.3428,3600000,3600000
2023-02-16 14:27:20.100000,1.34287,1.34279,3670000,4500000
2023-02-16 14:27:20.202000,1.34286,1.3428,3820000,3600000
2023-02-16 14:27:21.260000,1.34288,1.34278,5620000,3600000
2023-02-16 14:27:21.514000,1.34287,1.34281,3820000,3600000
2023-02-16 14:27:22.077000,1.34287,1.34281,3300000,3600000
2023-02-16 14:27:22.583000,1.34287,1.3428,3300000,3600000
2023-02-16 14:27:22.685000,1.34287,1.3428,3820000,3600000
2023-02-16 14:27:23.236000,1.34286,1.3428,3600000,3600000
2023-02-16 14:27:23.338000,1.34287,1.34281,3820000,3600000
2023-02-16 14:27:23.997000,1.34287,1.3428,4270000,3600000
2023-02-16 14:27:24.861000,1.34286,1.34279,3600000,1200000
2023-02-16 14:27:24.963000,1.34287,1.3428,4270000,3600000
2023-02-16 14:27:25.207000,1.34287,1.34279,4270000,1200000
2023-02-16 14:27:25.363000,1.34288,1.34279,4270000,3600000
2023-02-16 14:27:25.569000,1.34287,1.34279,4270000,1200000
2023-02-16 14:27:25.671000,1.34287,1.3428,4270000,3600000
2023-02-16 14:27:27.201000,1.34285,1.34279,3820000,3600000
2023-02-16 14:27:27.624000,1.34284,1.34278,3600000,3600000
2023-02-16 14:27:27.777000,1.3428,1.34276,3600000,1800000
2023-02-16 14:27:27.828000,1.34279,1.34273,3820000,3600000
2023-02-16 14:27:27.930000,1.34281,1.34275,3670000,3600000
2023-02-16 14:27:28.565000,1.34282,1.34275,3820000,3600000
2023-02-16 14:27:28.768000,1.34281,1.34275,1200000,3600000
2023-02-16 14:27:29.155000,1.34283,1.34278,1200000,3600000
2023-02-16 14:27:29.256000,1.34284,1.34278,1120000,3600000
2023-02-16 14:27:29.358000,1.34284,1.34277,1300000,3600000
2023-02-16 14:27:30.192000,1.34284,1.34278,1300000,3600000
2023-02-16 14:27:30.294000,1.34282,1.34276,3820000,4500000
2023-02-16 14:27:30.396000,1.34283,1.34274,3820000,4500000
2023-02-16 14:27:30.527000,1.34281,1.34275,1200000,1200000
2023-02-16 14:27:31.085000,1.34281,1.34274,4500000,4950000
2023-02-16 14:27:31.390000,1.34279,1.34273,1800000,3600000
2023-02-16 14:27:31.492000,1.34279,1.34272,1800000,5400000
2023-02-16 14:27:31.695000,1.34279,1.34273,1800000,3600000
2023-02-16 14:27:31.746000,1.34278,1.34271,4050000,4500000
2023-02-16 14:27:33.010000,1.34276,1.34271,4500000,1200000
2023-02-16 14:27:33.221000,1.34277,1.34271,1120000,4500000
2023-02-16 14:27:33.323000,1.34275,1.3427,1200000,1200000
2023-02-16 14:27:33.425000,1.34277,1.34269,1120000,1200000
2023-02-16 14:27:33.785000,1.34276,1.34271,1120000,3600000
2023-02-16 14:27:33.887000,1.34276,1.3427,4720000,4500000
2023-02-16 14:27:34.502000,1.34276,1.34269,1120000,3600000
2023-02-16 14:27:34.605000,1.34273,1.34266,1300000,4500000
2023-02-16 14:27:34.707000,1.34271,1.34266,1300000,3600000
2023-02-16 14:27:34.809000,1.34271,1.34265,1300000,3600000
2023-02-16 14:27:35.012000,1.34273,1.34266,1800000,4500000
2023-02-16 14:27:35.114000,1.34276,1.34271,1800000,3600000
2023-02-16 14:27:35.216000,1.34276,1.3427,1800000,3600000
2023-02-16 14:27:36.971000,1.34276,1.3427,5170000,3600000
2023-02-16 14:27:37.269000,1.34273,1.3427,1300000,3600000
2023-02-16 14:27:37.320000,1.34272,1.34267,4420000,1800000
2023-02-16 14:27:37.371000,1.34273,1.34264,5170000,3600000
2023-02-16 14:27:37.423000,1.34272,1.34267,1200000,4050000
2023-02-16 14:27:37.474000,1.34275,1.34269,1120000,3600000
2023-02-16 14:27:37.576000,1.34275,1.3427,1420000,3600000
2023-02-16 14:27:37.627000,1.34273,1.34267,1300000,3600000
2023-02-16 14:27:37.729000,1.34273,1.34266,4800000,3600000
2023-02-16 14:27:37.983000,1.34271,1.34264,3900000,4050000
2023-02-16 14:27:38.086000,1.34266,1.34259,4270000,3600000
2023-02-16 14:27:38.137000,1.34263,1.34256,3820000,4500000
2023-02-16 14:27:38.239000,1.3426,1.34254,1200000,4500000
2023-02-16 14:27:38.341000,1.34262,1.34256,1800000,3600000
2023-02-16 14:27:38.646000,1.34263,1.34257,1800000,1200000
2023-02-16 14:27:38.697000,1.34263,1.34257,1200000,4500000
2023-02-16 14:27:38.799000,1.34263,1.34258,1200000,3600000
2023-02-16 14:27:38.901000,1.34263,1.34259,1200000,3600000
2023-02-16 14:27:39.003000,1.34265,1.34259,1200000,3600000
2023-02-16 14:27:39.105000,1.34266,1.3426,1200000,3600000
2023-02-16 14:27:39.258000,1.34267,1.34261,4720000,3600000
2023-02-16 14:27:39.903000,1.34268,1.34262,3820000,1200000
2023-02-16 14:27:40.004000,1.34268,1.34261,3820000,4500000
2023-02-16 14:27:40.106000,1.34268,1.34262,3820000,1200000
2023-02-16 14:27:40.208000,1.34269,1.34262,4720000,4500000
2023-02-16 14:27:40.260000,1.34269,1.34266,1200000,3600000
2023-02-16 14:27:40.362000,1.34272,1.34265,4050000,3600000
2023-02-16 14:27:40.463000,1.34271,1.34265,4050000,3600000
2023-02-16 14:27:40.954000,1.34269,1.34261,1300000,4950000
2023-02-16 14:27:41.107000,1.34268,1.34261,4800000,4500000
2023-02-16 14:27:41.361000,1.34268,1.34261,1300000,4500000
2023-02-16 14:27:41.463000,1.34268,1.34262,4050000,3600000
2023-02-16 14:27:41.666000,1.34267,1.34262,1300000,3600000
2023-02-16 14:27:41.768000,1.34267,1.3426,1300000,4950000
2023-02-16 14:27:42.563000,1.34267,1.34261,1120000,4500000
2023-02-16 14:27:42.784000,1.34267,1.34261,1300000,1200000
2023-02-16 14:27:43.038000,1.34267,1.34262,1120000,3600000
2023-02-16 14:27:43.140000,1.34267,1.34261,3820000,1200000
2023-02-16 14:27:43.465000,1.34268,1.34262,1120000,1200000
2023-02-16 14:27:43.567000,1.34269,1.34262,1200000,5400000
2023-02-16 14:27:43.618000,1.3427,1.34264,1120000,1200000
2023-02-16 14:27:44.057000,1.34271,1.34264,1120000,4500000
2023-02-16 14:27:44.159000,1.3427,1.34264,3600000,4500000
2023-02-16 14:27:44.261000,1.34272,1.34266,2550000,3600000
2023-02-16 14:27:44.401000,1.34272,1.34265,5550000,3600000
2023-02-16 14:27:44.503000,1.34272,1.34265,4050000,3600000
2023-02-16 14:27:44.812000,1.3427,1.34263,3820000,4050000
2023-02-16 14:27:44.915000,1.34269,1.34262,4050000,3600000
2023-02-16 14:27:45.026000,1.34268,1.34261,3300000,4500000
2023-02-16 14:27:45.280000,1.34271,1.34267,3600000,4050000
2023-02-16 14:27:45.382000,1.34275,1.34269,4800000,3600000
2023-02-16 14:27:45.484000,1.34274,1.34268,3300000,3600000
2023-02-16 14:27:45.586000,1.34273,1.34267,3820000,4950000
2023-02-16 14:27:45.727000,1.34274,1.34268,3300000,3600000
2023-02-16 14:27:46.247000,1.34273,1.34267,3820000,5850000
2023-02-16 14:27:46.374000,1.34275,1.34268,7420000,3600000
2023-02-16 14:27:46.527000,1.34272,1.34266,3300000,3970000
2023-02-16 14:27:46.629000,1.34272,1.34265,4050000,3600000
2023-02-16 14:27:47.005000,1.34271,1.34264,3300000,4500000
2023-02-16 14:27:47.905000,1.34272,1.34265,3300000,3600000
2023-02-16 14:27:48.006000,1.34273,1.34264,5550000,1200000
2023-02-16 14:27:48.112000,1.34272,1.34265,3300000,3600000
2023-02-16 14:27:48.214000,1.34273,1.34268,1200000,1200000
2023-02-16 14:27:48.265000,1.34276,1.34269,1300000,1200000
2023-02-16 14:27:48.573000,1.34276,1.3427,1300000,3600000
2023-02-16 14:27:48.837000,1.34277,1.3427,3820000,3600000
2023-02-16 14:27:48.939000,1.34276,1.3427,3600000,3600000
2023-02-16 14:27:49.142000,1.34278,1.34271,4800000,3600000
2023-02-16 14:27:49.813000,1.34278,1.3427,4800000,4500000
2023-02-16 14:27:50.131000,1.34279,1.34274,1200000,1200000
2023-02-16 14:27:50.233000,1.34281,1.34275,3820000,3600000
2023-02-16 14:27:50.842000,1.3428,1.34275,1300000,3600000
2023-02-16 14:27:50.944000,1.3428,1.34274,4050000,4500000
2023-02-16 14:27:51.097000,1.34279,1.34273,3820000,4500000
2023-02-16 14:27:51.250000,1.34282,1.34275,6300000,1600000
2023-02-16 14:27:51.301000,1.34282,1.34277,1200000,1200000
2023-02-16 14:27:51.403000,1.34284,1.34277,1120000,4500000
2023-02-16 14:27:51.514000,1.34284,1.34278,4720000,3600000
2023-02-16 14:27:51.768000,1.34284,1.34279,1120000,3600000
2023-02-16 14:27:51.870000,1.34284,1.34278,3820000,4500000
2023-02-16 14:27:52.124000,1.34283,1.34277,3600000,4500000
2023-02-16 14:27:52.226000,1.34283,1.34276,3300000,3600000
2023-02-16 14:27:52.378000,1.34283,1.34275,3300000,4500000
2023-02-16 14:27:52.480000,1.34284,1.34275,4050000,3600000
2023-02-16 14:27:52.583000,1.34282,1.34275,3820000,4500000
2023-02-16 14:27:52.684000,1.34282,1.34276,3820000,3600000
2023-02-16 14:27:52.786000,1.34283,1.34277,1300000,3600000
2023-02-16 14:27:52.888000,1.34284,1.34278,3300000,4500000
2023-02-16 14:27:53.041000,1.34286,1.34278,4050000,3600000
2023-02-16 14:27:53.314000,1.34285,1.34279,3300000,3600000
2023-02-16 14:27:53.599000,1.34286,1.34279,3300000,4500000
2023-02-16 14:27:53.650000,1.34288,1.34284,1910000,4500000
2023-02-16 14:27:53.702000,1.34292,1.34284,4800000,4500000
2023-02-16 14:27:54.006000,1.34292,1.34285,3300000,3600000
2023-02-16 14:27:54.445000,1.34293,1.34286,3300000,1350000
2023-02-16 14:27:54.496000,1.34298,1.34294,2920000,4050000
2023-02-16 14:27:54.598000,1.343,1.34294,3300000,4050000
2023-02-16 14:27:54.700000,1.34304,1.34296,3670000,3600000
2023-02-16 14:27:54.853000,1.343,1.34292,3820000,3970000
2023-02-16 14:27:54.955000,1.34299,1.34292,3600000,1100000
2023-02-16 14:27:55.007000,1.34298,1.3429,3820000,3600000
2023-02-16 14:27:55.058000,1.34296,1.34288,3600000,3600000
2023-02-16 14:27:55.160000,1.34298,1.34288,5170000,4500000
2023-02-16 14:27:55.262000,1.34297,1.3429,3820000,3600000
2023-02-16 14:27:55.364000,1.34297,1.34291,3820000,3600000
2023-02-16 14:27:55.466000,1.34298,1.34289,3820000,3600000
2023-02-16 14:27:55.568000,1.34298,1.3429,3820000,3600000
2023-02-16 14:27:55.619000,1.34298,1.34288,6970000,4270000
2023-02-16 14:27:55.772000,1.34294,1.34286,3300000,4050000
2023-02-16 14:27:55.874000,1.34293,1.34284,3300000,3600000
2023-02-16 14:27:55.976000,1.34295,1.34288,3820000,3600000
2023-02-16 14:27:56.332000,1.34297,1.34284,4420000,3600000
2023-02-16 14:27:56.383000,1.34295,1.34288,3820000,3600000
2023-02-16 14:27:56.668000,1.34296,1.34288,3820000,3600000
2023-02-16 14:27:56.770000,1.34297,1.34289,3300000,3600000
2023-02-16 14:27:57.412000,1.34298,1.34289,3670000,3600000
2023-02-16 14:27:58.931000,1.34299,1.34293,1200000,3600000
2023-02-16 14:27:59.033000,1.34301,1.34294,3300000,3600000
2023-02-16 14:27:59.237000,1.34298,1.34291,3600000,3600000
2023-02-16 14:27:59.499000,1.34299,1.3429,3300000,3600000
2023-02-16 14:28:00.043000,1.34296,1.3429,1200000,3600000
2023-02-16 14:28:00.196000,1.34296,1.34289,1200000,3600000
2023-02-16 14:28:00.247000,1.34298,1.34289,4950000,3600000
2023-02-16 14:28:00.400000,1.34299,1.34288,5920000,3600000
2023-02-16 14:28:00.502000,1.34298,1.34289,4420000,4050000
2023-02-16 14:28:00.553000,1.34299,1.34291,1200000,3600000
2023-02-16 14:28:00.604000,1.34302,1.34292,1420000,3600000
2023-02-16 14:28:00.706000,1.34301,1.34292,1420000,3600000
2023-02-16 14:28:00.808000,1.34303,1.34292,3300000,4950000
2023-02-16 14:28:00.910000,1.34302,1.34294,3300000,1800000
2023-02-16 14:28:00.961000,1.34303,1.34295,3820000,3600000
2023-02-16 14:28:01.063000,1.34302,1.34295,3820000,3600000
2023-02-16 14:28:01.165000,1.34302,1.34294,3820000,3600000
2023-02-16 14:28:01.318000,1.34302,1.34293,3820000,3600000
2023-02-16 14:28:01.420000,1.34302,1.34294,3820000,3600000
2023-02-16 14:28:01.522000,1.34302,1.34293,3820000,3600000
2023-02-16 14:28:01.737000,1.34303,1.34292,3300000,3600000
2023-02-16 14:28:02.041000,1.343,1.34292,6070000,3600000
2023-02-16 14:28:02.144000,1.34299,1.34292,3820000,3600000
2023-02-16 14:28:02.450000,1.34302,1.34293,3600000,3600000
2023-02-16 14:28:02.553000,1.34302,1.34294,3600000,3600000
2023-02-16 14:28:03.280000,1.34301,1.34294,3600000,3600000
2023-02-16 14:28:03.462000,1.34301,1.34293,3600000,3600000
2023-02-16 14:28:03.513000,1.34301,1.34293,3600000,3970000
2023-02-16 14:28:03.616000,1.34307,1.34302,1300000,1350000
2023-02-16 14:28:03.719000,1.34311,1.34305,3600000,3600000
2023-02-16 14:28:03.871000,1.34312,1.34305,1200000,3820000
2023-02-16 14:28:03.973000,1.34315,1.34307,3600000,3820000
2023-02-16 14:28:04.075000,1.34316,1.34306,5170000,3600000
2023-02-16 14:28:04.279000,1.34315,1.34307,3300000,3600000
2023-02-16 14:28:04.381000,1.34314,1.34306,3820000,3600000
2023-02-16 14:28:04.483000,1.34313,1.34307,3600000,3600000
2023-02-16 14:28:04.534000,1.34315,1.34307,3820000,3600000
2023-02-16 14:28:04.687000,1.34315,1.34305,3600000,3820000
2023-02-16 14:28:04.738000,1.34312,1.34306,3600000,3820000
2023-02-16 14:28:05.144000,1.34315,1.34309,3300000,3600000
2023-02-16 14:28:05.246000,1.34315,1.34309,3600000,3600000
2023-02-16 14:28:05.443000,1.34314,1.34308,3600000,3600000
2023-02-16 14:28:05.545000,1.34315,1.34307,3600000,4050000
2023-02-16 14:28:05.647000,1.34315,1.34308,3600000,3600000
2023-02-16 14:28:05.954000,1.34317,1.34308,4050000,3600000
2023-02-16 14:28:06.295000,1.34315,1.34307,3820000,3600000
2023-02-16 14:28:06.397000,1.34313,1.34306,3600000,4500000
2023-02-16 14:28:06.499000,1.34315,1.34305,4720000,3600000
2023-02-16 14:28:06.601000,1.34315,1.34307,3300000,3600000
2023-02-16 14:28:06.703000,1.34316,1.34307,3670000,3600000
2023-02-16 14:28:06.805000,1.34314,1.34306,3600000,3820000
2023-02-16 14:28:06.907000,1.34314,1.34307,3820000,3600000
2023-02-16 14:28:07.445000,1.34314,1.34307,3600000,3790000
2023-02-16 14:28:07.547000,1.34314,1.34307,3600000,3820000
2023-02-16 14:28:07.598000,1.34316,1.34307,3600000,3820000
2023-02-16 14:28:07.700000,1.34315,1.34308,3600000,3820000
2023-02-16 14:28:08.157000,1.34319,1.34313,1400000,3600000
2023-02-16 14:28:08.259000,1.34322,1.34314,4270000,3600000
2023-02-16 14:28:08.412000,1.34319,1.34313,4050000,3600000
2023-02-16 14:28:08.514000,1.34319,1.34312,4270000,3600000
2023-02-16 14:28:08.666000,1.3432,1.34312,6420000,3600000
2023-02-16 14:28:08.920000,1.3432,1.34312,3820000,3600000
2023-02-16 14:28:08.972000,1.34318,1.34311,3600000,3600000
2023-02-16 14:28:09.124000,1.34319,1.34309,1420000,3970000
2023-02-16 14:28:09.226000,1.34319,1.34311,5550000,3600000
2023-02-16 14:28:09.328000,1.34317,1.3431,3300000,3600000
2023-02-16 14:28:09.430000,1.34318,1.34309,4270000,3600000
2023-02-16 14:28:09.836000,1.3432,1.34311,4800000,3600000
2023-02-16 14:28:09.938000,1.3432,1.3431,1800000,3600000
2023-02-16 14:28:10.293000,1.34319,1.34309,2550000,4050000
2023-02-16 14:28:10.493000,1.34317,1.3431,3820000,3600000
2023-02-16 14:28:11.068000,1.34319,1.34312,4500000,3600000
2023-02-16 14:28:11.414000,1.34319,1.34309,4500000,3820000
2023-02-16 14:28:11.833000,1.34319,1.3431,1200000,3600000
2023-02-16 14:28:12.157000,1.34321,1.34309,4950000,3820000
2023-02-16 14:28:12.209000,1.34318,1.34311,3600000,3600000
2023-02-16 14:28:12.311000,1.34317,1.3431,3600000,3600000
2023-02-16 14:28:12.514000,1.34319,1.3431,7420000,3600000
2023-02-16 14:28:12.842000,1.3432,1.34313,1120000,3600000
2023-02-16 14:28:12.945000,1.34323,1.34319,1800000,1200000
2023-02-16 14:28:13.047000,1.34325,1.34317,3600000,3670000
2023-02-16 14:28:13.149000,1.34327,1.34321,4420000,3600000
2023-02-16 14:28:13.251000,1.34327,1.34322,1300000,3600000
2023-02-16 14:28:13.353000,1.3433,1.34324,2020000,3600000
2023-02-16 14:28:13.404000,1.34331,1.34324,4270000,3600000
2023-02-16 14:28:13.607000,1.3433,1.34324,4050000,3600000
2023-02-16 14:28:13.659000,1.3433,1.3432,2550000,3600000
2023-02-16 14:28:13.710000,1.34328,1.34321,3670000,3600000
2023-02-16 14:28:13.761000,1.34327,1.34317,3600000,3600000
2023-02-16 14:28:13.863000,1.34324,1.34318,4050000,3600000
2023-02-16 14:28:13.965000,1.34326,1.34317,1400000,3600000
2023-02-16 14:28:14.067000,1.34325,1.34318,4270000,3600000
2023-02-16 14:28:14.291000,1.34323,1.34316,3600000,3600000
2023-02-16 14:28:14.342000,1.34326,1.34318,3820000,4950000
2023-02-16 14:28:14.444000,1.34327,1.34319,3300000,3600000
2023-02-16 14:28:14.546000,1.34328,1.34318,3670000,4950000
2023-02-16 14:28:14.648000,1.34328,1.3432,3670000,3600000
2023-02-16 14:28:14.750000,1.34328,1.34321,3670000,3600000
2023-02-16 14:28:14.852000,1.34327,1.3432,3820000,3600000
2023-02-16 14:28:15.005000,1.34329,1.34321,3300000,3600000
2023-02-16 14:28:15.360000,1.34331,1.34322,4800000,3600000
2023-02-16 14:28:15.564000,1.3433,1.34321,3670000,3600000
2023-02-16 14:28:15.666000,1.34328,1.34321,4500000,3600000
2023-02-16 14:28:15.768000,1.34329,1.34322,4720000,3600000
2023-02-16 14:28:16.600000,1.34332,1.34323,5920000,3600000
2023-02-16 14:28:16.702000,1.34331,1.34323,3300000,3600000
2023-02-16 14:28:16.754000,1.3433,1.34321,5670000,3600000
2023-02-16 14:28:17.189000,1.34331,1.34325,4050000,3600000
2023-02-16 14:28:17.292000,1.34333,1.34326,3820000,3600000
2023-02-16 14:28:17.343000,1.34331,1.34325,3600000,3600000
2023-02-16 14:28:17.770000,1.34332,1.34326,3600000,3600000
2023-02-16 14:28:18.024000,1.34333,1.34327,3600000,3600000
2023-02-16 14:28:18.287000,1.34335,1.34332,1800000,3600000
2023-02-16 14:28:18.389000,1.3434,1.34332,3300000,3600000
2023-02-16 14:28:18.592000,1.3434,1.34333,3300000,3600000
2023-02-16 14:28:18.694000,1.3434,1.34333,3820000,3600000
2023-02-16 14:28:19.252000,1.34341,1.34333,3820000,3600000
2023-02-16 14:28:19.354000,1.34341,1.34334,3300000,3600000
2023-02-16 14:28:19.455000,1.3434,1.34333,3820000,3600000
2023-02-16 14:28:19.557000,1.34339,1.34333,3600000,3600000
2023-02-16 14:28:19.710000,1.3434,1.34333,3820000,3600000
2023-02-16 14:28:19.972000,1.3434,1.34334,3820000,3600000
2023-02-16 14:28:20.074000,1.34341,1.34333,3300000,3600000
2023-02-16 14:28:20.176000,1.34341,1.34334,3820000,3600000
2023-02-16 14:28:20.328000,1.34344,1.34337,6300000,3600000
2023-02-16 14:28:20.430000,1.34346,1.34337,3820000,4500000
2023-02-16 14:28:20.583000,1.34346,1.3434,3600000,3600000
2023-02-16 14:28:20.635000,1.34347,1.34338,4720000,4500000
2023-02-16 14:28:20.737000,1.34347,1.3434,5170000,3600000
2023-02-16 14:28:20.838000,1.34346,1.34339,3820000,3600000
2023-02-16 14:28:21.041000,1.34345,1.34339,3600000,3600000
2023-02-16 14:28:21.194000,1.34345,1.34338,3820000,3600000
2023-02-16 14:28:21.296000,1.34344,1.34338,3600000,3600000
2023-02-16 14:28:21.855000,1.34342,1.34335,3600000,4950000
2023-02-16 14:28:21.957000,1.34341,1.34333,3600000,3600000
2023-02-16 14:28:22.059000,1.3434,1.34333,3600000,3600000
2023-02-16 14:28:22.415000,1.34341,1.34334,4420000,3600000
2023-02-16 14:28:22.517000,1.34341,1.34333,4420000,3600000
2023-02-16 14:28:22.659000,1.34341,1.34334,4420000,3600000
2023-02-16 14:28:22.769000,1.34341,1.34333,4420000,3600000
2023-02-16 14:28:22.871000,1.3434,1.34334,3820000,3600000
2023-02-16 14:28:22.922000,1.3434,1.34334,3790000,3600000
2023-02-16 14:28:22.973000,1.3434,1.34333,3600000,3600000
2023-02-16 14:28:23.075000,1.34339,1.34332,3600000,4500000
2023-02-16 14:28:23.431000,1.3434,1.34333,7870000,3600000
2023-02-16 14:28:23.533000,1.34336,1.3433,3600000,4800000
2023-02-16 14:28:23.635000,1.34333,1.34328,3600000,1300000
2023-02-16 14:28:23.686000,1.34333,1.34326,7650000,3300000
2023-02-16 14:28:23.738000,1.34333,1.34326,8770000,3600000
2023-02-16 14:28:23.840000,1.34332,1.34325,3600000,3600000
2023-02-16 14:28:24.195000,1.34333,1.34325,3600000,4720000
2023-02-16 14:28:24.297000,1.34331,1.34325,3600000,3600000
2023-02-16 14:28:24.501000,1.34327,1.34321,1300000,4720000
2023-02-16 14:28:24.603000,1.34327,1.34321,1200000,3600000
2023-02-16 14:28:24.756000,1.34327,1.34321,1200000,3600000
2023-02-16 14:28:24.858000,1.34329,1.34323,1200000,3600000
2023-02-16 14:28:24.960000,1.3433,1.34324,4720000,3600000
2023-02-16 14:28:25.062000,1.3433,1.34323,1120000,3600000
2023-02-16 14:28:25.164000,1.34327,1.34321,1200000,3600000
2023-02-16 14:28:25.418000,1.34326,1.3432,1200000,3600000
2023-02-16 14:28:25.520000,1.34327,1.3432,1200000,3600000
2023-02-16 14:28:25.623000,1.34328,1.34321,1120000,3600000
2023-02-16 14:28:25.835000,1.34327,1.34321,1200000,3600000
2023-02-16 14:28:26.040000,1.34328,1.34321,4720000,3600000
2023-02-16 14:28:26.345000,1.34323,1.34319,3600000,1800000
2023-02-16 14:28:26.447000,1.34325,1.34318,4500000,3820000
2023-02-16 14:28:26.549000,1.34327,1.3432,4720000,3600000
2023-02-16 14:28:27.237000,1.34327,1.34321,1200000,3600000
2023-02-16 14:28:27.339000,1.34325,1.34319,1200000,3600000
2023-02-16 14:28:27.441000,1.34324,1.34319,1200000,3600000
2023-02-16 14:28:27.644000,1.34323,1.34316,1200000,3600000
2023-02-16 14:28:27.746000,1.34324,1.34317,4500000,3600000
2023-02-16 14:28:27.798000,1.34324,1.34322,1200000,1200000
2023-02-16 14:28:27.849000,1.34326,1.34323,1200000,3600000
2023-02-16 14:28:27.951000,1.3433,1.34323,1300000,3600000
2023-02-16 14:28:28.053000,1.34328,1.3432,1120000,3600000
2023-02-16 14:28:28.155000,1.34329,1.3432,4420000,3600000
2023-02-16 14:28:28.257000,1.34328,1.34319,3300000,3600000
2023-02-16 14:28:28.850000,1.34327,1.34319,3820000,3600000
2023-02-16 14:28:28.902000,1.34329,1.34321,4540000,3600000
2023-02-16 14:28:28.953000,1.34329,1.34323,1300000,3600000
2023-02-16 14:28:29.005000,1.34329,1.34321,3820000,3600000
2023-02-16 14:28:29.056000,1.3433,1.34323,3820000,3600000
2023-02-16 14:28:29.158000,1.34331,1.34324,1300000,3600000
2023-02-16 14:28:29.260000,1.34331,1.34323,3820000,3600000
2023-02-16 14:28:29.463000,1.34331,1.34324,3820000,3600000
2023-02-16 14:28:29.566000,1.34334,1.34329,1200000,3600000
2023-02-16 14:28:29.668000,1.34333,1.34329,1200000,3600000
2023-02-16 14:28:29.871000,1.34332,1.34328,1200000,3600000
2023-02-16 14:28:29.922000,1.34332,1.34325,1200000,3600000
2023-02-16 14:28:29.974000,1.3433,1.34324,1200000,1120000
2023-02-16 14:28:30.076000,1.3433,1.34325,1200000,3820000
2023-02-16 14:28:30.533000,1.34329,1.34325,1200000,3600000
2023-02-16 14:28:30.635000,1.34329,1.34324,1200000,4500000
2023-02-16 14:28:30.737000,1.3433,1.34324,1200000,3600000
2023-02-16 14:28:30.847000,1.34329,1.34324,1200000,4720000
2023-02-16 14:28:31.160000,1.34332,1.34323,3600000,4270000
2023-02-16 14:28:31.212000,1.34332,1.34325,3600000,3600000
2023-02-16 14:28:31.792000,1.34332,1.34326,3600000,3600000
2023-02-16 14:28:32.186000,1.34334,1.3433,1200000,3600000
2023-02-16 14:28:32.288000,1.34338,1.34331,3600000,3600000
2023-02-16 14:28:32.390000,1.34339,1.34331,4500000,3600000
2023-02-16 14:28:32.492000,1.34339,1.34332,4500000,3600000
2023-02-16 14:28:32.594000,1.34338,1.34331,3690000,3600000
2023-02-16 14:28:32.746000,1.34336,1.3433,3600000,3600000
2023-02-16 14:28:32.899000,1.34337,1.34328,3600000,3600000
2023-02-16 14:28:33.123000,1.34336,1.3433,3600000,3600000
2023-02-16 14:28:33.225000,1.34338,1.34331,4590000,3600000
2023-02-16 14:28:33.327000,1.34338,1.3433,4590000,3600000
2023-02-16 14:28:33.429000,1.34338,1.34331,4590000,3600000
2023-02-16 14:28:33.632000,1.34336,1.34328,4050000,3820000
2023-02-16 14:28:33.683000,1.34337,1.34331,1700000,3600000
2023-02-16 14:28:33.734000,1.34333,1.34327,3600000,3600000
2023-02-16 14:28:33.938000,1.34332,1.34326,3600000,3600000
2023-02-16 14:28:34.062000,1.34332,1.34325,3600000,3820000
2023-02-16 14:28:34.366000,1.34333,1.34327,1200000,3600000
2023-02-16 14:28:34.418000,1.34335,1.34328,4500000,3600000
2023-02-16 14:28:34.722000,1.34332,1.34326,3600000,3600000
2023-02-16 14:28:34.824000,1.34333,1.34324,1200000,5400000
2023-02-16 14:28:34.926000,1.34331,1.34323,3600000,5400000
2023-02-16 14:28:34.978000,1.34333,1.34324,1300000,5400000
2023-02-16 14:28:35.596000,1.34333,1.34324,4500000,5400000
2023-02-16 14:28:35.698000,1.34333,1.34324,4500000,4800000
2023-02-16 14:28:35.850000,1.34333,1.34324,4500000,5550000
2023-02-16 14:28:35.952000,1.34332,1.34326,1200000,3820000
2023-02-16 14:28:37.414000,1.34333,1.34327,1200000,1800000
2023-02-16 14:28:37.465000,1.34335,1.34328,5490000,3820000
2023-02-16 14:28:37.618000,1.34335,1.34328,5850000,4800000
2023-02-16 14:28:37.669000,1.34336,1.3433,2250000,3300000
2023-02-16 14:28:37.720000,1.34339,1.34331,1350000,1300000
2023-02-16 14:28:37.771000,1.34339,1.34336,1200000,3820000
2023-02-16 14:28:37.823000,1.34342,1.34335,4500000,3600000
2023-02-16 14:28:37.874000,1.34342,1.34332,1200000,4120000
2023-02-16 14:28:37.925000,1.34342,1.34334,1200000,3600000
2023-02-16 14:28:38.245000,1.34341,1.34336,1200000,3600000
2023-02-16 14:28:38.347000,1.34341,1.34334,1200000,2020000
2023-02-16 14:28:38.702000,1.34343,1.34337,4500000,1800000
2023-02-16 14:28:38.804000,1.34347,1.34341,1200000,3600000
2023-02-16 14:28:38.957000,1.34348,1.34341,5490000,3820000
2023-02-16 14:28:39.378000,1.34348,1.3434,1200000,3600000
2023-02-16 14:28:39.531000,1.34347,1.3434,1200000,4120000
2023-02-16 14:28:39.582000,1.34349,1.3434,1350000,4120000
2023-02-16 14:28:39.988000,1.3435,1.3434,4140000,4120000
2023-02-16 14:28:40.343000,1.3435,1.34342,3690000,1300000
2023-02-16 14:28:41.010000,1.34352,1.34344,3600000,3820000
2023-02-16 14:28:41.112000,1.34353,1.34344,3600000,3600000
2023-02-16 14:28:41.214000,1.34354,1.34352,2250000,1200000
2023-02-16 14:28:41.265000,1.34355,1.34353,1200000,1300000
2023-02-16 14:28:41.316000,1.34356,1.34351,1200000,1800000
2023-02-16 14:28:41.418000,1.34358,1.34349,3600000,3600000
2023-02-16 14:28:41.571000,1.34356,1.34349,3600000,4720000
2023-02-16 14:28:41.673000,1.34354,1.34348,3600000,1120000
2023-02-16 14:28:41.775000,1.34354,1.34345,5850000,3600000
2023-02-16 14:28:41.877000,1.34352,1.34345,4500000,3600000
2023-02-16 14:28:41.928000,1.34352,1.34348,1200000,3600000
2023-02-16 14:28:42.030000,1.34352,1.34347,1200000,3820000
2023-02-16 14:28:42.082000,1.34355,1.34349,1200000,3300000
2023-02-16 14:28:42.183000,1.34357,1.3435,4050000,3820000
2023-02-16 14:28:42.589000,1.34358,1.34356,1800000,1200000
2023-02-16 14:28:42.692000,1.34361,1.34357,1200000,3600000
2023-02-16 14:28:42.743000,1.34364,1.34357,3600000,3600000
2023-02-16 14:28:42.845000,1.34365,1.34357,4500000,4720000
2023-02-16 14:28:42.896000,1.34365,1.3436,1200000,3600000
2023-02-16 14:28:42.998000,1.34366,1.34359,3600000,4050000
2023-02-16 14:28:43.050000,1.34369,1.3436,3600000,1800000
2023-02-16 14:28:43.152000,1.3437,1.34363,3600000,3600000
2023-02-16 14:28:43.254000,1.3437,1.34364,3600000,1200000
2023-02-16 14:28:43.356000,1.34369,1.34363,4500000,3820000
2023-02-16 14:28:43.458000,1.34371,1.34364,3600000,3600000
2023-02-16 14:28:43.560000,1.34371,1.34365,3600000,3600000
2023-02-16 14:28:43.662000,1.34371,1.34364,3600000,3600000
2023-02-16 14:28:43.763000,1.34371,1.34363,1200000,3820000
2023-02-16 14:28:43.865000,1.3437,1.34364,3600000,3600000
2023-02-16 14:28:44.018000,1.34371,1.34366,1350000,3300000
2023-02-16 14:28:44.120000,1.34373,1.34367,4500000,3820000
2023-02-16 14:28:44.476000,1.34375,1.34369,4500000,3600000
2023-02-16 14:28:44.578000,1.34375,1.34368,4500000,3600000
2023-02-16 14:28:44.680000,1.34375,1.34366,4500000,3820000
2023-02-16 14:28:44.731000,1.34375,1.34369,4500000,3600000
2023-02-16 14:28:44.926000,1.34375,1.34365,4500000,3300000
2023-02-16 14:28:45.028000,1.34375,1.34367,5400000,3600000
2023-02-16 14:28:45.181000,1.34375,1.34365,4500000,3300000
2023-02-16 14:28:45.285000,1.34375,1.34367,4500000,3600000
2023-02-16 14:28:45.400000,1.34374,1.34367,3600000,3820000
2023-02-16 14:28:45.501000,1.34374,1.34367,3300000,3600000
2023-02-16 14:28:45.603000,1.34374,1.34363,5020000,4050000
2023-02-16 14:28:45.705000,1.34369,1.34363,1800000,3600000
2023-02-16 14:28:45.909000,1.34367,1.3436,1200000,4500000
2023-02-16 14:28:46.011000,1.34365,1.34356,1120000,3600000
2023-02-16 14:28:46.214000,1.34364,1.34358,1120000,3600000
2023-02-16 14:28:46.266000,1.34364,1.34356,1120000,3600000
2023-02-16 14:28:46.410000,1.34365,1.34355,1430000,3600000
2023-02-16 14:28:46.462000,1.34359,1.34352,3820000,1200000
2023-02-16 14:28:46.564000,1.3436,1.34354,1120000,3600000
2023-02-16 14:28:46.615000,1.34359,1.34351,3820000,4500000
2023-02-16 14:28:46.717000,1.34359,1.34352,3820000,3600000
2023-02-16 14:28:46.768000,1.34359,1.3435,3300000,3600000
2023-02-16 14:28:46.870000,1.34352,1.34348,3600000,1200000
2023-02-16 14:28:46.973000,1.3435,1.34345,1200000,1800000
2023-02-16 14:28:47.024000,1.34352,1.34347,1200000,3600000
2023-02-16 14:28:47.126000,1.34352,1.34347,1300000,3600000
2023-02-16 14:28:47.228000,1.34345,1.34342,1200000,1200000
2023-02-16 14:28:47.330000,1.34347,1.34341,1200000,3600000
2023-02-16 14:28:47.432000,1.34346,1.34341,1200000,3600000
2023-02-16 14:28:47.534000,1.34346,1.3434,1200000,3600000
2023-02-16 14:28:47.636000,1.34345,1.34339,1200000,4500000
2023-02-16 14:28:47.890000,1.34345,1.34338,3600000,4500000
2023-02-16 14:28:47.992000,1.34344,1.34338,3600000,3600000
2023-02-16 14:28:48.098000,1.34343,1.34337,1120000,3600000
2023-02-16 14:28:48.200000,1.34344,1.34339,1200000,3600000
2023-02-16 14:28:48.302000,1.34345,1.34339,1200000,3600000
2023-02-16 14:28:48.455000,1.34345,1.34338,1200000,4500000
2023-02-16 14:28:48.557000,1.34344,1.34337,4500000,4500000
2023-02-16 14:28:48.659000,1.34343,1.34337,1200000,4500000
2023-02-16 14:28:48.831000,1.34345,1.34338,1200000,4500000
2023-02-16 14:28:48.933000,1.34345,1.34339,1200000,3600000
2023-02-16 14:28:49.187000,1.34344,1.34338,3600000,4500000
2023-02-16 14:28:49.340000,1.34345,1.34338,4500000,4500000
2023-02-16 14:28:49.442000,1.34345,1.34339,4500000,3600000
2023-02-16 14:28:49.543000,1.34346,1.34337,4500000,4500000
2023-02-16 14:28:49.766000,1.34346,1.34338,4500000,3600000
2023-02-16 14:28:49.868000,1.34346,1.3434,1200000,3600000
2023-02-16 14:28:49.919000,1.34346,1.34342,1200000,3600000
2023-02-16 14:28:49.998000,1.34349,1.34341,1120000,3600000
2023-02-16 14:28:51.070000,1.34349,1.34342,4720000,3600000
2023-02-16 14:28:51.341000,1.34348,1.34342,1200000,3600000
2023-02-16 14:28:51.844000,1.3435,1.34341,1200000,3600000
2023-02-16 14:28:51.946000,1.3435,1.3434,4720000,4500000
2023-02-16 14:28:52.048000,1.34349,1.3434,1200000,4500000
2023-02-16 14:28:52.150000,1.34348,1.34342,1200000,3600000
2023-02-16 14:28:52.354000,1.34348,1.34343,1200000,3600000
2023-02-16 14:28:52.456000,1.34349,1.34343,1120000,3600000
2023-02-16 14:28:52.507000,1.34349,1.34341,4720000,4500000
2023-02-16 14:28:52.836000,1.34349,1.34343,1120000,3600000
2023-02-16 14:28:53.040000,1.34346,1.3434,3600000,3600000
2023-02-16 14:28:53.142000,1.34346,1.34339,4720000,3600000
2023-02-16 14:28:53.244000,1.34345,1.34339,1200000,3600000
2023-02-16 14:28:53.701000,1.34341,1.34333,3600000,1350000
2023-02-16 14:28:53.803000,1.3434,1.34335,1200000,3600000
2023-02-16 14:28:54.007000,1.34341,1.34335,4500000,3600000
2023-02-16 14:28:54.178000,1.34341,1.34334,1120000,3600000
2023-02-16 14:28:54.332000,1.34341,1.34338,1200000,3600000
2023-02-16 14:28:54.383000,1.34345,1.34337,1200000,3600000
2023-02-16 14:28:54.485000,1.34345,1.34339,1120000,3600000
2023-02-16 14:28:54.587000,1.34345,1.34338,1200000,3600000
2023-02-16 14:28:54.766000,1.34346,1.34338,1200000,3600000
2023-02-16 14:28:54.868000,1.34345,1.34338,1200000,3600000
2023-02-16 14:28:56.174000,1.34347,1.34338,1570000,3600000
2023-02-16 14:28:56.295000,1.34346,1.34339,3600000,3600000
2023-02-16 14:28:56.792000,1.34342,1.34336,3600000,4720000
2023-02-16 14:28:56.894000,1.34342,1.34337,1200000,3600000
2023-02-16 14:28:56.996000,1.34343,1.34341,1200000,1120000
2023-02-16 14:28:57.048000,1.3435,1.34342,4600000,3600000
2023-02-16 14:28:57.150000,1.3435,1.34342,3300000,3600000
2023-02-16 14:28:57.201000,1.34348,1.3434,3820000,3600000
2023-02-16 14:28:57.252000,1.34348,1.34339,3300000,3600000
2023-02-16 14:28:57.456000,1.34347,1.34339,3600000,3600000
2023-02-16 14:28:57.595000,1.34345,1.34339,3600000,3600000
2023-02-16 14:28:57.647000,1.34347,1.34339,3600000,3600000
2023-02-16 14:28:57.863000,1.34344,1.34338,3600000,3600000
2023-02-16 14:28:57.915000,1.34343,1.34335,3600000,4720000
2023-02-16 14:28:58.017000,1.34342,1.34335,3600000,3820000
2023-02-16 14:28:58.119000,1.34342,1.34336,3600000,3600000
2023-02-16 14:28:58.425000,1.34343,1.34335,3600000,3820000
2023-02-16 14:28:58.476000,1.34342,1.34334,3600000,3820000
2023-02-16 14:28:58.629000,1.34341,1.34334,3600000,3820000
2023-02-16 14:28:58.923000,1.34342,1.34333,3600000,3300000
2023-02-16 14:28:59.024000,1.34342,1.34334,3600000,3300000
2023-02-16 14:28:59.126000,1.34343,1.34335,4050000,3820000
2023-02-16 14:28:59.228000,1.34344,1.34335,6750000,3820000
2023-02-16 14:28:59.486000,1.34342,1.34334,3600000,3820000
2023-02-16 14:28:59.639000,1.34342,1.34333,3600000,3820000
2023-02-16 14:28:59.741000,1.34342,1.34336,3600000,3300000
2023-02-16 14:28:59.792000,1.34344,1.34335,4500000,4800000
2023-02-16 14:28:59.844000,1.34342,1.34336,3600000,4050000
2023-02-16 14:28:59.955000,1.34343,1.34337,3600000,3820000
2023-02-16 14:29:00.057000,1.34344,1.34337,3600000,3600000
2023-02-16 14:29:00.159000,1.34344,1.34336,3600000,3820000
2023-02-16 14:29:00.261000,1.34345,1.34337,4050000,3300000
2023-02-16 14:29:00.363000,1.34347,1.34339,6030000,3600000
2023-02-16 14:29:00.715000,1.34346,1.34339,3600000,3820000
2023-02-16 14:29:00.817000,1.34345,1.34338,3600000,3300000
2023-02-16 14:29:00.919000,1.34345,1.34338,3600000,3820000
2023-02-16 14:29:01.183000,1.34346,1.34337,3600000,4050000
2023-02-16 14:29:01.815000,1.34348,1.3434,4500000,3820000
2023-02-16 14:29:01.917000,1.34348,1.34341,3600000,3600000
2023-02-16 14:29:02.287000,1.34344,1.34338,1200000,4800000
2023-02-16 14:29:02.338000,1.34344,1.34338,1200000,3820000
2023-02-16 14:29:02.440000,1.34344,1.34335,4050000,4050000
2023-02-16 14:29:02.976000,1.34342,1.34334,1200000,4050000
2023-02-16 14:29:03.078000,1.34341,1.34334,3600000,3300000
2023-02-16 14:29:03.180000,1.34344,1.34335,3600000,4050000
2023-02-16 14:29:03.333000,1.34347,1.34338,4720000,3600000
2023-02-16 14:29:03.435000,1.34346,1.34338,3600000,4720000
2023-02-16 14:29:03.537000,1.34348,1.34339,4500000,3600000
2023-02-16 14:29:03.740000,1.34346,1.34338,3600000,3820000
2023-02-16 14:29:03.943000,1.34346,1.3434,3600000,3600000
2023-02-16 14:29:04.197000,1.34346,1.34338,3600000,3820000
2023-02-16 14:29:04.248000,1.34346,1.3434,3600000,3600000
2023-02-16 14:29:04.350000,1.34346,1.34338,3600000,3820000
2023-02-16 14:29:04.502000,1.34344,1.34338,1200000,3820000
2023-02-16 14:29:04.604000,1.34349,1.34343,1200000,3600000
2023-02-16 14:29:04.757000,1.34349,1.34342,3600000,4500000
2023-02-16 14:29:04.910000,1.34349,1.34343,3600000,3600000
2023-02-16 14:29:05.012000,1.3435,1.34343,3600000,4800000
2023-02-16 14:29:05.114000,1.34351,1.34344,4050000,1200000
2023-02-16 14:29:05.215000,1.3435,1.34343,3600000,4720000
2023-02-16 14:29:05.623000,1.3435,1.34344,3600000,1200000
2023-02-16 14:29:05.826000,1.3435,1.34343,3600000,4720000
2023-02-16 14:29:06.924000,1.34351,1.34343,1200000,1120000
2023-02-16 14:29:07.026000,1.34351,1.34344,4500000,1200000
2023-02-16 14:29:07.128000,1.34354,1.34348,4720000,1120000
2023-02-16 14:29:07.230000,1.34354,1.34347,4500000,3600000
2023-02-16 14:29:07.332000,1.34353,1.34346,3600000,4720000
2023-02-16 14:29:07.434000,1.34352,1.34345,3600000,4720000
2023-02-16 14:29:07.536000,1.34351,1.34344,1200000,4720000
2023-02-16 14:29:07.638000,1.3435,1.34342,4500000,1300000
2023-02-16 14:29:07.841000,1.34351,1.34343,4500000,1800000
2023-02-16 14:29:07.943000,1.34351,1.34345,1200000,3600000
2023-02-16 14:29:08.096000,1.34351,1.34344,1200000,4720000
2023-02-16 14:29:08.198000,1.34353,1.34346,6300000,3820000
2023-02-16 14:29:08.300000,1.34354,1.34347,4500000,1200000
2023-02-16 14:29:08.402000,1.34355,1.34347,5850000,1200000
2023-02-16 14:29:08.503000,1.34355,1.34346,5850000,4720000
2023-02-16 14:29:08.605000,1.34354,1.34346,3600000,1120000
2023-02-16 14:29:10.048000,1.34355,1.34346,4500000,6670000
2023-02-16 14:29:10.150000,1.34358,1.34352,3600000,1200000
2023-02-16 14:29:10.252000,1.34359,1.34352,5400000,1200000
2023-02-16 14:29:11.675000,1.34359,1.34353,4500000,1200000
2023-02-16 14:29:12.031000,1.34361,1.34353,4950000,1200000
2023-02-16 14:29:12.083000,1.34361,1.34356,1200000,3820000
2023-02-16 14:29:12.185000,1.34365,1.34357,5100000,4500000
2023-02-16 14:29:12.595000,1.34362,1.34356,1200000,3820000
2023-02-16 14:29:12.697000,1.34359,1.34354,1200000,3300000
2023-02-16 14:29:12.799000,1.34361,1.34355,1200000,1120000
2023-02-16 14:29:12.901000,1.34364,1.34356,4500000,4720000
2023-02-16 14:29:13.003000,1.34364,1.34357,3600000,4500000
2023-02-16 14:29:13.105000,1.34364,1.34356,4050000,1120000
2023-02-16 14:29:13.308000,1.34363,1.34356,4350000,1200000
2023-02-16 14:29:13.410000,1.3436,1.34354,1200000,3600000
2023-02-16 14:29:13.513000,1.34362,1.34355,4950000,3820000
2023-02-16 14:29:13.615000,1.3436,1.34356,1200000,1200000
2023-02-16 14:29:13.717000,1.34364,1.34356,4950000,1120000
2023-02-16 14:29:14.207000,1.34365,1.34356,4950000,1200000
2023-02-16 14:29:15.789000,1.34365,1.34357,1200000,4800000
2023-02-16 14:29:15.891000,1.34364,1.34359,3600000,1120000
2023-02-16 14:29:15.993000,1.34365,1.34359,1200000,1200000
2023-02-16 14:29:16.095000,1.34364,1.34358,1200000,3820000
2023-02-16 14:29:16.450000,1.34365,1.34358,3600000,3300000
2023-02-16 14:29:16.552000,1.34367,1.34359,4950000,1120000
2023-02-16 14:29:16.654000,1.34368,1.34367,1800000,1200000
2023-02-16 14:29:16.706000,1.34383,1.34379,1910000,3600000
2023-02-16 14:29:16.757000,1.34386,1.34377,4950000,1200000
2023-02-16 14:29:16.808000,1.34387,1.34381,3300000,3600000
2023-02-16 14:29:16.911000,1.34393,1.34386,1200000,3820000
2023-02-16 14:29:17.013000,1.34391,1.34387,3600000,1200000
2023-02-16 14:29:17.064000,1.34392,1.34383,4050000,1200000
2023-02-16 14:29:17.268000,1.34387,1.34383,3600000,1200000
2023-02-16 14:29:17.370000,1.34385,1.34381,1200000,3600000
2023-02-16 14:29:17.573000,1.34385,1.3438,1200000,3600000
2023-02-16 14:29:17.676000,1.34382,1.34377,3900000,1200000
2023-02-16 14:29:17.727000,1.3438,1.34372,3600000,1200000
2023-02-16 14:29:17.829000,1.34378,1.34373,1200000,3600000
2023-02-16 14:29:18.317000,1.34379,1.34373,1200000,3600000
2023-02-16 14:29:18.419000,1.34378,1.34373,4500000,1200000
2023-02-16 14:29:18.774000,1.34378,1.34374,1200000,1200000
2023-02-16 14:29:18.884000,1.34378,1.34373,1200000,4500000
2023-02-16 14:29:19.891000,1.34382,1.34374,5400000,4050000
2023-02-16 14:29:19.993000,1.34379,1.34374,3600000,1800000
2023-02-16 14:29:20.095000,1.34379,1.34374,3600000,2020000
2023-02-16 14:29:20.837000,1.3438,1.34374,1200000,5400000
2023-02-16 14:29:20.939000,1.3438,1.34375,1200000,3600000
2023-02-16 14:29:20.990000,1.3438,1.34372,3600000,5400000
2023-02-16 14:29:21.482000,1.34381,1.34372,4500000,3600000
2023-02-16 14:29:21.533000,1.34377,1.3437,4050000,6750000
2023-02-16 14:29:21.635000,1.34375,1.3437,1200000,3600000
2023-02-16 14:29:21.737000,1.34375,1.34371,1200000,3600000
2023-02-16 14:29:21.890000,1.34377,1.3437,1200000,3300000
2023-02-16 14:29:21.992000,1.34379,1.3437,4720000,3300000
2023-02-16 14:29:22.094000,1.34378,1.3437,1200000,3300000
2023-02-16 14:29:22.196000,1.3438,1.34371,4720000,4650000
2023-02-16 14:29:22.298000,1.34379,1.34371,4500000,3300000
2023-02-16 14:29:22.400000,1.34379,1.34371,4500000,3300000
2023-02-16 14:29:23.060000,1.3438,1.34373,1200000,3820000
2023-02-16 14:29:23.264000,1.34381,1.34374,5620000,3600000
2023-02-16 14:29:23.417000,1.3438,1.34374,3600000,3820000
2023-02-16 14:29:23.620000,1.34378,1.34373,1200000,1200000
2023-02-16 14:29:23.722000,1.34378,1.34372,1200000,3820000
2023-02-16 14:29:23.953000,1.34378,1.34372,1200000,4050000
2023-02-16 14:29:24.308000,1.3438,1.34374,1200000,1200000
2023-02-16 14:29:24.512000,1.34381,1.34374,4050000,1120000
2023-02-16 14:29:24.613000,1.34382,1.34374,5400000,1120000
2023-02-16 14:29:24.797000,1.34379,1.34374,3600000,1120000
2023-02-16 14:29:24.899000,1.34377,1.34372,1200000,3300000
2023-02-16 14:29:25.254000,1.34377,1.34374,1200000,3820000
2023-02-16 14:29:25.306000,1.3438,1.34374,3600000,3820000
2023-02-16 14:29:25.408000,1.34382,1.34374,4500000,4720000
2023-02-16 14:29:25.509000,1.34381,1.34375,3600000,4500000
2023-02-16 14:29:25.561000,1.34383,1.34376,5400000,3600000
2023-02-16 14:29:25.663000,1.34384,1.34374,5400000,4720000
2023-02-16 14:29:26.018000,1.34381,1.34375,1200000,1200000
2023-02-16 14:29:26.150000,1.34381,1.34374,1200000,3820000
2023-02-16 14:29:26.354000,1.34382,1.34374,4500000,1300000
2023-02-16 14:29:26.456000,1.34383,1.34375,7650000,1120000
2023-02-16 14:29:26.558000,1.34383,1.34376,5400000,1120000
2023-02-16 14:29:26.660000,1.34384,1.34377,1200000,4050000
2023-02-16 14:29:26.762000,1.34385,1.34377,1200000,4720000
2023-02-16 14:29:27.607000,1.34382,1.34377,3600000,1200000
2023-02-16 14:29:27.658000,1.34384,1.34376,3600000,1120000
2023-02-16 14:29:27.840000,1.34385,1.34377,1120000,3600000
2023-02-16 14:29:27.942000,1.34385,1.34377,1200000,3300000
2023-02-16 14:29:28.044000,1.34383,1.34375,1120000,5620000
2023-02-16 14:29:28.146000,1.34383,1.34374,1200000,4800000
2023-02-16 14:29:28.252000,1.34383,1.34374,1200000,4050000
2023-02-16 14:29:28.303000,1.3438,1.34374,3600000,1300000
2023-02-16 14:29:28.456000,1.3438,1.34373,3600000,3300000
2023-02-16 14:29:28.558000,1.34379,1.34371,1200000,4920000
2023-02-16 14:29:28.710000,1.34379,1.34374,1200000,3300000
2023-02-16 14:29:28.812000,1.34381,1.34373,1200000,4050000
2023-02-16 14:29:28.965000,1.34381,1.34373,1200000,3300000
2023-02-16 14:29:29.067000,1.34381,1.34373,3600000,4920000
2023-02-16 14:29:29.169000,1.3438,1.34374,3600000,4420000
2023-02-16 14:29:29.423000,1.34381,1.34374,3600000,5170000
2023-02-16 14:29:29.525000,1.34381,1.34374,3600000,5850000
2023-02-16 14:29:29.820000,1.34384,1.34374,2920000,2250000
2023-02-16 14:29:30.074000,1.34381,1.34374,3820000,5400000
2023-02-16 14:29:30.378000,1.34381,1.3437,4650000,1720000
2023-02-16 14:29:30.481000,1.34375,1.34365,4500000,3300000
2023-02-16 14:29:30.532000,1.34378,1.34367,1200000,3600000
2023-02-16 14:29:30.634000,1.34378,1.34369,4500000,6970000
2023-02-16 14:29:30.736000,1.3438,1.34371,3600000,5470000
2023-02-16 14:29:30.838000,1.34379,1.34372,3600000,3300000
2023-02-16 14:29:30.889000,1.34382,1.34371,4050000,3970000
2023-02-16 14:29:31.194000,1.3438,1.34374,3600000,3600000
2023-02-16 14:29:31.296000,1.34381,1.34374,3820000,3600000
2023-02-16 14:29:31.347000,1.34379,1.34373,3600000,3820000
2023-02-16 14:29:32.021000,1.3438,1.34374,3600000,3600000
2023-02-16 14:29:32.484000,1.34377,1.34371,3600000,3300000
2023-02-16 14:29:32.586000,1.34379,1.34371,3600000,3300000
2023-02-16 14:29:32.688000,1.34379,1.34371,3600000,3600000
2023-02-16 14:29:32.999000,1.34377,1.34371,3600000,3820000
2023-02-16 14:29:34.092000,1.34378,1.34369,3600000,3820000
2023-02-16 14:29:34.954000,1.34378,1.34369,4050000,3820000
2023-02-16 14:29:35.056000,1.34379,1.34368,1120000,5920000
2023-02-16 14:29:35.157000,1.34377,1.34371,3600000,3820000
2023-02-16 14:29:36.124000,1.34378,1.34371,4720000,3820000
2023-02-16 14:29:36.226000,1.34378,1.34371,3600000,3300000
2023-02-16 14:29:36.379000,1.34376,1.3437,3600000,5170000
2023-02-16 14:29:36.633000,1.34377,1.3437,1120000,3820000
2023-02-16 14:29:36.887000,1.34377,1.34371,1200000,3600000
2023-02-16 14:29:37.191000,1.34378,1.34371,4720000,3600000
2023-02-16 14:29:38.029000,1.34377,1.34371,3600000,3600000
2023-02-16 14:29:40.245000,1.34378,1.34371,4500000,3600000
2023-02-16 14:29:40.346000,1.34378,1.34369,3600000,5170000
2023-02-16 14:29:40.398000,1.34379,1.3437,5170000,1120000
2023-02-16 14:29:40.500000,1.34379,1.3437,4420000,1200000
2023-02-16 14:29:40.601000,1.34379,1.34369,5920000,3820000
2023-02-16 14:29:40.653000,1.34376,1.3437,4950000,3600000
2023-02-16 14:29:40.755000,1.34372,1.34365,3820000,3600000
2023-02-16 14:29:40.857000,1.34371,1.34364,3600000,3600000
2023-02-16 14:29:40.959000,1.34372,1.34363,3600000,4270000
2023-02-16 14:29:41.010000,1.34373,1.34368,1200000,3600000
2023-02-16 14:29:41.061000,1.34375,1.34368,3600000,3600000
2023-02-16 14:29:41.113000,1.34373,1.34366,3600000,4050000
2023-02-16 14:29:41.214000,1.34373,1.34367,3600000,3600000
2023-02-16 14:29:41.316000,1.34375,1.34368,3600000,3600000
2023-02-16 14:29:41.418000,1.34376,1.34368,1200000,3600000
2023-02-16 14:29:41.520000,1.34375,1.34369,3600000,3600000
2023-02-16 14:29:41.673000,1.3437,1.34364,3600000,4720000
2023-02-16 14:29:41.775000,1.3437,1.34362,3820000,1100000
2023-02-16 14:29:41.877000,1.3437,1.34361,3820000,4950000
2023-02-16 14:29:42.261000,1.34368,1.34362,3600000,3600000
2023-02-16 14:29:42.589000,1.34366,1.34359,3600000,4350000
2023-02-16 14:29:42.641000,1.34368,1.34361,4720000,3600000
2023-02-16 14:29:44.691000,1.34365,1.34358,3600000,4050000
2023-02-16 14:29:44.793000,1.34361,1.34356,3600000,1200000
2023-02-16 14:29:44.845000,1.34363,1.34356,4270000,3600000
2023-02-16 14:29:44.947000,1.34364,1.34355,1120000,4050000
2023-02-16 14:29:45.099000,1.34363,1.34356,3600000,3600000
2023-02-16 14:29:45.757000,1.34364,1.34356,1120000,3600000
2023-02-16 14:29:46.020000,1.34365,1.34356,1120000,4050000
2023-02-16 14:29:46.071000,1.34365,1.34358,1200000,1200000
2023-02-16 14:29:46.173000,1.34368,1.34359,1300000,3600000
2023-02-16 14:29:46.325000,1.34367,1.3436,3820000,3600000
2023-02-16 14:29:47.695000,1.34367,1.34359,3600000,3600000
2023-02-16 14:29:47.948000,1.34368,1.34358,4050000,3600000
2023-02-16 14:29:48.167000,1.34367,1.3436,3300000,3600000
2023-02-16 14:29:48.269000,1.34367,1.34361,3600000,3600000
2023-02-16 14:29:48.856000,1.3437,1.34368,1200000,4500000
2023-02-16 14:29:48.958000,1.34378,1.34369,4720000,4050000
2023-02-16 14:29:49.009000,1.34377,1.3437,3600000,1600000
2023-02-16 14:29:49.162000,1.34378,1.34371,3820000,4050000
2023-02-16 14:29:49.619000,1.34378,1.34372,3820000,3600000
2023-02-16 14:29:49.721000,1.34378,1.34371,3600000,4950000
2023-02-16 14:29:49.823000,1.34378,1.34372,3820000,3600000
2023-02-16 14:29:49.925000,1.3438,1.34371,4050000,8550000
2023-02-16 14:29:50.026000,1.34378,1.34372,3600000,3600000
2023-02-16 14:29:50.179000,1.3438,1.34374,1120000,3600000
2023-02-16 14:29:50.281000,1.34378,1.34372,3600000,3820000
2023-02-16 14:29:50.383000,1.34379,1.34373,3600000,3600000
2023-02-16 14:29:50.485000,1.34378,1.34372,3820000,3600000
2023-02-16 14:29:50.749000,1.34378,1.34369,4270000,3600000
2023-02-16 14:29:50.851000,1.34376,1.3437,3600000,3600000
2023-02-16 14:29:50.953000,1.34378,1.34369,4420000,3600000
2023-02-16 14:29:51.875000,1.34376,1.34369,3600000,3600000
2023-02-16 14:29:52.028000,1.34377,1.34369,3600000,4050000
2023-02-16 14:29:52.188000,1.34378,1.34369,4500000,4270000
2023-02-16 14:29:52.340000,1.34377,1.3437,3600000,3600000
2023-02-16 14:29:53.101000,1.34375,1.34371,1100000,1200000
2023-02-16 14:29:53.152000,1.34378,1.34371,5550000,1200000
2023-02-16 14:29:53.204000,1.34376,1.34369,3820000,4500000
2023-02-16 14:29:53.629000,1.34377,1.3437,3300000,3600000
2023-02-16 14:29:54.049000,1.34375,1.34369,3820000,3600000
2023-02-16 14:29:54.201000,1.34376,1.34368,3300000,3600000
2023-02-16 14:29:54.303000,1.34376,1.34369,3300000,3600000
2023-02-16 14:29:54.405000,1.34373,1.34366,3820000,3600000
2023-02-16 14:29:54.507000,1.34374,1.34364,3820000,3600000
2023-02-16 14:29:54.609000,1.34372,1.34364,3600000,3600000
2023-02-16 14:29:54.660000,1.3437,1.34364,3600000,3600000
2023-02-16 14:29:54.762000,1.34371,1.34364,3600000,3600000
2023-02-16 14:29:54.864000,1.3437,1.34364,3600000,3600000
2023-02-16 14:29:54.966000,1.34371,1.34364,3600000,3600000
2023-02-16 14:29:55.068000,1.34372,1.34364,3820000,3600000
2023-02-16 14:29:55.170000,1.34371,1.34363,3600000,3600000
2023-02-16 14:29:55.272000,1.34373,1.34363,3820000,3600000
2023-02-16 14:29:55.374000,1.3437,1.34362,3600000,4050000
2023-02-16 14:29:55.476000,1.3437,1.34364,3820000,3600000
2023-02-16 14:29:55.909000,1.34369,1.34363,3600000,3820000
2023-02-16 14:29:56.979000,1.34369,1.34363,3600000,3970000
2023-02-16 14:29:57.031000,1.34372,1.34363,3820000,4050000
2023-02-16 14:29:57.133000,1.34373,1.34365,4800000,3600000
2023-02-16 14:29:58.733000,1.34371,1.34364,3820000,3600000
2023-02-16 14:29:58.835000,1.3437,1.34364,3600000,3600000
2023-02-16 14:29:59.481000,1.34369,1.34362,3820000,3600000
2023-02-16 14:29:59.532000,1.34368,1.34362,1600000,3600000
2023-02-16 14:29:59.584000,1.34363,1.34356,3900000,4500000
2023-02-16 14:29:59.635000,1.34361,1.34355,3820000,1200000
2023-02-16 14:29:59.687000,1.34361,1.34353,3300000,3600000
2023-02-16 14:30:00.120000,1.34359,1.34353,1350000,3600000
2023-02-16 14:30:00.248000,1.34353,1.34351,1200000,1200000
2023-02-16 14:30:00.302000,1.34351,1.34349,1800000,1800000
2023-02-16 14:30:00.507000,1.3436,1.3435,4800000,3600000
2023-02-16 14:30:00.761000,1.34357,1.3435,4050000,3600000
2023-02-16 14:30:00.863000,1.34356,1.34349,4050000,3600000
2023-02-16 14:30:00.965000,1.34356,1.34348,3300000,3600000
2023-02-16 14:30:01.168000,1.34356,1.34349,3300000,3600000
2023-02-16 14:30:01.372000,1.34357,1.3435,3820000,3600000
2023-02-16 14:30:01.473000,1.34358,1.3435,4050000,3600000
2023-02-16 14:30:01.575000,1.34357,1.3435,4050000,3600000
2023-02-16 14:30:02.547000,1.34357,1.3435,3820000,3600000
2023-02-16 14:30:02.649000,1.34358,1.34352,4050000,3600000
2023-02-16 14:30:03.066000,1.34358,1.3435,3300000,3600000
2023-02-16 14:30:03.117000,1.34359,1.34351,3300000,3600000
2023-02-16 14:30:03.219000,1.34358,1.34352,3820000,3600000
2023-02-16 14:30:03.537000,1.34353,1.34348,4500000,1200000
2023-02-16 14:30:03.589000,1.34353,1.34346,3600000,3820000
2023-02-16 14:30:03.894000,1.34351,1.34346,1120000,3600000
2023-02-16 14:30:03.996000,1.34351,1.34347,1300000,3600000
2023-02-16 14:30:04.149000,1.34351,1.34343,3820000,3600000
2023-02-16 14:30:04.251000,1.3435,1.34343,3670000,3600000
2023-02-16 14:30:04.302000,1.34351,1.34345,3300000,1200000
2023-02-16 14:30:04.354000,1.34353,1.34346,4910000,4500000
2023-02-16 14:30:04.405000,1.34354,1.34348,4050000,1600000
2023-02-16 14:30:04.507000,1.34356,1.34348,5550000,4350000
2023-02-16 14:30:04.701000,1.34356,1.34349,4800000,4050000
2023-02-16 14:30:04.803000,1.34357,1.34352,2920000,1200000
2023-02-16 14:30:04.854000,1.34359,1.34357,1800000,3600000
2023-02-16 14:30:04.906000,1.34366,1.34359,6520000,3600000
2023-02-16 14:30:05.008000,1.34367,1.3436,3300000,3600000
2023-02-16 14:30:05.110000,1.34365,1.34358,4500000,4050000
2023-02-16 14:30:05.212000,1.34365,1.34359,1200000,3600000
2023-02-16 14:30:05.263000,1.34367,1.34359,3820000,3600000
2023-02-16 14:30:05.466000,1.34367,1.3436,3820000,3600000
2023-02-16 14:30:05.670000,1.34367,1.34359,3820000,3600000
2023-02-16 14:30:05.772000,1.34367,1.3436,3600000,3600000
2023-02-16 14:30:05.874000,1.34367,1.34361,3600000,3600000
2023-02-16 14:30:05.975000,1.34367,1.34359,3600000,3600000
2023-02-16 14:30:06.280000,1.34367,1.3436,3600000,3600000
2023-02-16 14:30:07.441000,1.34368,1.3436,4050000,3820000
2023-02-16 14:30:07.544000,1.34367,1.3436,3600000,3820000
2023-02-16 14:30:07.804000,1.34368,1.3436,3600000,3820000
2023-02-16 14:30:07.926000,1.34369,1.3436,3600000,3820000
2023-02-16 14:30:08.286000,1.34368,1.34362,3600000,3600000
2023-02-16 14:30:08.518000,1.34368,1.34361,3600000,3820000
2023-02-16 14:30:08.620000,1.34368,1.34362,3600000,3600000
2023-02-16 14:30:08.722000,1.34368,1.34361,3600000,3820000
2023-02-16 14:30:10.089000,1.34368,1.34362,3600000,1800000
2023-02-16 14:30:10.191000,1.34372,1.34365,3600000,4050000
2023-02-16 14:30:10.293000,1.34372,1.34364,4350000,3300000
2023-02-16 14:30:10.344000,1.34371,1.34363,4050000,3820000
2023-02-16 14:30:10.497000,1.34368,1.34362,3600000,3820000
2023-02-16 14:30:10.700000,1.34369,1.3436,5400000,3600000
2023-02-16 14:30:10.802000,1.34367,1.3436,3600000,3820000
2023-02-16 14:30:10.955000,1.34368,1.34361,4500000,3600000
2023-02-16 14:30:11.524000,1.34368,1.34362,3600000,3600000
2023-02-16 14:30:11.676000,1.34368,1.34361,3600000,3820000
2023-02-16 14:30:12.127000,1.34368,1.3436,4950000,3600000
2023-02-16 14:30:12.229000,1.34366,1.34359,1800000,3820000
2023-02-16 14:30:12.331000,1.34364,1.34356,3600000,3820000
2023-02-16 14:30:12.433000,1.34364,1.34354,1200000,3820000
2023-02-16 14:30:12.535000,1.34364,1.34355,4270000,3820000
2023-02-16 14:30:12.637000,1.34363,1.34357,3600000,3600000
2023-02-16 14:30:12.790000,1.34364,1.34354,3600000,3820000
2023-02-16 14:30:12.942000,1.34364,1.34356,3820000,3600000
2023-02-16 14:30:13.044000,1.34363,1.34356,3600000,3600000
2023-02-16 14:30:13.298000,1.34364,1.34355,3300000,3600000
2023-02-16 14:30:13.350000,1.34363,1.34357,4270000,3600000
2023-02-16 14:30:13.401000,1.34363,1.34355,5620000,3600000
2023-02-16 14:30:13.553000,1.34361,1.34354,6050000,3600000
2023-02-16 14:30:13.605000,1.3436,1.34352,4420000,3600000
2023-02-16 14:30:13.808000,1.34359,1.34353,3600000,3600000
2023-02-16 14:30:13.911000,1.3436,1.34355,3600000,1120000
2023-02-16 14:30:14.013000,1.34362,1.34357,3840000,1600000
2023-02-16 14:30:14.166000,1.34367,1.3436,3820000,3600000
2023-02-16 14:30:14.267000,1.34367,1.3436,3300000,3600000
2023-02-16 14:30:14.504000,1.34368,1.34358,4420000,3600000
2023-02-16 14:30:14.606000,1.34367,1.3436,4420000,3600000
2023-02-16 14:30:14.758000,1.34366,1.3436,1910000,3600000
2023-02-16 14:30:14.810000,1.34364,1.34357,1320000,5400000
2023-02-16 14:30:14.861000,1.34364,1.34356,6000000,3600000
2023-02-16 14:30:15.115000,1.34364,1.34355,6870000,3600000
2023-02-16 14:30:15.217000,1.3436,1.34353,3820000,3600000
2023-02-16 14:30:15.319000,1.3436,1.34352,4120000,3600000
2023-02-16 14:30:15.421000,1.34357,1.34351,3790000,3600000
2023-02-16 14:30:15.523000,1.34357,1.3435,3790000,3600000
2023-02-16 14:30:15.625000,1.34358,1.34349,3820000,3600000
2023-02-16 14:30:15.830000,1.34358,1.34351,3380000,3600000
2023-02-16 14:30:16.450000,1.34358,1.3435,4210000,3600000
2023-02-16 14:30:16.552000,1.34357,1.34351,3600000,3600000
2023-02-16 14:30:16.806000,1.34359,1.34349,4910000,3600000
2023-02-16 14:30:16.908000,1.34358,1.34352,3380000,3600000
2023-02-16 14:30:17.162000,1.34354,1.34348,3300000,5400000
2023-02-16 14:30:17.264000,1.34354,1.34347,3820000,3600000
2023-02-16 14:30:17.366000,1.34356,1.34349,3430000,4050000
2023-02-16 14:30:17.468000,1.34356,1.3435,3300000,3600000
2023-02-16 14:30:17.620000,1.34356,1.34349,3300000,4050000
2023-02-16 14:30:17.773000,1.34356,1.3435,3820000,3600000
2023-02-16 14:30:17.875000,1.34358,1.34351,5730000,3600000
2023-02-16 14:30:17.977000,1.34357,1.3435,3380000,3600000
2023-02-16 14:30:18.267000,1.34353,1.34347,4720000,1200000
2023-02-16 14:30:18.369000,1.34355,1.34347,1420000,3600000
2023-02-16 14:30:18.555000,1.34354,1.34346,4720000,3600000
2023-02-16 14:30:18.657000,1.34352,1.34346,3600000,3600000
2023-02-16 14:30:18.758000,1.34351,1.34345,3600000,4590000
2023-02-16 14:30:18.860000,1.34354,1.34347,3320000,3600000
2023-02-16 14:30:18.962000,1.34352,1.34346,3600000,3600000
2023-02-16 14:30:19.064000,1.34354,1.34348,3320000,3600000
2023-02-16 14:30:19.166000,1.34352,1.34348,1320000,3600000
2023-02-16 14:30:19.217000,1.34347,1.3434,3600000,4500000
2023-02-16 14:30:19.319000,1.34347,1.3434,1300000,3600000
2023-02-16 14:30:19.370000,1.34342,1.34339,1200000,3600000
2023-02-16 14:30:19.473000,1.3434,1.34334,2020000,3600000
2023-02-16 14:30:19.575000,1.34339,1.34332,4900000,3600000
2023-02-16 14:30:20.329000,1.34339,1.34331,1400000,3600000
2023-02-16 14:30:20.381000,1.34334,1.34328,4720000,3600000
2023-02-16 14:30:20.939000,1.34333,1.34327,3600000,3600000
2023-02-16 14:30:20.990000,1.34332,1.34326,4050000,3600000
2023-02-16 14:30:21.092000,1.34332,1.34325,4050000,3600000
2023-02-16 14:30:21.245000,1.34331,1.34325,4050000,3600000
2023-02-16 14:30:21.347000,1.34331,1.34325,4720000,3600000
2023-02-16 14:30:21.449000,1.34329,1.34323,1200000,3600000
2023-02-16 14:30:21.785000,1.34331,1.34323,1200000,3600000
2023-02-16 14:30:21.887000,1.3433,1.34323,1120000,3600000
2023-02-16 14:30:22.091000,1.34331,1.34323,1120000,4500000
2023-02-16 14:30:22.193000,1.34331,1.34324,1200000,4500000
2023-02-16 14:30:22.346000,1.34331,1.34325,1200000,1890000
2023-02-16 14:30:22.397000,1.34334,1.34327,3130000,3600000
2023-02-16 14:30:22.854000,1.34336,1.34328,3320000,1200000
2023-02-16 14:30:22.905000,1.34338,1.34332,1570000,3600000
2023-02-16 14:30:23.058000,1.34337,1.34331,3600000,3600000
2023-02-16 14:30:23.161000,1.34339,1.34331,5020000,3600000
2023-02-16 14:30:23.262000,1.34339,1.34331,4720000,3600000
2023-02-16 14:30:23.622000,1.34339,1.34333,4720000,3600000
2023-02-16 14:30:23.724000,1.34339,1.34331,1120000,3600000
2023-02-16 14:30:23.775000,1.34338,1.34332,3300000,3600000
2023-02-16 14:30:24.197000,1.3434,1.34334,1300000,1200000
2023-02-16 14:30:24.299000,1.3434,1.34332,3600000,3820000
2023-02-16 14:30:24.401000,1.34341,1.34332,4050000,3600000
2023-02-16 14:30:24.504000,1.34342,1.34338,1200000,3600000
2023-02-16 14:30:24.555000,1.34345,1.34337,1800000,6070000
2023-02-16 14:30:24.607000,1.34349,1.3434,6070000,3600000
2023-02-16 14:30:24.708000,1.34349,1.34339,8320000,4270000
2023-02-16 14:30:24.963000,1.34348,1.34338,1300000,4500000
2023-02-16 14:30:25.115000,1.34345,1.34338,1200000,3600000
2023-02-16 14:30:25.217000,1.34344,1.34335,3600000,4500000
2023-02-16 14:30:25.268000,1.34346,1.34336,1120000,3600000
2023-02-16 14:30:25.320000,1.34345,1.34339,3600000,3600000
2023-02-16 14:30:25.487000,1.34345,1.34336,3600000,3600000
2023-02-16 14:30:25.617000,1.34345,1.34339,3600000,3600000
2023-02-16 14:30:25.770000,1.34346,1.34336,1120000,3600000
2023-02-16 14:30:25.821000,1.34346,1.34338,3600000,1200000
2023-02-16 14:30:25.923000,1.34348,1.34338,3820000,5400000
2023-02-16 14:30:26.025000,1.34349,1.3434,4720000,4500000
2023-02-16 14:30:26.128000,1.34347,1.34341,3600000,1400000
2023-02-16 14:30:26.230000,1.34348,1.34338,3820000,1600000
2023-02-16 14:30:26.281000,1.34343,1.34336,3600000,6520000
2023-02-16 14:30:26.384000,1.34341,1.34335,3600000,3600000
2023-02-16 14:30:26.435000,1.34342,1.34332,1120000,3600000
2023-02-16 14:30:26.537000,1.3434,1.34334,3600000,3600000
2023-02-16 14:30:26.741000,1.34341,1.34335,3600000,3600000
2023-02-16 14:30:26.894000,1.34342,1.34336,3600000,3600000
2023-02-16 14:30:26.945000,1.34344,1.34334,3820000,4500000
2023-02-16 14:30:26.996000,1.34342,1.34334,3600000,1200000
2023-02-16 14:30:27.098000,1.34343,1.34333,3600000,5400000
2023-02-16 14:30:27.200000,1.34342,1.34333,3600000,1800000
2023-02-16 14:30:27.559000,1.34342,1.34336,3600000,1200000
2023-02-16 14:30:27.661000,1.34343,1.34334,3600000,5400000
2023-02-16 14:30:27.763000,1.3434,1.34332,1200000,5400000
2023-02-16 14:30:27.967000,1.34342,1.34332,3670000,5400000
2023-02-16 14:30:28.521000,1.34341,1.34335,3820000,3600000
2023-02-16 14:30:28.573000,1.3434,1.34332,3600000,5400000
2023-02-16 14:30:28.675000,1.34341,1.34332,4270000,4500000
2023-02-16 14:30:29.093000,1.34341,1.34331,1120000,3600000
2023-02-16 14:30:29.245000,1.34342,1.34333,5620000,3600000
2023-02-16 14:30:29.448000,1.34342,1.34333,5550000,3600000
2023-02-16 14:30:29.550000,1.3434,1.34331,1300000,3600000
2023-02-16 14:30:29.948000,1.3434,1.34331,3670000,3600000
2023-02-16 14:30:30.050000,1.34338,1.34332,3820000,3600000
2023-02-16 14:30:30.745000,1.34337,1.34331,3820000,3600000
2023-02-16 14:30:30.847000,1.34337,1.3433,3820000,3600000
2023-02-16 14:30:31.354000,1.34337,1.34327,4800000,4050000
2023-02-16 14:30:31.405000,1.34337,1.34327,4050000,4050000
2023-02-16 14:30:31.456000,1.34337,1.3433,3300000,3600000
2023-02-16 14:30:31.507000,1.34339,1.34326,7420000,1350000
2023-02-16 14:30:31.767000,1.34338,1.34329,3300000,3600000
2023-02-16 14:30:31.818000,1.34338,1.34331,3600000,3600000
2023-02-16 14:30:31.920000,1.34338,1.34332,3600000,3600000
2023-02-16 14:30:31.971000,1.34338,1.3433,1200000,3600000
2023-02-16 14:30:32.022000,1.34338,1.34332,4500000,3600000
2023-02-16 14:30:32.428000,1.34337,1.34331,3820000,3600000
2023-02-16 14:30:32.530000,1.34336,1.3433,3600000,3600000
2023-02-16 14:30:33.037000,1.34336,1.3433,3300000,3600000
2023-02-16 14:30:33.139000,1.34332,1.34326,3600000,5470000
2023-02-16 14:30:33.241000,1.34333,1.34327,3820000,4050000
2023-02-16 14:30:33.609000,1.34331,1.34324,3600000,3600000
2023-02-16 14:30:33.660000,1.34332,1.34326,4720000,3600000
2023-02-16 14:30:33.762000,1.34335,1.34328,3300000,3600000
2023-02-16 14:30:33.814000,1.34336,1.34328,1120000,4500000
2023-02-16 14:30:33.916000,1.34337,1.34331,3820000,3600000
2023-02-16 14:30:34.018000,1.3434,1.34334,3820000,3600000
2023-02-16 14:30:34.119000,1.3434,1.34332,3820000,3600000
2023-02-16 14:30:34.426000,1.34341,1.34331,3300000,3600000
2023-02-16 14:30:34.529000,1.3434,1.34332,1300000,3600000
2023-02-16 14:30:34.631000,1.34342,1.34336,4500000,3600000
2023-02-16 14:30:34.733000,1.34343,1.34335,6070000,3600000
2023-02-16 14:30:35.266000,1.34344,1.34333,3820000,4500000
2023-02-16 14:30:36.280000,1.34343,1.34333,1300000,3600000
2023-02-16 14:30:36.383000,1.34341,1.34332,1300000,4050000
2023-02-16 14:30:36.485000,1.34341,1.34333,4050000,3600000
2023-02-16 14:30:37.348000,1.34341,1.34332,1120000,4500000
2023-02-16 14:30:37.450000,1.34339,1.34333,3600000,3600000
2023-02-16 14:30:37.603000,1.34342,1.34332,3670000,5400000
2023-02-16 14:30:37.705000,1.34341,1.34333,3820000,3600000
2023-02-16 14:30:37.958000,1.3434,1.34333,3600000,3600000
2023-02-16 14:30:38.528000,1.34341,1.34333,3820000,3600000
2023-02-16 14:30:38.630000,1.34341,1.34332,3600000,3600000
2023-02-16 14:30:38.889000,1.34341,1.34333,3820000,3600000
2023-02-16 14:30:38.992000,1.3434,1.34333,3600000,3600000
2023-02-16 14:30:39.382000,1.34342,1.34332,3670000,4500000
2023-02-16 14:30:39.433000,1.3434,1.34334,3600000,3600000
2023-02-16 14:30:39.737000,1.34342,1.34335,3300000,3600000
2023-02-16 14:30:39.839000,1.34343,1.34334,3820000,3600000
2023-02-16 14:30:39.941000,1.34342,1.34335,4050000,3600000
2023-02-16 14:30:40.069000,1.34341,1.34334,4050000,3600000
2023-02-16 14:30:40.223000,1.3434,1.34333,3300000,3600000
2023-02-16 14:30:40.679000,1.3434,1.34333,4050000,3600000
2023-02-16 14:30:41.155000,1.3434,1.34333,3820000,3600000
2023-02-16 14:30:41.258000,1.3434,1.34334,3600000,3600000
2023-02-16 14:30:41.360000,1.34341,1.34335,3600000,3600000
2023-02-16 14:30:41.642000,1.34342,1.34336,3820000,3600000
2023-02-16 14:30:41.795000,1.34341,1.34335,3600000,3600000
2023-02-16 14:30:41.896000,1.34343,1.34334,6070000,4500000
2023-02-16 14:30:41.947000,1.34342,1.34336,3600000,3600000
2023-02-16 14:30:41.999000,1.34343,1.34334,6070000,4500000
2023-02-16 14:30:42.602000,1.34343,1.34334,4420000,1200000
2023-02-16 14:30:42.955000,1.34345,1.34339,6720000,3600000
2023-02-16 14:30:43.007000,1.34342,1.34334,1200000,4050000
2023-02-16 14:30:43.109000,1.34343,1.34334,5100000,4500000
2023-02-16 14:30:43.261000,1.3434,1.34333,1300000,3600000
2023-02-16 14:30:43.364000,1.3434,1.34332,1300000,3600000
2023-02-16 14:30:43.466000,1.34339,1.34332,1300000,3600000
2023-02-16 14:30:43.669000,1.3434,1.34332,4050000,3600000
2023-02-16 14:30:44.030000,1.34341,1.34333,3300000,1200000
2023-02-16 14:30:44.082000,1.34342,1.34335,6600000,3600000
2023-02-16 14:30:44.183000,1.34341,1.34334,3300000,3600000
2023-02-16 14:30:44.296000,1.34343,1.34334,4050000,3600000
2023-02-16 14:30:44.398000,1.34343,1.34335,3300000,3600000
2023-02-16 14:30:44.500000,1.34343,1.34335,6970000,3600000
2023-02-16 14:30:44.601000,1.34341,1.34334,3820000,3600000
2023-02-16 14:30:45.670000,1.34343,1.34334,3300000,4050000
2023-02-16 14:30:46.126000,1.34343,1.34334,3820000,3600000
2023-02-16 14:30:46.228000,1.34343,1.34337,5850000,1200000
2023-02-16 14:30:46.330000,1.34343,1.34338,2850000,1200000
2023-02-16 14:30:46.432000,1.34344,1.34336,5850000,1200000
2023-02-16 14:30:47.155000,1.34344,1.34339,4050000,1200000
2023-02-16 14:30:47.207000,1.34346,1.3434,3600000,3600000
2023-02-16 14:30:47.258000,1.34347,1.34342,3300000,1200000
2023-02-16 14:30:47.361000,1.34343,1.34337,4270000,5400000
2023-02-16 14:30:47.463000,1.34343,1.34338,3820000,1200000
2023-02-16 14:30:47.666000,1.34342,1.34336,3820000,4500000
2023-02-16 14:30:47.920000,1.34344,1.34336,3900000,4500000
2023-02-16 14:30:48.209000,1.34344,1.34336,3820000,1200000
2023-02-16 14:30:48.332000,1.34346,1.34339,4050000,3600000
2023-02-16 14:30:48.434000,1.34343,1.34339,3600000,1200000
2023-02-16 14:30:48.537000,1.34345,1.34336,4500000,4500000
2023-02-16 14:30:48.791000,1.34346,1.34338,7170000,3600000
2023-02-16 14:30:48.944000,1.34345,1.34339,3820000,1200000
2023-02-16 14:30:49.046000,1.34346,1.34337,1120000,4500000
2023-02-16 14:30:49.250000,1.34344,1.34338,3600000,3600000
2023-02-16 14:30:49.656000,1.34343,1.34337,3600000,4500000
2023-02-16 14:30:49.758000,1.34342,1.34336,3600000,3600000
2023-02-16 14:30:49.860000,1.34341,1.34335,4720000,3600000
2023-02-16 14:30:49.962000,1.34341,1.34334,3300000,4050000
2023-02-16 14:30:50.216000,1.34341,1.34334,3820000,4500000
2023-02-16 14:30:50.521000,1.3434,1.34334,3300000,4500000
2023-02-16 14:30:51.457000,1.34341,1.34334,3670000,4500000
2023-02-16 14:30:51.711000,1.3434,1.34334,3300000,3600000
2023-02-16 14:30:52.210000,1.34341,1.34334,5550000,3600000
2023-02-16 14:30:52.667000,1.3434,1.34333,3820000,3600000
2023-02-16 14:30:52.769000,1.34338,1.34333,1200000,3600000
2023-02-16 14:30:52.941000,1.34338,1.34332,1350000,3600000
2023-02-16 14:30:52.992000,1.34335,1.3433,3820000,1200000
2023-02-16 14:30:53.094000,1.34335,1.34329,3820000,3600000
2023-02-16 14:30:53.348000,1.34336,1.34329,3820000,4500000
2023-02-16 14:30:53.450000,1.34335,1.34329,3600000,4500000
2023-02-16 14:30:53.552000,1.34337,1.3433,5550000,3600000
2023-02-16 14:30:54.588000,1.34336,1.34329,5620000,4050000
2023-02-16 14:30:54.690000,1.34338,1.3433,3790000,3600000
2023-02-16 14:30:54.842000,1.34336,1.3433,3600000,3600000
2023-02-16 14:30:54.995000,1.34335,1.34328,3600000,3600000
2023-02-16 14:30:55.097000,1.34335,1.34327,5170000,3600000
2023-02-16 14:30:55.199000,1.34334,1.34323,4970000,4500000
2023-02-16 14:30:55.301000,1.34332,1.34324,4720000,3600000
2023-02-16 14:30:55.403000,1.34331,1.34326,1200000,1200000
2023-02-16 14:30:55.855000,1.34336,1.34329,4420000,3600000
2023-02-16 14:30:56.059000,1.34334,1.34327,6070000,3600000
2023-02-16 14:30:56.162000,1.34333,1.34327,5850000,3600000
2023-02-16 14:30:56.315000,1.34333,1.34326,2250000,4050000
2023-02-16 14:30:56.417000,1.34332,1.34326,3600000,3600000
2023-02-16 14:30:56.519000,1.34329,1.34322,1200000,3600000
2023-02-16 14:30:56.621000,1.34328,1.34322,3820000,3600000
2023-02-16 14:30:56.674000,1.34328,1.3432,2920000,4050000
2023-02-16 14:30:57.250000,1.34327,1.34318,2170000,5400000
2023-02-16 14:30:57.301000,1.34327,1.34322,4500000,1100000
2023-02-16 14:30:57.403000,1.34326,1.34322,3600000,1100000
2023-02-16 14:30:57.616000,1.34327,1.34322,1120000,1100000
2023-02-16 14:30:57.870000,1.34328,1.34319,2020000,4500000
2023-02-16 14:30:57.921000,1.34325,1.3432,1200000,1200000
2023-02-16 14:30:58.023000,1.34325,1.34319,4720000,1200000
2023-02-16 14:30:58.125000,1.34327,1.34321,6070000,1100000
2023-02-16 14:30:58.444000,1.34326,1.34319,4950000,3600000
2023-02-16 14:30:58.698000,1.34326,1.34321,3300000,1200000
2023-02-16 14:30:58.800000,1.34327,1.34321,4500000,1200000
2023-02-16 14:30:58.903000,1.3433,1.34324,3600000,3600000
2023-02-16 14:30:59.055000,1.34331,1.34324,1120000,3600000
2023-02-16 14:30:59.157000,1.34333,1.34323,5170000,3600000
2023-02-16 14:30:59.317000,1.34331,1.34324,4720000,3600000
2023-02-16 14:30:59.419000,1.34332,1.34324,4270000,3600000
2023-02-16 14:30:59.724000,1.34332,1.34324,3670000,3600000
2023-02-16 14:30:59.826000,1.3433,1.34324,3820000,3600000
2023-02-16 14:31:00.586000,1.34332,1.34325,5920000,3600000
2023-02-16 14:31:00.688000,1.34332,1.34325,3600000,3600000
2023-02-16 14:31:00.790000,1.34333,1.34326,3820000,3600000
2023-02-16 14:31:01.105000,1.34334,1.34325,5920000,3600000
2023-02-16 14:31:02.335000,1.34333,1.34326,4270000,3600000
2023-02-16 14:31:02.437000,1.34333,1.34325,4270000,3600000
2023-02-16 14:31:02.543000,1.34332,1.34325,1300000,3600000
2023-02-16 14:31:02.646000,1.34332,1.34324,1800000,3600000
2023-02-16 14:31:02.748000,1.34332,1.34323,4800000,3600000
2023-02-16 14:31:02.850000,1.34331,1.34323,1570000,3600000
2023-02-16 14:31:02.997000,1.34332,1.34323,4270000,3600000
2023-02-16 14:31:03.099000,1.34331,1.34324,3670000,3600000
2023-02-16 14:31:03.201000,1.34331,1.34325,3600000,3600000
2023-02-16 14:31:03.303000,1.34333,1.34325,4050000,3600000
2023-02-16 14:31:03.455000,1.34333,1.34325,4720000,3600000
2023-02-16 14:31:03.557000,1.34333,1.34325,3600000,3600000
2023-02-16 14:31:05.079000,1.34336,1.3433,1900000,3600000
2023-02-16 14:31:05.181000,1.3434,1.34334,3600000,1200000
2023-02-16 14:31:05.284000,1.34341,1.34334,3600000,4500000
2023-02-16 14:31:05.387000,1.34343,1.34333,3820000,4500000
2023-02-16 14:31:05.489000,1.34343,1.34333,4050000,3600000
2023-02-16 14:31:05.591000,1.3434,1.34334,3820000,3600000
2023-02-16 14:31:05.693000,1.34341,1.34332,3300000,3600000
2023-02-16 14:31:05.846000,1.34337,1.34331,2100000,3600000
2023-02-16 14:31:05.948000,1.34334,1.34327,4270000,3600000
2023-02-16 14:31:06.101000,1.34333,1.34327,3600000,3600000
2023-02-16 14:31:06.203000,1.34334,1.34327,4950000,3600000
2023-02-16 14:31:06.255000,1.34334,1.34325,5850000,4500000
2023-02-16 14:31:06.306000,1.34332,1.34326,3600000,3600000
2023-02-16 14:31:06.408000,1.34334,1.34325,7650000,3600000
2023-02-16 14:31:06.561000,1.34336,1.34326,4420000,3600000
2023-02-16 14:31:06.713000,1.34335,1.34326,5170000,3600000
2023-02-16 14:31:07.068000,1.34333,1.34327,3600000,3600000
2023-02-16 14:31:07.170000,1.34334,1.34326,3820000,3600000
2023-02-16 14:31:07.373000,1.34333,1.34326,1120000,3600000
2023-02-16 14:31:07.931000,1.34334,1.34325,6300000,3600000
2023-02-16 14:31:08.185000,1.34333,1.34326,1120000,3600000
2023-02-16 14:31:08.287000,1.34332,1.34325,1300000,3600000
2023-02-16 14:31:08.389000,1.34331,1.34325,5170000,3600000
2023-02-16 14:31:08.542000,1.34329,1.34323,1200000,1120000
2023-02-16 14:31:08.644000,1.34329,1.34322,1120000,3600000
2023-02-16 14:31:08.746000,1.34332,1.34324,4050000,3600000
2023-02-16 14:31:08.848000,1.34331,1.34325,3820000,3600000
2023-02-16 14:31:09,1.34333,1.34324,5170000,3600000
2023-02-16 14:31:09.412000,1.34332,1.34325,3820000,3600000
2023-02-16 14:31:09.641000,1.34332,1.34325,4800000,3600000
2023-02-16 14:31:09.743000,1.34332,1.34324,5550000,3600000
2023-02-16 14:31:09.847000,1.3433,1.34324,1200000,3600000
2023-02-16 14:31:10.554000,1.3433,1.34324,2290000,3600000
2023-02-16 14:31:10.606000,1.34327,1.3432,1200000,3970000
2023-02-16 14:31:10.708000,1.34326,1.34321,1200000,4050000
2023-02-16 14:31:11.679000,1.34327,1.34321,1200000,3600000
2023-02-16 14:31:11.731000,1.34325,1.34318,1350000,4500000
2023-02-16 14:31:11.782000,1.34323,1.34318,1200000,1200000
2023-02-16 14:31:11.884000,1.34323,1.34317,5400000,3600000
2023-02-16 14:31:11.986000,1.34321,1.34317,1200000,3600000
2023-02-16 14:31:12.291000,1.34321,1.34316,1200000,3600000
2023-02-16 14:31:12.393000,1.34321,1.34315,1720000,3600000
2023-02-16 14:31:12.749000,1.34322,1.34314,1800000,3600000
2023-02-16 14:31:13.055000,1.34318,1.34311,4720000,6750000
2023-02-16 14:31:13.157000,1.34309,1.34305,3600000,1800000
2023-02-16 14:31:13.209000,1.34312,1.34306,1200000,3600000
2023-02-16 14:31:13.311000,1.34312,1.34306,1200000,3600000
2023-02-16 14:31:13.496000,1.34307,1.34304,4050000,1800000
2023-02-16 14:31:13.548000,1.34304,1.34299,1200000,4500000
2023-02-16 14:31:13.599000,1.34307,1.34302,1800000,3600000
2023-02-16 14:31:13.650000,1.34308,1.34301,4720000,3600000
2023-02-16 14:31:13.753000,1.3431,1.34302,4540000,3600000
2023-02-16 14:31:13.905000,1.3431,1.34302,1120000,4050000
2023-02-16 14:31:14.007000,1.34308,1.34302,4500000,4050000
2023-02-16 14:31:14.160000,1.34308,1.34301,1200000,4950000
2023-02-16 14:31:14.313000,1.34308,1.34302,1200000,3600000
2023-02-16 14:31:14.415000,1.3431,1.34303,1120000,3600000
2023-02-16 14:31:14.516000,1.34309,1.34303,3600000,3600000
2023-02-16 14:31:15.226000,1.34309,1.34304,3600000,1200000
2023-02-16 14:31:15.328000,1.34313,1.34304,4500000,1200000
2023-02-16 14:31:15.379000,1.34312,1.34307,1200000,3600000
2023-02-16 14:31:15.481000,1.34314,1.34307,4500000,3600000
2023-02-16 14:31:15.583000,1.34313,1.34307,1200000,3600000
2023-02-16 14:31:17.683000,1.34314,1.34308,1200000,3600000
2023-02-16 14:31:17.785000,1.34314,1.34309,1200000,3600000
2023-02-16 14:31:17.887000,1.34318,1.34312,2100000,1350000
2023-02-16 14:31:17.989000,1.34323,1.34315,3600000,3600000
2023-02-16 14:31:18.091000,1.34324,1.34316,8500000,3600000
2023-02-16 14:31:18.193000,1.34324,1.34315,5170000,3600000
2023-02-16 14:31:18.346000,1.34324,1.34316,5170000,3600000
2023-02-16 14:31:18.654000,1.34324,1.34315,5170000,3600000
2023-02-16 14:31:18.861000,1.34322,1.34315,3600000,3600000
2023-02-16 14:31:19.065000,1.34322,1.34316,3600000,3600000
2023-02-16 14:31:19.892000,1.34323,1.34316,3600000,3600000
2023-02-16 14:31:21.410000,1.34324,1.34313,4050000,3600000
2023-02-16 14:31:21.614000,1.34322,1.34315,4050000,3600000
2023-02-16 14:31:21.767000,1.3432,1.34313,3600000,3600000
2023-02-16 14:31:21.869000,1.34322,1.34314,4050000,3600000
2023-02-16 14:31:22.021000,1.34322,1.34315,4050000,3600000
2023-02-16 14:31:23.268000,1.34323,1.34316,4050000,3600000
2023-02-16 14:31:23.369000,1.34324,1.34317,4500000,3600000
2023-02-16 14:31:23.674000,1.34324,1.34315,8320000,3600000
2023-02-16 14:31:23.877000,1.34323,1.34316,3600000,3600000
2023-02-16 14:31:25.301000,1.34324,1.34313,5620000,3600000
2023-02-16 14:31:25.403000,1.34323,1.34314,3600000,3600000
2023-02-16 14:31:25.505000,1.34323,1.34316,3600000,3600000
2023-02-16 14:31:25.996000,1.34324,1.34316,4500000,1200000
2023-02-16 14:31:26.098000,1.34327,1.34318,4950000,6390000
2023-02-16 14:31:26.201000,1.3433,1.34323,4050000,3600000
2023-02-16 14:31:26.303000,1.34328,1.34322,3600000,3600000
2023-02-16 14:31:26.405000,1.34329,1.34322,3600000,3600000
2023-02-16 14:31:26.626000,1.34329,1.34322,3600000,3600000
2023-02-16 14:31:26.728000,1.34329,1.34322,3600000,5400000
2023-02-16 14:31:26.831000,1.34331,1.34325,3600000,3600000
2023-02-16 14:31:27.237000,1.34331,1.34324,3600000,3600000
2023-02-16 14:31:27.339000,1.34331,1.34325,3600000,3600000
2023-02-16 14:31:27.542000,1.34332,1.34326,5400000,3600000
2023-02-16 14:31:27.695000,1.34332,1.34325,4950000,3600000
2023-02-16 14:31:27.899000,1.34332,1.34326,3600000,3600000
