time,ask,bid,ask_volume,bid_volume
2018-03-23 13:55:00.274000,1.05187,1.05184,4390000,1000000
2018-03-23 13:55:00.534000,1.05188,1.05185,1000000,1100000
2018-03-23 13:55:02.145000,1.05189,1.05186,1000000,2320000
2018-03-23 13:55:03.104000,1.0519,1.05187,2060000,1350000
2018-03-23 13:55:03.334000,1.05191,1.05188,1310000,1300000
2018-03-23 13:55:03.596000,1.05193,1.0519,4760000,1000000
2018-03-23 13:55:04.130000,1.05194,1.0519,2060000,7570000
2018-03-23 13:55:04.643000,1.05196,1.05194,1310000,1000000
2018-03-23 13:55:05.249000,1.05197,1.05193,2060000,1570000
2018-03-23 13:55:05.698000,1.05195,1.05192,2440000,1000000
2018-03-23 13:55:05.910000,1.05193,1.0519,1690000,1000000
2018-03-23 13:55:06.526000,1.05193,1.0519,2440000,1100000
2018-03-23 13:55:07.063000,1.05193,1.0519,1690000,1570000
2018-03-23 13:55:10.255000,1.05194,1.05191,2890000,1000000
2018-03-23 13:55:10.600000,1.05195,1.05192,1570000,1000000
2018-03-23 13:55:11.118000,1.05196,1.05193,1120000,1500000
2018-03-23 13:55:11.854000,1.05195,1.05192,1000000,3450000
2018-03-23 13:55:12.222000,1.05197,1.05194,1390000,1000000
2018-03-23 13:55:12.769000,1.05198,1.05195,1010000,2250000
2018-03-23 13:55:13.300000,1.05198,1.05195,2510000,1000000
2018-03-23 13:55:13.827000,1.05198,1.05195,1690000,1000000
2018-03-23 13:55:14.369000,1.05195,1.05193,1250000,1100000
2018-03-23 13:55:14.892000,1.05196,1.05193,1120000,1000000
2018-03-23 13:55:15.477000,1.05196,1.05192,1690000,3450000
2018-03-23 13:55:15.809000,1.05195,1.05191,3370000,3260000
2018-03-23 13:55:15.912000,1.05193,1.0519,1250000,2320000
2018-03-23 13:55:16.016000,1.05192,1.0519,1620000,1500000
2018-03-23 13:55:16.222000,1.05191,1.05188,1310000,1500000
2018-03-23 13:55:16.770000,1.05193,1.05189,2140000,4500000
2018-03-23 13:55:17.246000,1.05194,1.05191,2060000,1000000
2018-03-23 13:55:17.678000,1.05195,1.05192,1310000,2250000
2018-03-23 13:55:17.732000,1.05196,1.05194,1390000,1000000
2018-03-23 13:55:18.282000,1.05197,1.05194,2890000,1500000
2018-03-23 13:55:18.892000,1.05196,1.05193,2060000,1500000
2018-03-23 13:55:19.478000,1.05195,1.05192,1310000,1120000
2018-03-23 13:55:19.803000,1.05194,1.0519,3940000,4010000
2018-03-23 13:55:22.216000,1.05195,1.05192,2890000,1500000
2018-03-23 13:55:22.684000,1.05198,1.05195,4010000,2250000
2018-03-23 13:55:22.839000,1.05199,1.05196,2320000,1250000
2018-03-23 13:55:23.348000,1.05199,1.05197,1000000,1500000
2018-03-23 13:55:23.505000,1.05198,1.05195,1690000,1000000
2018-03-23 13:55:24.056000,1.05199,1.05196,2140000,1000000
2018-03-23 13:55:24.575000,1.05199,1.05195,2890000,4870000
2018-03-23 13:55:25.093000,1.05199,1.05196,1690000,1500000
2018-03-23 13:55:26.130000,1.05199,1.05196,2440000,2250000
2018-03-23 13:55:26.386000,1.05197,1.05194,1250000,3070000
2018-03-23 13:55:26.898000,1.05194,1.05193,1000000,1000000
2018-03-23 13:55:26.950000,1.05194,1.05191,1000000,3820000
2018-03-23 13:55:27.601000,1.05193,1.0519,1000000,5320000
2018-03-23 13:55:28.250000,1.05193,1.05191,1250000,1000000
2018-03-23 13:55:28.354000,1.05195,1.05192,2700000,1500000
2018-03-23 13:55:28.863000,1.05196,1.05193,1690000,1500000
2018-03-23 13:55:29.382000,1.05197,1.05194,2140000,1000000
2018-03-23 13:55:29.591000,1.05194,1.05193,1250000,1500000
2018-03-23 13:55:29.644000,1.05194,1.05191,1690000,1500000
2018-03-23 13:55:29.816000,1.05189,1.05187,3410000,1000000
2018-03-23 13:55:30.025000,1.05187,1.05185,1690000,1000000
2018-03-23 13:55:30.267000,1.05185,1.05182,2060000,1500000
2018-03-23 13:55:31.288000,1.05184,1.05181,1250000,4120000
2018-03-23 13:55:31.633000,1.05185,1.05183,1870000,1000000
2018-03-23 13:55:31.844000,1.05187,1.05184,3820000,4500000
2018-03-23 13:55:32.644000,1.05188,1.05185,2510000,1000000
2018-03-23 13:55:32.995000,1.0519,1.05187,2890000,1000000
2018-03-23 13:55:33.305000,1.05186,1.05185,2440000,1000000
2018-03-23 13:55:33.423000,1.05186,1.05183,2060000,1000000
2018-03-23 13:55:34.285000,1.05185,1.05182,1000000,1120000
2018-03-23 13:55:34.804000,1.05186,1.05184,1010000,1000000
2018-03-23 13:55:35.355000,1.05188,1.05185,2890000,1000000
2018-03-23 13:55:35.933000,1.05188,1.05185,1760000,1000000
2018-03-23 13:55:36.297000,1.05187,1.05184,2140000,1000000
2018-03-23 13:55:36.824000,1.05186,1.05183,1010000,1120000
2018-03-23 13:55:37.652000,1.05185,1.05183,1310000,1000000
2018-03-23 13:55:37.971000,1.05178,1.05175,1690000,1230000
2018-03-23 13:55:38.254000,1.0518,1.05178,5140000,1000000
2018-03-23 13:55:38.306000,1.05179,1.05177,1190000,1000000
2018-03-23 13:55:38.512000,1.0518,1.05178,1100000,1000000
2018-03-23 13:55:39.059000,1.05181,1.05178,1760000,3370000
2018-03-23 13:55:39.163000,1.05179,1.05177,1690000,1870000
2018-03-23 13:55:39.215000,1.05179,1.05176,1690000,2320000
2018-03-23 13:55:39.371000,1.0518,1.05177,3450000,1250000
2018-03-23 13:55:39.423000,1.05179,1.05177,1690000,1000000
2018-03-23 13:55:39.476000,1.05181,1.05178,5890000,1500000
2018-03-23 13:55:39.984000,1.05181,1.05177,3640000,3370000
2018-03-23 13:55:40.038000,1.05182,1.05179,5140000,1000000
2018-03-23 13:55:40.542000,1.0518,1.05178,1250000,1000000
2018-03-23 13:55:41.064000,1.05179,1.05178,1250000,1000000
2018-03-23 13:55:41.570000,1.0518,1.05177,2890000,1000000
2018-03-23 13:55:42.008000,1.05181,1.05179,2890000,1000000
2018-03-23 13:55:42.510000,1.05182,1.05179,2700000,1000000
2018-03-23 13:55:42.774000,1.05183,1.0518,1200000,2060000
2018-03-23 13:55:43.275000,1.05184,1.05181,1100000,1120000
2018-03-23 13:55:44.417000,1.05182,1.0518,2250000,1000000
2018-03-23 13:55:44.469000,1.05181,1.05178,1310000,1200000
2018-03-23 13:55:45.016000,1.05181,1.05178,2890000,1000000
2018-03-23 13:55:45.355000,1.05182,1.0518,1570000,1000000
2018-03-23 13:55:45.885000,1.05182,1.0518,1100000,1000000
2018-03-23 13:55:46.473000,1.05183,1.0518,1010000,1000000
2018-03-23 13:55:46.985000,1.05184,1.05181,4390000,1000000
2018-03-23 13:55:48.087000,1.05183,1.0518,1310000,1500000
2018-03-23 13:55:48.927000,1.05182,1.05179,1310000,2620000
2018-03-23 13:55:49.241000,1.0518,1.05177,2890000,1000000
2018-03-23 13:55:49.790000,1.05179,1.05176,3640000,1500000
2018-03-23 13:55:50.849000,1.05178,1.05175,2810000,2240000
2018-03-23 13:55:51.157000,1.05175,1.05172,2140000,1000000
2018-03-23 13:55:51.649000,1.05176,1.05174,1390000,1000000
2018-03-23 13:55:52.069000,1.05179,1.05176,1250000,1500000
2018-03-23 13:55:53.153000,1.05179,1.05176,1690000,1950000
2018-03-23 13:55:53.732000,1.05176,1.05175,1250000,1000000
2018-03-23 13:55:54.276000,1.05177,1.05174,5960000,1000000
2018-03-23 13:55:55.240000,1.05177,1.05174,1200000,2250000
2018-03-23 13:55:55.797000,1.05177,1.05174,1760000,1000000
2018-03-23 13:55:56.210000,1.05179,1.05176,7390000,1000000
2018-03-23 13:55:56.868000,1.05179,1.05177,2510000,1000000
2018-03-23 13:55:57.147000,1.05182,1.0518,1570000,1500000
2018-03-23 13:55:57.357000,1.05184,1.05181,1390000,1500000
2018-03-23 13:55:57.907000,1.05172,1.0517,2620000,1000000
2018-03-23 13:55:58.224000,1.05168,1.05165,5890000,1000000
2018-03-23 13:55:58.551000,1.05163,1.0516,1760000,1000000
2018-03-23 13:55:59.235000,1.05163,1.05161,1470000,1000000
2018-03-23 13:55:59.542000,1.05164,1.05162,2890000,1000000
2018-03-23 13:55:59.858000,1.05164,1.05161,4010000,1000000
2018-03-23 13:56:00.672000,1.05165,1.05163,4390000,1000000
2018-03-23 13:56:00.725000,1.05166,1.05163,2620000,1000000
2018-03-23 13:56:00.902000,1.05166,1.05165,1120000,1000000
2018-03-23 13:56:01.312000,1.05168,1.05165,2890000,1500000
2018-03-23 13:56:01.657000,1.0517,1.05167,2060000,1000000
2018-03-23 13:56:02.269000,1.0517,1.05167,1310000,1000000
2018-03-23 13:56:02.583000,1.05172,1.05169,2890000,1000000
2018-03-23 13:56:03.080000,1.05173,1.05169,1690000,1950000
2018-03-23 13:56:03.133000,1.05174,1.05171,1760000,1000000
2018-03-23 13:56:03.546000,1.05175,1.05174,1100000,1000000
2018-03-23 13:56:04.249000,1.05177,1.05174,1310000,1120000
2018-03-23 13:56:04.367000,1.05176,1.05174,1190000,1120000
2018-03-23 13:56:04.496000,1.05177,1.05174,1310000,1120000
2018-03-23 13:56:05.024000,1.05178,1.05174,2060000,2320000
2018-03-23 13:56:05.533000,1.05178,1.05175,1310000,1000000
2018-03-23 13:56:05.647000,1.05172,1.05169,3560000,1570000
2018-03-23 13:56:05.961000,1.05173,1.05169,1390000,4120000
2018-03-23 13:56:06.498000,1.05172,1.05169,1000000,3750000
2018-03-23 13:56:07.109000,1.05173,1.0517,1010000,1000000
2018-03-23 13:56:07.630000,1.05172,1.05169,1250000,2700000
2018-03-23 13:56:07.681000,1.05174,1.05171,3640000,1000000
2018-03-23 13:56:09.510000,1.05174,1.05171,1250000,1870000
2018-03-23 13:56:09.821000,1.05176,1.05173,4310000,1000000
2018-03-23 13:56:10.626000,1.05174,1.05172,1190000,1000000
2018-03-23 13:56:11.157000,1.05175,1.05172,3560000,1000000
2018-03-23 13:56:11.685000,1.05174,1.05171,1190000,1950000
2018-03-23 13:56:12.229000,1.05173,1.05171,1190000,1500000
2018-03-23 13:56:12.738000,1.05174,1.05171,2810000,1000000
2018-03-23 13:56:13.268000,1.05175,1.05171,4460000,1120000
2018-03-23 13:56:13.773000,1.05174,1.05171,1310000,1120000
2018-03-23 13:56:14.292000,1.05175,1.05171,4460000,1120000
2018-03-23 13:56:14.826000,1.05175,1.05172,3640000,1000000
2018-03-23 13:56:15.349000,1.05174,1.05171,1310000,1950000
2018-03-23 13:56:18.306000,1.05174,1.05172,1310000,1000000
2018-03-23 13:56:18.814000,1.05175,1.05172,3560000,1000000
2018-03-23 13:56:19.355000,1.05176,1.05173,1690000,1000000
2018-03-23 13:56:19.461000,1.05179,1.05176,2440000,1500000
2018-03-23 13:56:19.589000,1.0518,1.05179,2060000,1000000
2018-03-23 13:56:19.641000,1.05182,1.05179,1250000,1120000
2018-03-23 13:56:19.796000,1.05181,1.05178,2810000,1570000
2018-03-23 13:56:20.307000,1.05181,1.05179,1120000,1000000
2018-03-23 13:56:20.873000,1.05181,1.05178,2060000,1000000
2018-03-23 13:56:21.225000,1.05183,1.0518,2700000,1120000
2018-03-23 13:56:21.534000,1.05186,1.05183,1950000,1000000
2018-03-23 13:56:21.637000,1.05187,1.05183,3070000,1120000
2018-03-23 13:56:21.843000,1.05188,1.05186,1950000,1000000
2018-03-23 13:56:22.124000,1.05191,1.05189,1950000,1000000
2018-03-23 13:56:22.226000,1.05195,1.05193,1870000,1000000
2018-03-23 13:56:22.758000,1.05196,1.05193,2620000,1310000
2018-03-23 13:56:23.274000,1.05196,1.05193,1500000,2060000
2018-03-23 13:56:23.659000,1.05198,1.05195,2620000,1690000
2018-03-23 13:56:24.060000,1.05198,1.05194,4200000,1120000
2018-03-23 13:56:24.572000,1.05196,1.05194,1000000,1120000
2018-03-23 13:56:24.676000,1.05195,1.05192,1120000,2140000
2018-03-23 13:56:25.193000,1.05195,1.05192,1120000,2060000
2018-03-23 13:56:25.536000,1.05197,1.05195,1500000,1250000
2018-03-23 13:56:25.590000,1.05199,1.05197,1570000,1000000
2018-03-23 13:56:26.117000,1.05199,1.05196,3070000,1000000
2018-03-23 13:56:27.295000,1.05197,1.05194,1120000,1100000
2018-03-23 13:56:27.975000,1.05198,1.05195,3970000,1250000
2018-03-23 13:56:28.494000,1.05197,1.05194,1870000,1120000
2018-03-23 13:56:29.190000,1.05196,1.05193,1000000,1760000
2018-03-23 13:56:29.717000,1.05197,1.05194,1120000,1250000
2018-03-23 13:56:30.028000,1.05198,1.05197,1000000,1250000
2018-03-23 13:56:30.231000,1.05202,1.05198,7610000,1500000
2018-03-23 13:56:30.742000,1.052,1.05197,1000000,3260000
2018-03-23 13:56:30.896000,1.05198,1.05195,5850000,2320000
2018-03-23 13:56:31.091000,1.05197,1.05194,1000000,1250000
2018-03-23 13:56:31.194000,1.05198,1.05196,2320000,1190000
2018-03-23 13:56:31.297000,1.052,1.05196,4950000,2060000
2018-03-23 13:56:31.848000,1.05201,1.05199,2320000,1000000
2018-03-23 13:56:32.359000,1.05202,1.05199,1120000,1310000
2018-03-23 13:56:33.678000,1.05201,1.05198,2000000,1100000
2018-03-23 13:56:34.218000,1.05201,1.05198,2620000,1250000
2018-03-23 13:56:34.424000,1.05202,1.05199,1120000,1690000
2018-03-23 13:56:34.682000,1.05203,1.052,4570000,5440000
2018-03-23 13:56:34.994000,1.05207,1.05204,5140000,1000000
2018-03-23 13:56:35.495000,1.05205,1.05203,1000000,1000000
2018-03-23 13:56:36.005000,1.05206,1.05203,2250000,1000000
2018-03-23 13:56:36.583000,1.05207,1.05204,7050000,1000000
2018-03-23 13:56:37.185000,1.05208,1.05205,1870000,1250000
2018-03-23 13:56:37.447000,1.05211,1.05207,9860000,1310000
2018-03-23 13:56:37.958000,1.05209,1.05206,3220000,1310000
2018-03-23 13:56:38.465000,1.05206,1.05205,1120000,1000000
2018-03-23 13:56:38.568000,1.05203,1.05201,1870000,1000000
2018-03-23 13:56:38.671000,1.05202,1.05199,5170000,1000000
2018-03-23 13:56:39.196000,1.05201,1.05198,1000000,2060000
2018-03-23 13:56:39.834000,1.05202,1.05199,1570000,1310000
2018-03-23 13:56:39.992000,1.05201,1.052,1000000,1310000
2018-03-23 13:56:40.513000,1.052,1.05199,1000000,1310000
2018-03-23 13:56:41.063000,1.05201,1.05199,1000000,1310000
2018-03-23 13:56:41.272000,1.05203,1.05202,1120000,1000000
2018-03-23 13:56:41.609000,1.05201,1.05199,1000000,4310000
2018-03-23 13:56:41.816000,1.05202,1.05198,1140000,2440000
2018-03-23 13:56:42.732000,1.05202,1.05199,1200000,1690000
2018-03-23 13:56:43.251000,1.05202,1.05199,1200000,1000000
2018-03-23 13:56:43.824000,1.05202,1.05198,4200000,1310000
2018-03-23 13:56:44.446000,1.05201,1.05198,1000000,2060000
2018-03-23 13:56:44.797000,1.052,1.05197,2250000,1690000
2018-03-23 13:56:45.314000,1.05199,1.05196,1500000,1690000
2018-03-23 13:56:45.646000,1.05201,1.05198,1950000,1310000
2018-03-23 13:56:46.260000,1.05202,1.05199,1950000,1250000
2018-03-23 13:56:47.120000,1.05202,1.05199,1500000,1690000
2018-03-23 13:56:47.791000,1.05202,1.05199,1870000,1250000
2018-03-23 13:56:48.703000,1.052,1.05196,5620000,2510000
2018-03-23 13:56:48.811000,1.05197,1.05194,1870000,1760000
2018-03-23 13:56:49.101000,1.05195,1.05193,1000000,1000000
2018-03-23 13:56:49.211000,1.05195,1.05192,1000000,1250000
2018-03-23 13:56:49.775000,1.05195,1.05192,1000000,1690000
2018-03-23 13:56:51.077000,1.05195,1.05192,2620000,1010000
2018-03-23 13:56:51.508000,1.05195,1.05193,1000000,1690000
2018-03-23 13:56:51.953000,1.05198,1.05195,2320000,1000000
2018-03-23 13:56:52.830000,1.05198,1.05194,2620000,2510000
2018-03-23 13:56:53.335000,1.05197,1.05194,1000000,1690000
2018-03-23 13:56:54.201000,1.05197,1.05194,1120000,1690000
2018-03-23 13:56:54.717000,1.05196,1.05194,1000000,1190000
2018-03-23 13:56:55.101000,1.05198,1.05196,1120000,1250000
2018-03-23 13:56:55.206000,1.05199,1.05197,1000000,2440000
2018-03-23 13:56:55.808000,1.052,1.05197,1000000,5140000
2018-03-23 13:56:56.358000,1.05201,1.05198,1500000,1310000
2018-03-23 13:56:56.893000,1.05201,1.05197,1870000,3640000
2018-03-23 13:56:57.282000,1.05199,1.05196,1870000,2140000
2018-03-23 13:56:57.794000,1.052,1.05196,1120000,3260000
2018-03-23 13:56:58.121000,1.052,1.05198,1000000,1310000
2018-03-23 13:56:58.646000,1.05201,1.05199,1950000,1190000
2018-03-23 13:56:58.801000,1.05202,1.05201,1950000,1250000
2018-03-23 13:56:59.161000,1.05204,1.052,2700000,2440000
2018-03-23 13:56:59.322000,1.05205,1.05202,2320000,1690000
2018-03-23 13:56:59.633000,1.05202,1.05199,1000000,5510000
2018-03-23 13:57:01.417000,1.05202,1.05199,1500000,1690000
2018-03-23 13:57:01.982000,1.05201,1.05197,4690000,2890000
2018-03-23 13:57:02.236000,1.05199,1.05196,1120000,2810000
2018-03-23 13:57:03.009000,1.05198,1.05196,3370000,1000000
2018-03-23 13:57:03.146000,1.05198,1.05194,4950000,1690000
2018-03-23 13:57:03.252000,1.05195,1.05192,1000000,2510000
2018-03-23 13:57:03.756000,1.05194,1.05191,1000000,1120000
2018-03-23 13:57:04.275000,1.05195,1.05192,2820000,1310000
2018-03-23 13:57:04.776000,1.05196,1.05193,1120000,1310000
2018-03-23 13:57:05.841000,1.05196,1.05192,2250000,1570000
2018-03-23 13:57:06.375000,1.05196,1.05193,2620000,1000000
2018-03-23 13:57:06.682000,1.05192,1.05188,3370000,4950000
2018-03-23 13:57:07.100000,1.0519,1.05187,1120000,1250000
2018-03-23 13:57:07.620000,1.05189,1.05186,1120000,2060000
2018-03-23 13:57:08.136000,1.05189,1.05185,2700000,1250000
2018-03-23 13:57:08.928000,1.05189,1.05185,3070000,1250000
2018-03-23 13:57:09.723000,1.05186,1.05183,1000000,1390000
2018-03-23 13:57:10.264000,1.05185,1.05182,1500000,1250000
2018-03-23 13:57:10.781000,1.05186,1.05182,2250000,1760000
2018-03-23 13:57:11.316000,1.05185,1.05182,1120000,1310000
2018-03-23 13:57:11.625000,1.05183,1.0518,1870000,1500000
2018-03-23 13:57:11.942000,1.05181,1.05178,1000000,2700000
2018-03-23 13:57:12.731000,1.05181,1.05177,2250000,1390000
2018-03-23 13:57:13.246000,1.0518,1.05177,1000000,1310000
2018-03-23 13:57:13.909000,1.0518,1.05178,1000000,1000000
2018-03-23 13:57:14.065000,1.05182,1.05179,1950000,1250000
2018-03-23 13:57:14.566000,1.05183,1.0518,1100000,2060000
2018-03-23 13:57:15.116000,1.05183,1.0518,1100000,1310000
2018-03-23 13:57:15.642000,1.05181,1.05178,1000000,4930000
2018-03-23 13:57:15.949000,1.05182,1.05179,1120000,1690000
2018-03-23 13:57:16.222000,1.05188,1.05184,4570000,2440000
2018-03-23 13:57:16.273000,1.05186,1.05184,1000000,1690000
2018-03-23 13:57:16.735000,1.05188,1.05186,1120000,1250000
2018-03-23 13:57:17.268000,1.05189,1.05187,1000000,1000000
2018-03-23 13:57:18.215000,1.05191,1.05188,7570000,1250000
2018-03-23 13:57:18.764000,1.05191,1.05188,3190000,1000000
2018-03-23 13:57:20.230000,1.0519,1.05187,1000000,2060000
2018-03-23 13:57:20.761000,1.05189,1.05185,3000000,7550000
2018-03-23 13:57:20.865000,1.05189,1.05186,2700000,1120000
2018-03-23 13:57:21.020000,1.05187,1.05184,1000000,2510000
2018-03-23 13:57:21.557000,1.05188,1.05185,1870000,1250000
2018-03-23 13:57:22.325000,1.05188,1.05184,2700000,2440000
2018-03-23 13:57:22.849000,1.05187,1.05184,1000000,1690000
2018-03-23 13:57:23.912000,1.05188,1.05184,1200000,2440000
2018-03-23 13:57:24.448000,1.05188,1.05184,1120000,1760000
2018-03-23 13:57:24.954000,1.05188,1.05184,1120000,2510000
2018-03-23 13:57:25.938000,1.05188,1.05184,1870000,1760000
2018-03-23 13:57:26.613000,1.05188,1.05184,2700000,1690000
2018-03-23 13:57:27.856000,1.05188,1.05186,1950000,1000000
2018-03-23 13:57:28.009000,1.05187,1.05184,1000000,2440000
2018-03-23 13:57:28.164000,1.05185,1.05182,1870000,1000000
2018-03-23 13:57:28.702000,1.05186,1.05183,1570000,1250000
2018-03-23 13:57:29.309000,1.05187,1.05185,4570000,1000000
2018-03-23 13:57:29.829000,1.05186,1.05183,1120000,1870000
2018-03-23 13:57:30.142000,1.05185,1.05182,3370000,1500000
2018-03-23 13:57:30.576000,1.05183,1.0518,2250000,1570000
2018-03-23 13:57:31.099000,1.05183,1.05179,3070000,2060000
2018-03-23 13:57:31.150000,1.05181,1.05178,1500000,1570000
2018-03-23 13:57:32.144000,1.05178,1.05176,18750000,3070000
2018-03-23 13:57:32.301000,1.05173,1.05171,3370000,1100000
2018-03-23 13:57:32.457000,1.05171,1.05169,2250000,1000000
2018-03-23 13:57:32.607000,1.05171,1.05167,1950000,1310000
2018-03-23 13:57:32.818000,1.05172,1.0517,2320000,1250000
2018-03-23 13:57:33.213000,1.05174,1.05171,1950000,1250000
2018-03-23 13:57:34.036000,1.05173,1.0517,1950000,1000000
2018-03-23 13:57:34.813000,1.05174,1.05171,2320000,1000000
2018-03-23 13:57:36.091000,1.05173,1.0517,1120000,1000000
2018-03-23 13:57:36.144000,1.05171,1.05168,1000000,3440000
2018-03-23 13:57:36.198000,1.05171,1.05167,1250000,2510000
2018-03-23 13:57:36.780000,1.0517,1.05167,1000000,2510000
2018-03-23 13:57:38.107000,1.05171,1.05169,1120000,1250000
2018-03-23 13:57:38.210000,1.0517,1.05167,1000000,4310000
2018-03-23 13:57:39.246000,1.0517,1.05167,1000000,2060000
2018-03-23 13:57:39.770000,1.0517,1.05167,1120000,2140000
2018-03-23 13:57:40.283000,1.05169,1.05166,1500000,1250000
2018-03-23 13:57:40.939000,1.05169,1.05165,1870000,1760000
2018-03-23 13:57:41.305000,1.05169,1.05166,1370000,1690000
2018-03-23 13:57:41.841000,1.05169,1.05166,1000000,1250000
2018-03-23 13:57:42.648000,1.0517,1.05166,1950000,2060000
2018-03-23 13:57:43.168000,1.0517,1.05166,1950000,1310000
2018-03-23 13:57:43.685000,1.05168,1.05165,1870000,1200000
2018-03-23 13:57:44.202000,1.05167,1.05164,1000000,4570000
2018-03-23 13:57:44.574000,1.05169,1.05166,1120000,4690000
2018-03-23 13:57:45.089000,1.05169,1.05167,1120000,2810000
2018-03-23 13:57:45.691000,1.05171,1.05169,2320000,1250000
2018-03-23 13:57:45.743000,1.05173,1.0517,3070000,1250000
2018-03-23 13:57:46.137000,1.05174,1.0517,2250000,2890000
2018-03-23 13:57:46.553000,1.05175,1.05173,1500000,1190000
2018-03-23 13:57:46.795000,1.05178,1.05175,1120000,1010000
2018-03-23 13:57:47.213000,1.05179,1.05177,1500000,1000000
2018-03-23 13:57:47.738000,1.0518,1.05178,1000000,2440000
2018-03-23 13:57:47.792000,1.05182,1.05178,4200000,2440000
2018-03-23 13:57:48.316000,1.05181,1.05177,1500000,5740000
2018-03-23 13:57:48.516000,1.05182,1.05179,1120000,2060000
2018-03-23 13:57:48.938000,1.05184,1.05181,1500000,2440000
2018-03-23 13:57:50.131000,1.05184,1.05181,1000000,1690000
2018-03-23 13:57:50.641000,1.05184,1.05181,1000000,2440000
2018-03-23 13:57:51.178000,1.05185,1.05182,1000000,3190000
2018-03-23 13:57:51.491000,1.0519,1.05186,2700000,1690000
2018-03-23 13:57:51.597000,1.05188,1.05185,1000000,3640000
2018-03-23 13:57:52.113000,1.05187,1.05184,1000000,1250000
2018-03-23 13:57:52.636000,1.05186,1.05183,1000000,2440000
2018-03-23 13:57:53.148000,1.05186,1.05183,1000000,1250000
2018-03-23 13:57:53.666000,1.05185,1.05182,1000000,5140000
2018-03-23 13:57:54.181000,1.05184,1.05182,1000000,1250000
2018-03-23 13:57:54.958000,1.05184,1.05182,1000000,1190000
2018-03-23 13:57:55.495000,1.05184,1.05181,1000000,3450000
2018-03-23 13:57:56.021000,1.05185,1.05181,4950000,2810000
2018-03-23 13:57:56.177000,1.05179,1.05178,1120000,5600000
2018-03-23 13:57:56.229000,1.0518,1.05177,3450000,1690000
2018-03-23 13:57:56.748000,1.05179,1.05175,2250000,3260000
2018-03-23 13:57:57.280000,1.05179,1.05176,1500000,1690000
2018-03-23 13:57:57.857000,1.05178,1.05175,1000000,3260000
2018-03-23 13:57:58.493000,1.05179,1.05176,2250000,1250000
2018-03-23 13:57:58.648000,1.05179,1.05176,4200000,1250000
2018-03-23 13:57:59.856000,1.05177,1.05174,1120000,3640000
2018-03-23 13:58:00.368000,1.05178,1.05175,1500000,1190000
2018-03-23 13:58:00.904000,1.05177,1.05174,1120000,2060000
2018-03-23 13:58:05.811000,1.05177,1.05174,1120000,3640000
2018-03-23 13:58:06.124000,1.05174,1.05172,1000000,2880000
2018-03-23 13:58:06.732000,1.05174,1.05171,1000000,4010000
2018-03-23 13:58:07.280000,1.05173,1.05171,1000000,1690000
2018-03-23 13:58:07.790000,1.05174,1.05171,3000000,1690000
2018-03-23 13:58:08.074000,1.05173,1.0517,1500000,4310000
2018-03-23 13:58:08.177000,1.0517,1.05168,1120000,4550000
2018-03-23 13:58:08.381000,1.05169,1.05166,1120000,1000000
2018-03-23 13:58:08.718000,1.05168,1.05165,1500000,2060000
2018-03-23 13:58:09.227000,1.05168,1.05165,1120000,2060000
2018-03-23 13:58:09.764000,1.05169,1.05166,1950000,1000000
2018-03-23 13:58:10.437000,1.0517,1.05168,1100000,1120000
2018-03-23 13:58:10.645000,1.05172,1.05169,4950000,1120000
2018-03-23 13:58:11.137000,1.0517,1.05167,1500000,1870000
2018-03-23 13:58:11.291000,1.05169,1.05165,1200000,3000000
2018-03-23 13:58:11.497000,1.05167,1.05164,1000000,1310000
2018-03-23 13:58:11.972000,1.05165,1.05162,1000000,1870000
2018-03-23 13:58:12.512000,1.05166,1.05163,1200000,1120000
2018-03-23 13:58:12.870000,1.05164,1.05161,1000000,2810000
2018-03-23 13:58:13.025000,1.05161,1.05158,2140000,1000000
2018-03-23 13:58:13.334000,1.0516,1.05156,3820000,2060000
2018-03-23 13:58:13.796000,1.05161,1.05158,4390000,1000000
2018-03-23 13:58:14.318000,1.0516,1.05157,1000000,1690000
2018-03-23 13:58:14.831000,1.05161,1.05158,1100000,1120000
2018-03-23 13:58:15.361000,1.0516,1.05157,1250000,1870000
2018-03-23 13:58:16.996000,1.05159,1.05156,1000000,5510000
2018-03-23 13:58:17.048000,1.05159,1.05156,1000000,2440000
2018-03-23 13:58:17.517000,1.05161,1.05157,2510000,2060000
2018-03-23 13:58:17.811000,1.0516,1.05157,1000000,3560000
2018-03-23 13:58:17.915000,1.05161,1.05158,1120000,2810000
2018-03-23 13:58:18.020000,1.05163,1.05159,3070000,1310000
2018-03-23 13:58:18.134000,1.05163,1.0516,1100000,2440000
2018-03-23 13:58:18.649000,1.05164,1.0516,1570000,5440000
2018-03-23 13:58:19.259000,1.05164,1.05161,1570000,1250000
2018-03-23 13:58:19.573000,1.0516,1.05157,4500000,3070000
2018-03-23 13:58:20.113000,1.05162,1.05159,1200000,1870000
2018-03-23 13:58:20.423000,1.0516,1.05158,1500000,1120000
2018-03-23 13:58:20.959000,1.05161,1.05157,2320000,2060000
2018-03-23 13:58:21.489000,1.05162,1.05161,1100000,1250000
2018-03-23 13:58:21.542000,1.05164,1.05161,1570000,1250000
2018-03-23 13:58:22.089000,1.05165,1.05161,2510000,2060000
2018-03-23 13:58:22.663000,1.05164,1.05161,1000000,2060000
2018-03-23 13:58:23.044000,1.05167,1.05164,1570000,1250000
2018-03-23 13:58:23.361000,1.05165,1.05162,1000000,2060000
2018-03-23 13:58:23.870000,1.05165,1.05162,1570000,1310000
2018-03-23 13:58:24.419000,1.05165,1.05162,1000000,2510000
2018-03-23 13:58:25.175000,1.05165,1.05162,1000000,2440000
2018-03-23 13:58:25.640000,1.05165,1.05163,1000000,1690000
2018-03-23 13:58:25.800000,1.05171,1.05169,3450000,1120000
2018-03-23 13:58:25.855000,1.05172,1.0517,2320000,1190000
2018-03-23 13:58:25.907000,1.05172,1.05169,3070000,2060000
2018-03-23 13:58:27.270000,1.0517,1.05166,2060000,4390000
2018-03-23 13:58:27.582000,1.05168,1.05165,1000000,1690000
2018-03-23 13:58:28.133000,1.05169,1.05165,1950000,1690000
2018-03-23 13:58:28.705000,1.05169,1.05165,1500000,3640000
2018-03-23 13:58:29.294000,1.05169,1.05165,1200000,1690000
2018-03-23 13:58:29.834000,1.05168,1.05165,1000000,1310000
2018-03-23 13:58:30.346000,1.05167,1.05164,1000000,1310000
2018-03-23 13:58:30.853000,1.05168,1.05165,1120000,1190000
2018-03-23 13:58:31.389000,1.05168,1.05165,1120000,1000000
2018-03-23 13:58:34.686000,1.05169,1.05166,1870000,1690000
2018-03-23 13:58:34.858000,1.05171,1.05167,3070000,2060000
2018-03-23 13:58:35.117000,1.05173,1.05169,2320000,2440000
2018-03-23 13:58:37.446000,1.05172,1.05169,1000000,2140000
2018-03-23 13:58:37.757000,1.0517,1.05167,1120000,5140000
2018-03-23 13:58:38.273000,1.0517,1.05167,1120000,2140000
2018-03-23 13:58:38.787000,1.05169,1.05166,1120000,3260000
2018-03-23 13:58:42.493000,1.0517,1.05168,1370000,1000000
2018-03-23 13:58:43.008000,1.0517,1.05167,1500000,1250000
2018-03-23 13:58:43.943000,1.0517,1.05168,1000000,1000000
2018-03-23 13:58:44.463000,1.0517,1.05167,1500000,1760000
2018-03-23 13:58:45.351000,1.05171,1.05167,2440000,2510000
2018-03-23 13:58:45.698000,1.05173,1.05171,1000000,1190000
2018-03-23 13:58:46.223000,1.05174,1.05171,1120000,1760000
2018-03-23 13:58:46.672000,1.05175,1.05173,1000000,1310000
2018-03-23 13:58:47.229000,1.05174,1.05171,1000000,3260000
2018-03-23 13:58:47.384000,1.05174,1.05171,1120000,1950000
2018-03-23 13:58:47.889000,1.05173,1.0517,1000000,3260000
2018-03-23 13:58:48.398000,1.05172,1.0517,1000000,2140000
2018-03-23 13:58:48.901000,1.05172,1.05169,1000000,2890000
2018-03-23 13:58:49.450000,1.05172,1.0517,1000000,1000000
2018-03-23 13:58:49.709000,1.05173,1.05171,1120000,1190000
2018-03-23 13:58:50.249000,1.05173,1.05171,1000000,1190000
2018-03-23 13:58:50.881000,1.05174,1.05172,1500000,1190000
2018-03-23 13:58:50.998000,1.05175,1.05172,1500000,1690000
2018-03-23 13:58:51.522000,1.05174,1.05172,1000000,1250000
2018-03-23 13:58:52.835000,1.05175,1.05172,1500000,1690000
2018-03-23 13:58:53.355000,1.05174,1.05172,1000000,1250000
2018-03-23 13:58:55.779000,1.05175,1.05172,1500000,1690000
2018-03-23 13:58:56.298000,1.05174,1.05172,1000000,1000000
2018-03-23 13:59:00.522000,1.05173,1.05172,1000000,1000000
2018-03-23 13:59:01.043000,1.05173,1.0517,1000000,1760000
2018-03-23 13:59:01.871000,1.05173,1.0517,1690000,1200000
2018-03-23 13:59:01.922000,1.0517,1.05169,3790000,1100000
2018-03-23 13:59:01.974000,1.05168,1.05166,1000000,2700000
2018-03-23 13:59:02.481000,1.05168,1.05165,1120000,2320000
2018-03-23 13:59:03.683000,1.05168,1.05165,1120000,2140000
2018-03-23 13:59:04.361000,1.05168,1.05165,1120000,2700000
2018-03-23 13:59:04.520000,1.0517,1.05167,1870000,1250000
2018-03-23 13:59:04.574000,1.05171,1.05168,1120000,1760000
2018-03-23 13:59:05.707000,1.05172,1.05168,1120000,4200000
2018-03-23 13:59:06.056000,1.05169,1.05168,1250000,1100000
2018-03-23 13:59:06.160000,1.05168,1.05165,1120000,1100000
2018-03-23 13:59:06.710000,1.05167,1.05165,1000000,1100000
2018-03-23 13:59:07.909000,1.05167,1.05164,1000000,3670000
2018-03-23 13:59:08.012000,1.05169,1.05165,1500000,5360000
2018-03-23 13:59:09.700000,1.05168,1.05165,1000000,1570000
2018-03-23 13:59:10.244000,1.05168,1.05165,1120000,1200000
2018-03-23 13:59:12.114000,1.05168,1.05165,1000000,1760000
2018-03-23 13:59:12.633000,1.05167,1.05164,1310000,1570000
2018-03-23 13:59:13.204000,1.05167,1.05164,1310000,1200000
2018-03-23 13:59:13.666000,1.05165,1.05163,1250000,1950000
2018-03-23 13:59:13.972000,1.05157,1.05155,1000000,1100000
2018-03-23 13:59:14.285000,1.0516,1.05157,1100000,1500000
2018-03-23 13:59:15.175000,1.05159,1.05157,1000000,1120000
2018-03-23 13:59:15.462000,1.05157,1.05155,1000000,1200000
2018-03-23 13:59:15.826000,1.05155,1.05153,1000000,1570000
2018-03-23 13:59:15.879000,1.05154,1.05152,1250000,1870000
2018-03-23 13:59:16.274000,1.05151,1.05149,1190000,2620000
2018-03-23 13:59:16.327000,1.0515,1.05147,1190000,3820000
2018-03-23 13:59:16.431000,1.05149,1.05145,1500000,2320000
2018-03-23 13:59:16.535000,1.05146,1.05143,1000000,5550000
2018-03-23 13:59:17.112000,1.05146,1.05143,1100000,2290000
2018-03-23 13:59:17.777000,1.05145,1.05143,1000000,1120000
2018-03-23 13:59:18.289000,1.05146,1.05143,1000000,2140000
2018-03-23 13:59:18.614000,1.05149,1.05146,1500000,1690000
2018-03-23 13:59:19.149000,1.05151,1.05148,1000000,1010000
2018-03-23 13:59:19.305000,1.05153,1.0515,1000000,1120000
2018-03-23 13:59:19.487000,1.05153,1.05151,1000000,1690000
2018-03-23 13:59:19.541000,1.05155,1.05152,3070000,1000000
2018-03-23 13:59:20.062000,1.05155,1.05152,1250000,2250000
2018-03-23 13:59:20.243000,1.05157,1.05154,1000000,2250000
2018-03-23 13:59:20.550000,1.05159,1.05156,1200000,2250000
2018-03-23 13:59:20.653000,1.05161,1.05158,1200000,1500000
2018-03-23 13:59:20.902000,1.05163,1.05159,2510000,1000000
2018-03-23 13:59:21.374000,1.05165,1.05161,1570000,1120000
2018-03-23 13:59:21.895000,1.05166,1.05163,1200000,1000000
2018-03-23 13:59:22.193000,1.05168,1.05164,1200000,1120000
2018-03-23 13:59:22.739000,1.05168,1.05165,1000000,1000000
2018-03-23 13:59:23.259000,1.05169,1.05166,1000000,1000000
2018-03-23 13:59:23.597000,1.05171,1.05168,2620000,1000000
2018-03-23 13:59:24.236000,1.05167,1.05165,1310000,3000000
2018-03-23 13:59:24.547000,1.05166,1.05163,1190000,1120000
2018-03-23 13:59:26.074000,1.05167,1.05164,1870000,1120000
2018-03-23 13:59:26.760000,1.05169,1.05165,2700000,1000000
2018-03-23 13:59:27.305000,1.05169,1.05165,1950000,1500000
2018-03-23 13:59:27.721000,1.05169,1.05167,1000000,2100000
2018-03-23 13:59:27.902000,1.05172,1.05168,2700000,1500000
2018-03-23 13:59:28.162000,1.05173,1.0517,1570000,1000000
2018-03-23 13:59:30.152000,1.05174,1.0517,2620000,1000000
2018-03-23 13:59:30.653000,1.05173,1.05169,1000000,1500000
2018-03-23 13:59:31.137000,1.05171,1.05168,1000000,1870000
2018-03-23 13:59:31.445000,1.05169,1.05166,1000000,2060000
2018-03-23 13:59:31.758000,1.05166,1.05162,2510000,1000000
2018-03-23 13:59:32.282000,1.05165,1.05161,1500000,1000000
2018-03-23 13:59:33.773000,1.05164,1.05161,1500000,1000000
2018-03-23 13:59:34.297000,1.05164,1.0516,2060000,1000000
2018-03-23 13:59:35.252000,1.05163,1.0516,1000000,1000000
2018-03-23 13:59:36.701000,1.05162,1.05159,1310000,1000000
2018-03-23 13:59:37.013000,1.05159,1.05155,2440000,1120000
2018-03-23 13:59:37.549000,1.05157,1.05154,1870000,1000000
2018-03-23 13:59:37.840000,1.05155,1.05151,1000000,1500000
2018-03-23 13:59:38.351000,1.05156,1.05152,1120000,1250000
2018-03-23 13:59:38.658000,1.05153,1.0515,1250000,1100000
2018-03-23 13:59:39.141000,1.05152,1.05148,2440000,1500000
2018-03-23 13:59:39.194000,1.05152,1.05148,2250000,1250000
2018-03-23 13:59:39.731000,1.05153,1.05149,1870000,1000000
2018-03-23 13:59:40.292000,1.05154,1.0515,2320000,1000000
2018-03-23 13:59:41.547000,1.05155,1.05151,2320000,1000000
2018-03-23 13:59:41.601000,1.05156,1.05153,1070000,1000000
2018-03-23 13:59:41.972000,1.05157,1.05153,1000000,1000000
2018-03-23 13:59:42.478000,1.05157,1.05154,1000000,1000000
2018-03-23 13:59:43,1.0516,1.05159,3070000,1000000
2018-03-23 13:59:43.310000,1.05165,1.05161,1260000,1500000
2018-03-23 13:59:43.437000,1.05166,1.05162,2810000,1500000
2018-03-23 13:59:44.001000,1.05165,1.05162,1310000,1500000
2018-03-23 13:59:45.937000,1.05164,1.05161,1000000,1250000
2018-03-23 13:59:46.315000,1.05161,1.05159,2440000,3000000
2018-03-23 13:59:46.419000,1.05159,1.05156,1310000,1500000
2018-03-23 13:59:46.923000,1.05158,1.05155,1000000,1250000
2018-03-23 13:59:47.284000,1.05158,1.05155,3560000,1000000
2018-03-23 13:59:47.468000,1.05158,1.05155,1870000,1000000
2018-03-23 13:59:47.993000,1.05159,1.05155,2060000,1000000
2018-03-23 13:59:49.061000,1.05158,1.05155,1000000,1000000
2018-03-23 13:59:49.577000,1.05159,1.05155,2060000,1000000
2018-03-23 13:59:50.091000,1.0516,1.05156,1120000,1000000
2018-03-23 13:59:50.619000,1.0516,1.05156,1310000,1500000
2018-03-23 13:59:50.672000,1.05157,1.05156,1000000,1000000
2018-03-23 13:59:51.217000,1.05157,1.05153,1310000,1000000
2018-03-23 13:59:51.726000,1.05158,1.05152,1690000,2250000
2018-03-23 13:59:51.879000,1.0516,1.05152,3560000,7160000
2018-03-23 13:59:52.247000,1.05161,1.05154,2060000,1310000
2018-03-23 13:59:52.403000,1.05161,1.05154,2060000,1120000
2018-03-23 13:59:52.611000,1.05161,1.05154,2440000,1310000
2018-03-23 13:59:52.924000,1.05159,1.05154,1310000,1000000
2018-03-23 13:59:53.267000,1.05157,1.05152,6190000,1500000
2018-03-23 13:59:53.576000,1.05155,1.0515,6190000,1000000
2018-03-23 13:59:53.974000,1.05154,1.05148,1310000,2250000
2018-03-23 13:59:54.127000,1.05155,1.05149,1310000,2060000
2018-03-23 13:59:54.645000,1.05156,1.05149,4310000,3190000
2018-03-23 13:59:55.165000,1.05156,1.05151,3560000,1000000
2018-03-23 13:59:55.701000,1.05156,1.0515,1690000,2060000
2018-03-23 13:59:56.212000,1.05155,1.05151,1690000,1000000
2018-03-23 13:59:56.264000,1.05153,1.05148,3560000,3370000
2018-03-23 13:59:56.562000,1.05154,1.05149,1250000,4690000
2018-03-23 13:59:56.614000,1.05154,1.05149,2060000,1350000
2018-03-23 13:59:56.924000,1.05152,1.05148,3940000,1000000
2018-03-23 13:59:57.531000,1.05152,1.05148,5060000,1000000
2018-03-23 13:59:58.126000,1.05152,1.05148,2810000,1000000
2018-03-23 13:59:58.670000,1.05152,1.05146,3190000,2440000
2018-03-23 13:59:59.050000,1.05148,1.05144,1190000,1000000
2018-03-23 13:59:59.101000,1.05148,1.05141,1190000,1120000
2018-03-23 13:59:59.305000,1.05149,1.05142,1690000,1250000
2018-03-23 13:59:59.563000,1.0515,1.05142,1690000,6410000
2018-03-23 14:00:00.105000,1.05151,1.05145,2440000,1870000
2018-03-23 14:00:01.114000,1.0515,1.05145,1190000,3560000
2018-03-23 14:00:01.687000,1.05149,1.05144,1000000,5060000
2018-03-23 14:00:01.792000,1.0515,1.05141,3940000,2440000
2018-03-23 14:00:02.001000,1.05146,1.05138,1690000,7910000
2018-03-23 14:00:02.159000,1.05147,1.05141,3940000,1120000
2018-03-23 14:00:02.400000,1.0515,1.05142,1310000,1310000
2018-03-23 14:00:02.453000,1.05148,1.05142,2060000,1000000
2018-03-23 14:00:02.711000,1.05149,1.05142,1190000,3560000
2018-03-23 14:00:03.092000,1.05147,1.0514,1310000,2660000
2018-03-23 14:00:03.783000,1.0515,1.05142,4310000,1310000
2018-03-23 14:00:04.224000,1.05151,1.05144,4690000,1120000
2018-03-23 14:00:04.735000,1.05149,1.05143,1000000,4540000
2018-03-23 14:00:05.060000,1.05149,1.05144,1000000,1190000
2018-03-23 14:00:05.520000,1.05149,1.05143,1000000,7540000
2018-03-23 14:00:05.572000,1.05149,1.05143,1000000,6790000
2018-03-23 14:00:05.623000,1.05149,1.05143,1000000,4910000
2018-03-23 14:00:06.110000,1.05149,1.05144,1000000,1690000
2018-03-23 14:00:06.588000,1.05147,1.05143,1000000,2810000
2018-03-23 14:00:06.692000,1.05144,1.05142,1000000,1000000
2018-03-23 14:00:06.848000,1.0514,1.05136,1000000,2440000
2018-03-23 14:00:06.900000,1.05142,1.05138,1000000,1310000
2018-03-23 14:00:07.004000,1.05143,1.05139,1000000,2810000
2018-03-23 14:00:07.177000,1.05145,1.05141,1000000,1190000
2018-03-23 14:00:07.229000,1.05143,1.0514,1000000,1050000
2018-03-23 14:00:07.757000,1.05144,1.0514,1000000,3790000
2018-03-23 14:00:08.182000,1.05146,1.05142,1000000,3410000
2018-03-23 14:00:08.532000,1.05149,1.05145,1500000,4540000
2018-03-23 14:00:09.192000,1.0515,1.05146,2110000,1310000
2018-03-23 14:00:09.718000,1.0515,1.05146,1190000,1120000
2018-03-23 14:00:10.264000,1.0515,1.05146,1250000,2060000
2018-03-23 14:00:10.762000,1.05151,1.05148,1190000,1500000
2018-03-23 14:00:10.866000,1.0515,1.05146,1250000,2440000
2018-03-23 14:00:10.918000,1.0515,1.05146,1000000,2440000
2018-03-23 14:00:10.969000,1.0515,1.05146,1690000,1500000
2018-03-23 14:00:11.485000,1.05149,1.05145,1000000,1000000
2018-03-23 14:00:12.002000,1.05149,1.05145,1000000,2060000
2018-03-23 14:00:12.532000,1.05149,1.05146,1000000,1690000
2018-03-23 14:00:13.056000,1.05149,1.05147,1500000,1190000
2018-03-23 14:00:13.732000,1.05148,1.05146,1000000,1690000
2018-03-23 14:00:14.961000,1.05148,1.05146,1000000,1690000
2018-03-23 14:00:15.324000,1.05149,1.05148,1500000,1310000
2018-03-23 14:00:15.467000,1.05152,1.0515,1500000,2060000
2018-03-23 14:00:15.981000,1.05151,1.05149,1000000,1690000
2018-03-23 14:00:17.159000,1.05151,1.05148,1000000,2440000
2018-03-23 14:00:17.764000,1.05151,1.05149,1000000,1190000
2018-03-23 14:00:18.313000,1.05151,1.05148,1000000,2060000
2018-03-23 14:00:18.519000,1.05152,1.0515,1500000,1190000
2018-03-23 14:00:18.786000,1.05153,1.05151,1500000,2810000
2018-03-23 14:00:19.778000,1.05154,1.05152,1000000,1190000
2018-03-23 14:00:20.315000,1.05153,1.05151,1000000,5060000
2018-03-23 14:00:20.937000,1.05152,1.05151,2250000,1690000
2018-03-23 14:00:20.990000,1.05147,1.05145,1500000,3560000
2018-03-23 14:00:21.211000,1.05142,1.0514,1000000,1250000
2018-03-23 14:00:21.728000,1.05144,1.0514,1500000,1690000
2018-03-23 14:00:22.177000,1.05144,1.0514,1500000,2440000
2018-03-23 14:00:22.685000,1.05145,1.05142,1870000,1190000
2018-03-23 14:00:24.534000,1.05147,1.05144,5250000,1690000
2018-03-23 14:00:24.637000,1.05149,1.05145,2250000,2810000
2018-03-23 14:00:25.169000,1.0515,1.05147,1870000,1310000
2018-03-23 14:00:25.221000,1.05152,1.05149,3000000,1190000
2018-03-23 14:00:25.964000,1.05152,1.05148,2250000,2810000
2018-03-23 14:00:26.882000,1.05152,1.05149,2250000,1190000
2018-03-23 14:00:27.139000,1.05155,1.05151,3820000,2810000
2018-03-23 14:00:27.654000,1.05155,1.05151,2250000,2810000
2018-03-23 14:00:27.940000,1.05156,1.05152,1690000,2060000
2018-03-23 14:00:28.043000,1.05156,1.05153,1000000,2060000
2018-03-23 14:00:28.350000,1.05159,1.05156,1870000,1190000
2018-03-23 14:00:28.987000,1.05158,1.05156,1000000,1250000
2018-03-23 14:00:29.041000,1.05157,1.05154,1000000,2440000
2018-03-23 14:00:29.094000,1.05154,1.05153,1120000,1000000
2018-03-23 14:00:29.148000,1.05154,1.05151,1120000,1870000
2018-03-23 14:00:29.253000,1.05155,1.05153,1120000,1250000
2018-03-23 14:00:29.790000,1.05156,1.05153,1120000,1310000
2018-03-23 14:00:30.149000,1.05154,1.0515,1120000,7160000
2018-03-23 14:00:30.428000,1.05154,1.05152,1120000,1190000
2018-03-23 14:00:30.531000,1.05156,1.05152,2250000,2060000
2018-03-23 14:00:30.974000,1.05157,1.05154,1120000,2060000
2018-03-23 14:00:31.491000,1.05158,1.05154,3450000,1310000
2018-03-23 14:00:32.037000,1.05158,1.05154,3450000,2060000
2018-03-23 14:00:32.571000,1.05159,1.05156,1000000,4310000
2018-03-23 14:00:33.418000,1.0516,1.05157,1870000,1310000
2018-03-23 14:00:33.798000,1.0516,1.05156,3260000,2810000
2018-03-23 14:00:33.852000,1.05158,1.05155,1000000,2140000
2018-03-23 14:00:34.167000,1.0516,1.05157,2320000,1310000
2018-03-23 14:00:34.672000,1.0516,1.05156,1500000,2890000
2018-03-23 14:00:34.994000,1.05163,1.0516,1200000,1250000
2018-03-23 14:00:35.333000,1.05161,1.05159,1000000,1250000
2018-03-23 14:00:35.845000,1.05162,1.05158,1200000,1250000
2018-03-23 14:00:36.165000,1.05158,1.05155,1200000,1000000
2018-03-23 14:00:36.625000,1.0516,1.05156,5700000,2060000
2018-03-23 14:00:37.052000,1.05163,1.0516,1950000,1250000
2018-03-23 14:00:37.557000,1.05163,1.0516,1950000,1190000
2018-03-23 14:00:38.061000,1.05163,1.05159,1200000,2440000
2018-03-23 14:00:38.602000,1.05163,1.0516,1200000,1250000
2018-03-23 14:00:38.870000,1.05164,1.05162,1570000,1000000
2018-03-23 14:00:38.974000,1.05166,1.05162,1500000,5890000
2018-03-23 14:00:39.026000,1.05164,1.05162,1000000,1760000
2018-03-23 14:00:39.281000,1.05167,1.05163,1950000,1690000
2018-03-23 14:00:39.834000,1.05167,1.05163,1950000,1250000
2018-03-23 14:00:40.650000,1.05166,1.05162,1000000,5140000
2018-03-23 14:00:40.922000,1.05164,1.05161,1120000,1310000
2018-03-23 14:00:41.340000,1.05167,1.05164,1200000,1190000
2018-03-23 14:00:41.907000,1.0517,1.05168,1200000,1000000
2018-03-23 14:00:42.072000,1.05175,1.05172,5620000,1500000
2018-03-23 14:00:42.125000,1.05177,1.05174,2700000,1250000
2018-03-23 14:00:42.602000,1.05174,1.05172,1000000,1320000
2018-03-23 14:00:42.656000,1.05173,1.05171,1000000,1100000
2018-03-23 14:00:43.169000,1.05172,1.05169,1000000,1760000
2018-03-23 14:00:43.483000,1.05174,1.05171,1000000,1690000
2018-03-23 14:00:43.791000,1.05173,1.05169,1950000,2060000
2018-03-23 14:00:44.312000,1.05171,1.05168,2250000,1250000
2018-03-23 14:00:44.623000,1.05168,1.05166,1370000,1250000
2018-03-23 14:00:44.777000,1.05168,1.05164,1570000,2440000
2018-03-23 14:00:45.582000,1.05166,1.05163,1000000,3640000
2018-03-23 14:00:45.894000,1.05163,1.05161,1500000,1000000
2018-03-23 14:00:46.437000,1.05163,1.0516,1570000,1250000
2018-03-23 14:00:46.764000,1.05165,1.05162,4950000,1190000
2018-03-23 14:00:47.309000,1.05165,1.05161,4500000,2510000
2018-03-23 14:00:47.829000,1.05165,1.05162,3820000,1690000
2018-03-23 14:00:48.334000,1.05163,1.0516,1500000,1310000
2018-03-23 14:00:49.219000,1.05162,1.05159,1000000,1310000
2018-03-23 14:00:50.074000,1.05164,1.05161,1570000,1500000
2018-03-23 14:00:50.387000,1.05164,1.05162,1000000,1190000
2018-03-23 14:00:51.113000,1.05164,1.05162,1000000,1760000
2018-03-23 14:00:52.671000,1.05162,1.0516,1000000,2510000
2018-03-23 14:00:52.840000,1.05162,1.05159,1000000,2140000
2018-03-23 14:00:53.350000,1.05163,1.05159,4500000,2890000
2018-03-23 14:00:53.757000,1.05159,1.05157,2250000,1000000
2018-03-23 14:00:54.122000,1.05159,1.05155,4500000,2140000
2018-03-23 14:00:54.329000,1.05159,1.05156,4500000,1190000
2018-03-23 14:00:55.462000,1.05156,1.05154,1000000,4010000
2018-03-23 14:00:56.066000,1.05157,1.05155,1000000,1690000
2018-03-23 14:00:56.426000,1.0516,1.05158,1950000,1690000
2018-03-23 14:00:56.570000,1.05165,1.05161,3450000,4160000
2018-03-23 14:00:56.979000,1.05167,1.05165,1120000,1000000
2018-03-23 14:00:57.496000,1.05168,1.05165,1000000,1760000
2018-03-23 14:00:58.298000,1.05168,1.05165,1000000,2140000
2018-03-23 14:00:58.633000,1.05172,1.05168,4120000,1760000
2018-03-23 14:00:59.524000,1.05171,1.05168,1000000,1010000
2018-03-23 14:00:59.835000,1.05168,1.05165,1000000,2890000
2018-03-23 14:01:00.264000,1.05168,1.05165,3000000,1000000
2018-03-23 14:01:00.882000,1.05167,1.05164,1000000,2140000
2018-03-23 14:01:01.430000,1.05168,1.05165,1870000,2140000
2018-03-23 14:01:01.943000,1.05168,1.05164,1870000,2140000
2018-03-23 14:01:03.341000,1.05167,1.05164,1000000,1010000
2018-03-23 14:01:03.925000,1.05168,1.05164,3000000,2140000
2018-03-23 14:01:04.457000,1.05167,1.05165,1000000,1010000
2018-03-23 14:01:04.871000,1.05168,1.05167,1000000,1000000
2018-03-23 14:01:05.401000,1.0517,1.05166,4760000,1310000
2018-03-23 14:01:05.940000,1.05168,1.05165,1000000,1010000
2018-03-23 14:01:06.249000,1.05178,1.05175,2890000,1000000
2018-03-23 14:01:07.028000,1.05175,1.05172,3750000,1200000
2018-03-23 14:01:07.132000,1.05173,1.0517,1500000,1760000
2018-03-23 14:01:07.683000,1.05173,1.0517,1120000,1390000
2018-03-23 14:01:08.200000,1.05175,1.05172,1200000,2810000
2018-03-23 14:01:08.732000,1.05178,1.05175,2700000,1190000
2018-03-23 14:01:08.834000,1.05179,1.05176,1500000,1690000
2018-03-23 14:01:09.298000,1.05179,1.05175,3940000,3260000
2018-03-23 14:01:09.818000,1.05178,1.05175,1500000,1190000
2018-03-23 14:01:10.331000,1.05178,1.05175,1500000,1290000
2018-03-23 14:01:10.857000,1.05181,1.05179,1000000,1120000
2018-03-23 14:01:10.960000,1.05183,1.05179,1870000,2890000
2018-03-23 14:01:11.302000,1.05181,1.05178,1120000,1390000
2018-03-23 14:01:11.821000,1.05181,1.05177,1500000,2890000
2018-03-23 14:01:12.222000,1.05181,1.05178,1000000,2060000
2018-03-23 14:01:12.534000,1.05179,1.05175,3750000,3820000
2018-03-23 14:01:13.059000,1.05178,1.05174,2320000,1310000
2018-03-23 14:01:13.569000,1.05176,1.05172,1500000,4390000
2018-03-23 14:01:14.054000,1.05174,1.0517,1120000,7390000
2018-03-23 14:01:15.025000,1.05169,1.05168,3370000,5250000
2018-03-23 14:01:15.079000,1.05168,1.05166,5620000,1100000
2018-03-23 14:01:15.186000,1.05167,1.05164,1500000,1310000
2018-03-23 14:01:15.704000,1.05166,1.05163,1120000,2510000
2018-03-23 14:01:16.223000,1.05166,1.05163,1120000,1760000
2018-03-23 14:01:16.429000,1.05167,1.05165,1500000,1190000
2018-03-23 14:01:16.661000,1.05169,1.05167,1200000,1250000
2018-03-23 14:01:16.972000,1.05171,1.05168,6070000,1690000
2018-03-23 14:01:17.078000,1.05172,1.05168,2320000,4690000
2018-03-23 14:01:17.647000,1.05172,1.05168,2250000,2140000
2018-03-23 14:01:18.666000,1.05171,1.05168,1000000,1690000
2018-03-23 14:01:18.872000,1.05169,1.05167,4500000,1010000
2018-03-23 14:01:19.638000,1.05168,1.05164,1500000,5140000
2018-03-23 14:01:20.333000,1.05167,1.05164,1120000,1010000
2018-03-23 14:01:21.691000,1.05167,1.05163,1870000,2510000
2018-03-23 14:01:22.094000,1.05167,1.05163,1870000,4010000
2018-03-23 14:01:22.145000,1.05167,1.05163,1870000,3260000
2018-03-23 14:01:22.648000,1.05165,1.05162,1000000,1950000
2018-03-23 14:01:22.705000,1.05162,1.05161,1000000,1000000
2018-03-23 14:01:23.133000,1.05164,1.05162,1120000,1000000
2018-03-23 14:01:23.186000,1.05168,1.05167,3260000,1000000
2018-03-23 14:01:23.238000,1.05171,1.05168,3940000,1000000
2018-03-23 14:01:23.784000,1.05172,1.05168,2250000,1760000
2018-03-23 14:01:23.981000,1.05173,1.05169,1950000,1310000
2018-03-23 14:01:24.293000,1.05175,1.05173,1000000,2810000
2018-03-23 14:01:24.345000,1.05176,1.05172,1120000,5170000
2018-03-23 14:01:24.847000,1.05177,1.05173,1500000,3640000
2018-03-23 14:01:25.393000,1.05176,1.05172,1870000,1950000
2018-03-23 14:01:26.049000,1.05177,1.05173,1200000,1690000
2018-03-23 14:01:26.420000,1.05178,1.05175,1100000,1120000
2018-03-23 14:01:26.682000,1.05181,1.05177,1570000,1000000
2018-03-23 14:01:27.195000,1.05181,1.05177,1120000,4390000
2018-03-23 14:01:27.401000,1.05183,1.0518,1570000,1000000
2018-03-23 14:01:27.907000,1.05184,1.05181,3450000,1000000
2018-03-23 14:01:28.526000,1.05185,1.05181,1000000,2890000
2018-03-23 14:01:28.586000,1.05186,1.05183,1950000,1250000
2018-03-23 14:01:28.996000,1.05187,1.05183,1570000,1000000
2018-03-23 14:01:29.954000,1.05188,1.05185,1570000,1000000
2018-03-23 14:01:30.469000,1.0519,1.05186,4570000,2250000
2018-03-23 14:01:31.586000,1.05188,1.05186,1120000,1500000
2018-03-23 14:01:31.920000,1.05186,1.05182,3070000,1690000
2018-03-23 14:01:32.026000,1.05186,1.05183,1100000,1120000
2018-03-23 14:01:33.107000,1.05186,1.05182,1120000,3450000
2018-03-23 14:01:33.214000,1.05185,1.05181,3560000,3820000
2018-03-23 14:01:33.424000,1.05183,1.0518,1000000,2440000
2018-03-23 14:01:34.436000,1.05185,1.05181,7010000,1500000
2018-03-23 14:01:34.543000,1.05186,1.05182,3070000,2810000
2018-03-23 14:01:35.061000,1.05185,1.05182,1500000,1310000
2018-03-23 14:01:36.796000,1.05185,1.05181,1690000,2320000
2018-03-23 14:01:37.275000,1.05183,1.0518,1000000,3260000
2018-03-23 14:01:38.016000,1.05185,1.05181,5140000,3000000
2018-03-23 14:01:38.326000,1.05187,1.05184,1950000,1000000
2018-03-23 14:01:38.378000,1.05185,1.05182,1000000,4950000
2018-03-23 14:01:38.732000,1.05194,1.05191,5140000,1120000
2018-03-23 14:01:38.891000,1.05196,1.05193,1390000,1120000
2018-03-23 14:01:39.048000,1.05199,1.05195,2140000,1500000
2018-03-23 14:01:39.525000,1.05197,1.05193,1120000,1200000
2018-03-23 14:01:40.694000,1.05198,1.05195,1200000,1120000
2018-03-23 14:01:40.850000,1.05199,1.05196,1200000,1120000
2018-03-23 14:01:41.150000,1.05201,1.05197,1570000,5250000
2018-03-23 14:01:41.676000,1.05201,1.05198,1200000,1120000
2018-03-23 14:01:42.240000,1.05202,1.052,1100000,3810000
2018-03-23 14:01:42.548000,1.05201,1.05198,1310000,1120000
2018-03-23 14:01:42.683000,1.052,1.05197,2060000,3900000
2018-03-23 14:01:42.735000,1.052,1.05196,2890000,1870000
2018-03-23 14:01:43.041000,1.05201,1.05199,1950000,1000000
2018-03-23 14:01:43.092000,1.05202,1.052,1570000,2250000
2018-03-23 14:01:43.270000,1.05204,1.052,1690000,3640000
2018-03-23 14:01:43.686000,1.05205,1.05202,3640000,1000000
2018-03-23 14:01:44.064000,1.05207,1.05203,1950000,2060000
2018-03-23 14:01:44.504000,1.05209,1.05205,5140000,2620000
2018-03-23 14:01:44.811000,1.0521,1.05208,1000000,1000000
2018-03-23 14:01:44.913000,1.05212,1.05208,1310000,2320000
2018-03-23 14:01:45.420000,1.05214,1.0521,1760000,1120000
2018-03-23 14:01:45.574000,1.05215,1.05212,1620000,1120000
2018-03-23 14:01:46.127000,1.05215,1.05212,1500000,1520000
2018-03-23 14:01:46.390000,1.05211,1.05207,1310000,3540000
2018-03-23 14:01:47.125000,1.05211,1.05207,1760000,1970000
2018-03-23 14:01:47.229000,1.05207,1.05203,1310000,4480000
2018-03-23 14:01:47.332000,1.05206,1.05203,1000000,1220000
2018-03-23 14:01:47.487000,1.05205,1.05202,1310000,1140000
2018-03-23 14:01:48.539000,1.05205,1.05201,1690000,1590000
2018-03-23 14:01:48.853000,1.052,1.05195,6560000,2440000
2018-03-23 14:01:48.908000,1.05199,1.05195,1690000,2160000
2018-03-23 14:01:49.632000,1.052,1.05196,2140000,1250000
2018-03-23 14:01:50.151000,1.052,1.05197,2810000,1300000
2018-03-23 14:01:50.410000,1.05202,1.05201,1000000,1000000
2018-03-23 14:01:50.462000,1.05205,1.05201,1390000,2810000
2018-03-23 14:01:50.724000,1.05207,1.05203,3070000,1370000
2018-03-23 14:01:51.094000,1.05208,1.05206,1100000,1000000
2018-03-23 14:01:51.663000,1.0521,1.05207,1010000,1000000
2018-03-23 14:01:52.184000,1.05208,1.05204,2810000,1950000
2018-03-23 14:01:52.392000,1.05207,1.05203,1120000,1200000
2018-03-23 14:01:52.942000,1.05207,1.05204,1120000,1000000
2018-03-23 14:01:53.579000,1.05207,1.05203,1760000,1000000
2018-03-23 14:01:53.943000,1.05205,1.05203,1690000,1000000
2018-03-23 14:01:54.262000,1.05205,1.052,1690000,3640000
2018-03-23 14:01:54.315000,1.0521,1.05207,1000000,1000000
2018-03-23 14:01:54.825000,1.05208,1.05205,2440000,1000000
2018-03-23 14:01:55.084000,1.05207,1.05203,1500000,3070000
2018-03-23 14:01:55.135000,1.05209,1.05205,3260000,1000000
2018-03-23 14:01:55.324000,1.05209,1.05206,1570000,1120000
2018-03-23 14:01:55.582000,1.05208,1.05204,1310000,3070000
2018-03-23 14:01:56.126000,1.05207,1.05203,1310000,1570000
2018-03-23 14:01:56.648000,1.05207,1.05203,1690000,1100000
2018-03-23 14:01:57.085000,1.05205,1.05202,1190000,1200000
2018-03-23 14:01:57.831000,1.05207,1.05203,2140000,1500000
2018-03-23 14:01:58.403000,1.05207,1.05204,1310000,1000000
2018-03-23 14:01:58.651000,1.0521,1.05206,2890000,1000000
2018-03-23 14:01:58.755000,1.05211,1.05207,1570000,1000000
2018-03-23 14:01:58.808000,1.05212,1.05209,2890000,1000000
2018-03-23 14:02:00.638000,1.05212,1.05208,4010000,1000000
2018-03-23 14:02:01.225000,1.05209,1.05205,3370000,2700000
2018-03-23 14:02:01.783000,1.05206,1.05204,1000000,1120000
2018-03-23 14:02:02.094000,1.05205,1.05202,1290000,1120000
2018-03-23 14:02:02.970000,1.05206,1.05202,3260000,1350000
2018-03-23 14:02:04.127000,1.05205,1.05202,1290000,1120000
2018-03-23 14:02:04.435000,1.05206,1.05204,1570000,1870000
2018-03-23 14:02:04.966000,1.05206,1.05202,1200000,1870000
2018-03-23 14:02:06.285000,1.05205,1.05202,1190000,1870000
2018-03-23 14:02:06.526000,1.05206,1.05202,1310000,2700000
2018-03-23 14:02:07.732000,1.05206,1.05203,1120000,1000000
2018-03-23 14:02:09.369000,1.05205,1.05202,1120000,1200000
2018-03-23 14:02:09.462000,1.05198,1.05195,1690000,1570000
2018-03-23 14:02:09.772000,1.05196,1.05192,2060000,1570000
2018-03-23 14:02:10.908000,1.05195,1.05191,2810000,2320000
2018-03-23 14:02:11.319000,1.0519,1.05189,1690000,1570000
2018-03-23 14:02:11.492000,1.0519,1.05186,4310000,2700000
2018-03-23 14:02:12.012000,1.0519,1.05186,1950000,2620000
2018-03-23 14:02:12.179000,1.05192,1.05188,2620000,1950000
2018-03-23 14:02:12.442000,1.05193,1.05191,1570000,1120000
2018-03-23 14:02:12.965000,1.05196,1.05192,2510000,1120000
2018-03-23 14:02:13.304000,1.05194,1.05191,1010000,1870000
2018-03-23 14:02:13.846000,1.05195,1.05192,2320000,1000000
2018-03-23 14:02:14.386000,1.05196,1.05192,2440000,2320000
2018-03-23 14:02:15.212000,1.05196,1.05193,2250000,1500000
2018-03-23 14:02:15.263000,1.05198,1.05196,4570000,1000000
2018-03-23 14:02:15.366000,1.052,1.05197,2320000,1000000
2018-03-23 14:02:16.104000,1.052,1.05196,3260000,2620000
2018-03-23 14:02:16.514000,1.05198,1.05195,1690000,1000000
2018-03-23 14:02:16.821000,1.05195,1.05193,1690000,1100000
2018-03-23 14:02:16.877000,1.05195,1.05191,2440000,2700000
2018-03-23 14:02:18.106000,1.05194,1.05191,2060000,1000000
2018-03-23 14:02:18.357000,1.05188,1.05187,1690000,1000000
2018-03-23 14:02:18.408000,1.05186,1.05182,1120000,5700000
2018-03-23 14:02:18.460000,1.05185,1.05183,1690000,1000000
2018-03-23 14:02:18.563000,1.05185,1.05182,2060000,1000000
2018-03-23 14:02:18.614000,1.05186,1.05182,1390000,3190000
2018-03-23 14:02:18.666000,1.05187,1.05185,3820000,1000000
2018-03-23 14:02:18.853000,1.05189,1.05185,1500000,2920000
2018-03-23 14:02:18.957000,1.05187,1.05184,1000000,3220000
2018-03-23 14:02:19.549000,1.05187,1.05183,1250000,3670000
2018-03-23 14:02:20.059000,1.05187,1.05183,1000000,2700000
2018-03-23 14:02:20.574000,1.05186,1.05183,1000000,1570000
2018-03-23 14:02:20.893000,1.05184,1.0518,1310000,2510000
2018-03-23 14:02:22.491000,1.05185,1.05182,1390000,1000000
2018-03-23 14:02:23.455000,1.05185,1.05182,1200000,1310000
2018-03-23 14:02:23.670000,1.05188,1.05185,1200000,1310000
2018-03-23 14:02:23.879000,1.05189,1.05186,1200000,2290000
2018-03-23 14:02:24.182000,1.05191,1.05188,1000000,1540000
2018-03-23 14:02:24.493000,1.05194,1.05191,1000000,1160000
2018-03-23 14:02:24.597000,1.0519,1.05189,1500000,1000000
2018-03-23 14:02:24.649000,1.0519,1.05187,3190000,1100000
2018-03-23 14:02:25.168000,1.05189,1.05186,1250000,1200000
2018-03-23 14:02:25.374000,1.05187,1.05184,1870000,1070000
2018-03-23 14:02:25.527000,1.05185,1.05182,1310000,1000000
2018-03-23 14:02:26.069000,1.05185,1.05181,2510000,1310000
2018-03-23 14:02:26.604000,1.05183,1.05179,1000000,4390000
2018-03-23 14:02:26.761000,1.0518,1.05176,2810000,1760000
2018-03-23 14:02:27.017000,1.05177,1.05174,1000000,2320000
2018-03-23 14:02:27.358000,1.05176,1.05174,1500000,1100000
2018-03-23 14:02:27.410000,1.05175,1.05172,1000000,4500000
2018-03-23 14:02:27.756000,1.05174,1.0517,1310000,8510000
2018-03-23 14:02:28.074000,1.05176,1.05172,1200000,1190000
2018-03-23 14:02:28.237000,1.05177,1.05173,1570000,1690000
2018-03-23 14:02:28.646000,1.0518,1.05176,2700000,1250000
2018-03-23 14:02:28.985000,1.05177,1.05174,1000000,1000000
2018-03-23 14:02:29.515000,1.05179,1.05175,1500000,1390000
2018-03-23 14:02:30.027000,1.05177,1.05173,1870000,2140000
2018-03-23 14:02:30.694000,1.05176,1.05172,1120000,2840000
2018-03-23 14:02:31.216000,1.05175,1.05172,1000000,2470000
2018-03-23 14:02:31.761000,1.05175,1.05171,1120000,2090000
2018-03-23 14:02:32.278000,1.05174,1.05171,1000000,1950000
2018-03-23 14:02:32.725000,1.05176,1.05173,1870000,1950000
2018-03-23 14:02:32.778000,1.05176,1.05175,1000000,1250000
2018-03-23 14:02:32.830000,1.05178,1.05175,1120000,2650000
2018-03-23 14:02:33.045000,1.0518,1.05177,3000000,1540000
2018-03-23 14:02:33.549000,1.05179,1.05175,1120000,4940000
2018-03-23 14:02:34.222000,1.05178,1.05175,1000000,1720000
2018-03-23 14:02:34.452000,1.05176,1.05174,1500000,1200000
2018-03-23 14:02:34.505000,1.05174,1.05171,1310000,3820000
2018-03-23 14:02:35.012000,1.05174,1.0517,1690000,2510000
2018-03-23 14:02:35.321000,1.05173,1.05169,2250000,1100000
2018-03-23 14:02:35.571000,1.0517,1.05168,1120000,1050000
2018-03-23 14:02:35.675000,1.05169,1.05166,1120000,1100000
2018-03-23 14:02:35.727000,1.0517,1.05168,1500000,1000000
2018-03-23 14:02:35.883000,1.05173,1.05171,1000000,1000000
2018-03-23 14:02:36.228000,1.05172,1.05169,1500000,1000000
2018-03-23 14:02:36.759000,1.05173,1.0517,2620000,1120000
2018-03-23 14:02:37.272000,1.05175,1.05173,2400000,1000000
2018-03-23 14:02:37.324000,1.05179,1.05175,3450000,1500000
2018-03-23 14:02:37.900000,1.05177,1.05173,1000000,3820000
2018-03-23 14:02:38.415000,1.05175,1.05172,1120000,3070000
2018-03-23 14:02:38.519000,1.05175,1.05171,1120000,1760000
2018-03-23 14:02:39.058000,1.05174,1.0517,1000000,2510000
2018-03-23 14:02:39.607000,1.05177,1.05175,1000000,1000000
2018-03-23 14:02:39.813000,1.05179,1.05175,2890000,1310000
2018-03-23 14:02:40.022000,1.0518,1.05177,1100000,1120000
2018-03-23 14:02:40.545000,1.0518,1.05176,1310000,2320000
2018-03-23 14:02:41.055000,1.05181,1.05177,2810000,1200000
2018-03-23 14:02:41.571000,1.0518,1.05176,1120000,1390000
2018-03-23 14:02:41.992000,1.05178,1.05174,1870000,1570000
2018-03-23 14:02:42.050000,1.05177,1.05174,1120000,1000000
2018-03-23 14:02:42.153000,1.05175,1.05171,1870000,1950000
2018-03-23 14:02:42.359000,1.05178,1.05174,2250000,1200000
2018-03-23 14:02:42.906000,1.05177,1.05174,2060000,1100000
2018-03-23 14:02:43.119000,1.05175,1.05172,14060000,1200000
2018-03-23 14:02:43.171000,1.05173,1.0517,1870000,1100000
2018-03-23 14:02:43.224000,1.05173,1.05172,1000000,1000000
2018-03-23 14:02:43.277000,1.05175,1.05172,1120000,1100000
2018-03-23 14:02:43.452000,1.05177,1.05174,1000000,1120000
2018-03-23 14:02:44.616000,1.05175,1.05172,1500000,1950000
2018-03-23 14:02:44.874000,1.05177,1.05174,1950000,1000000
2018-03-23 14:02:45.063000,1.05175,1.05172,1000000,1200000
2018-03-23 14:02:45.571000,1.05176,1.05172,1500000,1200000
2018-03-23 14:02:45.933000,1.05176,1.05175,1500000,1000000
2018-03-23 14:02:46.144000,1.05176,1.05172,1500000,2510000
2018-03-23 14:02:46.984000,1.05175,1.05171,3190000,1200000
2018-03-23 14:02:47.534000,1.05172,1.05171,1000000,1500000
2018-03-23 14:02:47.586000,1.05173,1.05169,1760000,1500000
2018-03-23 14:02:47.689000,1.05172,1.05169,2250000,1100000
2018-03-23 14:02:48.191000,1.05172,1.05168,2440000,1100000
2018-03-23 14:02:48.499000,1.05172,1.05168,1500000,1950000
2018-03-23 14:02:49.045000,1.05173,1.05169,3000000,1100000
2018-03-23 14:02:49.980000,1.05171,1.05168,1120000,1570000
2018-03-23 14:02:50.287000,1.05169,1.05166,1460000,1570000
2018-03-23 14:02:50.827000,1.05167,1.05165,1500000,1010000
2018-03-23 14:02:50.930000,1.05167,1.05163,2590000,1570000
2018-03-23 14:02:51.134000,1.0517,1.05166,5660000,1120000
2018-03-23 14:02:51.676000,1.0517,1.05166,1500000,2700000
2018-03-23 14:02:52.007000,1.05172,1.05169,2360000,1000000
2018-03-23 14:02:52.525000,1.05175,1.05171,3040000,1500000
2018-03-23 14:02:52.578000,1.05176,1.05173,3710000,1120000
2018-03-23 14:02:52.732000,1.05175,1.05171,2590000,1950000
2018-03-23 14:02:53.293000,1.05173,1.05171,2060000,1000000
2018-03-23 14:02:53.409000,1.05172,1.05169,1500000,1100000
2018-03-23 14:02:54.267000,1.05173,1.0517,1120000,1000000
2018-03-23 14:02:54.578000,1.05175,1.05172,1200000,1570000
2018-03-23 14:02:55.096000,1.05177,1.05173,1870000,1100000
2018-03-23 14:02:55.642000,1.05175,1.05172,2060000,1070000
2018-03-23 14:02:56.160000,1.05175,1.05172,1310000,1100000
2018-03-23 14:02:56.497000,1.05168,1.05167,1870000,1000000
2018-03-23 14:02:56.548000,1.05168,1.05165,2250000,1390000
2018-03-23 14:02:56.651000,1.05171,1.05168,3000000,1000000
2018-03-23 14:02:56.955000,1.05167,1.05165,1000000,1310000
2018-03-23 14:02:57.415000,1.0517,1.05168,2320000,1250000
2018-03-23 14:02:57.466000,1.05173,1.0517,3370000,1120000
2018-03-23 14:02:57.981000,1.05174,1.0517,2620000,1100000
2018-03-23 14:02:58.136000,1.05176,1.05173,1000000,1120000
2018-03-23 14:02:58.613000,1.05175,1.05171,1000000,3070000
2018-03-23 14:02:59.125000,1.05173,1.0517,1500000,1100000
2018-03-23 14:02:59.693000,1.05171,1.05168,3000000,4570000
2018-03-23 14:03:00.213000,1.05174,1.05171,3640000,1000000
2018-03-23 14:03:00.434000,1.05177,1.05173,1500000,10570000
2018-03-23 14:03:00.645000,1.05173,1.05172,1120000,1010000
2018-03-23 14:03:00.827000,1.05171,1.05168,2250000,3260000
2018-03-23 14:03:00.880000,1.05172,1.05168,2250000,1200000
2018-03-23 14:03:01.087000,1.05173,1.0517,1200000,1120000
2018-03-23 14:03:01.412000,1.05175,1.05171,3260000,1500000
2018-03-23 14:03:01.910000,1.05174,1.05171,2810000,1120000
2018-03-23 14:03:02.013000,1.05173,1.05169,2620000,2140000
2018-03-23 14:03:02.377000,1.05171,1.05168,1500000,2510000
2018-03-23 14:03:02.611000,1.0517,1.05166,1500000,1760000
2018-03-23 14:03:03.139000,1.05169,1.05166,1000000,3370000
2018-03-23 14:03:03.345000,1.0517,1.05167,1000000,3820000
2018-03-23 14:03:03.674000,1.05173,1.0517,1120000,3450000
2018-03-23 14:03:04.084000,1.05176,1.05174,2320000,3370000
2018-03-23 14:03:04.187000,1.0518,1.05177,1950000,1120000
2018-03-23 14:03:04.247000,1.05181,1.05179,1450000,1120000
2018-03-23 14:03:04.592000,1.05179,1.05175,2620000,1390000
2018-03-23 14:03:04.696000,1.05176,1.05173,1120000,1390000
2018-03-23 14:03:04.897000,1.0518,1.05178,3750000,3000000
2018-03-23 14:03:05.002000,1.05183,1.05179,1760000,3750000
2018-03-23 14:03:05.259000,1.05185,1.05182,5140000,3370000
2018-03-23 14:03:05.652000,1.05186,1.05183,4010000,1000000
2018-03-23 14:03:06.155000,1.05184,1.05182,1000000,2250000
2018-03-23 14:03:06.746000,1.05186,1.05182,5510000,2250000
2018-03-23 14:03:07.262000,1.05186,1.05182,4760000,1870000
2018-03-23 14:03:07.714000,1.05182,1.05181,1120000,1870000
2018-03-23 14:03:07.767000,1.0518,1.05176,1870000,3820000
2018-03-23 14:03:07.819000,1.05178,1.05175,1500000,1200000
2018-03-23 14:03:08.168000,1.05181,1.05179,1200000,4120000
2018-03-23 14:03:08.220000,1.05181,1.05177,1200000,3000000
2018-03-23 14:03:08.740000,1.0518,1.05177,1390000,1120000
2018-03-23 14:03:09.746000,1.05181,1.05177,3260000,1750000
2018-03-23 14:03:10.037000,1.0518,1.05177,1310000,1500000
2018-03-23 14:03:10.190000,1.05181,1.0518,1500000,1120000
2018-03-23 14:03:10.572000,1.05186,1.05182,2890000,4120000
2018-03-23 14:03:10.781000,1.05185,1.05181,3070000,3000000
2018-03-23 14:03:11.489000,1.05184,1.0518,2700000,3750000
2018-03-23 14:03:12.091000,1.05183,1.0518,1310000,1000000
2018-03-23 14:03:12.195000,1.05182,1.05178,1390000,3370000
2018-03-23 14:03:12.299000,1.0518,1.05178,1310000,1500000
2018-03-23 14:03:12.801000,1.0518,1.05176,1200000,6370000
2018-03-23 14:03:13.339000,1.05179,1.05176,1000000,3370000
2018-03-23 14:03:13.858000,1.05179,1.05176,1500000,4120000
2018-03-23 14:03:14.382000,1.05179,1.05176,1250000,1870000
2018-03-23 14:03:15.321000,1.05174,1.05171,2440000,1200000
2018-03-23 14:03:15.692000,1.05173,1.05169,3640000,1000000
2018-03-23 14:03:16,1.0517,1.05166,3640000,1500000
2018-03-23 14:03:16.284000,1.05172,1.05168,2890000,3750000
2018-03-23 14:03:16.969000,1.0517,1.05167,1000000,7200000
2018-03-23 14:03:17.557000,1.0517,1.05167,2140000,1120000
2018-03-23 14:03:17.873000,1.05166,1.05163,1120000,3450000
2018-03-23 14:03:18.228000,1.05165,1.05162,1500000,1000000
2018-03-23 14:03:18.455000,1.05163,1.05159,3560000,2510000
2018-03-23 14:03:18.766000,1.05162,1.05159,1120000,1500000
2018-03-23 14:03:18.869000,1.05161,1.05157,1570000,1500000
2018-03-23 14:03:19.023000,1.05158,1.05156,1000000,1200000
2018-03-23 14:03:19.076000,1.05157,1.05153,2510000,5620000
2018-03-23 14:03:19.765000,1.05155,1.05152,1120000,1950000
2018-03-23 14:03:19.877000,1.05155,1.05151,5320000,3190000
2018-03-23 14:03:20.080000,1.05156,1.05152,1000000,2890000
2018-03-23 14:03:20.587000,1.05154,1.05151,1000000,1200000
2018-03-23 14:03:20.743000,1.05154,1.0515,2060000,1200000
2018-03-23 14:03:20.853000,1.05152,1.05149,1500000,1570000
2018-03-23 14:03:21.398000,1.05152,1.05148,1000000,2890000
2018-03-23 14:03:21.917000,1.05152,1.05148,1870000,1570000
2018-03-23 14:03:23.879000,1.05152,1.05149,1000000,2250000
2018-03-23 14:03:25.049000,1.05152,1.05149,1000000,1200000
2018-03-23 14:03:25.691000,1.05154,1.05153,1120000,1120000
2018-03-23 14:03:25.796000,1.05158,1.05154,2510000,1000000
2018-03-23 14:03:26.463000,1.05159,1.05157,2060000,1120000
2018-03-23 14:03:26.721000,1.05163,1.0516,1500000,1000000
2018-03-23 14:03:26.978000,1.0516,1.05158,1250000,1570000
2018-03-23 14:03:27.487000,1.05162,1.05158,3190000,1200000
2018-03-23 14:03:27.813000,1.05159,1.05155,2440000,1950000
2018-03-23 14:03:28.357000,1.05158,1.05155,1310000,1570000
2018-03-23 14:03:28.862000,1.05158,1.05154,3190000,1100000
2018-03-23 14:03:29.685000,1.05157,1.05153,2440000,1570000
2018-03-23 14:03:30.200000,1.05155,1.05152,1310000,1120000
2018-03-23 14:03:30.405000,1.0516,1.05156,4010000,2250000
2018-03-23 14:03:30.742000,1.0516,1.05157,1190000,1870000
2018-03-23 14:03:30.794000,1.05161,1.05159,1000000,1500000
2018-03-23 14:03:30.897000,1.05163,1.05159,2440000,1570000
2018-03-23 14:03:31.206000,1.05164,1.05161,2810000,1200000
2018-03-23 14:03:31.392000,1.05167,1.05163,1570000,1500000
2018-03-23 14:03:31.447000,1.05165,1.05161,3260000,2250000
2018-03-23 14:03:31.968000,1.05163,1.0516,1000000,1120000
2018-03-23 14:03:32.831000,1.05163,1.0516,1370000,1000000
2018-03-23 14:03:33.153000,1.05165,1.05163,5510000,1120000
2018-03-23 14:03:33.257000,1.05167,1.05164,1950000,1000000
2018-03-23 14:03:33.808000,1.05167,1.05164,2000000,1000000
2018-03-23 14:03:34.067000,1.05168,1.05164,1950000,1870000
2018-03-23 14:03:34.427000,1.05169,1.05166,3000000,1000000
2018-03-23 14:03:35.005000,1.05169,1.05165,4390000,1000000
2018-03-23 14:03:35.164000,1.05164,1.05161,1120000,3000000
2018-03-23 14:03:35.706000,1.05164,1.05161,1690000,1100000
2018-03-23 14:03:37.077000,1.05164,1.0516,2440000,2140000
2018-03-23 14:03:37.335000,1.05163,1.05159,1940000,3450000
2018-03-23 14:03:37.747000,1.05161,1.05158,1310000,1570000
2018-03-23 14:03:37.801000,1.05158,1.05156,1690000,4120000
2018-03-23 14:03:38.264000,1.05157,1.05153,1690000,1950000
2018-03-23 14:03:38.807000,1.05157,1.05153,1690000,1950000
2018-03-23 14:03:39.316000,1.05158,1.05155,1390000,1000000
2018-03-23 14:03:39.828000,1.05161,1.05157,3260000,1000000
2018-03-23 14:03:40.178000,1.05157,1.05154,1690000,1000000
2018-03-23 14:03:40.688000,1.05157,1.05154,1690000,1950000
2018-03-23 14:03:41.055000,1.05153,1.0515,3190000,3450000
2018-03-23 14:03:41.549000,1.05152,1.05149,2060000,1200000
2018-03-23 14:03:41.617000,1.0515,1.05148,1190000,1500000
2018-03-23 14:03:41.925000,1.05151,1.05148,3190000,1100000
2018-03-23 14:03:42.472000,1.05152,1.05148,2810000,3070000
2018-03-23 14:03:43.389000,1.05153,1.0515,1120000,1010000
2018-03-23 14:03:43.755000,1.05152,1.05148,1310000,3070000
2018-03-23 14:03:44.904000,1.05151,1.05147,3190000,2320000
2018-03-23 14:03:45.425000,1.0515,1.05147,2060000,1200000
2018-03-23 14:03:45.890000,1.05151,1.05147,2620000,1950000
2018-03-23 14:03:46.026000,1.0515,1.05147,1190000,1570000
2018-03-23 14:03:46.284000,1.05151,1.05148,3940000,1950000
2018-03-23 14:03:46.821000,1.05152,1.05149,1250000,1120000
2018-03-23 14:03:47.231000,1.05154,1.05151,1310000,1000000
2018-03-23 14:03:48.203000,1.05156,1.05153,1390000,1870000
2018-03-23 14:03:49.599000,1.05157,1.05153,2510000,1870000
2018-03-23 14:03:49.924000,1.05158,1.05156,2890000,1000000
2018-03-23 14:03:50.028000,1.05159,1.05155,1950000,2250000
2018-03-23 14:03:50.583000,1.05158,1.05155,1000000,1120000
2018-03-23 14:03:50.902000,1.05157,1.05153,1760000,2250000
2018-03-23 14:03:51.323000,1.05155,1.05153,1000000,1120000
2018-03-23 14:03:51.890000,1.05156,1.05153,1760000,1500000
2018-03-23 14:03:52.393000,1.05157,1.05154,1570000,1000000
2018-03-23 14:03:53.130000,1.05157,1.05154,1390000,1000000
2018-03-23 14:03:53.645000,1.05157,1.05154,1390000,1000000
2018-03-23 14:03:54.158000,1.05159,1.05156,2890000,1500000
2018-03-23 14:03:54.473000,1.05157,1.05154,1390000,1500000
2018-03-23 14:03:55.278000,1.05156,1.05154,1100000,1000000
2018-03-23 14:03:55.789000,1.05156,1.05153,1390000,1000000
2018-03-23 14:03:56.443000,1.05157,1.05154,1950000,3000000
2018-03-23 14:03:56.981000,1.05158,1.05155,2890000,1000000
2018-03-23 14:03:57.496000,1.05156,1.05154,1000000,1000000
2018-03-23 14:03:57.941000,1.05158,1.05155,4950000,1000000
2018-03-23 14:03:58.098000,1.0516,1.05158,5860000,1500000
2018-03-23 14:03:58.436000,1.05169,1.05166,1010000,1120000
2018-03-23 14:03:59.093000,1.0517,1.05167,2890000,1000000
2018-03-23 14:03:59.297000,1.05169,1.05165,5510000,1000000
2018-03-23 14:04:00.219000,1.05169,1.05166,2700000,2440000
2018-03-23 14:04:00.271000,1.05171,1.05168,3260000,1250000
2018-03-23 14:04:00.374000,1.0517,1.05166,2140000,5470000
2018-03-23 14:04:00.975000,1.0517,1.05168,1200000,1000000
2018-03-23 14:04:01.175000,1.05172,1.05169,1390000,2620000
2018-03-23 14:04:01.279000,1.05173,1.05171,2140000,1000000
2018-03-23 14:04:01.799000,1.05171,1.0517,1690000,1500000
2018-03-23 14:04:01.851000,1.05169,1.05166,1100000,3000000
2018-03-23 14:04:02.387000,1.05169,1.05166,2510000,1120000
2018-03-23 14:04:02.920000,1.05168,1.05164,2320000,1690000
2018-03-23 14:04:03.359000,1.05163,1.05162,1950000,4500000
2018-03-23 14:04:03.412000,1.05162,1.05158,1120000,2660000
2018-03-23 14:04:03.959000,1.05163,1.0516,1760000,1200000
2018-03-23 14:04:04.011000,1.05162,1.05158,1200000,4720000
2018-03-23 14:04:04.537000,1.05162,1.05159,1950000,1000000
2018-03-23 14:04:04.793000,1.05161,1.05157,1100000,3220000
2018-03-23 14:04:05.285000,1.05159,1.05156,1000000,6000000
2018-03-23 14:04:05.796000,1.0516,1.05156,3450000,3190000
2018-03-23 14:04:06.341000,1.05158,1.05154,4570000,2060000
2018-03-23 14:04:06.548000,1.05156,1.05153,1100000,4500000
2018-03-23 14:04:07.088000,1.05155,1.05152,1100000,1870000
2018-03-23 14:04:07.357000,1.05152,1.05151,1500000,1000000
2018-03-23 14:04:07.412000,1.05152,1.05149,1950000,1030000
2018-03-23 14:04:07.808000,1.05151,1.05147,2700000,3560000
2018-03-23 14:04:08.195000,1.05149,1.05145,2890000,7690000
2018-03-23 14:04:08.400000,1.0515,1.05147,3820000,1870000
2018-03-23 14:04:08.986000,1.05149,1.05146,1010000,1120000
2018-03-23 14:04:09.142000,1.0515,1.05148,1100000,1000000
2018-03-23 14:04:09.455000,1.0515,1.05146,1570000,4500000
2018-03-23 14:04:09.560000,1.05148,1.05146,1870000,2250000
2018-03-23 14:04:09.873000,1.05146,1.05143,1570000,1870000
2018-03-23 14:04:10.205000,1.05145,1.05142,1950000,1370000
2018-03-23 14:04:10.753000,1.05144,1.05141,1200000,2440000
2018-03-23 14:04:11.264000,1.05145,1.05142,1200000,1870000
2018-03-23 14:04:11.654000,1.05147,1.05145,1570000,1000000
2018-03-23 14:04:11.758000,1.05149,1.05146,3340000,1870000
2018-03-23 14:04:11.864000,1.0515,1.05147,1570000,1500000
2018-03-23 14:04:12.325000,1.05151,1.05148,1100000,1500000
2018-03-23 14:04:12.432000,1.0515,1.05148,2510000,1120000
2018-03-23 14:04:12.486000,1.05151,1.05149,2770000,1000000
2018-03-23 14:04:13.048000,1.05153,1.0515,2140000,1120000
2018-03-23 14:04:13.549000,1.05154,1.05151,3820000,1000000
2018-03-23 14:04:14.079000,1.05153,1.05149,5140000,1120000
2018-03-23 14:04:14.623000,1.05152,1.05149,2700000,1000000
2018-03-23 14:04:16.377000,1.05152,1.05149,1010000,1000000
2018-03-23 14:04:16.912000,1.05152,1.0515,1000000,1000000
2018-03-23 14:04:17.506000,1.05152,1.05149,2140000,1000000
2018-03-23 14:04:18.197000,1.05151,1.05148,2440000,1120000
2018-03-23 14:04:18.248000,1.05149,1.05146,1690000,1000000
2018-03-23 14:04:18.785000,1.05149,1.05146,4390000,1000000
2018-03-23 14:04:19.096000,1.0515,1.05148,2890000,1000000
2018-03-23 14:04:19.200000,1.05152,1.0515,1570000,1000000
2018-03-23 14:04:19.707000,1.05152,1.05149,1760000,1000000
2018-03-23 14:04:19.810000,1.0515,1.05148,1690000,1500000
2018-03-23 14:04:20.121000,1.05148,1.05145,3000000,1010000
2018-03-23 14:04:20.633000,1.05147,1.05144,2890000,1000000
2018-03-23 14:04:21.516000,1.05149,1.05148,2510000,1000000
2018-03-23 14:04:21.726000,1.05149,1.05146,1690000,1100000
2018-03-23 14:04:22.305000,1.05149,1.05147,4010000,1000000
2018-03-23 14:04:22.411000,1.0515,1.05148,1100000,1000000
2018-03-23 14:04:22.914000,1.05152,1.0515,1760000,1000000
2018-03-23 14:04:23.585000,1.0515,1.05149,1310000,1000000
2018-03-23 14:04:23.949000,1.05149,1.05146,3640000,1000000
2018-03-23 14:04:24.455000,1.05148,1.05146,1760000,1000000
2018-03-23 14:04:24.992000,1.05148,1.05146,2140000,1000000
2018-03-23 14:04:25.598000,1.05147,1.05144,2510000,1000000
2018-03-23 14:04:25.959000,1.05146,1.05142,1700000,4870000
2018-03-23 14:04:26.011000,1.05147,1.05145,1450000,1000000
2018-03-23 14:04:26.435000,1.0515,1.05147,2320000,1870000
2018-03-23 14:04:26.817000,1.05148,1.05146,1200000,1000000
2018-03-23 14:04:26.920000,1.05148,1.05144,1390000,3750000
2018-03-23 14:04:26.972000,1.05147,1.05144,2510000,2250000
2018-03-23 14:04:27.862000,1.05145,1.05143,1500000,1000000
2018-03-23 14:04:28.370000,1.05145,1.05142,10270000,1000000
2018-03-23 14:04:30.240000,1.05145,1.05143,1000000,1000000
2018-03-23 14:04:30.589000,1.05148,1.05145,3670000,1000000
2018-03-23 14:04:31.004000,1.05146,1.05144,1070000,1000000
2018-03-23 14:04:31.553000,1.05146,1.05144,1100000,1000000
2018-03-23 14:04:31.859000,1.05149,1.05147,1390000,1000000
2018-03-23 14:04:32.366000,1.05149,1.05147,1100000,1000000
2018-03-23 14:04:33.129000,1.05149,1.05146,1100000,1250000
2018-03-23 14:04:33.182000,1.0515,1.05149,1200000,1000000
2018-03-23 14:04:33.590000,1.05153,1.0515,1950000,1120000
2018-03-23 14:04:33.645000,1.05153,1.05151,1200000,1000000
2018-03-23 14:04:34.508000,1.05153,1.05151,2320000,1000000
2018-03-23 14:04:35.060000,1.05155,1.05151,1200000,5250000
2018-03-23 14:04:35.112000,1.05156,1.05154,1870000,1000000
2018-03-23 14:04:35.217000,1.0516,1.05157,1450000,14060000
2018-03-23 14:04:35.269000,1.05162,1.0516,1200000,1000000
2018-03-23 14:04:35.814000,1.05159,1.05158,1000000,3370000
2018-03-23 14:04:36.071000,1.05159,1.05155,4570000,1870000
2018-03-23 14:04:36.618000,1.05158,1.05156,1570000,1000000
2018-03-23 14:04:36.827000,1.0516,1.05158,3070000,1000000
2018-03-23 14:04:37.453000,1.0516,1.05158,1500000,1000000
2018-03-23 14:04:37.998000,1.0516,1.05158,1100000,1000000
2018-03-23 14:04:38.519000,1.05159,1.05156,4010000,1000000
2018-03-23 14:04:38.572000,1.05157,1.05155,1100000,1000000
2018-03-23 14:04:38.939000,1.05156,1.05153,4650000,1000000
2018-03-23 14:04:39.559000,1.05155,1.05151,1950000,6750000
2018-03-23 14:04:40.069000,1.05154,1.05153,2620000,1000000
2018-03-23 14:04:40.318000,1.05155,1.05151,2320000,3750000
2018-03-23 14:04:41.312000,1.05154,1.05152,2140000,1000000
2018-03-23 14:04:41.470000,1.05152,1.0515,2890000,1000000
2018-03-23 14:04:41.930000,1.05153,1.05151,2620000,1000000
2018-03-23 14:04:42.243000,1.05155,1.05154,1000000,1000000
2018-03-23 14:04:42.296000,1.05156,1.05154,1120000,1000000
2018-03-23 14:04:42.824000,1.05158,1.05155,1950000,2810000
2018-03-23 14:04:43.033000,1.05157,1.05155,1570000,1000000
2018-03-23 14:04:43.348000,1.05154,1.05152,2810000,1000000
2018-03-23 14:04:43.865000,1.05154,1.05152,2140000,1000000
2018-03-23 14:04:44.702000,1.05154,1.05152,2140000,1000000
2018-03-23 14:04:45.257000,1.05154,1.05152,1760000,1000000
2018-03-23 14:04:45.564000,1.05152,1.0515,1000000,1000000
2018-03-23 14:04:46.920000,1.05153,1.05151,3450000,1000000
2018-03-23 14:04:47.430000,1.05154,1.05151,1390000,1870000
2018-03-23 14:04:47.747000,1.05157,1.05154,2320000,1000000
2018-03-23 14:04:48.291000,1.05157,1.05153,2320000,8440000
2018-03-23 14:04:48.770000,1.05157,1.05156,1100000,1000000
2018-03-23 14:04:49.249000,1.0516,1.05157,3640000,1000000
2018-03-23 14:04:49.792000,1.0516,1.05157,1570000,1000000
2018-03-23 14:04:50.309000,1.05159,1.05156,2890000,1000000
2018-03-23 14:04:50.414000,1.05159,1.05155,1320000,1500000
2018-03-23 14:04:50.518000,1.0516,1.05158,1570000,1000000
2018-03-23 14:04:51.075000,1.0516,1.05157,2890000,1000000
2018-03-23 14:04:51.614000,1.05159,1.05156,2510000,1000000
2018-03-23 14:04:51.824000,1.05158,1.05155,1760000,1120000
2018-03-23 14:04:51.978000,1.05158,1.05155,4390000,1000000
2018-03-23 14:04:52.496000,1.05156,1.05154,1010000,1000000
2018-03-23 14:04:53.029000,1.05157,1.05155,1950000,1000000
2018-03-23 14:04:56.013000,1.05158,1.05156,3070000,1000000
2018-03-23 14:04:56.566000,1.05159,1.05156,1570000,5250000
2018-03-23 14:04:56.877000,1.0516,1.05157,2890000,1000000
2018-03-23 14:04:57.419000,1.0516,1.05158,1100000,1000000
2018-03-23 14:04:57.909000,1.05162,1.0516,1570000,1000000
2018-03-23 14:04:58.064000,1.05168,1.05166,1690000,1000000
2018-03-23 14:04:58.173000,1.05171,1.05168,2060000,1500000
2018-03-23 14:04:58.579000,1.05172,1.05171,1500000,1000000
2018-03-23 14:04:58.890000,1.05177,1.05175,1390000,1000000
2018-03-23 14:04:59.150000,1.05178,1.05176,1120000,1000000
2018-03-23 14:04:59.446000,1.05178,1.05175,2810000,1000000
2018-03-23 14:04:59.910000,1.05178,1.05176,1120000,1000000
2018-03-23 14:05:01.044000,1.05177,1.05176,1000000,1000000
2018-03-23 14:05:01.469000,1.05182,1.05179,6640000,1120000
2018-03-23 14:05:01.629000,1.05181,1.05177,2890000,1120000
2018-03-23 14:05:01.682000,1.05181,1.05178,2140000,1000000
2018-03-23 14:05:01.787000,1.05181,1.05177,3260000,1120000
2018-03-23 14:05:02.190000,1.05179,1.05175,1310000,2700000
2018-03-23 14:05:02.710000,1.05179,1.05175,2440000,2140000
2018-03-23 14:05:03.056000,1.05177,1.05173,4390000,1120000
2018-03-23 14:05:03.569000,1.05178,1.05174,2700000,1120000
2018-03-23 14:05:04.230000,1.05176,1.05173,1000000,2250000
2018-03-23 14:05:04.549000,1.0517,1.05169,1000000,1120000
2018-03-23 14:05:04.654000,1.05171,1.05168,1120000,1500000
2018-03-23 14:05:05.063000,1.05168,1.05167,1310000,1000000
2018-03-23 14:05:05.165000,1.05168,1.05164,2440000,1950000
2018-03-23 14:05:05.666000,1.05168,1.05164,2890000,1000000
2018-03-23 14:05:05.872000,1.05164,1.05162,1120000,3450000
2018-03-23 14:05:05.976000,1.05163,1.05159,1500000,1950000
2018-03-23 14:05:06.227000,1.05167,1.05163,2320000,1000000
2018-03-23 14:05:06.283000,1.05167,1.05163,1950000,1000000
2018-03-23 14:05:06.492000,1.05165,1.05163,1000000,1000000
2018-03-23 14:05:06.729000,1.05161,1.05158,1000000,2700000
2018-03-23 14:05:06.934000,1.05163,1.05159,2140000,1000000
2018-03-23 14:05:07.411000,1.05165,1.05163,1000000,1870000
2018-03-23 14:05:07.463000,1.05167,1.05163,1570000,2620000
2018-03-23 14:05:07.568000,1.05166,1.05163,3820000,1000000
2018-03-23 14:05:07.620000,1.05164,1.05161,1500000,4760000
2018-03-23 14:05:07.814000,1.05164,1.05163,1000000,1000000
2018-03-23 14:05:07.865000,1.05166,1.05163,1200000,1000000
2018-03-23 14:05:08.172000,1.05165,1.05162,1220000,1100000
2018-03-23 14:05:08.431000,1.05162,1.05159,1720000,2320000
2018-03-23 14:05:08.876000,1.05161,1.05157,1540000,3820000
2018-03-23 14:05:09.377000,1.05162,1.05158,2510000,1120000
2018-03-23 14:05:09.639000,1.0516,1.05156,2890000,3000000
2018-03-23 14:05:09.835000,1.05159,1.05155,1690000,2320000
2018-03-23 14:05:10.378000,1.05157,1.05154,1390000,1300000
2018-03-23 14:05:11.982000,1.05158,1.05155,2140000,1000000
2018-03-23 14:05:12.034000,1.05158,1.05157,1100000,1000000
2018-03-23 14:05:12.086000,1.0516,1.05157,2320000,1000000
2018-03-23 14:05:12.139000,1.05158,1.05155,1690000,3260000
2018-03-23 14:05:12.720000,1.05159,1.05156,1950000,1000000
2018-03-23 14:05:13.231000,1.0516,1.05157,1570000,1000000
2018-03-23 14:05:13.386000,1.05162,1.05158,3450000,1000000
2018-03-23 14:05:13.597000,1.05162,1.0516,1500000,1000000
2018-03-23 14:05:13.878000,1.05168,1.05164,4200000,1870000
2018-03-23 14:05:13.955000,1.0517,1.05166,1870000,2510000
2018-03-23 14:05:14.270000,1.05168,1.05165,1310000,1200000
2018-03-23 14:05:14.966000,1.05169,1.05166,1120000,1000000
2018-03-23 14:05:15.315000,1.05168,1.05164,2060000,1100000
2018-03-23 14:05:15.521000,1.05166,1.05162,1690000,4570000
2018-03-23 14:05:16.072000,1.05165,1.05162,1390000,1000000
2018-03-23 14:05:16.491000,1.05168,1.05165,1250000,1870000
2018-03-23 14:05:16.942000,1.05167,1.05163,2320000,1000000
2018-03-23 14:05:17.447000,1.05166,1.05162,1000000,5320000
2018-03-23 14:05:17.993000,1.05167,1.05164,1570000,1000000
2018-03-23 14:05:18.356000,1.05164,1.05162,1690000,1000000
2018-03-23 14:05:18.459000,1.05163,1.05159,2890000,2250000
2018-03-23 14:05:18.781000,1.05163,1.05159,6640000,2250000
2018-03-23 14:05:18.835000,1.05159,1.05156,1120000,1120000
2018-03-23 14:05:19.425000,1.05159,1.05155,1390000,1120000
2018-03-23 14:05:19.749000,1.05159,1.05155,1850000,1000000
2018-03-23 14:05:19.801000,1.05159,1.05156,1200000,1000000
2018-03-23 14:05:20.008000,1.05157,1.05154,1690000,1050000
2018-03-23 14:05:20.555000,1.05159,1.05155,1760000,1500000
2018-03-23 14:05:21.123000,1.05159,1.05155,1120000,1200000
2018-03-23 14:05:21.435000,1.05161,1.05158,1200000,1000000
2018-03-23 14:05:22.245000,1.05161,1.05157,1310000,1950000
2018-03-23 14:05:23.021000,1.0516,1.05156,1000000,3070000
2018-03-23 14:05:23.334000,1.05158,1.05155,1000000,1120000
2018-03-23 14:05:23.855000,1.05159,1.05155,1120000,1390000
2018-03-23 14:05:24.355000,1.05158,1.05154,3000000,1570000
2018-03-23 14:05:24.463000,1.05159,1.05155,1500000,1950000
2018-03-23 14:05:24.981000,1.05158,1.05154,3560000,1950000
2018-03-23 14:05:25.948000,1.0516,1.05156,1950000,1870000
2018-03-23 14:05:26.490000,1.0516,1.05156,1310000,1570000
2018-03-23 14:05:26.797000,1.05158,1.05155,1690000,2890000
2018-03-23 14:05:27.002000,1.05157,1.05153,1310000,2700000
2018-03-23 14:05:27.111000,1.05155,1.05153,1000000,1500000
2018-03-23 14:05:27.645000,1.05156,1.05152,2510000,1500000
2018-03-23 14:05:27.991000,1.05152,1.05149,1500000,1000000
2018-03-23 14:05:28.494000,1.05151,1.05148,1000000,1000000
2018-03-23 14:05:29.022000,1.0515,1.05147,1000000,1120000
2018-03-23 14:05:29.286000,1.05152,1.05148,1570000,1870000
2018-03-23 14:05:29.808000,1.05152,1.05149,1570000,1000000
2018-03-23 14:05:30.314000,1.05152,1.05148,1760000,1870000
2018-03-23 14:05:30.494000,1.0515,1.05146,1310000,2700000
2018-03-23 14:05:30.648000,1.05149,1.05145,1310000,1200000
2018-03-23 14:05:30.751000,1.05148,1.05144,1690000,4570000
2018-03-23 14:05:31.642000,1.05147,1.05143,2810000,2700000
2018-03-23 14:05:32.158000,1.05146,1.05142,1500000,1570000
2018-03-23 14:05:32.672000,1.05147,1.05143,1760000,1500000
2018-03-23 14:05:33.488000,1.05143,1.05142,1000000,1950000
2018-03-23 14:05:33.612000,1.05146,1.05142,3260000,1500000
2018-03-23 14:05:33.768000,1.05147,1.05144,3640000,1000000
2018-03-23 14:05:34.109000,1.0515,1.05146,3260000,1870000
2018-03-23 14:05:34.162000,1.0515,1.05146,2890000,1870000
2018-03-23 14:05:34.479000,1.05152,1.05148,2510000,1120000
2018-03-23 14:05:35.009000,1.05153,1.05149,4010000,1000000
2018-03-23 14:05:35.523000,1.05151,1.05147,3190000,1200000
2018-03-23 14:05:36.164000,1.05151,1.05147,2510000,1120000
2018-03-23 14:05:37.655000,1.05149,1.05145,3190000,1950000
2018-03-23 14:05:37.706000,1.05149,1.05146,1390000,1000000
2018-03-23 14:05:38.013000,1.05148,1.05145,1310000,1000000
2018-03-23 14:05:38.118000,1.05145,1.05142,2440000,1120000
2018-03-23 14:05:38.658000,1.05144,1.05141,1290000,1120000
2018-03-23 14:05:39.154000,1.05138,1.05137,1870000,1000000
2018-03-23 14:05:39.206000,1.05135,1.05132,1250000,1500000
2018-03-23 14:05:39.746000,1.05135,1.05131,5140000,1000000
2018-03-23 14:05:39.916000,1.05136,1.05133,2510000,1000000
2018-03-23 14:05:40.897000,1.05137,1.05133,2700000,1310000
2018-03-23 14:05:41.213000,1.05142,1.05138,3070000,1120000
2018-03-23 14:05:42.460000,1.05143,1.05139,3070000,1500000
2018-03-23 14:05:42.663000,1.05146,1.05142,2510000,1500000
2018-03-23 14:05:43.071000,1.05145,1.05141,2440000,2320000
2018-03-23 14:05:43.401000,1.05143,1.0514,1690000,1120000
2018-03-23 14:05:43.765000,1.05143,1.05142,1500000,1000000
2018-03-23 14:05:43.869000,1.05145,1.05141,1760000,1500000
2018-03-23 14:05:44.183000,1.05143,1.0514,2060000,1950000
2018-03-23 14:05:44.527000,1.05142,1.05138,4010000,3000000
2018-03-23 14:05:44.887000,1.05139,1.05136,1290000,1000000
2018-03-23 14:05:45.075000,1.05138,1.05134,3190000,2320000
2018-03-23 14:05:45.597000,1.05137,1.05133,7760000,1120000
2018-03-23 14:05:45.857000,1.05136,1.05132,1690000,1570000
2018-03-23 14:05:45.987000,1.05136,1.05132,1100000,4310000
2018-03-23 14:05:46.990000,1.05133,1.05131,1000000,1200000
2018-03-23 14:05:47.147000,1.05135,1.05131,2890000,1870000
2018-03-23 14:05:47.564000,1.05136,1.05133,2140000,1000000
2018-03-23 14:05:48.018000,1.05135,1.05132,1190000,1500000
2018-03-23 14:05:48.175000,1.05134,1.0513,2140000,2440000
2018-03-23 14:05:48.333000,1.05134,1.05131,1000000,1500000
2018-03-23 14:05:48.738000,1.05136,1.05132,3640000,1120000
2018-03-23 14:05:48.947000,1.05136,1.05132,3640000,1120000
2018-03-23 14:05:49.318000,1.05136,1.05133,2700000,1000000
2018-03-23 14:05:49.581000,1.05135,1.05132,2060000,1000000
2018-03-23 14:05:50.153000,1.05135,1.05132,4010000,1120000
2018-03-23 14:05:50.667000,1.05134,1.05131,1690000,1000000
2018-03-23 14:05:51.045000,1.05132,1.05129,1870000,2440000
2018-03-23 14:05:51.363000,1.05135,1.05132,2320000,1120000
2018-03-23 14:05:51.823000,1.05137,1.05136,1000000,1000000
2018-03-23 14:05:51.874000,1.0514,1.05136,3260000,1120000
2018-03-23 14:05:52.334000,1.05141,1.05137,4010000,1500000
2018-03-23 14:05:52.870000,1.05141,1.05138,1200000,1120000
2018-03-23 14:05:53.412000,1.05142,1.05139,1760000,1000000
2018-03-23 14:05:53.934000,1.05142,1.05139,3260000,1000000
2018-03-23 14:05:54.456000,1.05142,1.05139,2510000,1000000
2018-03-23 14:05:54.508000,1.05142,1.05138,5140000,1120000
2018-03-23 14:05:55.032000,1.0514,1.05137,1690000,1500000
2018-03-23 14:05:55.344000,1.05138,1.05134,9260000,1000000
2018-03-23 14:05:55.693000,1.05135,1.05132,3260000,1000000
2018-03-23 14:05:56.057000,1.05132,1.0513,3370000,1100000
2018-03-23 14:05:56.240000,1.0513,1.05127,1190000,1870000
2018-03-23 14:05:56.555000,1.05127,1.05124,3190000,2320000
2018-03-23 14:05:56.607000,1.05126,1.05123,2060000,1100000
2018-03-23 14:05:56.991000,1.05125,1.05121,1690000,2700000
2018-03-23 14:05:57.528000,1.05125,1.05121,1390000,2250000
2018-03-23 14:05:57.580000,1.05126,1.05124,4570000,1000000
2018-03-23 14:05:58.096000,1.05126,1.05123,1200000,1000000
2018-03-23 14:05:58.401000,1.05129,1.05126,1390000,1000000
2018-03-23 14:05:58.931000,1.05129,1.05125,4010000,1120000
2018-03-23 14:05:59.450000,1.0513,1.05126,3640000,1120000
2018-03-23 14:05:59.998000,1.05129,1.05125,2890000,1500000
2018-03-23 14:06:00.154000,1.0513,1.05127,4010000,1120000
2018-03-23 14:06:00.438000,1.05131,1.05127,1760000,2250000
2018-03-23 14:06:00.963000,1.05131,1.05127,2140000,2250000
2018-03-23 14:06:01.500000,1.0513,1.05127,1000000,1870000
2018-03-23 14:06:02.132000,1.05131,1.05128,4390000,1120000
2018-03-23 14:06:02.983000,1.05132,1.05128,5510000,1120000
2018-03-23 14:06:03.289000,1.05133,1.0513,1690000,1500000
2018-03-23 14:06:03.342000,1.05134,1.05131,1390000,1000000
2018-03-23 14:06:03.714000,1.05133,1.05129,2810000,5320000
2018-03-23 14:06:03.973000,1.05131,1.05128,1250000,1120000
2018-03-23 14:06:04.524000,1.05131,1.05127,1690000,1570000
2018-03-23 14:06:04.576000,1.05131,1.05127,2290000,1570000
2018-03-23 14:06:05.104000,1.0513,1.05126,2370000,1500000
2018-03-23 14:06:05.474000,1.05131,1.05128,2140000,1000000
2018-03-23 14:06:06.120000,1.05131,1.05128,1760000,1120000
2018-03-23 14:06:06.942000,1.05132,1.05128,4200000,1690000
2018-03-23 14:06:07.283000,1.05135,1.05133,1200000,1000000
2018-03-23 14:06:07.892000,1.05136,1.05132,3070000,3370000
2018-03-23 14:06:08.454000,1.05136,1.05133,1200000,1120000
2018-03-23 14:06:10.059000,1.05135,1.05132,1000000,1500000
2018-03-23 14:06:10.422000,1.05137,1.05133,4200000,1310000
2018-03-23 14:06:10.973000,1.05137,1.05133,3820000,1250000
2018-03-23 14:06:11.926000,1.05135,1.05132,1000000,1870000
2018-03-23 14:06:12.462000,1.05137,1.05133,7570000,1000000
2018-03-23 14:06:13.006000,1.05136,1.05132,3820000,1310000
2018-03-23 14:06:13.473000,1.05136,1.05133,1000000,1190000
2018-03-23 14:06:13.527000,1.05135,1.05132,1000000,3190000
2018-03-23 14:06:13.912000,1.05132,1.0513,1500000,1000000
2018-03-23 14:06:14.420000,1.0513,1.05127,3370000,1570000
2018-03-23 14:06:14.776000,1.05128,1.05126,1120000,1100000
2018-03-23 14:06:14.829000,1.05128,1.05124,3000000,1570000
2018-03-23 14:06:14.935000,1.05126,1.05123,1000000,2510000
2018-03-23 14:06:15.469000,1.05122,1.05121,1570000,1690000
2018-03-23 14:06:15.782000,1.05125,1.05123,1570000,1690000
2018-03-23 14:06:16.315000,1.05128,1.05126,1070000,1310000
2018-03-23 14:06:16.470000,1.05129,1.05125,8320000,1690000
2018-03-23 14:06:18.100000,1.05129,1.05125,5700000,1120000
2018-03-23 14:06:18.609000,1.05129,1.05126,2890000,1500000
2018-03-23 14:06:18.816000,1.05129,1.05127,6070000,1000000
2018-03-23 14:06:18.921000,1.05131,1.05127,1950000,4310000
2018-03-23 14:06:20.200000,1.05129,1.05127,1500000,1000000
2018-03-23 14:06:20.514000,1.05128,1.05125,1250000,1870000
2018-03-23 14:06:20.641000,1.05126,1.05125,1500000,1120000
2018-03-23 14:06:20.693000,1.05125,1.05122,2250000,4570000
2018-03-23 14:06:21.287000,1.05125,1.05122,6000000,1000000
2018-03-23 14:06:21.547000,1.05126,1.05124,1100000,1000000
2018-03-23 14:06:21.654000,1.05128,1.05125,2810000,1870000
2018-03-23 14:06:21.759000,1.0513,1.05127,4200000,1250000
2018-03-23 14:06:21.811000,1.0513,1.05127,3070000,1000000
2018-03-23 14:06:22.174000,1.05132,1.05128,6450000,1310000
2018-03-23 14:06:22.226000,1.05132,1.0513,2700000,1500000
2018-03-23 14:06:22.433000,1.05134,1.05131,1520000,1120000
2018-03-23 14:06:22.784000,1.05135,1.05133,1000000,1000000
2018-03-23 14:06:23.251000,1.05132,1.0513,1000000,2510000
2018-03-23 14:06:23.769000,1.05131,1.0513,1000000,1000000
2018-03-23 14:06:24.290000,1.05132,1.0513,1500000,1000000
2018-03-23 14:06:25.798000,1.05131,1.05129,1000000,1190000
2018-03-23 14:06:25.903000,1.0513,1.05127,3750000,1500000
2018-03-23 14:06:26.418000,1.05129,1.05126,1690000,1500000
2018-03-23 14:06:26.965000,1.0513,1.05127,3820000,1310000
2018-03-23 14:06:27.503000,1.05131,1.05127,4200000,1690000
2018-03-23 14:06:27.712000,1.05128,1.05126,1000000,1000000
2018-03-23 14:06:28.004000,1.05127,1.05124,4570000,1000000
2018-03-23 14:06:28.208000,1.05126,1.05122,3000000,1570000
2018-03-23 14:06:28.719000,1.05125,1.05122,1120000,1120000
2018-03-23 14:06:29.187000,1.05123,1.05119,3190000,5140000
2018-03-23 14:06:29.725000,1.05123,1.05121,1500000,1000000
2018-03-23 14:06:29.879000,1.05125,1.05122,3820000,1000000
2018-03-23 14:06:30.384000,1.05126,1.05122,4570000,1870000
2018-03-23 14:06:30.944000,1.05126,1.05122,3820000,1120000
2018-03-23 14:06:31.358000,1.0512,1.05119,1000000,2440000
2018-03-23 14:06:31.412000,1.0512,1.05117,3370000,1120000
2018-03-23 14:06:31.528000,1.05118,1.05117,1000000,1870000
2018-03-23 14:06:31.631000,1.0512,1.05117,4570000,1950000
2018-03-23 14:06:32.158000,1.05121,1.05117,2700000,1310000
2018-03-23 14:06:32.316000,1.05117,1.05115,1870000,2320000
2018-03-23 14:06:32.630000,1.05116,1.05113,1500000,1500000
2018-03-23 14:06:33.169000,1.05115,1.05113,1000000,1000000
2018-03-23 14:06:33.699000,1.05116,1.05112,4950000,1690000
2018-03-23 14:06:33.857000,1.05116,1.05115,2250000,1690000
2018-03-23 14:06:33.998000,1.05119,1.05116,4200000,1250000
2018-03-23 14:06:34.306000,1.05117,1.05114,1950000,1000000
2018-03-23 14:06:34.536000,1.05117,1.05116,1000000,2440000
2018-03-23 14:06:34.587000,1.0512,1.05116,2510000,2290000
2018-03-23 14:06:34.690000,1.05118,1.05116,1000000,1000000
2018-03-23 14:06:34.844000,1.05116,1.05113,3070000,1000000
2018-03-23 14:06:35,1.0511,1.05108,1690000,1690000
2018-03-23 14:06:35.052000,1.05107,1.05105,2620000,1000000
2018-03-23 14:06:35.216000,1.05108,1.05104,1950000,1310000
2018-03-23 14:06:35.727000,1.05109,1.05105,3260000,1250000
2018-03-23 14:06:36.256000,1.05107,1.05105,1120000,1000000
2018-03-23 14:06:36.744000,1.05107,1.05103,1000000,3490000
2018-03-23 14:06:37.345000,1.05106,1.05102,1000000,4240000
2018-03-23 14:06:37.739000,1.05104,1.051,1390000,2440000
2018-03-23 14:06:38.046000,1.05102,1.05098,1000000,5510000
2018-03-23 14:06:38.255000,1.05097,1.05092,2620000,3860000
2018-03-23 14:06:38.478000,1.05097,1.05095,1000000,1250000
2018-03-23 14:06:38.531000,1.05099,1.05094,2140000,6110000
2018-03-23 14:06:38.687000,1.05102,1.05098,1570000,1690000
2018-03-23 14:06:39.240000,1.05103,1.05098,1950000,8660000
2018-03-23 14:06:39.444000,1.05101,1.05097,1200000,1000000
2018-03-23 14:06:39.660000,1.05101,1.05096,2510000,1690000
2018-03-23 14:06:39.713000,1.05098,1.05093,2700000,3110000
2018-03-23 14:06:39.820000,1.05092,1.05091,1570000,2250000
2018-03-23 14:06:39.924000,1.05097,1.05094,1760000,1000000
2018-03-23 14:06:40.244000,1.05099,1.05096,1500000,1540000
2018-03-23 14:06:40.398000,1.05098,1.05094,3070000,1310000
2018-03-23 14:06:40.936000,1.05097,1.05093,1200000,3790000
2018-03-23 14:06:41.240000,1.05098,1.05095,1200000,1540000
2018-03-23 14:06:41.396000,1.05097,1.05093,5320000,3600000
2018-03-23 14:06:41.499000,1.05094,1.0509,1010000,2810000
2018-03-23 14:06:41.705000,1.05092,1.05089,1000000,2250000
2018-03-23 14:06:41.874000,1.05092,1.05088,1570000,1310000
2018-03-23 14:06:42.236000,1.05094,1.05089,9070000,1940000
2018-03-23 14:06:42.340000,1.05094,1.05089,6820000,1940000
2018-03-23 14:06:42.858000,1.05094,1.05089,4200000,2440000
2018-03-23 14:06:43.258000,1.05093,1.05088,1570000,4240000
2018-03-23 14:06:43.412000,1.05091,1.05088,1500000,1990000
2018-03-23 14:06:43.920000,1.05092,1.05088,3820000,1300000
2018-03-23 14:06:44.463000,1.05091,1.05086,6340000,2660000
2018-03-23 14:06:45.025000,1.0509,1.05086,3070000,1620000
2018-03-23 14:06:45.556000,1.0509,1.05086,1570000,1720000
2018-03-23 14:06:45.974000,1.05088,1.05084,1500000,2140000
2018-03-23 14:06:46.489000,1.05086,1.05082,2320000,1250000
2018-03-23 14:06:46.865000,1.05087,1.05082,7200000,1560000
2018-03-23 14:06:47.124000,1.05085,1.05081,1390000,2810000
2018-03-23 14:06:47.477000,1.05083,1.0508,1470000,6410000
2018-03-23 14:06:47.545000,1.05081,1.05077,1190000,1950000
2018-03-23 14:06:47.600000,1.05083,1.05078,4390000,4350000
2018-03-23 14:06:47.977000,1.05084,1.0508,3450000,8290000
2018-03-23 14:06:48.084000,1.05084,1.05081,1000000,9600000
2018-03-23 14:06:48.188000,1.05086,1.05082,1760000,3370000
2018-03-23 14:06:48.382000,1.05087,1.05085,1000000,1620000
2018-03-23 14:06:48.928000,1.05088,1.05083,1870000,3260000
2018-03-23 14:06:49.235000,1.0509,1.05085,1570000,4910000
2018-03-23 14:06:49.521000,1.05088,1.05084,1870000,4240000
2018-03-23 14:06:49.831000,1.05089,1.05087,2320000,4310000
2018-03-23 14:06:49.882000,1.0509,1.05087,1000000,5660000
2018-03-23 14:06:50.043000,1.05087,1.05084,1000000,1250000
2018-03-23 14:06:50.300000,1.05086,1.05081,9940000,3110000
2018-03-23 14:06:50.351000,1.05083,1.0508,1000000,1720000
2018-03-23 14:06:50.827000,1.05082,1.05077,1100000,2890000
2018-03-23 14:06:51.358000,1.05082,1.05077,4570000,1690000
2018-03-23 14:06:51.724000,1.05083,1.05079,3070000,3040000
2018-03-23 14:06:51.829000,1.05083,1.05078,3450000,1660000
2018-03-23 14:06:51.949000,1.05083,1.0508,1000000,5810000
2018-03-23 14:06:52.059000,1.05084,1.05079,2320000,1690000
2018-03-23 14:06:52.110000,1.05085,1.05081,3070000,3940000
2018-03-23 14:06:52.213000,1.05086,1.05082,3070000,1310000
2018-03-23 14:06:52.316000,1.05086,1.05084,1100000,1190000
2018-03-23 14:06:52.862000,1.05088,1.05084,1070000,1540000
2018-03-23 14:06:53.070000,1.05089,1.05085,2320000,1910000
2018-03-23 14:06:53.610000,1.05088,1.05084,1200000,1540000
2018-03-23 14:06:53.817000,1.0509,1.05086,2320000,1690000
2018-03-23 14:06:54.149000,1.05088,1.05083,4950000,1690000
2018-03-23 14:06:54.692000,1.05083,1.05081,1500000,1500000
2018-03-23 14:06:54.743000,1.05082,1.05078,3450000,1310000
2018-03-23 14:06:54.949000,1.05077,1.05075,1000000,1120000
2018-03-23 14:06:55.001000,1.05075,1.0507,1100000,2890000
2018-03-23 14:06:55.053000,1.05075,1.05071,4010000,1120000
2018-03-23 14:06:55.427000,1.05078,1.05074,4200000,1250000
2018-03-23 14:06:55.734000,1.05079,1.05075,1100000,1190000
2018-03-23 14:06:56.115000,1.05078,1.05073,1120000,2510000
2018-03-23 14:06:56.657000,1.05077,1.05073,1200000,1000000
2018-03-23 14:06:57.319000,1.05072,1.05069,1120000,5440000
2018-03-23 14:06:57.824000,1.05074,1.05069,7010000,1010000
2018-03-23 14:06:58.333000,1.05074,1.05069,1310000,5510000
2018-03-23 14:06:58.849000,1.05073,1.05069,1310000,1390000
2018-03-23 14:06:59.411000,1.05072,1.05069,2440000,1000000
2018-03-23 14:06:59.738000,1.05073,1.05069,1100000,1560000
2018-03-23 14:07:00.268000,1.05073,1.05069,1760000,1370000
2018-03-23 14:07:00.786000,1.05074,1.05069,4010000,1390000
2018-03-23 14:07:01.038000,1.05074,1.0507,1390000,1370000
2018-03-23 14:07:01.354000,1.05079,1.05076,1070000,1910000
2018-03-23 14:07:01.518000,1.05083,1.05078,5890000,2140000
2018-03-23 14:07:02.117000,1.05083,1.05078,5890000,4390000
2018-03-23 14:07:02.586000,1.05086,1.05081,7760000,1000000
2018-03-23 14:07:02.954000,1.05084,1.05082,1570000,1370000
2018-03-23 14:07:03.007000,1.05086,1.05082,3260000,1370000
2018-03-23 14:07:03.391000,1.05084,1.0508,1000000,5140000
2018-03-23 14:07:03.752000,1.05086,1.05084,1100000,1370000
2018-03-23 14:07:03.993000,1.0509,1.05086,2890000,1870000
2018-03-23 14:07:04.520000,1.05091,1.05087,4390000,1000000
2018-03-23 14:07:04.573000,1.05093,1.05089,2140000,1690000
2018-03-23 14:07:05.036000,1.05091,1.05086,5360000,5700000
2018-03-23 14:07:05.449000,1.0509,1.05087,1010000,1870000
2018-03-23 14:07:05.502000,1.05091,1.05088,1570000,4120000
2018-03-23 14:07:05.728000,1.05092,1.05089,1200000,1250000
2018-03-23 14:07:06.435000,1.05094,1.05091,5700000,1870000
2018-03-23 14:07:06.646000,1.05092,1.05088,1100000,2060000
2018-03-23 14:07:06.990000,1.0509,1.05087,1120000,1310000
2018-03-23 14:07:07.607000,1.05091,1.05087,2700000,2810000
2018-03-23 14:07:08.118000,1.05091,1.05087,1950000,3190000
2018-03-23 14:07:08.459000,1.0509,1.05087,2700000,1000000
2018-03-23 14:07:09.207000,1.0509,1.05086,3070000,2810000
2018-03-23 14:07:09.976000,1.0509,1.05086,4800000,1500000
2018-03-23 14:07:10.188000,1.05091,1.05087,3640000,1120000
2018-03-23 14:07:10.891000,1.0509,1.05086,1570000,2440000
2018-03-23 14:07:10.952000,1.05088,1.05085,1000000,3070000
2018-03-23 14:07:11.276000,1.05086,1.05083,1120000,3190000
2018-03-23 14:07:11.603000,1.05084,1.0508,1310000,4760000
2018-03-23 14:07:12.395000,1.05083,1.0508,1000000,5060000
2018-03-23 14:07:12.925000,1.05084,1.0508,1390000,5060000
2018-03-23 14:07:13.235000,1.05079,1.05076,1000000,2510000
2018-03-23 14:07:13.548000,1.05077,1.05074,1000000,3940000
2018-03-23 14:07:14.244000,1.05078,1.05074,1570000,6190000
2018-03-23 14:07:14.811000,1.05078,1.05075,1100000,1870000
2018-03-23 14:07:15.322000,1.05079,1.05076,1000000,2440000
2018-03-23 14:07:15.762000,1.05082,1.0508,7760000,1000000
2018-03-23 14:07:15.865000,1.05085,1.05082,3820000,1500000
2018-03-23 14:07:16.070000,1.05086,1.05083,1200000,1500000
2018-03-23 14:07:16.598000,1.05087,1.05084,1800000,1000000
2018-03-23 14:07:16.652000,1.0509,1.05086,3790000,2620000
2018-03-23 14:07:17.014000,1.05091,1.05087,1570000,3190000
2018-03-23 14:07:17.169000,1.05089,1.05086,1000000,3260000
2018-03-23 14:07:17.271000,1.05087,1.05084,1500000,1250000
2018-03-23 14:07:17.781000,1.05086,1.05083,1200000,1000000
2018-03-23 14:07:18.042000,1.05084,1.05081,1310000,1100000
2018-03-23 14:07:18.493000,1.05081,1.05079,1000000,4950000
2018-03-23 14:07:18.545000,1.0508,1.05077,1000000,1120000
2018-03-23 14:07:18.954000,1.05079,1.05078,1000000,1000000
2018-03-23 14:07:19.265000,1.0508,1.05077,1000000,1870000
2018-03-23 14:07:19.853000,1.05082,1.0508,1570000,1500000
2018-03-23 14:07:19.955000,1.05084,1.0508,1570000,2440000
2018-03-23 14:07:20.452000,1.05083,1.05079,1500000,3260000
2018-03-23 14:07:20.758000,1.05084,1.05081,1200000,1310000
2018-03-23 14:07:20.861000,1.05085,1.05082,1950000,1000000
2018-03-23 14:07:21.217000,1.05084,1.05081,3560000,1000000
2018-03-23 14:07:21.583000,1.05079,1.05077,1500000,1000000
2018-03-23 14:07:21.789000,1.05081,1.05079,1100000,1250000
2018-03-23 14:07:21.944000,1.05083,1.05081,1570000,1310000
2018-03-23 14:07:22.491000,1.05084,1.05081,2700000,1000000
2018-03-23 14:07:22.696000,1.05082,1.05078,2510000,1120000
2018-03-23 14:07:23.001000,1.05079,1.05075,4910000,3450000
2018-03-23 14:07:23.367000,1.05077,1.05073,1950000,1870000
2018-03-23 14:07:23.646000,1.05075,1.05072,1100000,1120000
2018-03-23 14:07:24.173000,1.05075,1.05071,3070000,1000000
2018-03-23 14:07:24.893000,1.05075,1.05071,2170000,1000000
2018-03-23 14:07:25.276000,1.05077,1.05074,2170000,1000000
2018-03-23 14:07:25.585000,1.05078,1.05076,1470000,1000000
2018-03-23 14:07:25.644000,1.05079,1.05076,1120000,1390000
2018-03-23 14:07:25.870000,1.05082,1.0508,1000000,1120000
