time,ask,bid,ask_volume,bid_volume
2021-03-04 14:55:00.962000,1.07437,1.07435,4820000,1000000
2021-03-04 14:55:01.063000,1.07436,1.07432,2320000,1310000
2021-03-04 14:55:01.165000,1.07435,1.07433,2600000,1000000
2021-03-04 14:55:02.524000,1.07436,1.07433,1860000,2440000
2021-03-04 14:55:02.625000,1.07436,1.07433,1390000,2440000
2021-03-04 14:55:05.572000,1.07437,1.07432,6350000,1000000
2021-03-04 14:55:05.724000,1.07435,1.07432,1760000,2060000
2021-03-04 14:55:07.035000,1.07436,1.07434,2440000,1000000
2021-03-04 14:55:11.416000,1.07435,1.07433,1250000,1500000
2021-03-04 14:55:12.790000,1.07435,1.07432,1690000,1200000
2021-03-04 14:55:13.860000,1.07436,1.07431,3760000,1000000
2021-03-04 14:55:17.068000,1.07435,1.07432,3640000,1000000
2021-03-04 14:55:17.169000,1.07434,1.07432,1500000,1000000
2021-03-04 14:55:17.666000,1.07434,1.07431,1500000,2890000
2021-03-04 14:55:20.298000,1.07436,1.07433,6190000,1570000
2021-03-04 14:55:27.537000,1.07436,1.07433,3010000,1120000
2021-03-04 14:55:28.927000,1.07436,1.07433,2890000,1870000
2021-03-04 14:55:34.881000,1.07436,1.07433,1950000,3250000
2021-03-04 14:55:37.633000,1.07438,1.07433,1100000,6870000
2021-03-04 14:55:37.734000,1.07438,1.07435,1010000,4060000
2021-03-04 14:55:37.835000,1.07438,1.07435,1010000,1250000
2021-03-04 14:55:38.088000,1.07438,1.07435,1510000,1250000
2021-03-04 14:55:40.230000,1.07436,1.07434,2320000,1310000
2021-03-04 14:55:47.009000,1.07437,1.07435,1000000,1690000
2021-03-04 14:55:47.573000,1.07437,1.07435,1000000,4000000
2021-03-04 14:55:50.102000,1.0744,1.07438,2250000,1180000
2021-03-04 14:55:50.204000,1.07441,1.07438,1100000,8120000
2021-03-04 14:55:50.356000,1.0744,1.07438,1000000,3180000
2021-03-04 14:55:51.064000,1.07439,1.07436,1950000,3940000
2021-03-04 14:55:51.166000,1.07438,1.07435,2700000,2440000
2021-03-04 14:55:51.267000,1.07437,1.07435,1120000,5440000
2021-03-04 14:55:51.571000,1.07438,1.07436,1000000,2440000
2021-03-04 14:55:51.926000,1.0744,1.07436,1120000,2060000
2021-03-04 14:55:52.028000,1.07439,1.07437,1000000,4440000
2021-03-04 14:55:52.179000,1.07439,1.07437,1000000,1310000
2021-03-04 14:55:53.977000,1.07439,1.07436,1500000,4390000
2021-03-04 14:55:54.962000,1.07439,1.07436,1500000,4510000
2021-03-04 14:55:58.628000,1.07439,1.07436,1500000,4010000
2021-03-04 14:55:59.175000,1.07439,1.07435,1000000,4010000
2021-03-04 14:55:59.396000,1.07438,1.07436,1000000,3010000
2021-03-04 14:56:01.849000,1.07439,1.07437,1000000,4060000
2021-03-04 14:56:02.278000,1.0744,1.07438,1000000,4390000
2021-03-04 14:56:02.380000,1.0744,1.07438,1000000,7070000
2021-03-04 14:56:02.481000,1.07442,1.07439,1100000,2440000
2021-03-04 14:56:04.267000,1.07443,1.07439,3640000,3880000
2021-03-04 14:56:05,1.07443,1.07439,3450000,5070000
2021-03-04 14:56:05.632000,1.07443,1.07441,1120000,1000000
2021-03-04 14:56:05.733000,1.07443,1.0744,1120000,3640000
2021-03-04 14:56:06.298000,1.07443,1.07441,1120000,1000000
2021-03-04 14:56:06.399000,1.07445,1.0744,2510000,1870000
2021-03-04 14:56:09.453000,1.07444,1.0744,4060000,2910000
2021-03-04 14:56:11.089000,1.07444,1.07441,1870000,2000000
2021-03-04 14:56:11.140000,1.07444,1.07442,1000000,4040000
2021-03-04 14:56:11.192000,1.07447,1.07443,1390000,1000000
2021-03-04 14:56:11.344000,1.07446,1.07444,1000000,4890000
2021-03-04 14:56:12.328000,1.07446,1.07444,1000000,4390000
2021-03-04 14:56:13.280000,1.07447,1.07444,1000000,5540000
2021-03-04 14:56:13.382000,1.07447,1.07445,1000000,1760000
2021-03-04 14:56:14.121000,1.07448,1.07445,1120000,2510000
2021-03-04 14:56:14.406000,1.07448,1.07445,1000000,3410000
2021-03-04 14:56:14.508000,1.07448,1.07445,1000000,4400000
2021-03-04 14:56:16.835000,1.07449,1.07446,1120000,6470000
2021-03-04 14:56:21.079000,1.0745,1.07446,1000000,3470000
2021-03-04 14:56:21.434000,1.07449,1.07447,1000000,1100000
2021-03-04 14:56:22.612000,1.07449,1.07446,3560000,1950000
2021-03-04 14:56:23.798000,1.07448,1.07445,1000000,2910000
2021-03-04 14:56:28.490000,1.07444,1.07442,1000000,6770000
2021-03-04 14:56:28.591000,1.07445,1.07443,1690000,1200000
2021-03-04 14:56:40.012000,1.07446,1.07444,1000000,1500000
2021-03-04 14:56:40.113000,1.07448,1.07446,2440000,1000000
2021-03-04 14:56:40.651000,1.07449,1.07446,5810000,1200000
2021-03-04 14:56:40.753000,1.07449,1.07446,2560000,1200000
2021-03-04 14:56:40.956000,1.07449,1.07446,1120000,3640000
2021-03-04 14:56:41.896000,1.07449,1.07446,1120000,3010000
2021-03-04 14:56:43.141000,1.07449,1.07446,1310000,1200000
2021-03-04 14:56:43.633000,1.07449,1.07446,1120000,3290000
2021-03-04 14:56:43.835000,1.0745,1.07447,1870000,1390000
2021-03-04 14:56:48.756000,1.0745,1.07447,1120000,1890000
2021-03-04 14:56:49.758000,1.0745,1.07447,1120000,1760000
2021-03-04 14:56:58.225000,1.07448,1.07446,1120000,2070000
2021-03-04 14:56:59.281000,1.07448,1.07446,1500000,1100000
2021-03-04 14:56:59.997000,1.07447,1.07446,2250000,1000000
2021-03-04 14:57:00.149000,1.07448,1.07446,1500000,1100000
2021-03-04 14:57:00.250000,1.07448,1.07446,1120000,1100000
2021-03-04 14:57:03.459000,1.07448,1.07446,1000000,3880000
2021-03-04 14:57:03.560000,1.07449,1.07447,1000000,1100000
2021-03-04 14:57:04.422000,1.0745,1.07448,1000000,2510000
2021-03-04 14:57:07.781000,1.07451,1.07448,5100000,5140000
2021-03-04 14:57:08.425000,1.07451,1.07448,5100000,5260000
2021-03-04 14:57:08.476000,1.0745,1.07448,1000000,5260000
2021-03-04 14:57:08.720000,1.07451,1.07448,5100000,5260000
2021-03-04 14:57:08.973000,1.0745,1.07448,1000000,5260000
2021-03-04 14:57:09.431000,1.0745,1.07448,1000000,4760000
2021-03-04 14:57:12.594000,1.0745,1.07448,1000000,5700000
2021-03-04 14:57:13.443000,1.0745,1.07448,1000000,5450000
2021-03-04 14:57:14.427000,1.0745,1.07448,1000000,6450000
2021-03-04 14:57:22.168000,1.07451,1.07446,2890000,2250000
2021-03-04 14:57:22.320000,1.0745,1.07447,3260000,2370000
2021-03-04 14:57:25.118000,1.0745,1.07447,2200000,2370000
2021-03-04 14:57:25.320000,1.07449,1.07447,1310000,1000000
2021-03-04 14:57:26.710000,1.07449,1.07447,1000000,1600000
2021-03-04 14:57:26.812000,1.07449,1.07447,1000000,1200000
2021-03-04 14:57:31.594000,1.07449,1.07447,1000000,2070000
2021-03-04 14:57:32.216000,1.07449,1.07447,1000000,1950000
2021-03-04 14:57:33.065000,1.07449,1.07447,1000000,2070000
2021-03-04 14:57:35.430000,1.07449,1.07447,2250000,1200000
2021-03-04 14:57:36.723000,1.0745,1.07448,1000000,2320000
2021-03-04 14:57:38.403000,1.07449,1.07447,1500000,2250000
2021-03-04 14:57:40.119000,1.0745,1.07447,2810000,2700000
2021-03-04 14:57:42.599000,1.0745,1.07447,1810000,2820000
2021-03-04 14:57:43.587000,1.07451,1.07446,2440000,2070000
2021-03-04 14:57:44.418000,1.0745,1.07447,2940000,2070000
2021-03-04 14:57:47.624000,1.07449,1.07447,1000000,1950000
2021-03-04 14:57:48.604000,1.0745,1.07447,3690000,2070000
2021-03-04 14:57:49.424000,1.07449,1.07447,2060000,1100000
2021-03-04 14:57:50.713000,1.07449,1.07448,1000000,1200000
2021-03-04 14:57:50.814000,1.0745,1.07448,1000000,1600000
2021-03-04 14:57:50.967000,1.0745,1.07448,1250000,1100000
2021-03-04 14:57:52.413000,1.0745,1.07447,1310000,1950000
2021-03-04 14:57:52.667000,1.07449,1.07447,1000000,1200000
2021-03-04 14:58:00.102000,1.07449,1.07447,1000000,1600000
2021-03-04 14:58:01.117000,1.0745,1.07447,1500000,5260000
2021-03-04 14:58:01.903000,1.07452,1.07447,2890000,1420000
2021-03-04 14:58:05.982000,1.07451,1.07448,8420000,1120000
2021-03-04 14:58:07.737000,1.0745,1.07447,3340000,1870000
2021-03-04 14:58:07.839000,1.07449,1.07447,1000000,1870000
2021-03-04 14:58:08.091000,1.07449,1.07447,1870000,2370000
2021-03-04 14:58:09.145000,1.07449,1.07447,1870000,1500000
2021-03-04 14:58:11.489000,1.07448,1.07446,1000000,1000000
2021-03-04 14:58:12.165000,1.07448,1.07446,1000000,1620000
2021-03-04 14:58:13.237000,1.07448,1.07446,1500000,1120000
2021-03-04 14:58:14.523000,1.07449,1.07445,1870000,1620000
2021-03-04 14:58:16.120000,1.07448,1.07446,1500000,1120000
2021-03-04 14:58:19.112000,1.07448,1.07446,1120000,2820000
2021-03-04 14:58:20.120000,1.07448,1.07446,1120000,2700000
2021-03-04 14:58:21.028000,1.07448,1.07446,1120000,2820000
2021-03-04 14:58:22.708000,1.07448,1.07446,1000000,2320000
2021-03-04 14:58:24.324000,1.07447,1.07446,1690000,1000000
2021-03-04 14:58:24.426000,1.07448,1.07446,2510000,1000000
2021-03-04 14:58:30.730000,1.07448,1.07445,1690000,1690000
2021-03-04 14:58:30.831000,1.07447,1.07445,1250000,1000000
2021-03-04 14:58:31.185000,1.07449,1.07444,2890000,2810000
2021-03-04 14:58:32.060000,1.07448,1.07445,1390000,3310000
2021-03-04 14:58:32.925000,1.07448,1.07445,1410000,1810000
2021-03-04 14:58:33.026000,1.07448,1.07445,1390000,1810000
2021-03-04 14:58:43.781000,1.07445,1.07444,1250000,1570000
2021-03-04 14:58:43.832000,1.07444,1.07443,1000000,4200000
2021-03-04 14:58:43.882000,1.07444,1.07439,1120000,7270000
2021-03-04 14:58:44.186000,1.07444,1.0744,1000000,2620000
2021-03-04 14:58:48.168000,1.07444,1.07442,1500000,2510000
2021-03-04 14:58:48.471000,1.07443,1.07442,1000000,1010000
2021-03-04 14:58:48.622000,1.07444,1.07442,1500000,1010000
2021-03-04 14:58:48.745000,1.07443,1.07442,1000000,1010000
2021-03-04 14:58:51.166000,1.07443,1.07441,1690000,1200000
2021-03-04 14:58:51.369000,1.07443,1.0744,2060000,2140000
2021-03-04 14:58:51.470000,1.07443,1.0744,1000000,4820000
2021-03-04 14:58:51.939000,1.07442,1.07439,1690000,3010000
2021-03-04 14:58:52.040000,1.07442,1.07439,2440000,1760000
2021-03-04 14:58:52.141000,1.07442,1.07439,1000000,2950000
2021-03-04 14:58:53.213000,1.07442,1.07439,1310000,1760000
2021-03-04 14:58:53.314000,1.07442,1.07438,1000000,1250000
2021-03-04 14:58:53.931000,1.07441,1.07438,2890000,2060000
2021-03-04 14:58:53.982000,1.07439,1.07437,1000000,1810000
2021-03-04 14:58:54.084000,1.07439,1.07437,1700000,5060000
2021-03-04 14:58:54.236000,1.07439,1.07437,1000000,2060000
2021-03-04 14:59:00.080000,1.0744,1.07439,1000000,1250000
2021-03-04 14:59:00.131000,1.07441,1.07439,1000000,1010000
2021-03-04 14:59:00.233000,1.07442,1.07439,1200000,4820000
2021-03-04 14:59:01.594000,1.07443,1.0744,1390000,2440000
2021-03-04 14:59:01.645000,1.07444,1.07442,1760000,1000000
2021-03-04 14:59:05.691000,1.07448,1.07445,2320000,1250000
2021-03-04 14:59:05.743000,1.0745,1.07446,1540000,1000000
2021-03-04 14:59:07.103000,1.07452,1.0745,5490000,1000000
2021-03-04 14:59:07.205000,1.07453,1.0745,3370000,1200000
2021-03-04 14:59:07.946000,1.07454,1.07451,4070000,1000000
2021-03-04 14:59:08.048000,1.07454,1.07451,2140000,1250000
2021-03-04 14:59:09.430000,1.07455,1.07452,1600000,1000000
2021-03-04 14:59:09.531000,1.07455,1.07452,1950000,1000000
2021-03-04 14:59:09.684000,1.07455,1.07452,2590000,1000000
2021-03-04 14:59:10.637000,1.07452,1.0745,1200000,1000000
2021-03-04 14:59:13.676000,1.07452,1.07449,1200000,1500000
2021-03-04 14:59:13.884000,1.0745,1.07448,1100000,1120000
2021-03-04 14:59:13.986000,1.0745,1.07448,2070000,1000000
2021-03-04 14:59:14.087000,1.07451,1.07448,6070000,1500000
2021-03-04 14:59:14.189000,1.07451,1.07448,4950000,1000000
2021-03-04 14:59:14.869000,1.07452,1.07449,4950000,1000000
2021-03-04 14:59:16.080000,1.07453,1.0745,4600000,1200000
2021-03-04 14:59:17.507000,1.07453,1.0745,3260000,1500000
2021-03-04 14:59:26.105000,1.07454,1.07452,1250000,1950000
2021-03-04 14:59:26.207000,1.07454,1.07451,1120000,1760000
2021-03-04 14:59:29.100000,1.07452,1.0745,1000000,1000000
2021-03-04 14:59:29.201000,1.07452,1.07449,1000000,2620000
2021-03-04 14:59:30.133000,1.07452,1.07448,1120000,4760000
2021-03-04 14:59:30.436000,1.0745,1.07447,1310000,3690000
2021-03-04 14:59:30.537000,1.0745,1.07447,1120000,1760000
2021-03-04 14:59:30.943000,1.07448,1.07446,1000000,2250000
2021-03-04 14:59:32.152000,1.07447,1.07445,1310000,1120000
2021-03-04 14:59:32.258000,1.07445,1.07442,2440000,1870000
2021-03-04 14:59:32.663000,1.07445,1.07442,3440000,1000000
2021-03-04 14:59:32.967000,1.07444,1.07442,1250000,1120000
2021-03-04 14:59:36.156000,1.07444,1.07442,1250000,1000000
2021-03-04 14:59:36.257000,1.07445,1.07442,1120000,1600000
2021-03-04 14:59:36.358000,1.07446,1.07442,4500000,6600000
2021-03-04 14:59:39.400000,1.07446,1.07444,2440000,1000000
2021-03-04 14:59:39.854000,1.07446,1.07443,3560000,1200000
2021-03-04 14:59:40.208000,1.07447,1.07442,2810000,1600000
2021-03-04 14:59:40.310000,1.07448,1.07446,2320000,1000000
2021-03-04 14:59:40.412000,1.07449,1.07446,1690000,1000000
2021-03-04 14:59:45.086000,1.0745,1.07447,2870000,2700000
2021-03-04 14:59:45.187000,1.0745,1.07446,2250000,1200000
2021-03-04 14:59:52.255000,1.0745,1.07446,2500000,1000000
2021-03-04 14:59:53.185000,1.0745,1.07446,1750000,1000000
2021-03-04 14:59:55.087000,1.07453,1.07449,1500000,1000000
2021-03-04 14:59:55.614000,1.07453,1.07449,2500000,1200000
2021-03-04 14:59:55.716000,1.07451,1.07447,1250000,4200000
2021-03-04 14:59:55.969000,1.0745,1.07447,1250000,1200000
2021-03-04 14:59:56.070000,1.0745,1.07446,2440000,1200000
2021-03-04 14:59:57.069000,1.0745,1.07446,1750000,1000000
2021-03-04 15:00:00.640000,1.0745,1.07445,2500000,3750000
2021-03-04 15:00:02.620000,1.0745,1.07445,2440000,1500000
2021-03-04 15:00:04.041000,1.07448,1.07445,1310000,1000000
2021-03-04 15:00:04.143000,1.07444,1.07443,1000000,1000000
2021-03-04 15:00:04.193000,1.07443,1.07441,1000000,1820000
2021-03-04 15:00:04.295000,1.07443,1.0744,1000000,2250000
2021-03-04 15:00:04.396000,1.07443,1.0744,1000000,3120000
2021-03-04 15:00:04.498000,1.07446,1.07441,1250000,2060000
2021-03-04 15:00:04.599000,1.07448,1.07442,2870000,1000000
2021-03-04 15:00:04.968000,1.07446,1.07442,1000000,1500000
2021-03-04 15:00:05.069000,1.07447,1.07444,1000000,1000000
2021-03-04 15:00:05.171000,1.07449,1.07444,1000000,1200000
2021-03-04 15:00:05.910000,1.07447,1.07444,1690000,2620000
2021-03-04 15:00:06.062000,1.07449,1.07445,4310000,1200000
2021-03-04 15:00:06.997000,1.07449,1.07446,1250000,1000000
2021-03-04 15:00:07.200000,1.07449,1.07445,1250000,1950000
2021-03-04 15:00:07.301000,1.07449,1.07446,1250000,1000000
2021-03-04 15:00:07.518000,1.07449,1.07446,1250000,1000000
2021-03-04 15:00:07.569000,1.07446,1.07444,1000000,3000000
2021-03-04 15:00:07.671000,1.07445,1.0744,1120000,2250000
2021-03-04 15:00:07.772000,1.07443,1.0744,1000000,2250000
2021-03-04 15:00:07.951000,1.07444,1.07441,1000000,1000000
2021-03-04 15:00:08.305000,1.07445,1.07442,2940000,1120000
2021-03-04 15:00:08.587000,1.07445,1.07442,1000000,1500000
2021-03-04 15:00:08.739000,1.07446,1.0744,1000000,2250000
2021-03-04 15:00:08.841000,1.07444,1.07441,1250000,1000000
2021-03-04 15:00:08.943000,1.07444,1.0744,1250000,4120000
2021-03-04 15:00:10.307000,1.07441,1.07439,1000000,2250000
2021-03-04 15:00:10.408000,1.07443,1.07438,2060000,3000000
2021-03-04 15:00:12.349000,1.07442,1.0744,1000000,1000000
2021-03-04 15:00:13.010000,1.07444,1.07441,1000000,1000000
2021-03-04 15:00:13.516000,1.07445,1.07442,1500000,1000000
2021-03-04 15:00:14.146000,1.07446,1.07443,1750000,1000000
2021-03-04 15:00:14.601000,1.07446,1.07443,1690000,1950000
2021-03-04 15:00:14.826000,1.07446,1.07444,1250000,1000000
2021-03-04 15:00:16.046000,1.07446,1.07443,1690000,1950000
2021-03-04 15:00:16.097000,1.07447,1.07446,2060000,1000000
2021-03-04 15:00:16.805000,1.07448,1.07446,1690000,1000000
2021-03-04 15:00:17.462000,1.07448,1.07445,1750000,1950000
2021-03-04 15:00:19.246000,1.07447,1.07444,1250000,2470000
2021-03-04 15:00:19.348000,1.07446,1.07443,1250000,1570000
2021-03-04 15:00:19.399000,1.07448,1.07444,1310000,1000000
2021-03-04 15:00:19.500000,1.07447,1.07446,1250000,1000000
2021-03-04 15:00:20.284000,1.07446,1.07444,1250000,1200000
2021-03-04 15:00:20.486000,1.07445,1.07444,1250000,1000000
2021-03-04 15:00:20.689000,1.07445,1.07442,1690000,1000000
2021-03-04 15:00:20.942000,1.07443,1.07442,1250000,1000000
2021-03-04 15:00:21.465000,1.07443,1.07441,1250000,1120000
2021-03-04 15:00:26.711000,1.07442,1.07441,1250000,1000000
2021-03-04 15:00:26.914000,1.07442,1.0744,1250000,1950000
2021-03-04 15:00:31.532000,1.07442,1.07441,1250000,1000000
2021-03-04 15:00:31.634000,1.07442,1.0744,1250000,1950000
2021-03-04 15:00:32.334000,1.07443,1.0744,1250000,1000000
2021-03-04 15:00:32.485000,1.07442,1.0744,1250000,1950000
2021-03-04 15:00:33.741000,1.07443,1.0744,2060000,1200000
2021-03-04 15:00:35.006000,1.07443,1.07441,1310000,1000000
2021-03-04 15:00:35.869000,1.07443,1.07441,1370000,1500000
2021-03-04 15:00:36.989000,1.07443,1.07441,1310000,1000000
2021-03-04 15:00:37.989000,1.07442,1.07441,1250000,1000000
2021-03-04 15:00:41.944000,1.07443,1.07442,1310000,1000000
2021-03-04 15:00:42.772000,1.07443,1.07441,1310000,1500000
2021-03-04 15:00:44.067000,1.07443,1.07442,1310000,1000000
2021-03-04 15:00:44.193000,1.07443,1.07441,1310000,1500000
2021-03-04 15:00:45.121000,1.07445,1.07443,3260000,1000000
2021-03-04 15:00:45.171000,1.07448,1.07447,1250000,1500000
2021-03-04 15:00:45.273000,1.07449,1.07447,1310000,1000000
2021-03-04 15:00:46.298000,1.0745,1.07447,1760000,1000000
2021-03-04 15:00:47.975000,1.07449,1.07447,1250000,2700000
2021-03-04 15:00:49.645000,1.07449,1.07448,1250000,1500000
2021-03-04 15:00:49.696000,1.07451,1.07449,2140000,1000000
2021-03-04 15:00:49.797000,1.07452,1.07451,1250000,1120000
2021-03-04 15:00:49.848000,1.07452,1.0745,1250000,1950000
2021-03-04 15:00:49.949000,1.07452,1.0745,4820000,1000000
2021-03-04 15:00:50.316000,1.07452,1.0745,2890000,1000000
2021-03-04 15:00:51.359000,1.07452,1.07448,2140000,1120000
2021-03-04 15:00:51.461000,1.0745,1.07449,1250000,1000000
2021-03-04 15:00:51.612000,1.0745,1.07448,2140000,1000000
2021-03-04 15:00:51.765000,1.07449,1.07448,1000000,1000000
2021-03-04 15:00:53.091000,1.07451,1.07447,1390000,1000000
2021-03-04 15:00:53.734000,1.07451,1.07448,5140000,1000000
2021-03-04 15:00:53.897000,1.07451,1.07449,2140000,1000000
2021-03-04 15:00:55.254000,1.07452,1.0745,2200000,1000000
2021-03-04 15:00:55.355000,1.07453,1.07449,1390000,1000000
2021-03-04 15:01:00.241000,1.07452,1.07449,2140000,1200000
2021-03-04 15:01:00.342000,1.07452,1.07449,7970000,1000000
2021-03-04 15:01:02.067000,1.07452,1.07447,3710000,1200000
2021-03-04 15:01:02.169000,1.07451,1.07449,3700000,1000000
2021-03-04 15:01:03.786000,1.07448,1.07446,2510000,4870000
2021-03-04 15:01:03.888000,1.07448,1.07446,2260000,1000000
2021-03-04 15:01:04.293000,1.07448,1.07446,1390000,1000000
2021-03-04 15:01:05.794000,1.07449,1.07447,3450000,1000000
2021-03-04 15:01:06.629000,1.07447,1.07446,1000000,1000000
2021-03-04 15:01:06.731000,1.07448,1.07446,1390000,1000000
2021-03-04 15:01:08.968000,1.0745,1.07446,2070000,1500000
2021-03-04 15:01:09.069000,1.07449,1.07447,1200000,1500000
2021-03-04 15:01:09.171000,1.0745,1.07445,1200000,2810000
2021-03-04 15:01:13.213000,1.0745,1.07447,6100000,1000000
2021-03-04 15:01:15.044000,1.07448,1.07446,2510000,1000000
2021-03-04 15:01:15.146000,1.07448,1.07446,2950000,1000000
2021-03-04 15:01:16.999000,1.07447,1.07444,5720000,1080000
2021-03-04 15:01:17.101000,1.07446,1.07443,4820000,1000000
2021-03-04 15:01:18.138000,1.07445,1.07443,1370000,1000000
2021-03-04 15:01:18.290000,1.07445,1.07443,1310000,1000000
2021-03-04 15:01:18.493000,1.07444,1.07443,1010000,1000000
2021-03-04 15:01:19.959000,1.07444,1.07442,1510000,1000000
2021-03-04 15:01:23.112000,1.07446,1.07442,3750000,1000000
2021-03-04 15:01:24.636000,1.07443,1.07441,10750000,1800000
2021-03-04 15:01:24.738000,1.07441,1.07439,1750000,1120000
2021-03-04 15:01:24.789000,1.07442,1.0744,1690000,1000000
2021-03-04 15:01:24.890000,1.07442,1.0744,1810000,1000000
2021-03-04 15:01:25.092000,1.07443,1.0744,2890000,2620000
2021-03-04 15:01:25.244000,1.07443,1.07441,2140000,1000000
2021-03-04 15:01:29.410000,1.07444,1.07441,2060000,2700000
2021-03-04 15:01:30.118000,1.07444,1.07441,2560000,1570000
2021-03-04 15:01:30.219000,1.07444,1.07441,2060000,1200000
2021-03-04 15:01:31.080000,1.07444,1.07441,2440000,1720000
2021-03-04 15:01:32.189000,1.07444,1.07441,2810000,1570000
2021-03-04 15:01:32.411000,1.07444,1.07441,4060000,1570000
2021-03-04 15:01:33.359000,1.07442,1.0744,3250000,1500000
2021-03-04 15:01:33.410000,1.07442,1.07439,2060000,3900000
2021-03-04 15:01:33.512000,1.07441,1.07439,1000000,1000000
2021-03-04 15:01:33.614000,1.07442,1.07439,5140000,1000000
2021-03-04 15:01:33.715000,1.07442,1.07439,5260000,1120000
2021-03-04 15:01:34.651000,1.07442,1.07439,3640000,1120000
2021-03-04 15:01:36.735000,1.07443,1.07439,4070000,3650000
2021-03-04 15:01:37.128000,1.07442,1.07439,1250000,1570000
2021-03-04 15:01:38.133000,1.07443,1.07439,4950000,2900000
2021-03-04 15:01:38.564000,1.07441,1.07438,1690000,6940000
2021-03-04 15:01:38.666000,1.0744,1.07438,1690000,1500000
2021-03-04 15:01:40.858000,1.0744,1.07437,1310000,1570000
2021-03-04 15:01:41.111000,1.07441,1.07438,2500000,2100000
2021-03-04 15:01:41.212000,1.07441,1.07439,1690000,1100000
2021-03-04 15:01:42.478000,1.07441,1.07438,1310000,3370000
2021-03-04 15:01:42.929000,1.07441,1.07438,2640000,2620000
2021-03-04 15:01:46,1.07439,1.07437,1000000,1120000
2021-03-04 15:01:53.927000,1.07439,1.07436,3390000,4870000
2021-03-04 15:01:55.711000,1.07437,1.07436,1500000,1000000
2021-03-04 15:01:55.812000,1.07437,1.07435,1870000,1120000
2021-03-04 15:01:56.736000,1.07438,1.07435,2440000,2250000
2021-03-04 15:01:56.956000,1.07437,1.07435,5870000,1100000
2021-03-04 15:01:57.057000,1.07434,1.07432,2690000,4950000
2021-03-04 15:01:57.159000,1.07433,1.07431,1250000,1000000
2021-03-04 15:01:57.513000,1.07434,1.07431,2140000,1120000
2021-03-04 15:02:00.153000,1.07434,1.07431,1310000,3120000
2021-03-04 15:02:00.255000,1.07434,1.07431,1310000,3750000
2021-03-04 15:02:01.125000,1.07433,1.0743,1000000,4140000
2021-03-04 15:02:01.378000,1.07433,1.0743,1000000,4010000
2021-03-04 15:02:02.398000,1.07433,1.0743,1000000,6390000
2021-03-04 15:02:03.022000,1.07434,1.07431,1760000,1120000
2021-03-04 15:02:04.341000,1.07434,1.07432,1250000,1000000
2021-03-04 15:02:06.353000,1.07435,1.07432,2510000,1250000
2021-03-04 15:02:06.506000,1.07436,1.07433,4200000,1000000
2021-03-04 15:02:06.809000,1.07436,1.07434,1200000,1250000
2021-03-04 15:02:06.911000,1.07439,1.07437,1460000,1250000
2021-03-04 15:02:07.568000,1.07438,1.07436,1250000,1000000
2021-03-04 15:02:07.871000,1.07438,1.07436,5320000,1000000
2021-03-04 15:02:08.048000,1.07438,1.07436,5510000,1000000
2021-03-04 15:02:08.149000,1.07437,1.07435,4070000,1000000
2021-03-04 15:02:09.249000,1.07438,1.07435,2060000,1570000
2021-03-04 15:02:09.300000,1.0744,1.07436,2890000,1120000
2021-03-04 15:02:09.402000,1.0744,1.07437,4640000,1120000
2021-03-04 15:02:09.787000,1.0744,1.07437,2140000,1000000
2021-03-04 15:02:10.199000,1.0744,1.07437,1810000,2250000
2021-03-04 15:02:10.251000,1.07442,1.07441,2140000,1000000
2021-03-04 15:02:10.352000,1.07443,1.07442,1250000,1000000
2021-03-04 15:02:11.061000,1.07443,1.07441,2060000,1100000
2021-03-04 15:02:11.809000,1.07444,1.07442,4870000,1000000
2021-03-04 15:02:12.217000,1.07443,1.07441,2060000,1100000
2021-03-04 15:02:12.321000,1.07443,1.07438,5500000,1700000
2021-03-04 15:02:12.524000,1.07441,1.07439,1760000,1000000
2021-03-04 15:02:16.157000,1.07439,1.07437,4450000,1000000
2021-03-04 15:02:17.017000,1.07439,1.07436,2570000,3370000
2021-03-04 15:02:18.098000,1.07435,1.07434,1690000,1350000
2021-03-04 15:02:18.149000,1.07435,1.07432,1950000,1120000
2021-03-04 15:02:18.200000,1.07434,1.07431,2950000,2000000
2021-03-04 15:02:18.302000,1.07434,1.0743,1390000,1120000
2021-03-04 15:02:18.405000,1.07433,1.07431,1510000,1120000
2021-03-04 15:02:18.557000,1.07433,1.07431,1390000,1120000
2021-03-04 15:02:19.073000,1.07433,1.07431,1000000,2110000
2021-03-04 15:02:19.175000,1.07435,1.0743,2060000,3370000
2021-03-04 15:02:20.133000,1.07432,1.07429,2890000,1100000
2021-03-04 15:02:20.235000,1.0743,1.07426,1000000,1000000
2021-03-04 15:02:23.258000,1.0743,1.07428,1000000,1000000
2021-03-04 15:02:24.716000,1.07432,1.07429,6070000,1000000
2021-03-04 15:02:26.366000,1.0743,1.07427,5700000,1700000
2021-03-04 15:02:26.467000,1.0743,1.07427,5200000,1000000
2021-03-04 15:02:28.566000,1.07429,1.07427,1410000,1000000
2021-03-04 15:02:28.668000,1.07429,1.07426,2910000,1690000
2021-03-04 15:02:29.410000,1.07427,1.07425,1570000,1750000
2021-03-04 15:02:29.461000,1.07427,1.07423,1010000,1100000
2021-03-04 15:02:29.563000,1.07425,1.07422,2500000,2700000
2021-03-04 15:02:29.664000,1.07423,1.0742,1570000,2340000
2021-03-04 15:02:29.766000,1.07423,1.0742,1570000,2140000
2021-03-04 15:02:30.698000,1.07424,1.07421,2140000,1200000
2021-03-04 15:02:32.551000,1.07423,1.0742,2440000,3820000
2021-03-04 15:02:35.425000,1.07421,1.07418,1000000,5510000
2021-03-04 15:02:43.332000,1.07417,1.07416,1250000,2320000
2021-03-04 15:02:43.383000,1.07416,1.07414,1250000,1500000
2021-03-04 15:02:43.586000,1.07414,1.07412,1250000,1950000
2021-03-04 15:02:43.687000,1.07413,1.0741,2440000,2590000
2021-03-04 15:02:44.561000,1.07411,1.07408,1120000,4650000
2021-03-04 15:02:44.663000,1.07411,1.07408,1310000,1390000
2021-03-04 15:02:44.764000,1.07411,1.07408,1120000,2200000
2021-03-04 15:02:45.280000,1.07412,1.0741,1310000,1000000
2021-03-04 15:02:49.845000,1.07414,1.07412,2810000,1000000
2021-03-04 15:02:51.063000,1.07415,1.07413,2510000,1000000
2021-03-04 15:02:52.589000,1.07415,1.07413,3010000,1000000
2021-03-04 15:02:52.815000,1.07415,1.07413,2510000,1000000
2021-03-04 15:02:53.481000,1.07415,1.07411,3010000,4150000
2021-03-04 15:02:53.689000,1.07415,1.07411,2890000,4150000
2021-03-04 15:02:53.790000,1.07415,1.07411,4450000,2590000
2021-03-04 15:02:54.347000,1.07414,1.0741,4820000,5260000
2021-03-04 15:02:54.449000,1.07415,1.0741,2510000,1250000
2021-03-04 15:02:54.550000,1.07414,1.07411,5200000,1000000
2021-03-04 15:02:54.651000,1.07413,1.0741,6370000,1000000
2021-03-04 15:02:57.139000,1.07414,1.07409,1760000,1690000
2021-03-04 15:02:57.241000,1.07413,1.0741,4070000,1500000
2021-03-04 15:02:59.795000,1.07413,1.0741,1690000,3760000
2021-03-04 15:03:00.149000,1.07413,1.0741,1760000,2140000
2021-03-04 15:03:00.250000,1.07411,1.07409,1760000,1000000
2021-03-04 15:03:00.351000,1.07409,1.07407,1000000,1760000
2021-03-04 15:03:00.453000,1.0741,1.07407,1390000,1690000
2021-03-04 15:03:00.554000,1.0741,1.07407,1570000,3320000
2021-03-04 15:03:01.726000,1.07413,1.0741,3070000,1250000
2021-03-04 15:03:01.777000,1.07414,1.07411,4010000,1690000
2021-03-04 15:03:03.950000,1.07413,1.07411,1000000,1250000
2021-03-04 15:03:04.666000,1.07411,1.07409,1000000,1870000
2021-03-04 15:03:04.767000,1.07412,1.07409,2890000,1000000
2021-03-04 15:03:06.303000,1.07413,1.0741,1010000,1000000
2021-03-04 15:03:07.281000,1.07414,1.0741,5510000,1390000
2021-03-04 15:03:08.743000,1.07414,1.07411,1200000,1690000
2021-03-04 15:03:09.279000,1.07415,1.07413,3310000,1000000
2021-03-04 15:03:09.380000,1.07415,1.07413,1310000,1000000
2021-03-04 15:03:13.889000,1.07417,1.07416,1000000,1000000
2021-03-04 15:03:13.939000,1.07418,1.07416,1270000,1500000
2021-03-04 15:03:14.713000,1.07419,1.07417,1200000,1000000
2021-03-04 15:03:15.321000,1.0742,1.07417,3040000,1000000
2021-03-04 15:03:15.726000,1.0742,1.07417,1200000,2870000
2021-03-04 15:03:16.545000,1.0742,1.07417,1200000,1310000
2021-03-04 15:03:16.646000,1.07419,1.07417,1100000,1120000
2021-03-04 15:03:16.748000,1.07419,1.07416,4470000,1000000
2021-03-04 15:03:16.950000,1.07418,1.07415,4390000,1500000
2021-03-04 15:03:17.051000,1.07418,1.07416,1840000,1000000
2021-03-04 15:03:17.153000,1.07419,1.07417,2720000,1000000
2021-03-04 15:03:17.254000,1.0742,1.07414,3470000,4390000
2021-03-04 15:03:17.507000,1.0742,1.07416,1310000,1000000
2021-03-04 15:03:19.072000,1.0742,1.07418,1760000,1000000
2021-03-04 15:03:23.789000,1.07423,1.07422,2400000,1000000
2021-03-04 15:03:23.891000,1.07424,1.07422,1010000,1000000
2021-03-04 15:03:27.979000,1.07426,1.07422,4570000,1000000
2021-03-04 15:03:28.080000,1.07425,1.07423,1010000,1120000
2021-03-04 15:03:28.685000,1.07425,1.07423,3320000,1000000
2021-03-04 15:03:32.384000,1.07422,1.0742,2140000,1100000
2021-03-04 15:03:32.536000,1.07422,1.0742,4070000,1000000
2021-03-04 15:03:33.833000,1.07424,1.07422,3090000,1000000
2021-03-04 15:03:33.935000,1.07424,1.07422,2060000,1000000
2021-03-04 15:03:34.520000,1.07424,1.07421,4510000,1000000
2021-03-04 15:03:43.433000,1.07424,1.07421,1200000,2440000
2021-03-04 15:03:43.535000,1.07423,1.07421,1100000,1250000
2021-03-04 15:03:44.091000,1.07422,1.0742,1870000,1250000
2021-03-04 15:03:46.119000,1.07423,1.07419,4200000,4070000
2021-03-04 15:03:46.909000,1.07422,1.07419,1000000,3320000
2021-03-04 15:03:47.061000,1.07422,1.07419,1000000,1760000
2021-03-04 15:03:51.287000,1.07421,1.07419,1120000,1250000
2021-03-04 15:03:52.827000,1.07423,1.07421,1500000,1000000
2021-03-04 15:03:55.508000,1.07422,1.0742,1120000,1250000
2021-03-04 15:03:55.609000,1.07422,1.07419,3950000,1250000
2021-03-04 15:03:56.376000,1.07422,1.07418,5640000,1010000
2021-03-04 15:03:56.478000,1.07419,1.07417,3010000,1000000
2021-03-04 15:03:57.540000,1.07419,1.07417,1570000,1000000
2021-03-04 15:03:58.585000,1.07419,1.07417,2070000,1000000
2021-03-04 15:03:59.562000,1.07419,1.07417,1950000,1000000
2021-03-04 15:04:00.597000,1.07419,1.07417,2070000,1000000
2021-03-04 15:04:02.471000,1.07419,1.07417,1100000,1000000
2021-03-04 15:04:04.448000,1.0742,1.07417,1950000,3560000
2021-03-04 15:04:04.600000,1.0742,1.07419,1000000,1000000
2021-03-04 15:04:04.701000,1.07421,1.07419,2890000,1000000
2021-03-04 15:04:09.883000,1.07419,1.07417,2700000,1570000
2021-03-04 15:04:09.985000,1.07419,1.07417,1600000,1250000
2021-03-04 15:04:10.086000,1.07419,1.07417,1100000,1000000
2021-03-04 15:04:11.363000,1.07419,1.07417,5070000,1250000
2021-03-04 15:04:12.173000,1.0742,1.07417,1620000,1390000
2021-03-04 15:04:14.845000,1.07419,1.07417,1000000,1000000
2021-03-04 15:04:15.926000,1.0742,1.07417,2890000,1310000
2021-03-04 15:04:17.547000,1.07421,1.07418,1120000,3700000
2021-03-04 15:04:18.081000,1.07422,1.07419,2700000,1250000
2021-03-04 15:04:19.249000,1.07422,1.07419,1120000,3700000
2021-03-04 15:04:19.604000,1.07423,1.07421,1870000,1000000
2021-03-04 15:04:19.705000,1.07424,1.07421,1120000,1390000
2021-03-04 15:04:19.807000,1.07423,1.0742,4570000,1250000
2021-03-04 15:04:19.908000,1.07423,1.0742,3570000,1250000
2021-03-04 15:04:20.602000,1.07424,1.07421,6080000,1120000
2021-03-04 15:04:30.242000,1.07425,1.07421,1120000,1310000
2021-03-04 15:04:30.344000,1.07427,1.07422,1500000,4950000
2021-03-04 15:04:30.698000,1.07427,1.07425,1870000,1000000
2021-03-04 15:04:33.741000,1.07427,1.07425,1000000,1750000
2021-03-04 15:04:33.842000,1.07427,1.07425,1000000,1250000
2021-03-04 15:04:38.136000,1.07427,1.07424,5950000,1000000
2021-03-04 15:04:38.237000,1.07426,1.07424,1570000,1000000
2021-03-04 15:04:38.339000,1.07426,1.07423,3640000,1690000
2021-03-04 15:04:38.440000,1.07427,1.07422,2320000,1690000
2021-03-04 15:04:45.222000,1.07426,1.07424,1000000,2810000
2021-03-04 15:04:45.323000,1.07427,1.07424,2250000,3340000
2021-03-04 15:04:45.919000,1.07427,1.07424,2250000,2640000
2021-03-04 15:04:50.535000,1.07427,1.07424,2810000,2700000
2021-03-04 15:04:50.637000,1.07428,1.07423,2630000,1200000
2021-03-04 15:04:51.561000,1.07427,1.07424,1940000,3640000
2021-03-04 15:04:53.295000,1.07427,1.07424,1870000,2640000
2021-03-04 15:04:55.907000,1.07427,1.07424,1870000,4960000
2021-03-04 15:04:56.299000,1.07427,1.07424,1870000,2640000
2021-03-04 15:04:56.862000,1.07428,1.07427,1000000,1120000
2021-03-04 15:04:56.963000,1.07431,1.07426,4230000,2260000
2021-03-04 15:05:00.302000,1.0743,1.07427,4500000,1570000
2021-03-04 15:05:00.685000,1.07429,1.07427,1730000,1000000
2021-03-04 15:05:01.410000,1.07429,1.07426,4200000,1500000
2021-03-04 15:05:01.511000,1.07427,1.07425,2060000,1000000
2021-03-04 15:05:01.613000,1.07427,1.07425,2870000,1000000
2021-03-04 15:05:02.476000,1.07426,1.07424,3250000,1000000
2021-03-04 15:05:02.765000,1.07426,1.07424,1390000,1000000
2021-03-04 15:05:10.019000,1.07426,1.07424,1810000,1000000
2021-03-04 15:05:10.171000,1.07426,1.07424,2510000,1120000
2021-03-04 15:05:10.272000,1.07427,1.07425,2120000,1000000
2021-03-04 15:05:10.374000,1.07428,1.07425,4570000,1000000
2021-03-04 15:05:10.762000,1.07429,1.07426,5320000,1120000
2021-03-04 15:05:15.624000,1.07429,1.07427,4200000,1000000
2021-03-04 15:05:15.725000,1.07431,1.07426,5320000,1000000
2021-03-04 15:05:16.259000,1.0743,1.07427,2560000,1890000
2021-03-04 15:05:16.763000,1.0743,1.07427,1690000,2260000
2021-03-04 15:05:17.857000,1.07432,1.07429,2340000,2810000
2021-03-04 15:05:17.959000,1.07432,1.07429,1390000,2810000
2021-03-04 15:05:18.515000,1.07431,1.07429,1000000,1250000
2021-03-04 15:05:18.617000,1.0743,1.07427,2560000,4650000
2021-03-04 15:05:18.718000,1.0743,1.07427,1250000,3820000
2021-03-04 15:05:20.001000,1.07431,1.07428,2060000,2320000
2021-03-04 15:05:20.774000,1.07432,1.07429,2940000,1950000
2021-03-04 15:05:20.895000,1.07432,1.0743,2940000,2250000
2021-03-04 15:05:21.557000,1.07432,1.0743,1120000,1000000
2021-03-04 15:05:21.667000,1.07433,1.07431,3010000,1000000
2021-03-04 15:05:21.718000,1.07435,1.0743,2890000,1500000
2021-03-04 15:05:25.067000,1.07434,1.07431,5260000,1500000
2021-03-04 15:05:25.289000,1.07435,1.07433,5060000,1000000
2021-03-04 15:05:25.390000,1.07436,1.07431,2510000,2620000
2021-03-04 15:05:27.343000,1.07436,1.07433,2510000,1870000
2021-03-04 15:05:27.445000,1.07436,1.07434,1000000,1120000
2021-03-04 15:05:27.547000,1.07437,1.07435,1870000,1120000
2021-03-04 15:05:28.646000,1.07437,1.07436,1000000,1000000
2021-03-04 15:05:29.377000,1.07437,1.07435,1000000,3560000
2021-03-04 15:05:32.597000,1.07437,1.07435,1000000,3760000
2021-03-04 15:05:33.024000,1.07437,1.07435,3700000,1120000
2021-03-04 15:05:33.126000,1.07437,1.07435,1000000,1000000
2021-03-04 15:05:33.278000,1.07437,1.07433,5390000,3070000
2021-03-04 15:05:33.379000,1.07437,1.07433,2700000,5460000
2021-03-04 15:05:33.481000,1.07437,1.07435,1120000,1000000
2021-03-04 15:05:34.470000,1.07438,1.07435,2510000,1120000
2021-03-04 15:05:40.427000,1.07438,1.07435,1760000,2370000
2021-03-04 15:05:42.758000,1.07435,1.07434,1000000,2060000
2021-03-04 15:05:42.809000,1.07434,1.07432,1120000,3290000
2021-03-04 15:05:42.910000,1.07434,1.07431,2820000,2140000
2021-03-04 15:05:43.365000,1.07434,1.07431,1950000,2060000
2021-03-04 15:05:46.672000,1.07434,1.07431,2070000,1310000
2021-03-04 15:05:46.925000,1.07434,1.07431,1570000,1690000
2021-03-04 15:05:47.504000,1.07434,1.07431,1120000,2260000
2021-03-04 15:05:48.706000,1.07435,1.07434,1500000,1000000
2021-03-04 15:05:48.858000,1.07436,1.07434,2700000,1000000
2021-03-04 15:05:49.466000,1.07436,1.07431,1000000,4070000
2021-03-04 15:05:49.517000,1.07434,1.07431,2320000,1390000
2021-03-04 15:05:50.537000,1.07434,1.07431,2820000,1250000
2021-03-04 15:05:51.468000,1.07434,1.07431,1120000,5760000
2021-03-04 15:05:52.565000,1.07434,1.07431,3260000,2060000
2021-03-04 15:05:53.378000,1.07434,1.07431,1120000,4900000
2021-03-04 15:05:59.654000,1.07435,1.07433,1500000,1500000
2021-03-04 15:05:59.705000,1.07436,1.07435,1000000,5250000
2021-03-04 15:05:59.807000,1.07437,1.07435,1000000,1690000
2021-03-04 15:06:00.213000,1.07437,1.07435,1000000,2950000
2021-03-04 15:06:02.021000,1.07438,1.07436,1120000,1250000
2021-03-04 15:06:02.172000,1.07439,1.07437,3200000,1000000
2021-03-04 15:06:02.534000,1.07441,1.07439,3640000,1500000
2021-03-04 15:06:03.172000,1.0744,1.07439,1000000,1000000
2021-03-04 15:06:03.274000,1.07441,1.07439,3450000,1000000
2021-03-04 15:06:03.678000,1.07441,1.07438,4570000,1250000
2021-03-04 15:06:03.930000,1.07441,1.07437,1000000,1250000
2021-03-04 15:06:04.416000,1.07439,1.07437,1950000,1000000
2021-03-04 15:06:05.646000,1.07439,1.07436,2510000,1000000
2021-03-04 15:06:07.382000,1.07438,1.07436,1500000,1120000
2021-03-04 15:06:12.026000,1.07439,1.07434,1010000,2620000
2021-03-04 15:06:12.233000,1.07437,1.07435,1000000,2620000
2021-03-04 15:06:13.100000,1.07433,1.07431,1000000,6790000
2021-03-04 15:06:13.709000,1.07433,1.07431,1370000,1100000
2021-03-04 15:06:14.612000,1.07432,1.0743,1000000,1120000
2021-03-04 15:06:16.648000,1.07432,1.07431,1000000,1000000
2021-03-04 15:06:17.293000,1.07432,1.0743,1000000,4390000
2021-03-04 15:06:19.435000,1.07432,1.07431,1000000,1000000
2021-03-04 15:06:20.759000,1.07433,1.07429,1000000,5890000
2021-03-04 15:06:26.433000,1.07434,1.07431,4890000,1250000
2021-03-04 15:06:27.457000,1.07434,1.07431,4390000,1310000
2021-03-04 15:06:29.021000,1.07434,1.07431,4510000,1310000
2021-03-04 15:06:45.921000,1.07434,1.07432,2700000,1000000
2021-03-04 15:06:46.022000,1.07435,1.07433,1620000,4690000
2021-03-04 15:06:46.074000,1.07438,1.07435,4990000,2620000
2021-03-04 15:06:46.176000,1.07438,1.07435,2890000,2620000
2021-03-04 15:06:46.609000,1.07434,1.07432,1750000,14320000
2021-03-04 15:06:46.711000,1.07436,1.07433,3260000,1000000
2021-03-04 15:06:46.862000,1.07435,1.07433,1820000,1000000
2021-03-04 15:06:47.831000,1.07436,1.07433,4790000,1000000
2021-03-04 15:06:47.933000,1.07437,1.07435,2140000,1000000
2021-03-04 15:06:48.541000,1.07436,1.07434,1390000,1000000
2021-03-04 15:06:48.643000,1.07435,1.07434,1000000,1000000
2021-03-04 15:06:53.396000,1.07436,1.07434,2510000,1000000
2021-03-04 15:06:59.137000,1.07439,1.07435,1200000,2250000
2021-03-04 15:06:59.345000,1.07439,1.07437,1310000,1000000
2021-03-04 15:07:02.120000,1.07439,1.07437,2190000,1000000
2021-03-04 15:07:02.222000,1.07439,1.07436,2560000,1840000
2021-03-04 15:07:02.374000,1.07439,1.07436,2060000,1460000
2021-03-04 15:07:03.293000,1.07438,1.07436,1000000,1460000
2021-03-04 15:07:06.325000,1.07439,1.07435,9260000,11070000
2021-03-04 15:07:07.275000,1.07438,1.07435,1000000,8070000
2021-03-04 15:07:08.345000,1.07438,1.07435,1120000,7700000
2021-03-04 15:07:09.234000,1.07438,1.07436,1120000,1960000
2021-03-04 15:07:09.335000,1.07438,1.07436,1120000,2590000
2021-03-04 15:07:12.126000,1.07438,1.07436,1000000,2270000
2021-03-04 15:07:12.177000,1.07442,1.07441,1000000,1000000
2021-03-04 15:07:12.278000,1.07443,1.07441,1570000,3190000
2021-03-04 15:07:13.795000,1.07443,1.07441,1000000,9960000
2021-03-04 15:07:13.946000,1.07445,1.07443,2000000,4200000
2021-03-04 15:07:14.048000,1.07446,1.07444,1000000,1250000
2021-03-04 15:07:14.452000,1.07447,1.07444,2510000,1250000
2021-03-04 15:07:15.566000,1.07449,1.07447,1000000,3190000
2021-03-04 15:07:15.616000,1.0745,1.07448,1760000,1000000
2021-03-04 15:07:17.709000,1.07451,1.07446,2510000,2060000
2021-03-04 15:07:19.062000,1.07448,1.07446,1000000,1870000
2021-03-04 15:07:19.164000,1.07448,1.07445,4760000,1690000
2021-03-04 15:07:19.266000,1.07448,1.07445,5260000,1690000
2021-03-04 15:07:19.773000,1.07449,1.07444,2810000,3640000
2021-03-04 15:07:20.453000,1.07446,1.07445,1000000,3370000
2021-03-04 15:07:20.505000,1.07445,1.07443,2810000,1100000
2021-03-04 15:07:25.416000,1.07444,1.07442,1000000,4840000
2021-03-04 15:07:27.071000,1.07446,1.07443,4450000,1000000
2021-03-04 15:07:28.282000,1.07447,1.07445,1200000,2510000
2021-03-04 15:07:28.384000,1.07449,1.07447,2890000,1000000
2021-03-04 15:07:28.485000,1.07449,1.07446,5200000,1500000
2021-03-04 15:07:33.361000,1.07449,1.07446,2890000,1690000
2021-03-04 15:07:36.154000,1.07449,1.07446,1870000,3700000
2021-03-04 15:07:36.205000,1.07451,1.07448,3340000,2440000
2021-03-04 15:07:36.307000,1.07451,1.07449,1760000,1000000
2021-03-04 15:07:40.929000,1.07453,1.07451,6100000,1000000
2021-03-04 15:07:42.904000,1.07454,1.07451,5700000,1000000
2021-03-04 15:07:43.562000,1.07451,1.07449,1000000,1200000
2021-03-04 15:07:43.867000,1.07451,1.07448,2700000,1250000
2021-03-04 15:07:44.410000,1.07452,1.07447,5200000,1000000
2021-03-04 15:07:44.512000,1.0745,1.07447,2510000,2060000
2021-03-04 15:07:46.212000,1.07451,1.07447,4010000,5650000
2021-03-04 15:07:46.415000,1.07451,1.07449,1000000,2060000
2021-03-04 15:07:46.517000,1.07453,1.07448,1310000,1760000
2021-03-04 15:07:46.689000,1.07452,1.07449,1120000,4820000
2021-03-04 15:07:46.791000,1.07453,1.0745,1690000,3260000
2021-03-04 15:07:46.892000,1.07454,1.07452,2140000,1000000
2021-03-04 15:07:46.994000,1.07453,1.0745,1390000,2140000
2021-03-04 15:07:47.907000,1.07452,1.07449,3760000,1250000
2021-03-04 15:07:48.413000,1.07452,1.07448,3260000,4650000
2021-03-04 15:07:49.642000,1.07452,1.07449,1000000,6890000
2021-03-04 15:07:50.204000,1.07454,1.07451,3700000,1000000
2021-03-04 15:07:50.306000,1.07454,1.07451,1690000,2140000
2021-03-04 15:07:50.710000,1.07454,1.0745,1000000,2140000
2021-03-04 15:07:50.812000,1.07453,1.0745,1310000,1840000
2021-03-04 15:07:50.913000,1.07454,1.07451,4450000,1000000
2021-03-04 15:07:53.427000,1.07454,1.07452,1690000,1000000
2021-03-04 15:07:53.984000,1.07454,1.07452,1000000,8840000
2021-03-04 15:07:54.136000,1.07456,1.07453,6640000,1250000
2021-03-04 15:07:55.352000,1.07455,1.07453,1000000,1390000
2021-03-04 15:07:56.318000,1.07454,1.07453,1000000,1390000
2021-03-04 15:08:01.247000,1.07454,1.07452,1000000,1760000
2021-03-04 15:08:02.057000,1.07454,1.07452,1000000,2120000
2021-03-04 15:08:03.377000,1.07455,1.07453,1000000,4450000
2021-03-04 15:08:03.428000,1.07458,1.07455,1200000,5650000
2021-03-04 15:08:03.530000,1.07458,1.07456,1000000,2260000
2021-03-04 15:08:03.682000,1.07457,1.07455,1000000,2370000
2021-03-04 15:08:03.734000,1.07456,1.07454,1000000,1840000
2021-03-04 15:08:03.886000,1.07458,1.07454,1620000,9850000
2021-03-04 15:08:03.988000,1.07458,1.07455,1120000,2960000
2021-03-04 15:08:04.754000,1.07458,1.07455,1000000,4210000
2021-03-04 15:08:04.856000,1.07459,1.07457,1000000,1760000
2021-03-04 15:08:04.957000,1.07459,1.07458,1000000,3370000
2021-03-04 15:08:05.432000,1.07459,1.07456,1000000,4310000
2021-03-04 15:08:05.751000,1.07459,1.07457,1000000,1760000
2021-03-04 15:08:08.971000,1.0746,1.07458,1000000,1570000
2021-03-04 15:08:09.072000,1.0746,1.07459,1000000,1500000
2021-03-04 15:08:09.629000,1.07463,1.0746,4140000,1890000
2021-03-04 15:08:09.680000,1.07462,1.07459,1250000,3640000
2021-03-04 15:08:09.781000,1.07461,1.07458,1000000,4520000
2021-03-04 15:08:09.933000,1.07461,1.07458,1390000,1250000
2021-03-04 15:08:10.034000,1.0746,1.07457,1000000,4650000
2021-03-04 15:08:11.952000,1.07461,1.07458,1000000,5570000
2021-03-04 15:08:12.053000,1.07463,1.07461,1000000,1000000
2021-03-04 15:08:12.155000,1.07462,1.0746,1000000,4460000
2021-03-04 15:08:12.257000,1.07462,1.07459,1000000,3900000
2021-03-04 15:08:12.359000,1.07461,1.07459,1000000,3900000
2021-03-04 15:08:12.563000,1.07461,1.07459,1000000,3900000
2021-03-04 15:08:12.816000,1.07462,1.0746,1000000,5270000
2021-03-04 15:08:12.918000,1.07465,1.07463,10350000,3250000
2021-03-04 15:08:13.020000,1.07466,1.07463,1200000,3620000
2021-03-04 15:08:13.576000,1.07465,1.07463,1000000,2810000
2021-03-04 15:08:15.465000,1.07464,1.07463,1000000,1310000
2021-03-04 15:08:16.532000,1.07464,1.07461,1120000,4650000
2021-03-04 15:08:17.195000,1.07464,1.07463,1000000,1000000
2021-03-04 15:08:17.397000,1.07464,1.07462,1000000,2510000
2021-03-04 15:08:17.751000,1.07464,1.07461,1000000,4120000
2021-03-04 15:08:17.852000,1.07463,1.07461,1120000,4760000
2021-03-04 15:08:19.690000,1.07463,1.07462,2250000,3370000
2021-03-04 15:08:19.932000,1.07463,1.07461,2250000,1010000
2021-03-04 15:08:21.365000,1.07462,1.07459,1120000,4310000
2021-03-04 15:08:22.225000,1.07463,1.0746,1120000,4720000
2021-03-04 15:08:22.484000,1.07464,1.07461,1200000,1310000
2021-03-04 15:08:23.242000,1.07463,1.07461,1500000,1310000
2021-03-04 15:08:23.344000,1.07464,1.07461,2890000,1000000
2021-03-04 15:08:23.748000,1.07464,1.07461,1000000,4780000
2021-03-04 15:08:23.850000,1.07465,1.07462,1010000,2520000
2021-03-04 15:08:24.743000,1.07465,1.07462,1120000,3660000
2021-03-04 15:08:26.803000,1.07465,1.07462,1000000,3530000
2021-03-04 15:08:28.622000,1.07464,1.07462,1000000,1120000
2021-03-04 15:08:28.875000,1.07462,1.07461,1000000,1200000
2021-03-04 15:08:28.977000,1.07462,1.0746,1000000,3640000
2021-03-04 15:08:31.880000,1.07463,1.07461,1000000,2220000
2021-03-04 15:08:31.981000,1.07463,1.07462,1000000,3370000
2021-03-04 15:08:32.362000,1.07463,1.0746,1000000,3790000
2021-03-04 15:08:32.890000,1.07461,1.0746,1000000,1120000
2021-03-04 15:08:33.143000,1.07459,1.07457,1000000,1200000
2021-03-04 15:08:33.245000,1.0746,1.07457,1000000,1720000
2021-03-04 15:08:33.346000,1.07461,1.07459,1690000,1500000
2021-03-04 15:08:33.514000,1.07462,1.0746,1100000,1500000
2021-03-04 15:08:35.084000,1.07464,1.07461,1760000,2620000
2021-03-04 15:08:36.184000,1.07464,1.07462,1000000,2810000
2021-03-04 15:08:36.285000,1.07466,1.07463,2510000,1500000
2021-03-04 15:08:36.996000,1.07467,1.07464,2510000,3000000
2021-03-04 15:08:37.857000,1.07465,1.07464,1250000,1000000
2021-03-04 15:08:37.958000,1.07465,1.07463,1010000,1000000
2021-03-04 15:08:38.467000,1.07465,1.07462,1760000,1870000
2021-03-04 15:08:38.619000,1.07465,1.07462,4040000,1120000
2021-03-04 15:08:38.720000,1.07465,1.07462,2510000,1000000
2021-03-04 15:08:39.092000,1.07464,1.07462,1010000,1000000
2021-03-04 15:08:40.067000,1.07463,1.07461,1690000,1870000
2021-03-04 15:08:40.421000,1.07464,1.07462,2140000,1000000
2021-03-04 15:08:40.523000,1.07466,1.07461,2890000,3000000
2021-03-04 15:08:42.225000,1.07464,1.07461,1200000,2560000
2021-03-04 15:08:42.326000,1.07464,1.07461,1200000,2060000
2021-03-04 15:08:43.619000,1.07463,1.07459,1390000,6540000
2021-03-04 15:08:45.305000,1.07462,1.07459,1000000,3540000
2021-03-04 15:08:46.884000,1.07462,1.07461,1000000,1000000
2021-03-04 15:08:46.985000,1.07462,1.0746,1000000,1570000
2021-03-04 15:08:47.137000,1.07462,1.07459,1250000,1650000
2021-03-04 15:08:48.331000,1.07462,1.07459,1250000,2520000
2021-03-04 15:08:49.105000,1.07462,1.07459,1250000,2400000
2021-03-04 15:08:49.311000,1.07462,1.07459,1310000,2520000
2021-03-04 15:08:50.884000,1.07461,1.07459,1000000,1600000
2021-03-04 15:08:51.361000,1.07461,1.07456,1310000,4400000
2021-03-04 15:08:52.361000,1.07462,1.07459,5270000,1000000
2021-03-04 15:08:52.513000,1.07462,1.07459,1250000,4320000
2021-03-04 15:08:52.614000,1.07464,1.07461,3320000,1570000
2021-03-04 15:08:52.716000,1.07465,1.0746,2500000,2070000
2021-03-04 15:08:52.968000,1.07464,1.07461,1250000,3070000
2021-03-04 15:08:53.223000,1.07464,1.07462,1250000,1000000
2021-03-04 15:08:54.584000,1.07465,1.07462,1250000,3820000
2021-03-04 15:08:54.686000,1.07465,1.07462,1250000,5170000
2021-03-04 15:08:55.921000,1.07468,1.07465,4410000,1950000
2021-03-04 15:08:56.022000,1.07466,1.07464,1000000,2770000
2021-03-04 15:08:56.276000,1.07466,1.07463,1250000,3150000
2021-03-04 15:08:57.625000,1.07466,1.07464,1250000,1200000
2021-03-04 15:08:58.228000,1.07467,1.07464,1250000,4270000
2021-03-04 15:08:58.334000,1.07469,1.07466,1120000,1950000
2021-03-04 15:08:58.436000,1.07471,1.07466,1810000,3570000
2021-03-04 15:08:58.537000,1.0747,1.07467,1690000,2820000
2021-03-04 15:08:59.151000,1.07472,1.07469,1510000,2320000
2021-03-04 15:08:59.353000,1.07472,1.07469,1250000,2020000
2021-03-04 15:09:00.329000,1.07472,1.07469,1250000,2900000
2021-03-04 15:09:00.430000,1.07473,1.07471,1690000,1120000
2021-03-04 15:09:00.633000,1.07472,1.0747,2250000,1570000
2021-03-04 15:09:01.560000,1.0747,1.07468,2250000,1600000
2021-03-04 15:09:01.662000,1.0747,1.07468,1000000,1200000
2021-03-04 15:09:01.763000,1.07471,1.07466,2320000,2060000
2021-03-04 15:09:01.865000,1.07468,1.07465,1000000,6910000
2021-03-04 15:09:02.744000,1.07471,1.07466,3260000,1950000
2021-03-04 15:09:02.845000,1.0747,1.07468,1000000,1200000
2021-03-04 15:09:03.781000,1.07471,1.07468,1090000,1500000
2021-03-04 15:09:04.034000,1.07471,1.07468,1250000,3070000
2021-03-04 15:09:04.288000,1.07471,1.07467,1000000,1920000
2021-03-04 15:09:04.389000,1.0747,1.07467,2060000,2320000
2021-03-04 15:09:06.485000,1.07469,1.07467,1000000,1120000
2021-03-04 15:09:06.586000,1.07469,1.07466,3260000,1000000
2021-03-04 15:09:06.858000,1.07469,1.07465,3260000,4760000
2021-03-04 15:09:07.555000,1.07469,1.07465,1760000,6010000
2021-03-04 15:09:08.061000,1.07469,1.07466,1100000,4140000
2021-03-04 15:09:08.162000,1.0747,1.07467,1690000,4350000
2021-03-04 15:09:10.134000,1.0747,1.07467,1000000,3540000
2021-03-04 15:09:10.739000,1.07471,1.07468,1690000,1950000
2021-03-04 15:09:11.146000,1.0747,1.07467,2060000,1600000
2021-03-04 15:09:11.197000,1.07468,1.07466,1000000,1650000
2021-03-04 15:09:11.349000,1.07468,1.07465,1000000,1840000
2021-03-04 15:09:12.016000,1.07468,1.07465,1000000,1910000
2021-03-04 15:09:12.675000,1.07468,1.07466,1000000,1100000
2021-03-04 15:09:12.777000,1.07469,1.07466,1690000,1600000
2021-03-04 15:09:13.188000,1.07469,1.07466,2060000,1570000
2021-03-04 15:09:14.563000,1.07468,1.07464,2250000,7690000
2021-03-04 15:09:14.665000,1.07466,1.07464,1000000,2140000
2021-03-04 15:09:14.766000,1.07465,1.07462,1000000,1770000
2021-03-04 15:09:15.983000,1.07467,1.07464,4010000,1000000
2021-03-04 15:09:17.285000,1.07468,1.07465,2140000,1100000
2021-03-04 15:09:17.386000,1.07467,1.07464,1250000,3500000
2021-03-04 15:09:18.774000,1.07467,1.07464,2060000,1100000
2021-03-04 15:09:20.193000,1.07466,1.07463,1250000,2420000
2021-03-04 15:09:23.246000,1.07467,1.07465,1250000,1500000
2021-03-04 15:09:26.210000,1.07467,1.07464,1000000,2500000
2021-03-04 15:09:26.312000,1.07466,1.07463,1250000,6250000
2021-03-04 15:09:26.802000,1.07466,1.07463,2120000,1200000
2021-03-04 15:09:29.974000,1.07466,1.07463,1000000,7200000
2021-03-04 15:09:34.357000,1.07465,1.07462,1690000,3750000
2021-03-04 15:09:34.812000,1.07464,1.07462,1000000,2700000
2021-03-04 15:09:35.569000,1.07464,1.07462,1000000,2370000
2021-03-04 15:09:36.605000,1.07464,1.07462,1000000,2400000
2021-03-04 15:09:36.858000,1.07464,1.07462,1000000,2920000
2021-03-04 15:09:37.843000,1.07466,1.07463,2570000,1950000
2021-03-04 15:09:38.282000,1.07466,1.07463,1120000,2290000
2021-03-04 15:09:38.385000,1.07468,1.07464,1690000,1100000
2021-03-04 15:09:38.487000,1.07467,1.07465,1250000,3220000
2021-03-04 15:09:38.588000,1.07468,1.07465,2060000,6220000
2021-03-04 15:09:40.187000,1.07468,1.07465,2060000,1570000
2021-03-04 15:09:43.962000,1.07468,1.07465,1690000,3600000
2021-03-04 15:09:44.064000,1.07469,1.07466,1690000,2700000
2021-03-04 15:09:45.033000,1.0747,1.07465,1690000,3200000
2021-03-04 15:09:46.601000,1.07469,1.07467,1000000,3540000
2021-03-04 15:09:47.574000,1.07469,1.07467,1000000,3410000
2021-03-04 15:09:49.276000,1.07469,1.07466,1120000,1760000
2021-03-04 15:09:49.653000,1.07468,1.07465,2060000,1950000
2021-03-04 15:09:49.754000,1.07467,1.07464,1120000,1090000
2021-03-04 15:09:53.741000,1.07467,1.07465,1000000,1000000
2021-03-04 15:09:54.881000,1.0747,1.07466,2060000,1500000
2021-03-04 15:09:55.742000,1.07467,1.07465,1690000,3870000
2021-03-04 15:09:55.793000,1.07467,1.07464,2060000,1270000
2021-03-04 15:09:57.213000,1.07468,1.07465,5750000,1200000
2021-03-04 15:09:57.315000,1.07468,1.07465,2810000,1200000
2021-03-04 15:10:00.627000,1.07468,1.07466,1690000,1000000
2021-03-04 15:10:02.389000,1.0747,1.07465,4310000,2700000
2021-03-04 15:10:02.743000,1.07469,1.07467,1250000,1000000
2021-03-04 15:10:04.523000,1.07468,1.07465,3250000,3070000
2021-03-04 15:10:08.610000,1.07466,1.07464,1000000,2700000
2021-03-04 15:10:08.711000,1.07465,1.07463,2250000,2320000
2021-03-04 15:10:08.913000,1.07465,1.07463,1000000,4720000
2021-03-04 15:10:09.014000,1.07467,1.07464,1690000,1720000
2021-03-04 15:10:11.836000,1.07467,1.07464,3190000,1570000
2021-03-04 15:10:12.451000,1.07466,1.07464,1000000,1570000
2021-03-04 15:10:15.140000,1.07465,1.07463,1250000,3070000
2021-03-04 15:10:15.292000,1.07465,1.07464,1000000,1000000
2021-03-04 15:10:15.393000,1.07466,1.07464,1250000,1000000
2021-03-04 15:10:15.811000,1.07467,1.07462,1250000,5210000
2021-03-04 15:10:15.912000,1.07466,1.07464,1000000,1000000
2021-03-04 15:10:16.165000,1.07467,1.07464,1690000,1200000
2021-03-04 15:10:16.529000,1.07468,1.07465,2440000,1570000
2021-03-04 15:10:16.630000,1.07468,1.07466,1250000,1200000
2021-03-04 15:10:16.731000,1.07468,1.07465,1690000,2320000
2021-03-04 15:10:17.818000,1.07469,1.07465,1250000,1950000
2021-03-04 15:10:18.350000,1.07468,1.07465,2060000,3070000
2021-03-04 15:10:18.983000,1.07469,1.07464,2870000,1570000
2021-03-04 15:10:19.085000,1.07468,1.07464,4070000,3640000
2021-03-04 15:10:19.186000,1.07467,1.07464,2120000,2320000
2021-03-04 15:10:20.581000,1.07468,1.07463,1310000,3520000
2021-03-04 15:10:23.487000,1.07466,1.07464,1250000,1000000
2021-03-04 15:10:23.588000,1.07465,1.07463,1250000,1120000
2021-03-04 15:10:23.790000,1.07466,1.07463,3260000,3750000
2021-03-04 15:10:24.144000,1.07466,1.07464,1000000,1200000
2021-03-04 15:10:24.499000,1.07469,1.07464,2810000,1200000
2021-03-04 15:10:25.772000,1.07467,1.07465,1000000,1500000
2021-03-04 15:10:26.126000,1.07469,1.07464,2440000,2250000
2021-03-04 15:10:26.329000,1.07467,1.07465,1000000,1100000
2021-03-04 15:10:26.430000,1.07467,1.07464,1690000,2890000
2021-03-04 15:10:29.611000,1.07467,1.07462,2440000,5320000
2021-03-04 15:10:29.763000,1.07467,1.07464,2560000,2320000
2021-03-04 15:10:29.865000,1.07468,1.07465,4070000,2320000
2021-03-04 15:10:30.821000,1.07468,1.07465,2870000,3570000
2021-03-04 15:10:31.209000,1.07469,1.07464,2060000,6570000
2021-03-04 15:10:34.121000,1.07469,1.07466,1250000,1000000
2021-03-04 15:10:36.542000,1.07469,1.07467,2440000,1570000
2021-03-04 15:10:36.656000,1.07469,1.07467,1250000,2070000
2021-03-04 15:10:39.594000,1.07469,1.07467,1310000,1500000
2021-03-04 15:10:41.586000,1.0747,1.07466,1310000,1620000
2021-03-04 15:10:43.624000,1.07469,1.07467,1310000,1500000
2021-03-04 15:10:45.935000,1.07468,1.07467,1500000,1000000
2021-03-04 15:10:46.089000,1.07468,1.07466,1500000,1500000
2021-03-04 15:10:46.231000,1.0747,1.07465,2890000,1500000
2021-03-04 15:10:46.742000,1.07468,1.07466,1000000,1000000
2021-03-04 15:10:49.977000,1.07469,1.07466,1690000,3200000
2021-03-04 15:10:50.079000,1.07469,1.07468,1000000,1000000
2021-03-04 15:10:53.042000,1.07469,1.07466,1310000,3570000
2021-03-04 15:10:57.061000,1.07468,1.07466,1000000,2820000
2021-03-04 15:10:57.164000,1.07467,1.07465,1000000,2370000
2021-03-04 15:10:57.369000,1.07467,1.07465,1000000,1120000
2021-03-04 15:11:06.611000,1.07467,1.07464,1310000,2320000
2021-03-04 15:11:06.712000,1.07465,1.07464,1000000,1120000
2021-03-04 15:11:06.814000,1.07465,1.07463,1000000,3070000
2021-03-04 15:11:06.966000,1.07465,1.07464,1000000,1000000
2021-03-04 15:11:07.068000,1.07465,1.07463,1000000,3640000
2021-03-04 15:11:07.170000,1.07466,1.07463,1000000,3640000
2021-03-04 15:11:07.391000,1.07466,1.07463,1000000,3790000
2021-03-04 15:11:07.879000,1.07468,1.07463,3190000,1200000
2021-03-04 15:11:10.654000,1.07468,1.07462,3310000,4160000
2021-03-04 15:11:10.806000,1.07466,1.07462,1000000,4160000
2021-03-04 15:11:10.908000,1.07464,1.07462,1000000,2070000
2021-03-04 15:11:11.009000,1.07464,1.07462,1000000,1570000
2021-03-04 15:11:13.324000,1.07465,1.07462,1000000,1000000
2021-03-04 15:11:13.425000,1.07464,1.07462,1000000,4200000
2021-03-04 15:11:13.896000,1.07465,1.07462,1000000,1500000
2021-03-04 15:11:18.851000,1.07464,1.07462,1000000,1950000
2021-03-04 15:11:24.416000,1.07464,1.07461,1690000,3070000
2021-03-04 15:11:24.829000,1.07464,1.07461,1000000,3010000
2021-03-04 15:11:31.568000,1.07464,1.0746,2250000,7670000
2021-03-04 15:11:31.669000,1.07464,1.07461,1000000,3010000
2021-03-04 15:11:31.972000,1.07464,1.07462,1120000,1000000
2021-03-04 15:11:32.621000,1.07464,1.07461,1120000,1510000
2021-03-04 15:11:32.987000,1.07464,1.07461,1120000,2140000
2021-03-04 15:11:33.189000,1.07464,1.07461,1120000,1890000
2021-03-04 15:11:34.045000,1.07464,1.07462,1620000,1000000
2021-03-04 15:11:35.161000,1.07464,1.07461,2440000,1700000
2021-03-04 15:11:36.857000,1.07463,1.07461,1500000,1700000
2021-03-04 15:11:37.503000,1.07464,1.07461,2060000,1700000
2021-03-04 15:11:37.605000,1.07461,1.07457,1000000,1200000
2021-03-04 15:11:37.706000,1.0746,1.07457,2510000,1870000
2021-03-04 15:11:39.286000,1.0746,1.07455,1000000,2560000
2021-03-04 15:11:40.631000,1.07459,1.07456,1690000,1500000
2021-03-04 15:11:40.935000,1.07459,1.07456,3000000,3390000
2021-03-04 15:11:43.250000,1.07459,1.07458,1000000,1000000
2021-03-04 15:11:43.402000,1.0746,1.07458,1000000,1000000
2021-03-04 15:11:43.504000,1.07461,1.07459,1000000,1870000
2021-03-04 15:11:43.991000,1.07463,1.07458,1950000,2510000
2021-03-04 15:11:44.093000,1.07462,1.0746,1000000,1100000
2021-03-04 15:11:44.995000,1.07461,1.07459,1000000,3370000
2021-03-04 15:11:45.978000,1.07461,1.07458,1690000,3190000
2021-03-04 15:11:47.814000,1.07461,1.07458,1000000,4620000
2021-03-04 15:11:48.655000,1.07462,1.0746,2060000,1200000
2021-03-04 15:11:50.113000,1.07462,1.07459,1120000,3640000
2021-03-04 15:11:50.215000,1.07462,1.07459,1120000,3790000
2021-03-04 15:11:54.010000,1.07463,1.07459,4510000,1760000
2021-03-04 15:11:58.396000,1.07461,1.07459,1120000,1000000
2021-03-04 15:11:58.497000,1.07461,1.07458,1120000,1870000
2021-03-04 15:11:58.817000,1.07461,1.07459,2060000,1000000
2021-03-04 15:11:58.988000,1.07461,1.07458,2810000,1690000
2021-03-04 15:11:59.090000,1.0746,1.07457,2060000,1750000
2021-03-04 15:11:59.191000,1.07461,1.07456,2060000,1100000
2021-03-04 15:12:00.350000,1.07461,1.07457,2060000,1000000
2021-03-04 15:12:07.202000,1.0746,1.07457,1690000,1570000
2021-03-04 15:12:08.943000,1.07456,1.07454,1000000,1120000
2021-03-04 15:12:09.045000,1.07457,1.07453,1120000,1000000
2021-03-04 15:12:09.146000,1.07457,1.07455,3310000,1000000
2021-03-04 15:12:09.247000,1.07458,1.07456,2810000,1120000
2021-03-04 15:12:10.614000,1.07457,1.07456,1000000,1000000
2021-03-04 15:12:10.665000,1.07457,1.07454,1000000,6260000
2021-03-04 15:12:11.071000,1.07458,1.07455,2440000,3950000
2021-03-04 15:12:11.172000,1.07458,1.07455,3190000,1200000
2021-03-04 15:12:11.735000,1.07458,1.07455,2440000,2450000
2021-03-04 15:12:11.937000,1.07457,1.07455,1000000,1100000
2021-03-04 15:12:12.571000,1.07457,1.07454,1000000,3410000
2021-03-04 15:12:12.897000,1.07456,1.07454,1000000,3260000
2021-03-04 15:12:13.762000,1.07456,1.07455,1000000,1000000
2021-03-04 15:12:13.913000,1.07457,1.07453,1000000,4010000
2021-03-04 15:12:17.004000,1.07455,1.07453,1000000,4390000
2021-03-04 15:12:17.105000,1.07454,1.07452,3450000,1120000
2021-03-04 15:12:17.206000,1.07454,1.07451,2440000,1950000
2021-03-04 15:12:19.132000,1.07454,1.0745,3260000,4760000
2021-03-04 15:12:19.233000,1.07455,1.07449,3260000,4510000
2021-03-04 15:12:20.107000,1.07453,1.0745,1250000,2820000
2021-03-04 15:12:21.068000,1.07455,1.07449,4010000,3760000
2021-03-04 15:12:21.321000,1.07453,1.0745,1250000,2820000
2021-03-04 15:12:22.363000,1.07454,1.0745,4390000,3760000
2021-03-04 15:12:22.667000,1.07455,1.07452,2640000,1950000
2021-03-04 15:12:24.881000,1.07453,1.07451,1000000,2450000
2021-03-04 15:12:25.346000,1.07453,1.07451,1000000,1500000
2021-03-04 15:12:25.694000,1.07453,1.07451,1000000,2000000
2021-03-04 15:12:25.796000,1.07453,1.07451,1000000,1500000
2021-03-04 15:12:30.329000,1.07455,1.07454,1950000,1250000
2021-03-04 15:12:30.380000,1.07458,1.07455,1790000,4320000
2021-03-04 15:12:30.481000,1.07458,1.07456,1000000,1200000
2021-03-04 15:12:30.583000,1.07458,1.07455,1690000,1950000
2021-03-04 15:12:30.690000,1.07456,1.07454,1000000,2510000
2021-03-04 15:12:30.893000,1.07456,1.07454,1000000,4910000
2021-03-04 15:12:32.741000,1.07456,1.07454,1000000,4200000
2021-03-04 15:12:33.590000,1.07458,1.07454,10150000,5320000
2021-03-04 15:12:34.821000,1.07456,1.07454,1000000,3450000
2021-03-04 15:12:34.973000,1.07458,1.07454,9770000,5320000
2021-03-04 15:12:35.226000,1.07457,1.07453,1000000,1570000
2021-03-04 15:12:35.570000,1.07459,1.07453,9770000,4570000
2021-03-04 15:12:36.154000,1.07456,1.07454,1000000,3070000
2021-03-04 15:12:36.275000,1.07457,1.07454,1000000,4720000
2021-03-04 15:12:36.675000,1.07458,1.07454,8950000,8470000
2021-03-04 15:12:36.885000,1.07458,1.07456,1250000,2320000
2021-03-04 15:12:41.526000,1.07458,1.07455,1250000,1870000
2021-03-04 15:12:41.627000,1.07457,1.07455,1250000,1000000
2021-03-04 15:12:43.091000,1.07457,1.07454,1310000,3000000
2021-03-04 15:12:44.830000,1.07455,1.07454,1000000,1000000
2021-03-04 15:12:44.931000,1.07455,1.07452,1000000,5190000
2021-03-04 15:12:45.033000,1.07455,1.07452,2950000,1500000
2021-03-04 15:12:45.084000,1.07455,1.07451,5950000,4120000
2021-03-04 15:12:45.185000,1.07453,1.07451,1000000,1500000
2021-03-04 15:12:45.543000,1.07452,1.07449,1000000,4810000
2021-03-04 15:12:46.543000,1.07452,1.07449,1000000,4310000
2021-03-04 15:12:54.114000,1.07451,1.07449,1000000,1500000
2021-03-04 15:12:59.803000,1.07452,1.07449,2140000,1870000
2021-03-04 15:13:01.816000,1.07454,1.07452,7760000,1500000
2021-03-04 15:13:02.170000,1.07455,1.07453,1500000,1500000
2021-03-04 15:13:02.271000,1.07458,1.07455,2570000,1500000
2021-03-04 15:13:03.257000,1.07456,1.07454,1250000,2250000
2021-03-04 15:13:03.409000,1.07456,1.07453,2590000,1120000
2021-03-04 15:13:09.499000,1.07456,1.07453,1250000,3120000
2021-03-04 15:13:09.666000,1.07458,1.07456,2060000,1000000
2021-03-04 15:13:10.449000,1.07457,1.07454,1250000,1870000
2021-03-04 15:13:11.758000,1.07458,1.07454,1690000,5260000
2021-03-04 15:13:12.416000,1.07458,1.07455,1000000,2940000
2021-03-04 15:13:12.568000,1.07459,1.07454,1000000,2060000
2021-03-04 15:13:12.669000,1.07458,1.07455,1000000,2940000
2021-03-04 15:13:13.779000,1.07459,1.07456,2510000,2250000
2021-03-04 15:13:13.931000,1.07459,1.07457,1120000,1000000
2021-03-04 15:13:14.184000,1.07459,1.07456,1690000,3450000
2021-03-04 15:13:14.285000,1.07459,1.07456,1690000,2370000
2021-03-04 15:13:15.779000,1.07459,1.07456,2060000,1120000
2021-03-04 15:13:16.189000,1.0746,1.07455,2560000,1120000
2021-03-04 15:13:16.291000,1.07459,1.07456,2440000,1120000
2021-03-04 15:13:26.296000,1.07457,1.07455,1690000,2250000
2021-03-04 15:13:26.397000,1.07456,1.07455,1000000,1000000
2021-03-04 15:13:26.498000,1.07458,1.07453,1870000,2510000
2021-03-04 15:13:26.600000,1.07459,1.07455,1120000,1000000
2021-03-04 15:13:28.602000,1.07458,1.07456,1000000,1620000
2021-03-04 15:13:28.935000,1.07458,1.07456,2060000,1000000
2021-03-04 15:13:29.152000,1.07458,1.07456,1120000,1000000
2021-03-04 15:13:29.254000,1.07459,1.07455,1120000,1000000
2021-03-04 15:13:29.356000,1.07458,1.07456,1120000,1000000
2021-03-04 15:13:30.309000,1.07458,1.07456,1000000,1120000
2021-03-04 15:13:32.247000,1.07458,1.07456,1000000,1500000
2021-03-04 15:13:33.437000,1.07458,1.07456,1000000,1120000
2021-03-04 15:13:36.430000,1.07458,1.07456,1000000,1620000
2021-03-04 15:13:37.224000,1.07458,1.07456,1000000,2250000
2021-03-04 15:13:37.325000,1.07458,1.07456,1000000,2370000
2021-03-04 15:13:38.998000,1.07459,1.07456,1120000,4440000
2021-03-04 15:13:43.116000,1.07459,1.07458,1120000,1000000
2021-03-04 15:13:44.272000,1.07459,1.07457,1120000,1570000
2021-03-04 15:13:44.727000,1.0746,1.07459,1120000,1000000
2021-03-04 15:13:44.778000,1.07463,1.0746,1100000,3370000
2021-03-04 15:13:44.879000,1.07463,1.07461,1000000,1500000
2021-03-04 15:13:45.792000,1.07462,1.07459,1000000,9740000
2021-03-04 15:13:49.607000,1.07463,1.0746,1000000,3260000
2021-03-04 15:13:50.473000,1.07463,1.0746,1000000,5660000
2021-03-04 15:13:50.826000,1.07464,1.07461,2440000,1570000
2021-03-04 15:13:50.928000,1.07465,1.07462,2440000,3450000
2021-03-04 15:13:51.029000,1.07465,1.07463,1000000,1000000
2021-03-04 15:13:53.140000,1.07465,1.07463,1000000,4510000
2021-03-04 15:13:54.187000,1.07465,1.07462,1000000,6450000
2021-03-04 15:13:55.822000,1.07465,1.07463,1000000,2540000
2021-03-04 15:13:56.125000,1.07466,1.07463,1000000,2660000
2021-03-04 15:14:03.100000,1.07468,1.07466,2810000,1000000
2021-03-04 15:14:04.922000,1.07469,1.07467,3190000,1000000
2021-03-04 15:14:10.079000,1.07468,1.07467,1120000,1000000
2021-03-04 15:14:12.054000,1.07469,1.07467,2620000,1120000
2021-03-04 15:14:12.155000,1.07468,1.07467,1000000,1120000
2021-03-04 15:14:12.257000,1.07469,1.07467,2620000,1120000
2021-03-04 15:14:12.459000,1.07468,1.07467,1000000,1120000
2021-03-04 15:14:12.510000,1.07468,1.07465,5060000,2320000
2021-03-04 15:14:12.872000,1.07467,1.07465,1000000,1570000
2021-03-04 15:14:13.041000,1.07469,1.07464,5060000,1570000
2021-03-04 15:14:13.295000,1.07467,1.07465,1000000,1570000
2021-03-04 15:14:13.396000,1.07468,1.07465,5060000,1200000
2021-03-04 15:14:14.436000,1.07467,1.07465,1000000,1200000
2021-03-04 15:14:14.537000,1.07468,1.07465,5440000,1200000
2021-03-04 15:14:14.639000,1.07466,1.07465,1250000,1120000
2021-03-04 15:14:14.740000,1.07465,1.07463,2440000,1500000
2021-03-04 15:14:14.842000,1.07466,1.07462,1870000,1000000
2021-03-04 15:14:14.943000,1.07466,1.07463,1000000,6850000
2021-03-04 15:14:16.065000,1.07466,1.07464,1000000,1890000
2021-03-04 15:14:17.473000,1.07468,1.07465,1000000,5260000
2021-03-04 15:14:17.574000,1.07467,1.07465,1000000,2260000
2021-03-04 15:14:18.540000,1.07467,1.07465,1000000,1760000
2021-03-04 15:14:18.641000,1.07469,1.07466,6390000,1000000
2021-03-04 15:14:18.742000,1.07469,1.07467,1000000,2320000
2021-03-04 15:14:22.872000,1.07469,1.07466,3690000,1200000
2021-03-04 15:14:23.573000,1.07469,1.07466,1500000,3390000
2021-03-04 15:14:29.259000,1.07471,1.07468,1870000,1010000
2021-03-04 15:14:29.461000,1.07473,1.0747,3450000,1570000
2021-03-04 15:14:29.613000,1.07473,1.07471,1120000,1000000
2021-03-04 15:14:29.715000,1.07473,1.0747,1120000,2510000
2021-03-04 15:14:31.090000,1.07472,1.07469,2250000,4140000
2021-03-04 15:14:33.418000,1.07473,1.0747,1570000,2810000
2021-03-04 15:14:33.721000,1.07473,1.0747,2250000,3390000
2021-03-04 15:14:34.630000,1.07474,1.07471,4010000,1500000
2021-03-04 15:14:34.731000,1.07473,1.07471,1000000,1120000
2021-03-04 15:14:35.707000,1.07473,1.0747,1000000,2140000
2021-03-04 15:14:41.260000,1.07472,1.0747,1250000,1120000
2021-03-04 15:14:41.463000,1.07473,1.0747,4390000,1120000
2021-03-04 15:14:45.025000,1.07473,1.0747,3390000,1500000
2021-03-04 15:14:45.177000,1.07473,1.07469,4140000,2210000
2021-03-04 15:14:45.278000,1.07472,1.07468,1000000,1270000
2021-03-04 15:14:45.379000,1.07472,1.07468,3640000,3490000
2021-03-04 15:14:45.480000,1.07472,1.07469,3200000,1250000
2021-03-04 15:14:45.632000,1.07472,1.07469,1500000,1890000
2021-03-04 15:14:46.988000,1.07472,1.0747,1000000,2940000
2021-03-04 15:14:49.960000,1.07472,1.0747,1120000,1000000
2021-03-04 15:14:55.286000,1.07472,1.07469,1000000,4010000
2021-03-04 15:14:56.078000,1.07472,1.0747,1000000,1000000
2021-03-04 15:14:58.565000,1.07472,1.07469,2250000,3610000
2021-03-04 15:14:58.717000,1.07471,1.07469,1000000,1120000
2021-03-04 15:14:59.833000,1.07471,1.07469,1000000,1920000
2021-03-04 15:15:00.222000,1.07471,1.07469,1120000,2620000
