time,ask,bid,ask_volume,bid_volume
2019-02-01 13:25:00.436000,1.0892,1.08917,1000000,7800000
2019-02-01 13:25:02.600000,1.08919,1.08917,1000000,6170000
2019-02-01 13:25:03.301000,1.0892,1.08917,3750000,6170000
2019-02-01 13:25:04.379000,1.08919,1.08917,1000000,6920000
2019-02-01 13:25:05.340000,1.0892,1.08917,4500000,3250000
2019-02-01 13:25:07.309000,1.0892,1.08917,1310000,6110000
2019-02-01 13:25:07.461000,1.0892,1.08917,1120000,6920000
2019-02-01 13:25:08.094000,1.0892,1.08917,1120000,5170000
2019-02-01 13:25:08.197000,1.08919,1.08917,1250000,4420000
2019-02-01 13:25:11.270000,1.08917,1.08915,2060000,1500000
2019-02-01 13:25:11.373000,1.08916,1.08914,7000000,2550000
2019-02-01 13:25:12.299000,1.08914,1.08913,1000000,1330000
2019-02-01 13:25:12.351000,1.08914,1.08912,1500000,1000000
2019-02-01 13:25:12.499000,1.08914,1.08911,3370000,3940000
2019-02-01 13:25:13.107000,1.08913,1.08911,1000000,3940000
2019-02-01 13:25:14.871000,1.08914,1.08911,2250000,4000000
2019-02-01 13:25:16.100000,1.08913,1.08911,2250000,4000000
2019-02-01 13:25:19.370000,1.08913,1.08911,2250000,3940000
2019-02-01 13:25:20.049000,1.08914,1.08911,2810000,2440000
2019-02-01 13:25:29.236000,1.08913,1.08911,1000000,1250000
2019-02-01 13:25:30.044000,1.08914,1.08911,3940000,2440000
2019-02-01 13:25:30.187000,1.08913,1.08911,3000000,2440000
2019-02-01 13:25:32.071000,1.08914,1.08911,3940000,2440000
2019-02-01 13:25:32.488000,1.08914,1.08911,5940000,2440000
2019-02-01 13:25:32.970000,1.08912,1.08911,1870000,1500000
2019-02-01 13:25:33.074000,1.08911,1.08909,2250000,1000000
2019-02-01 13:25:33.126000,1.0891,1.08908,1000000,3750000
2019-02-01 13:25:33.190000,1.08911,1.08909,2250000,1000000
2019-02-01 13:25:33.293000,1.0891,1.08907,1120000,1500000
2019-02-01 13:25:33.395000,1.08909,1.08906,2060000,2810000
2019-02-01 13:25:33.599000,1.08908,1.08906,1000000,1000000
2019-02-01 13:25:36.904000,1.08908,1.08905,1500000,1690000
2019-02-01 13:25:37.006000,1.08907,1.08905,1870000,1250000
2019-02-01 13:25:39.222000,1.08907,1.08905,1120000,1250000
2019-02-01 13:25:40.238000,1.08907,1.08905,1870000,1000000
2019-02-01 13:25:40.401000,1.08904,1.08902,1310000,1100000
2019-02-01 13:25:40.503000,1.08904,1.08902,1810000,1000000
2019-02-01 13:25:41.209000,1.08904,1.08902,1310000,1000000
2019-02-01 13:25:42.005000,1.08903,1.089,1500000,4870000
2019-02-01 13:25:42.057000,1.08901,1.089,1250000,3000000
2019-02-01 13:25:42.159000,1.089,1.08898,1000000,1500000
2019-02-01 13:25:44.540000,1.08902,1.08899,2440000,1500000
2019-02-01 13:25:44.702000,1.08903,1.089,1310000,1500000
2019-02-01 13:25:44.804000,1.08903,1.08901,1250000,1000000
2019-02-01 13:25:44.906000,1.08903,1.089,1000000,2810000
2019-02-01 13:25:45.955000,1.08903,1.08901,1000000,1000000
2019-02-01 13:25:46.105000,1.08903,1.089,1000000,1310000
2019-02-01 13:25:46.207000,1.08903,1.08901,1000000,3000000
2019-02-01 13:25:46.309000,1.08904,1.08901,3190000,4120000
2019-02-01 13:25:46.513000,1.08904,1.08902,3000000,1000000
2019-02-01 13:25:46.616000,1.08905,1.08903,3370000,1000000
2019-02-01 13:25:47.011000,1.08904,1.08902,2250000,1000000
2019-02-01 13:25:47.170000,1.08903,1.08902,1000000,1000000
2019-02-01 13:25:47.425000,1.08904,1.08902,2250000,1000000
2019-02-01 13:25:48.106000,1.08905,1.08902,1690000,1500000
2019-02-01 13:25:49.048000,1.08905,1.08902,4000000,1500000
2019-02-01 13:25:49.594000,1.08906,1.08903,1000000,2810000
2019-02-01 13:25:49.697000,1.08906,1.08904,2250000,1000000
2019-02-01 13:25:50.104000,1.08905,1.08904,1000000,1000000
2019-02-01 13:25:50.410000,1.08907,1.08904,1870000,1250000
2019-02-01 13:25:50.795000,1.08907,1.08904,2250000,6620000
2019-02-01 13:25:51.050000,1.08908,1.08905,1120000,3940000
2019-02-01 13:25:53.948000,1.08909,1.08907,1120000,3610000
2019-02-01 13:25:54.051000,1.08911,1.0891,1000000,1250000
2019-02-01 13:25:54.160000,1.08911,1.08909,1500000,2120000
2019-02-01 13:25:59.003000,1.08911,1.08909,1500000,2810000
2019-02-01 13:25:59.105000,1.08911,1.08909,2250000,2120000
2019-02-01 13:25:59.258000,1.0891,1.08908,1000000,4570000
2019-02-01 13:25:59.362000,1.08911,1.08908,2250000,4570000
2019-02-01 13:25:59.925000,1.08911,1.08908,1500000,5320000
2019-02-01 13:26:02.256000,1.0891,1.08909,1000000,1000000
2019-02-01 13:26:02.309000,1.08909,1.08907,1250000,2320000
2019-02-01 13:26:02.412000,1.08909,1.08906,2250000,3560000
2019-02-01 13:26:02.514000,1.08908,1.08906,2250000,2060000
2019-02-01 13:26:02.617000,1.08909,1.08906,3000000,2810000
2019-02-01 13:26:05.094000,1.08909,1.08907,1000000,1000000
2019-02-01 13:26:05.290000,1.0891,1.08907,2250000,2500000
2019-02-01 13:26:05.342000,1.08911,1.08908,1500000,2620000
2019-02-01 13:26:05.444000,1.08913,1.08911,2250000,1310000
2019-02-01 13:26:11.192000,1.08911,1.0891,1000000,1500000
2019-02-01 13:26:11.346000,1.0891,1.08907,1000000,2890000
2019-02-01 13:26:28.026000,1.08909,1.08907,1000000,1000000
2019-02-01 13:26:29.864000,1.08909,1.08906,1000000,1250000
2019-02-01 13:26:30.373000,1.08908,1.08906,1000000,1500000
2019-02-01 13:26:35.508000,1.08909,1.08906,2250000,2250000
2019-02-01 13:26:43.520000,1.08909,1.08906,1000000,2500000
2019-02-01 13:26:48.813000,1.0891,1.08908,3000000,1000000
2019-02-01 13:26:48.864000,1.0891,1.08907,1000000,2060000
2019-02-01 13:26:53.835000,1.0892,1.08918,1000000,1750000
2019-02-01 13:26:53.937000,1.08922,1.0892,4200000,1250000
2019-02-01 13:26:54.040000,1.08922,1.0892,1870000,2190000
2019-02-01 13:26:54.142000,1.08922,1.0892,1870000,1310000
2019-02-01 13:26:54.376000,1.08923,1.0892,2060000,1250000
2019-02-01 13:26:54.529000,1.08923,1.0892,1870000,1750000
2019-02-01 13:26:54.736000,1.08924,1.0892,2810000,3250000
2019-02-01 13:26:55.163000,1.08925,1.08921,3190000,2440000
2019-02-01 13:26:55.266000,1.08925,1.08922,3190000,1500000
2019-02-01 13:26:55.579000,1.08925,1.08921,2870000,3190000
2019-02-01 13:26:57.233000,1.08923,1.08921,1000000,1250000
2019-02-01 13:26:57.372000,1.08924,1.08921,1690000,1250000
2019-02-01 13:26:57.904000,1.08924,1.08921,1750000,1120000
2019-02-01 13:26:58.007000,1.08925,1.08921,2810000,2810000
2019-02-01 13:26:58.413000,1.08925,1.08922,2440000,1000000
2019-02-01 13:26:59.986000,1.08924,1.08921,1000000,2060000
2019-02-01 13:27:00.138000,1.08924,1.08922,1500000,1000000
2019-02-01 13:27:00.291000,1.08924,1.08921,2440000,1250000
2019-02-01 13:27:04.069000,1.08924,1.08922,1690000,1000000
2019-02-01 13:27:04.325000,1.08924,1.08921,3190000,1690000
2019-02-01 13:27:05.328000,1.08924,1.08922,1500000,1250000
2019-02-01 13:27:05.681000,1.08924,1.08921,3190000,1250000
2019-02-01 13:27:07.691000,1.08922,1.08921,1000000,1250000
2019-02-01 13:27:09.285000,1.08922,1.08919,1000000,3250000
2019-02-01 13:27:09.993000,1.08922,1.0892,1000000,1250000
2019-02-01 13:27:10.097000,1.08923,1.0892,5700000,1250000
2019-02-01 13:27:10.322000,1.08922,1.08919,1000000,2500000
2019-02-01 13:27:10.425000,1.08923,1.08919,8700000,2500000
2019-02-01 13:27:11.977000,1.08922,1.08919,1000000,1750000
2019-02-01 13:27:15.858000,1.08921,1.08919,1000000,1250000
2019-02-01 13:27:16.128000,1.08922,1.08918,2440000,5500000
2019-02-01 13:27:16.179000,1.08922,1.08919,2620000,1250000
2019-02-01 13:27:16.513000,1.08921,1.08918,2620000,3190000
2019-02-01 13:27:16.880000,1.0892,1.08917,1000000,5500000
2019-02-01 13:27:16.982000,1.0892,1.08917,1690000,5250000
2019-02-01 13:27:17.480000,1.08919,1.08917,1000000,1870000
2019-02-01 13:27:17.583000,1.08919,1.08915,3000000,1500000
2019-02-01 13:27:17.737000,1.08918,1.08915,1000000,1000000
2019-02-01 13:27:18.212000,1.08917,1.08915,1000000,2250000
2019-02-01 13:27:19.181000,1.08917,1.08914,1500000,1690000
2019-02-01 13:27:19.447000,1.08916,1.08913,1000000,2250000
2019-02-01 13:27:19.549000,1.08916,1.08912,3000000,3750000
2019-02-01 13:27:19.798000,1.08915,1.08912,1250000,2250000
2019-02-01 13:27:19.901000,1.08912,1.08909,3940000,1000000
2019-02-01 13:27:20.005000,1.08911,1.08907,5320000,1000000
2019-02-01 13:27:20.109000,1.0891,1.08906,3190000,3190000
2019-02-01 13:27:20.213000,1.08909,1.08906,1000000,3560000
2019-02-01 13:27:21.154000,1.08908,1.08905,2250000,4000000
2019-02-01 13:27:21.409000,1.08909,1.08905,5700000,4370000
2019-02-01 13:27:22.065000,1.08909,1.08905,4500000,4120000
2019-02-01 13:27:22.167000,1.08909,1.08906,4500000,1000000
2019-02-01 13:27:22.269000,1.08909,1.08905,3070000,3750000
2019-02-01 13:27:23.221000,1.08908,1.08905,1500000,1000000
2019-02-01 13:27:23.323000,1.08909,1.08906,3750000,1000000
2019-02-01 13:27:23.476000,1.08909,1.08905,3750000,2810000
2019-02-01 13:27:24.217000,1.08909,1.08906,4500000,1000000
2019-02-01 13:27:28.323000,1.08908,1.08905,3000000,3190000
2019-02-01 13:27:28.425000,1.08908,1.08905,5250000,1250000
2019-02-01 13:27:29.350000,1.08907,1.08905,2250000,2500000
2019-02-01 13:27:30.078000,1.08908,1.08905,2250000,4000000
2019-02-01 13:27:30.451000,1.08909,1.08905,7390000,4750000
2019-02-01 13:27:34.996000,1.0891,1.08909,1200000,1500000
2019-02-01 13:27:35.100000,1.08912,1.0891,1000000,2060000
2019-02-01 13:27:35.203000,1.08914,1.0891,6500000,2870000
2019-02-01 13:27:35.315000,1.08913,1.0891,2140000,2440000
2019-02-01 13:27:35.417000,1.08912,1.0891,1500000,1250000
2019-02-01 13:27:35.520000,1.08912,1.08909,1500000,3250000
2019-02-01 13:27:38.585000,1.08913,1.0891,5700000,2060000
2019-02-01 13:27:38.688000,1.08913,1.08911,2250000,1000000
2019-02-01 13:27:39.707000,1.08914,1.08911,4120000,1250000
2019-02-01 13:27:44.905000,1.08914,1.08911,4120000,1750000
2019-02-01 13:27:45.007000,1.08913,1.08911,1000000,1250000
2019-02-01 13:27:45.261000,1.08913,1.0891,2250000,1250000
2019-02-01 13:27:45.445000,1.08912,1.0891,1000000,1250000
2019-02-01 13:27:45.996000,1.08912,1.08909,3000000,2060000
2019-02-01 13:27:46.208000,1.0891,1.08908,1000000,1000000
2019-02-01 13:27:46.516000,1.0891,1.08907,3750000,1500000
2019-02-01 13:27:48.568000,1.08911,1.0891,3820000,1000000
2019-02-01 13:27:48.675000,1.08911,1.08909,1000000,1250000
2019-02-01 13:27:48.829000,1.08913,1.08909,7310000,1690000
2019-02-01 13:27:48.931000,1.08913,1.08909,7120000,2500000
2019-02-01 13:27:53.525000,1.08911,1.08908,1000000,5440000
2019-02-01 13:27:53.782000,1.0891,1.08908,1000000,3750000
2019-02-01 13:27:54.746000,1.0891,1.08907,1000000,6190000
2019-02-01 13:27:55.452000,1.08911,1.08907,1690000,6190000
2019-02-01 13:27:55.873000,1.08911,1.08908,1690000,1000000
2019-02-01 13:27:58.152000,1.08911,1.08907,1690000,6190000
2019-02-01 13:28:00.115000,1.0891,1.08907,1000000,1690000
2019-02-01 13:28:00.423000,1.08911,1.08908,3190000,1000000
2019-02-01 13:28:05.026000,1.08912,1.0891,3750000,1250000
2019-02-01 13:28:05.077000,1.08915,1.08913,4870000,1250000
2019-02-01 13:28:05.188000,1.08915,1.08913,2320000,1500000
2019-02-01 13:28:05.239000,1.08917,1.08915,1950000,1000000
2019-02-01 13:28:05.342000,1.08918,1.08915,3750000,1000000
2019-02-01 13:28:05.444000,1.08917,1.08914,1000000,1250000
2019-02-01 13:28:05.570000,1.08917,1.08915,1000000,1250000
2019-02-01 13:28:05.622000,1.08919,1.08917,1000000,1000000
2019-02-01 13:28:05.725000,1.08918,1.08915,1000000,1690000
2019-02-01 13:28:06.136000,1.08918,1.08914,3070000,1690000
2019-02-01 13:28:08.765000,1.08918,1.08914,3450000,1750000
2019-02-01 13:28:10.701000,1.08919,1.08917,1000000,1690000
2019-02-01 13:28:11.223000,1.0892,1.08917,2250000,1690000
2019-02-01 13:28:11.407000,1.08919,1.08917,1000000,1690000
2019-02-01 13:28:11.509000,1.0892,1.08917,1500000,1690000
2019-02-01 13:28:15.545000,1.0892,1.08918,1000000,1250000
2019-02-01 13:28:15.694000,1.0892,1.08917,1500000,1500000
2019-02-01 13:28:17.952000,1.08919,1.08917,1000000,1500000
2019-02-01 13:28:18.232000,1.08919,1.08918,1000000,1250000
2019-02-01 13:28:18.385000,1.08919,1.08917,1000000,2440000
2019-02-01 13:28:18.735000,1.08919,1.08918,1000000,1250000
2019-02-01 13:28:18.888000,1.08919,1.08917,1000000,2440000
2019-02-01 13:28:18.989000,1.0892,1.08917,1500000,2440000
2019-02-01 13:28:19.205000,1.08919,1.08917,1000000,2500000
2019-02-01 13:28:19.358000,1.08919,1.08917,1000000,2440000
2019-02-01 13:28:19.460000,1.0892,1.08917,1500000,2440000
2019-02-01 13:28:24.879000,1.08921,1.08917,2250000,1690000
2019-02-01 13:28:24.982000,1.0892,1.08917,2250000,1000000
2019-02-01 13:28:25.907000,1.08919,1.08917,1000000,1690000
2019-02-01 13:28:26.761000,1.0892,1.08917,1500000,1250000
2019-02-01 13:28:28.138000,1.08919,1.08917,1000000,1250000
2019-02-01 13:28:28.441000,1.08919,1.08916,1000000,1690000
2019-02-01 13:28:28.544000,1.0892,1.08917,3000000,4750000
2019-02-01 13:28:28.646000,1.08919,1.08917,1000000,4750000
2019-02-01 13:28:28.749000,1.0892,1.08917,3750000,4750000
2019-02-01 13:28:29.191000,1.0892,1.08919,1000000,1000000
2019-02-01 13:28:29.294000,1.08921,1.08919,1000000,1000000
2019-02-01 13:28:29.396000,1.08921,1.08918,1000000,1690000
2019-02-01 13:28:29.732000,1.08921,1.08919,1000000,1000000
2019-02-01 13:28:29.887000,1.08921,1.08918,1000000,2440000
2019-02-01 13:28:30.086000,1.08922,1.08918,1500000,2440000
2019-02-01 13:28:30.188000,1.08921,1.08918,1000000,2440000
2019-02-01 13:28:30.342000,1.08923,1.0892,3750000,1690000
2019-02-01 13:28:30.444000,1.08922,1.0892,1000000,1690000
2019-02-01 13:28:31.666000,1.08922,1.08919,1500000,1690000
2019-02-01 13:28:31.769000,1.08925,1.08921,1000000,4000000
2019-02-01 13:28:31.881000,1.08926,1.08923,3000000,1690000
2019-02-01 13:28:31.984000,1.08925,1.08923,2250000,1000000
2019-02-01 13:28:32.086000,1.08925,1.08922,1500000,1250000
2019-02-01 13:28:32.239000,1.08926,1.08923,3750000,1250000
2019-02-01 13:28:32.929000,1.08925,1.08922,1000000,1250000
2019-02-01 13:28:33.032000,1.08926,1.08922,2440000,1250000
2019-02-01 13:28:33.381000,1.08925,1.08921,1000000,1690000
2019-02-01 13:28:38.391000,1.08924,1.0892,1500000,2500000
2019-02-01 13:28:39.216000,1.08924,1.0892,1500000,1690000
2019-02-01 13:28:39.718000,1.08924,1.08921,1000000,1250000
2019-02-01 13:28:42.373000,1.08925,1.0892,1870000,2500000
2019-02-01 13:28:42.475000,1.08924,1.0892,1000000,2500000
2019-02-01 13:28:42.667000,1.08925,1.0892,2620000,2500000
2019-02-01 13:28:42.871000,1.08924,1.0892,2250000,2500000
2019-02-01 13:28:42.973000,1.08922,1.08919,2250000,1250000
2019-02-01 13:28:43.555000,1.08921,1.08918,1000000,1250000
2019-02-01 13:28:45.119000,1.0892,1.08917,1000000,6470000
2019-02-01 13:28:45.221000,1.08921,1.08918,1500000,1690000
2019-02-01 13:28:48.861000,1.08921,1.08919,1000000,1250000
2019-02-01 13:28:50.603000,1.08922,1.08918,4120000,1750000
2019-02-01 13:28:50.763000,1.08921,1.08918,1000000,1750000
2019-02-01 13:28:52.986000,1.08922,1.08919,3000000,1750000
2019-02-01 13:28:53.135000,1.08922,1.08919,2250000,2500000
2019-02-01 13:28:53.289000,1.08922,1.08919,2250000,1250000
2019-02-01 13:28:53.441000,1.08922,1.08919,3000000,1750000
2019-02-01 13:28:54.211000,1.08922,1.08919,3750000,1250000
2019-02-01 13:28:57.692000,1.08921,1.08918,1000000,2500000
2019-02-01 13:28:58.442000,1.08921,1.08917,1500000,6100000
2019-02-01 13:28:58.782000,1.08921,1.08919,1000000,1000000
2019-02-01 13:28:58.884000,1.08921,1.08918,1000000,2440000
2019-02-01 13:29:01.860000,1.08919,1.08918,1000000,1250000
2019-02-01 13:29:02.065000,1.08919,1.08917,1000000,4540000
2019-02-01 13:29:02.167000,1.08921,1.08917,3040000,4540000
2019-02-01 13:29:02.335000,1.08919,1.08917,1120000,3600000
2019-02-01 13:29:02.386000,1.08919,1.08914,1870000,2620000
2019-02-01 13:29:02.489000,1.08918,1.08914,1870000,2960000
2019-02-01 13:29:02.591000,1.08917,1.08912,2250000,2870000
2019-02-01 13:29:02.802000,1.08917,1.08912,1000000,1370000
2019-02-01 13:29:04.821000,1.08917,1.08913,3370000,1250000
2019-02-01 13:29:04.959000,1.08917,1.08912,4120000,1690000
2019-02-01 13:29:06.553000,1.08916,1.08912,1000000,1250000
2019-02-01 13:29:06.657000,1.08915,1.08911,1000000,3770000
2019-02-01 13:29:07.587000,1.08916,1.08911,3000000,4520000
2019-02-01 13:29:09.341000,1.08916,1.08913,2250000,1000000
2019-02-01 13:29:09.568000,1.08916,1.08912,2250000,1690000
2019-02-01 13:29:10.311000,1.08915,1.08912,1000000,1690000
2019-02-01 13:29:11.350000,1.08915,1.08913,1000000,1000000
2019-02-01 13:29:11.608000,1.08915,1.08912,2250000,1000000
2019-02-01 13:29:12.661000,1.08913,1.08911,1000000,4270000
2019-02-01 13:29:12.917000,1.08913,1.08912,1000000,1000000
2019-02-01 13:29:13.129000,1.0891,1.08909,2250000,1200000
2019-02-01 13:29:13.180000,1.0891,1.08907,2250000,1000000
2019-02-01 13:29:13.537000,1.0891,1.08906,2250000,1870000
2019-02-01 13:29:13.689000,1.08909,1.08905,1000000,1500000
2019-02-01 13:29:14.229000,1.08907,1.08904,1000000,1000000
2019-02-01 13:29:14.443000,1.08906,1.08903,1250000,1950000
2019-02-01 13:29:14.494000,1.08906,1.089,1750000,3820000
2019-02-01 13:29:14.655000,1.08905,1.08899,1250000,3000000
2019-02-01 13:29:14.757000,1.08907,1.08902,1100000,1690000
2019-02-01 13:29:14.860000,1.08907,1.08904,1500000,2440000
2019-02-01 13:29:14.911000,1.08909,1.08904,2250000,2440000
2019-02-01 13:29:15.175000,1.08908,1.08904,1000000,1500000
2019-02-01 13:29:15.906000,1.0891,1.08904,5420000,1500000
2019-02-01 13:29:16.288000,1.08908,1.08904,1000000,1500000
2019-02-01 13:29:16.390000,1.0891,1.08904,4910000,1000000
2019-02-01 13:29:17.282000,1.08908,1.08903,1120000,1200000
2019-02-01 13:29:17.385000,1.08906,1.089,1690000,2070000
2019-02-01 13:29:17.489000,1.08907,1.08904,1000000,1000000
2019-02-01 13:29:17.611000,1.08908,1.08904,1000000,1000000
2019-02-01 13:29:18.153000,1.0891,1.08904,1950000,1000000
2019-02-01 13:29:18.655000,1.0891,1.08904,2800000,1000000
2019-02-01 13:29:18.757000,1.08908,1.08904,1000000,1000000
2019-02-01 13:29:19.820000,1.08909,1.08904,1000000,2620000
2019-02-01 13:29:22.226000,1.08909,1.08905,1000000,1000000
2019-02-01 13:29:22.430000,1.08909,1.08904,1000000,2250000
2019-02-01 13:29:24.181000,1.08908,1.08903,1120000,2890000
2019-02-01 13:29:24.233000,1.08908,1.08901,2060000,1500000
2019-02-01 13:29:24.336000,1.08908,1.08902,3560000,1500000
2019-02-01 13:29:24.491000,1.08908,1.08901,3470000,1500000
2019-02-01 13:29:24.543000,1.08906,1.08901,3470000,1500000
2019-02-01 13:29:24.751000,1.08906,1.08901,3040000,1000000
2019-02-01 13:29:24.853000,1.08901,1.08899,1250000,1500000
2019-02-01 13:29:24.905000,1.08899,1.08896,1000000,2720000
2019-02-01 13:29:24.956000,1.08899,1.08895,1000000,2250000
2019-02-01 13:29:25.101000,1.08898,1.08895,1000000,3120000
2019-02-01 13:29:25.203000,1.08898,1.08894,1000000,4440000
2019-02-01 13:29:25.449000,1.089,1.08895,1000000,5620000
2019-02-01 13:29:25.676000,1.089,1.08896,1250000,1500000
2019-02-01 13:29:25.781000,1.08901,1.08897,1500000,1000000
2019-02-01 13:29:26.010000,1.08899,1.08897,2250000,1120000
2019-02-01 13:29:26.062000,1.08901,1.08896,3190000,2250000
2019-02-01 13:29:26.114000,1.08899,1.08896,1000000,1000000
2019-02-01 13:29:26.267000,1.08899,1.08895,1000000,3000000
2019-02-01 13:29:26.477000,1.08898,1.08895,1000000,2250000
2019-02-01 13:29:27.528000,1.08899,1.08895,2250000,1000000
2019-02-01 13:29:27.969000,1.08899,1.08896,2250000,1000000
2019-02-01 13:29:28.071000,1.08899,1.08897,2250000,1000000
2019-02-01 13:29:28.173000,1.08899,1.08896,2250000,1000000
2019-02-01 13:29:28.302000,1.08899,1.08895,2250000,1500000
2019-02-01 13:29:28.557000,1.08901,1.08896,1500000,1690000
2019-02-01 13:29:28.609000,1.08901,1.08898,1120000,1000000
2019-02-01 13:29:28.661000,1.08904,1.08899,1500000,1000000
2019-02-01 13:29:29.297000,1.08904,1.08899,1250000,1000000
2019-02-01 13:29:29.399000,1.08904,1.08898,1250000,1500000
2019-02-01 13:29:29.501000,1.08904,1.08898,1250000,1500000
2019-02-01 13:29:30.111000,1.08903,1.08896,1870000,3000000
2019-02-01 13:29:30.264000,1.08902,1.08899,1000000,1000000
2019-02-01 13:29:30.321000,1.08906,1.08899,3970000,1000000
2019-02-01 13:29:30.577000,1.08906,1.08896,3100000,1120000
2019-02-01 13:29:30.722000,1.08902,1.08895,1250000,3820000
2019-02-01 13:29:30.824000,1.08906,1.08897,6470000,1000000
2019-02-01 13:29:30.926000,1.08906,1.08897,1970000,1000000
2019-02-01 13:29:31.028000,1.08906,1.08896,1970000,3410000
2019-02-01 13:29:31.196000,1.08906,1.08896,1720000,3220000
2019-02-01 13:29:31.247000,1.08906,1.08898,1000000,1000000
2019-02-01 13:29:31.350000,1.08902,1.08899,1000000,1000000
2019-02-01 13:29:31.452000,1.08907,1.08897,3220000,1120000
2019-02-01 13:29:31.554000,1.08907,1.08897,3420000,1870000
2019-02-01 13:29:31.684000,1.08907,1.08902,2100000,1000000
2019-02-01 13:29:31.735000,1.08911,1.08899,1870000,5220000
2019-02-01 13:29:31.837000,1.08911,1.08901,1120000,1000000
2019-02-01 13:29:31.888000,1.08909,1.08901,1000000,1500000
2019-02-01 13:29:31.990000,1.08908,1.08901,1000000,1500000
2019-02-01 13:29:32.232000,1.08908,1.08902,1000000,1000000
2019-02-01 13:29:32.334000,1.08912,1.08906,1000000,1000000
2019-02-01 13:29:32.438000,1.08913,1.08906,1000000,1000000
2019-02-01 13:29:32.643000,1.08913,1.08907,1000000,1000000
2019-02-01 13:29:32.802000,1.08913,1.08906,1000000,1000000
2019-02-01 13:29:32.904000,1.08916,1.08908,1100000,1000000
2019-02-01 13:29:33.006000,1.08914,1.08908,2100000,1000000
2019-02-01 13:29:33.057000,1.08914,1.08906,2100000,1500000
2019-02-01 13:29:33.308000,1.08916,1.08906,3370000,1870000
2019-02-01 13:29:33.412000,1.08916,1.08906,1720000,1120000
2019-02-01 13:29:35.537000,1.08916,1.08905,1400000,2250000
2019-02-01 13:29:37.494000,1.08916,1.08905,1000000,1500000
2019-02-01 13:29:37.676000,1.08916,1.08905,1800000,1500000
2019-02-01 13:29:37.880000,1.08916,1.08906,1500000,1000000
2019-02-01 13:29:37.982000,1.08917,1.08906,2100000,1000000
2019-02-01 13:29:38.084000,1.08915,1.08906,2100000,1000000
2019-02-01 13:29:38.231000,1.08914,1.08906,2100000,1000000
2019-02-01 13:29:38.384000,1.08916,1.08906,1100000,1000000
2019-02-01 13:29:38.536000,1.08917,1.08906,4270000,1000000
2019-02-01 13:29:38.862000,1.08916,1.08906,1000000,1000000
2019-02-01 13:29:38.973000,1.08915,1.08906,1200000,1000000
2019-02-01 13:29:39.076000,1.08914,1.08907,2100000,1000000
2019-02-01 13:29:39.382000,1.08915,1.08907,1200000,1000000
2019-02-01 13:29:39.489000,1.08915,1.08906,1200000,1000000
2019-02-01 13:29:39.591000,1.08914,1.08906,2100000,1500000
2019-02-01 13:29:39.693000,1.08915,1.08906,2550000,1000000
2019-02-01 13:29:41.140000,1.08916,1.08905,1400000,1500000
2019-02-01 13:29:41.255000,1.08915,1.08902,1500000,2100000
2019-02-01 13:29:41.306000,1.08915,1.08905,2250000,1000000
2019-02-01 13:29:41.524000,1.08914,1.08904,2250000,1500000
2019-02-01 13:29:41.626000,1.08913,1.08904,1000000,1500000
2019-02-01 13:29:41.817000,1.08912,1.08905,1000000,1000000
2019-02-01 13:29:42.124000,1.08915,1.08906,1000000,1000000
2019-02-01 13:29:42.176000,1.08916,1.08904,1000000,1120000
2019-02-01 13:29:42.228000,1.0892,1.08904,1800000,1500000
2019-02-01 13:29:42.349000,1.0892,1.08904,1350000,1500000
2019-02-01 13:29:42.452000,1.08915,1.08904,1000000,1870000
2019-02-01 13:29:43.427000,1.08913,1.08904,1000000,1000000
2019-02-01 13:29:43.530000,1.08913,1.08903,1000000,3370000
2019-02-01 13:29:43.645000,1.08913,1.08906,1000000,1000000
2019-02-01 13:29:43.747000,1.08913,1.08905,1000000,1500000
2019-02-01 13:29:43.849000,1.08913,1.08904,1000000,2440000
2019-02-01 13:29:44.505000,1.08909,1.08904,1000000,1000000
2019-02-01 13:29:44.658000,1.08909,1.08903,1000000,2620000
2019-02-01 13:29:44.760000,1.0891,1.08903,1500000,2620000
2019-02-01 13:29:45.147000,1.0891,1.08904,1000000,2250000
2019-02-01 13:29:45.717000,1.0891,1.08906,1000000,1000000
2019-02-01 13:29:46.363000,1.08911,1.08906,1000000,1000000
2019-02-01 13:29:46.466000,1.08914,1.08907,1000000,1000000
2019-02-01 13:29:46.749000,1.08914,1.08905,1120000,1000000
2019-02-01 13:29:46.802000,1.0891,1.08905,1000000,1000000
2019-02-01 13:29:46.904000,1.08914,1.08905,1000000,1000000
2019-02-01 13:29:47.006000,1.08915,1.08905,1500000,1000000
2019-02-01 13:29:47.613000,1.08915,1.08907,1500000,1000000
2019-02-01 13:29:47.715000,1.0892,1.08909,1120000,1000000
2019-02-01 13:29:47.817000,1.08921,1.08909,1950000,1000000
2019-02-01 13:29:48.173000,1.08915,1.08907,1500000,1000000
2019-02-01 13:29:48.276000,1.0891,1.08904,1000000,1500000
2019-02-01 13:29:48.379000,1.08911,1.08904,1000000,1500000
2019-02-01 13:29:48.485000,1.08911,1.08904,3420000,1000000
2019-02-01 13:29:48.536000,1.08911,1.08904,1000000,1000000
2019-02-01 13:29:48.689000,1.0891,1.08904,1000000,1000000
2019-02-01 13:29:48.791000,1.0891,1.08905,1000000,1000000
2019-02-01 13:29:48.944000,1.08908,1.08903,1000000,1000000
2019-02-01 13:29:49.148000,1.08907,1.08902,1000000,1000000
2019-02-01 13:29:49.300000,1.08908,1.08902,1000000,1000000
2019-02-01 13:29:49.449000,1.08908,1.089,1000000,1000000
2019-02-01 13:29:49.660000,1.08907,1.089,1000000,1000000
2019-02-01 13:29:49.865000,1.08909,1.08903,3000000,1500000
2019-02-01 13:29:49.999000,1.08915,1.08903,1870000,1000000
2019-02-01 13:29:50.050000,1.08915,1.08901,1870000,1000000
2019-02-01 13:29:50.153000,1.08911,1.08899,1250000,1000000
2019-02-01 13:29:50.317000,1.08914,1.08899,1000000,1000000
2019-02-01 13:29:50.369000,1.08909,1.08899,1000000,1000000
2019-02-01 13:29:50.420000,1.08915,1.08899,1120000,1000000
2019-02-01 13:29:51.041000,1.08911,1.08898,1500000,1000000
2019-02-01 13:29:51.193000,1.0891,1.08898,1000000,1000000
2019-02-01 13:29:51.759000,1.08913,1.08898,1800000,1000000
2019-02-01 13:29:51.810000,1.08913,1.08898,1000000,1000000
2019-02-01 13:29:52.374000,1.08913,1.08897,1720000,1870000
2019-02-01 13:29:52.793000,1.08913,1.08896,2250000,1120000
2019-02-01 13:29:53.417000,1.08906,1.08896,1000000,1120000
2019-02-01 13:29:53.468000,1.08909,1.08894,1950000,1100000
2019-02-01 13:29:53.775000,1.08909,1.08893,1700000,1600000
2019-02-01 13:29:53.826000,1.08907,1.08894,1000000,1600000
2019-02-01 13:29:54.304000,1.08909,1.08894,1050000,1600000
2019-02-01 13:29:54.906000,1.0891,1.08894,1270000,1600000
2019-02-01 13:29:55.204000,1.08911,1.08894,2200000,1000000
2019-02-01 13:29:55.308000,1.08911,1.08894,1000000,1000000
2019-02-01 13:29:55.462000,1.0891,1.08894,1000000,1000000
2019-02-01 13:29:55.995000,1.08907,1.08894,1290000,1500000
2019-02-01 13:29:56.098000,1.08909,1.08897,1840000,1120000
2019-02-01 13:29:56.315000,1.08907,1.08897,1290000,1120000
2019-02-01 13:29:56.475000,1.08907,1.08897,1840000,1120000
2019-02-01 13:29:57.572000,1.08909,1.08897,1870000,1120000
2019-02-01 13:29:57.870000,1.08908,1.08897,1000000,1120000
2019-02-01 13:29:57.972000,1.08909,1.08888,1870000,1750000
2019-02-01 13:29:58.075000,1.08909,1.08893,1120000,1000000
2019-02-01 13:29:58.234000,1.08912,1.08897,1500000,1000000
2019-02-01 13:29:58.561000,1.08912,1.08895,1500000,1000000
2019-02-01 13:29:58.612000,1.08914,1.08894,1500000,1000000
2019-02-01 13:29:58.664000,1.08914,1.08897,1500000,1120000
2019-02-01 13:29:58.780000,1.08917,1.089,1000000,1100000
2019-02-01 13:29:58.883000,1.08916,1.089,1000000,1100000
2019-02-01 13:29:58.985000,1.08915,1.08899,1000000,1100000
2019-02-01 13:29:59.138000,1.08916,1.08901,1000000,1100000
2019-02-01 13:29:59.563000,1.08917,1.08903,1000000,1120000
2019-02-01 13:29:59.614000,1.0892,1.08901,1000000,1120000
2019-02-01 13:29:59.795000,1.0892,1.08905,1000000,1000000
2019-02-01 13:29:59.847000,1.08926,1.08905,1000000,1000000
2019-02-01 13:29:59.950000,1.08926,1.08906,1000000,1000000
2019-02-01 13:30:00.658000,1.08925,1.08906,1000000,1500000
2019-02-01 13:30:00.711000,1.08918,1.08906,1000000,1500000
2019-02-01 13:30:00.813000,1.08913,1.08904,1000000,1000000
2019-02-01 13:30:00.912000,1.08915,1.08901,2320000,4120000
2019-02-01 13:30:00.963000,1.09002,1.08993,190000,750000
2019-02-01 13:30:01.014000,1.09032,1.0902,1000000,1000000
2019-02-01 13:30:01.065000,1.0906,1.09036,1500000,1250000
2019-02-01 13:30:01.143000,1.09054,1.09037,1000000,370000
2019-02-01 13:30:01.255000,1.09003,1.08986,3990000,1000000
2019-02-01 13:30:01.307000,1.08997,1.08981,1000000,1200000
2019-02-01 13:30:01.426000,1.08992,1.08968,1000000,1200000
2019-02-01 13:30:01.477000,1.08989,1.08968,1000000,1200000
2019-02-01 13:30:01.636000,1.09007,1.08989,2750000,750000
2019-02-01 13:30:01.688000,1.0906,1.09037,1000000,1000000
2019-02-01 13:30:01.739000,1.09008,1.08997,1600000,1500000
2019-02-01 13:30:01.841000,1.09012,1.08997,1000000,1500000
2019-02-01 13:30:01.953000,1.09059,1.09054,1000000,1500000
2019-02-01 13:30:02.007000,1.09063,1.09057,1000000,1000000
2019-02-01 13:30:02.058000,1.0906,1.09054,1000000,1000000
2019-02-01 13:30:02.207000,1.09059,1.09054,1000000,1000000
2019-02-01 13:30:02.258000,1.09065,1.09054,1000000,1000000
2019-02-01 13:30:02.361000,1.09055,1.09046,1500000,1000000
2019-02-01 13:30:02.468000,1.09035,1.09027,1000000,1000000
2019-02-01 13:30:02.519000,1.09053,1.0904,1000000,1000000
2019-02-01 13:30:02.570000,1.0908,1.09055,1250000,750000
2019-02-01 13:30:02.621000,1.09083,1.09058,1250000,750000
2019-02-01 13:30:02.672000,1.09062,1.09049,1000000,1000000
2019-02-01 13:30:02.736000,1.09051,1.09043,750000,12000000
2019-02-01 13:30:02.787000,1.09058,1.09048,1000000,1500000
2019-02-01 13:30:02.888000,1.09072,1.09048,1680000,1000000
2019-02-01 13:30:02.942000,1.09062,1.09051,1000000,1500000
2019-02-01 13:30:03.074000,1.09053,1.0904,1500000,2000000
2019-02-01 13:30:03.126000,1.09072,1.09067,1500000,1000000
2019-02-01 13:30:03.178000,1.09063,1.09045,1000000,2000000
2019-02-01 13:30:03.230000,1.09062,1.09056,2250000,1000000
2019-02-01 13:30:03.333000,1.09051,1.09049,1500000,2250000
2019-02-01 13:30:03.429000,1.09058,1.09042,1000000,2350000
2019-02-01 13:30:03.481000,1.09073,1.09062,1000000,1000000
2019-02-01 13:30:03.583000,1.09078,1.09066,1000000,2250000
2019-02-01 13:30:03.634000,1.09078,1.09072,1000000,1000000
2019-02-01 13:30:03.779000,1.09079,1.0907,2250000,1000000
2019-02-01 13:30:03.832000,1.09079,1.09073,1500000,1000000
2019-02-01 13:30:03.935000,1.0908,1.09074,1870000,1000000
2019-02-01 13:30:03.986000,1.09084,1.09076,1000000,1000000
2019-02-01 13:30:04.137000,1.09084,1.09078,1000000,1000000
2019-02-01 13:30:04.188000,1.09084,1.09071,1500000,1250000
2019-02-01 13:30:04.425000,1.09084,1.09074,1000000,1750000
2019-02-01 13:30:04.527000,1.09097,1.0908,1700000,1250000
2019-02-01 13:30:04.578000,1.0909,1.09082,1000000,1370000
2019-02-01 13:30:04.629000,1.0909,1.09082,1000000,1870000
2019-02-01 13:30:04.680000,1.09092,1.09088,1000000,1000000
2019-02-01 13:30:04.782000,1.09091,1.09075,1500000,1250000
2019-02-01 13:30:04.834000,1.09086,1.09076,1500000,1250000
2019-02-01 13:30:04.886000,1.0908,1.09069,1200000,1250000
2019-02-01 13:30:04.937000,1.09082,1.09073,1200000,1750000
2019-02-01 13:30:04.989000,1.09086,1.09076,1000000,1250000
2019-02-01 13:30:05.091000,1.09083,1.09075,1000000,1250000
2019-02-01 13:30:05.193000,1.09082,1.09075,1000000,1250000
2019-02-01 13:30:05.341000,1.09083,1.09077,1890000,1000000
2019-02-01 13:30:05.443000,1.09083,1.09076,1000000,1250000
2019-02-01 13:30:05.645000,1.091,1.09087,1600000,1250000
2019-02-01 13:30:05.696000,1.09099,1.09083,1000000,1750000
2019-02-01 13:30:05.747000,1.09089,1.09078,1250000,1500000
2019-02-01 13:30:05.799000,1.09082,1.09071,1000000,2650000
2019-02-01 13:30:05.850000,1.09082,1.09071,1000000,2650000
2019-02-01 13:30:05.999000,1.09082,1.09071,1000000,1250000
2019-02-01 13:30:06.101000,1.09082,1.09069,1500000,1250000
2019-02-01 13:30:06.203000,1.09083,1.0907,1000000,1250000
2019-02-01 13:30:06.275000,1.09089,1.09081,3370000,1000000
2019-02-01 13:30:06.326000,1.0909,1.09081,1750000,1000000
2019-02-01 13:30:06.377000,1.09089,1.09071,3000000,1370000
2019-02-01 13:30:06.478000,1.0909,1.09071,1750000,1370000
2019-02-01 13:30:06.529000,1.09087,1.09072,1050000,1000000
2019-02-01 13:30:06.688000,1.09084,1.09075,1000000,1000000
2019-02-01 13:30:06.792000,1.09086,1.09075,1000000,1000000
2019-02-01 13:30:06.842000,1.09086,1.09075,1250000,1000000
2019-02-01 13:30:06.893000,1.09084,1.0907,1000000,1750000
2019-02-01 13:30:07.058000,1.09086,1.09072,1390000,1250000
2019-02-01 13:30:07.161000,1.09079,1.09073,1000000,1000000
2019-02-01 13:30:07.263000,1.09078,1.09072,1000000,1000000
2019-02-01 13:30:07.368000,1.09078,1.09072,1000000,4000000
2019-02-01 13:30:07.420000,1.09083,1.09072,1250000,2500000
2019-02-01 13:30:07.471000,1.09079,1.09072,1000000,1250000
2019-02-01 13:30:07.572000,1.09079,1.09071,1000000,1000000
2019-02-01 13:30:07.623000,1.0908,1.09074,1000000,1310000
2019-02-01 13:30:07.737000,1.09083,1.09079,3940000,1000000
2019-02-01 13:30:07.788000,1.09088,1.09076,1250000,1250000
2019-02-01 13:30:07.840000,1.09084,1.09074,1250000,1000000
2019-02-01 13:30:07.942000,1.09081,1.09077,1000000,1250000
2019-02-01 13:30:07.993000,1.09091,1.09077,1970000,1250000
2019-02-01 13:30:08.099000,1.0909,1.09074,2120000,2250000
2019-02-01 13:30:08.150000,1.09079,1.09074,1250000,1000000
2019-02-01 13:30:08.252000,1.09078,1.09074,1000000,1000000
2019-02-01 13:30:08.513000,1.09068,1.09059,1500000,2620000
2019-02-01 13:30:08.564000,1.09068,1.09058,1250000,3750000
2019-02-01 13:30:08.666000,1.09061,1.09057,1000000,1000000
2019-02-01 13:30:08.770000,1.09061,1.09055,1000000,1000000
2019-02-01 13:30:08.833000,1.09067,1.09055,1690000,1000000
2019-02-01 13:30:08.885000,1.09055,1.09048,1000000,1870000
2019-02-01 13:30:08.989000,1.09055,1.09047,1000000,1250000
2019-02-01 13:30:09.090000,1.09052,1.09044,1600000,1000000
2019-02-01 13:30:09.192000,1.09055,1.09044,1000000,1250000
2019-02-01 13:30:09.275000,1.09058,1.09046,1000000,1500000
2019-02-01 13:30:09.326000,1.09058,1.09043,1250000,1750000
2019-02-01 13:30:09.378000,1.09058,1.09043,1000000,1250000
2019-02-01 13:30:09.431000,1.09056,1.09042,1690000,1500000
2019-02-01 13:30:09.482000,1.0905,1.09039,1000000,2500000
2019-02-01 13:30:09.584000,1.09049,1.09038,1000000,2500000
2019-02-01 13:30:09.693000,1.09057,1.09052,2250000,1000000
2019-02-01 13:30:09.744000,1.09061,1.09048,1250000,1100000
2019-02-01 13:30:09.796000,1.09062,1.09048,1250000,1100000
2019-02-01 13:30:09.847000,1.09052,1.09045,1000000,1000000
2019-02-01 13:30:10.001000,1.09052,1.09042,1000000,1750000
2019-02-01 13:30:10.122000,1.09052,1.09042,1850000,1810000
2019-02-01 13:30:10.173000,1.0905,1.09041,1250000,1000000
2019-02-01 13:30:10.224000,1.09048,1.09041,1000000,1000000
2019-02-01 13:30:10.330000,1.09049,1.0904,1000000,1250000
2019-02-01 13:30:10.482000,1.09049,1.09042,1000000,1750000
2019-02-01 13:30:10.635000,1.09053,1.09047,2370000,1000000
2019-02-01 13:30:10.736000,1.09053,1.09047,1000000,1000000
2019-02-01 13:30:10.888000,1.09054,1.09047,1000000,1250000
2019-02-01 13:30:10.990000,1.09054,1.09048,1000000,1750000
2019-02-01 13:30:11.041000,1.09055,1.09048,1030000,1250000
2019-02-01 13:30:11.145000,1.09055,1.09047,1250000,1500000
2019-02-01 13:30:11.197000,1.09055,1.09046,1250000,2170000
2019-02-01 13:30:11.345000,1.09056,1.09045,1970000,1750000
2019-02-01 13:30:11.396000,1.09055,1.09045,1250000,1000000
2019-02-01 13:30:11.500000,1.09055,1.09045,1250000,1000000
2019-02-01 13:30:11.602000,1.09055,1.09046,1250000,1120000
2019-02-01 13:30:11.654000,1.09056,1.09046,1250000,1500000
2019-02-01 13:30:11.762000,1.09055,1.09045,1250000,1000000
2019-02-01 13:30:11.864000,1.0905,1.09044,1370000,1500000
2019-02-01 13:30:11.915000,1.0905,1.09044,1310000,1500000
2019-02-01 13:30:11.966000,1.09048,1.09038,1310000,1250000
2019-02-01 13:30:12.068000,1.09047,1.09037,1250000,1250000
2019-02-01 13:30:12.437000,1.09048,1.09035,1370000,3060000
2019-02-01 13:30:12.540000,1.09048,1.09036,2060000,2440000
2019-02-01 13:30:12.641000,1.09051,1.09038,1250000,1250000
2019-02-01 13:30:12.750000,1.09043,1.09035,1000000,1000000
2019-02-01 13:30:12.852000,1.09048,1.09037,3370000,1310000
2019-02-01 13:30:12.955000,1.09043,1.09036,1000000,1370000
2019-02-01 13:30:13.114000,1.0905,1.09036,2120000,1950000
2019-02-01 13:30:13.165000,1.0905,1.0904,1000000,1000000
2019-02-01 13:30:13.267000,1.09048,1.09041,1000000,1000000
2019-02-01 13:30:13.318000,1.09048,1.09036,1000000,1250000
2019-02-01 13:30:13.475000,1.09044,1.09036,1700000,1000000
2019-02-01 13:30:13.526000,1.09047,1.09035,1990000,2890000
2019-02-01 13:30:13.628000,1.09042,1.09035,1000000,2500000
2019-02-01 13:30:13.730000,1.09046,1.09035,1850000,1000000
2019-02-01 13:30:13.862000,1.09037,1.09029,1250000,2440000
2019-02-01 13:30:13.966000,1.09037,1.09029,1750000,1000000
2019-02-01 13:30:14.018000,1.09037,1.09029,1250000,1000000
2019-02-01 13:30:14.282000,1.09037,1.09035,1000000,1000000
2019-02-01 13:30:14.333000,1.09037,1.09032,1000000,1000000
2019-02-01 13:30:14.436000,1.09043,1.09029,1000000,3620000
2019-02-01 13:30:14.573000,1.09039,1.09028,1750000,2060000
2019-02-01 13:30:14.677000,1.09037,1.09028,1250000,1250000
2019-02-01 13:30:14.780000,1.09037,1.09028,1250000,1750000
2019-02-01 13:30:14.920000,1.0904,1.09029,1250000,1250000
2019-02-01 13:30:15.072000,1.09038,1.09028,1750000,2350000
2019-02-01 13:30:15.174000,1.09037,1.09027,1250000,1360000
2019-02-01 13:30:15.330000,1.09037,1.09029,1000000,1250000
2019-02-01 13:30:15.382000,1.09035,1.09028,1250000,1250000
2019-02-01 13:30:15.803000,1.09037,1.09026,1750000,1250000
2019-02-01 13:30:15.855000,1.09034,1.09027,1250000,1250000
2019-02-01 13:30:15.957000,1.09035,1.09026,1820000,1120000
2019-02-01 13:30:16.197000,1.09028,1.09026,1250000,1000000
2019-02-01 13:30:16.248000,1.09026,1.09021,1850000,1120000
2019-02-01 13:30:16.300000,1.09023,1.09019,1000000,1500000
2019-02-01 13:30:16.351000,1.09023,1.09016,1000000,3370000
2019-02-01 13:30:16.453000,1.09024,1.09017,1000000,1370000
2019-02-01 13:30:16.564000,1.09027,1.09018,2620000,2100000
2019-02-01 13:30:16.666000,1.09027,1.09019,1750000,2700000
2019-02-01 13:30:16.751000,1.09026,1.09019,1250000,1200000
2019-02-01 13:30:16.858000,1.09025,1.09017,1250000,1810000
2019-02-01 13:30:17.003000,1.09023,1.09017,1390000,1250000
2019-02-01 13:30:17.106000,1.09023,1.09015,1620000,3620000
2019-02-01 13:30:17.274000,1.09023,1.09015,1810000,1120000
2019-02-01 13:30:17.426000,1.09023,1.09015,1310000,1120000
2019-02-01 13:30:17.528000,1.09023,1.09015,1370000,1000000
2019-02-01 13:30:17.637000,1.09023,1.09015,1370000,1000000
2019-02-01 13:30:17.746000,1.09012,1.09007,1000000,2250000
2019-02-01 13:30:17.848000,1.0901,1.09001,1000000,2140000
2019-02-01 13:30:17.899000,1.0901,1.09001,1000000,2070000
2019-02-01 13:30:17.950000,1.09009,1.09002,1000000,1870000
2019-02-01 13:30:18.052000,1.09008,1.09001,1000000,1200000
2019-02-01 13:30:18.103000,1.09009,1.08999,1250000,1690000
2019-02-01 13:30:18.155000,1.09009,1.09,2620000,1820000
2019-02-01 13:30:18.308000,1.09007,1.09,1000000,1690000
2019-02-01 13:30:18.460000,1.09003,1.09,1000000,1500000
2019-02-01 13:30:18.519000,1.08999,1.08992,1000000,1120000
2019-02-01 13:30:18.570000,1.08992,1.08989,1000000,3750000
2019-02-01 13:30:18.672000,1.08992,1.08984,1250000,1500000
2019-02-01 13:30:18.775000,1.08993,1.08984,1870000,1000000
2019-02-01 13:30:18.843000,1.08992,1.08982,1250000,1120000
2019-02-01 13:30:18.944000,1.08994,1.08982,1250000,2440000
2019-02-01 13:30:19.046000,1.08989,1.08982,1250000,1500000
2019-02-01 13:30:19.124000,1.0899,1.08982,1250000,1500000
2019-02-01 13:30:19.175000,1.08982,1.08977,1200000,1370000
2019-02-01 13:30:19.227000,1.08979,1.08972,1120000,1690000
2019-02-01 13:30:19.279000,1.08977,1.08972,1000000,1600000
2019-02-01 13:30:19.381000,1.08979,1.08972,1810000,2350000
2019-02-01 13:30:19.494000,1.08977,1.0897,1250000,1250000
2019-02-01 13:30:19.596000,1.08976,1.0897,1870000,1500000
2019-02-01 13:30:19.647000,1.08973,1.08964,1000000,2250000
2019-02-01 13:30:19.749000,1.08973,1.08964,1000000,1500000
2019-02-01 13:30:19.860000,1.08971,1.08964,1250000,1000000
2019-02-01 13:30:19.912000,1.08971,1.08958,1120000,3120000
2019-02-01 13:30:19.964000,1.08969,1.08958,1000000,1000000
2019-02-01 13:30:20.066000,1.08963,1.08958,1000000,1000000
2019-02-01 13:30:20.176000,1.08963,1.08958,1000000,1250000
2019-02-01 13:30:20.228000,1.08965,1.08958,1000000,1450000
2019-02-01 13:30:20.331000,1.08962,1.08958,1750000,1500000
2019-02-01 13:30:20.490000,1.08958,1.08953,1000000,1000000
2019-02-01 13:30:20.542000,1.08963,1.08953,1000000,1000000
2019-02-01 13:30:20.884000,1.08965,1.08953,4440000,1000000
2019-02-01 13:30:21.008000,1.08961,1.08953,1000000,2250000
2019-02-01 13:30:21.111000,1.0896,1.08953,1310000,1000000
2019-02-01 13:30:21.266000,1.0896,1.08952,2570000,1000000
2019-02-01 13:30:21.317000,1.08958,1.0895,1370000,3560000
2019-02-01 13:30:21.369000,1.08958,1.08952,1370000,1000000
2019-02-01 13:30:21.471000,1.08958,1.08952,1370000,1000000
2019-02-01 13:30:21.522000,1.08958,1.08952,1870000,1000000
2019-02-01 13:30:21.626000,1.08952,1.08946,1250000,2250000
2019-02-01 13:30:21.677000,1.08952,1.08939,2250000,5000000
2019-02-01 13:30:21.728000,1.08948,1.08939,1890000,3750000
2019-02-01 13:30:21.779000,1.0895,1.08939,1370000,1000000
2019-02-01 13:30:21.957000,1.0894,1.08933,1500000,1500000
2019-02-01 13:30:22.059000,1.08935,1.08929,1250000,1870000
2019-02-01 13:30:22.232000,1.08936,1.08929,1000000,3000000
2019-02-01 13:30:22.283000,1.08938,1.08931,1000000,1000000
2019-02-01 13:30:22.385000,1.08938,1.08933,1820000,1000000
2019-02-01 13:30:22.544000,1.08938,1.08933,1100000,1000000
2019-02-01 13:30:22.595000,1.08941,1.08935,1000000,1500000
2019-02-01 13:30:22.697000,1.08938,1.08933,1250000,1000000
2019-02-01 13:30:22.799000,1.08936,1.08931,1120000,1000000
2019-02-01 13:30:22.905000,1.08934,1.08929,1000000,1000000
2019-02-01 13:30:23.163000,1.08935,1.08929,1350000,1500000
2019-02-01 13:30:23.302000,1.08938,1.08935,1250000,1250000
2019-02-01 13:30:23.457000,1.08937,1.08935,1250000,1000000
2019-02-01 13:30:23.508000,1.08937,1.08932,1250000,1300000
2019-02-01 13:30:24.117000,1.08937,1.08934,1000000,1000000
2019-02-01 13:30:24.220000,1.08938,1.08935,1250000,1000000
2019-02-01 13:30:24.434000,1.08939,1.08935,1500000,1000000
2019-02-01 13:30:24.537000,1.08938,1.08935,1000000,1000000
2019-02-01 13:30:24.755000,1.08938,1.08935,1350000,1000000
2019-02-01 13:30:24.806000,1.08932,1.08928,1000000,1120000
2019-02-01 13:30:24.909000,1.0893,1.08924,1250000,3000000
2019-02-01 13:30:25.022000,1.08929,1.08924,1000000,3750000
2019-02-01 13:30:25.074000,1.08929,1.08923,1750000,1000000
2019-02-01 13:30:25.126000,1.08929,1.08924,1500000,1000000
2019-02-01 13:30:25.178000,1.08931,1.08928,1450000,1000000
2019-02-01 13:30:25.230000,1.08933,1.08928,1310000,1000000
2019-02-01 13:30:25.282000,1.08933,1.08926,1250000,1110000
2019-02-01 13:30:25.503000,1.08934,1.08927,1200000,1000000
2019-02-01 13:30:25.605000,1.08935,1.08933,1000000,1000000
2019-02-01 13:30:25.707000,1.08934,1.0893,1000000,1000000
2019-02-01 13:30:25.812000,1.08933,1.0893,1250000,1000000
2019-02-01 13:30:25.863000,1.08934,1.08927,1250000,1000000
2019-02-01 13:30:25.965000,1.08933,1.08926,1000000,1750000
2019-02-01 13:30:26.067000,1.08933,1.08927,1250000,1000000
2019-02-01 13:30:26.119000,1.08935,1.08928,2250000,1120000
2019-02-01 13:30:26.224000,1.08935,1.08929,3250000,1000000
2019-02-01 13:30:26.326000,1.08934,1.08929,1250000,1000000
2019-02-01 13:30:26.480000,1.08935,1.08931,1000000,1250000
2019-02-01 13:30:26.531000,1.08942,1.08934,3190000,1250000
2019-02-01 13:30:26.609000,1.08936,1.08934,1250000,1000000
2019-02-01 13:30:26.711000,1.08934,1.08929,1250000,1000000
2019-02-01 13:30:26.762000,1.08937,1.08929,3620000,1000000
2019-02-01 13:30:26.814000,1.08937,1.08929,2620000,1690000
2019-02-01 13:30:26.865000,1.08937,1.0893,1000000,1600000
2019-02-01 13:30:27.027000,1.08937,1.08932,1910000,1000000
2019-02-01 13:30:27.129000,1.0894,1.08935,1500000,2120000
2019-02-01 13:30:27.232000,1.0894,1.08937,1000000,1250000
2019-02-01 13:30:27.333000,1.08943,1.08941,1250000,1000000
2019-02-01 13:30:27.469000,1.08944,1.08941,1250000,1000000
2019-02-01 13:30:27.825000,1.08945,1.08941,4000000,1000000
2019-02-01 13:30:27.877000,1.08945,1.08941,2250000,2500000
2019-02-01 13:30:27.996000,1.08944,1.08939,1000000,1000000
2019-02-01 13:30:28.100000,1.08947,1.08941,2570000,1120000
2019-02-01 13:30:28.152000,1.08947,1.08941,2250000,2870000
2019-02-01 13:30:28.280000,1.08953,1.08947,3470000,1500000
2019-02-01 13:30:28.382000,1.08952,1.08947,1250000,1690000
2019-02-01 13:30:28.485000,1.0895,1.08944,2120000,3000000
2019-02-01 13:30:28.694000,1.08952,1.08948,1950000,1000000
2019-02-01 13:30:28.745000,1.08952,1.08948,1760000,1000000
2019-02-01 13:30:28.796000,1.0895,1.08946,1250000,1000000
2019-02-01 13:30:28.847000,1.08952,1.08941,1820000,2720000
2019-02-01 13:30:28.949000,1.08951,1.08947,1000000,2620000
2019-02-01 13:30:29.075000,1.08953,1.08948,1250000,1250000
2019-02-01 13:30:29.234000,1.0895,1.08947,1000000,1370000
2019-02-01 13:30:29.336000,1.08952,1.08947,1250000,1370000
2019-02-01 13:30:29.493000,1.08955,1.08952,1220000,1500000
2019-02-01 13:30:29.595000,1.08962,1.08957,1200000,2500000
2019-02-01 13:30:29.647000,1.08964,1.08957,2140000,3750000
2019-02-01 13:30:29.850000,1.08964,1.08958,1200000,2250000
2019-02-01 13:30:29.956000,1.08955,1.08951,1250000,1000000
2019-02-01 13:30:30.059000,1.08954,1.08948,10080000,1000000
2019-02-01 13:30:30.162000,1.08952,1.08944,1100000,2570000
2019-02-01 13:30:30.326000,1.08953,1.08944,3470000,1760000
2019-02-01 13:30:30.428000,1.08953,1.08946,3010000,1000000
2019-02-01 13:30:30.824000,1.08954,1.08946,1750000,1250000
2019-02-01 13:30:31.180000,1.08954,1.08946,3100000,1000000
2019-02-01 13:30:31.293000,1.08953,1.08944,2290000,4200000
2019-02-01 13:30:31.397000,1.08952,1.08944,1950000,2260000
2019-02-01 13:30:31.550000,1.08952,1.08944,2050000,2070000
2019-02-01 13:30:31.652000,1.08952,1.08944,1450000,3950000
2019-02-01 13:30:31.758000,1.08953,1.08945,1470000,1250000
2019-02-01 13:30:32.064000,1.08955,1.08948,3730000,2250000
2019-02-01 13:30:32.166000,1.08956,1.08947,2670000,1250000
2019-02-01 13:30:32.268000,1.08957,1.08948,1450000,1250000
2019-02-01 13:30:32.625000,1.08954,1.08948,3100000,1000000
2019-02-01 13:30:32.676000,1.08954,1.08947,3100000,2000000
2019-02-01 13:30:32.778000,1.08954,1.08947,1850000,1500000
2019-02-01 13:30:33.203000,1.08954,1.0895,1000000,2190000
2019-02-01 13:30:33.308000,1.08957,1.0895,1820000,1750000
2019-02-01 13:30:33.427000,1.08957,1.0895,1010000,1750000
2019-02-01 13:30:33.530000,1.08955,1.0895,1750000,2610000
2019-02-01 13:30:33.581000,1.08955,1.0895,1250000,2730000
2019-02-01 13:30:33.683000,1.08954,1.08949,1000000,1750000
2019-02-01 13:30:33.734000,1.08958,1.0895,4300000,1750000
2019-02-01 13:30:33.875000,1.08958,1.08952,1010000,1000000
2019-02-01 13:30:34.030000,1.08961,1.08958,2510000,1500000
2019-02-01 13:30:34.132000,1.08961,1.08957,1250000,3750000
2019-02-01 13:30:34.245000,1.0896,1.08954,1250000,1620000
2019-02-01 13:30:34.298000,1.08961,1.08955,3250000,1500000
2019-02-01 13:30:34.401000,1.08961,1.08956,3250000,1120000
2019-02-01 13:30:34.696000,1.08961,1.08953,2500000,2000000
2019-02-01 13:30:34.799000,1.08962,1.08955,4070000,1310000
2019-02-01 13:30:34.851000,1.0896,1.08956,1250000,1500000
2019-02-01 13:30:35.010000,1.0896,1.08956,1000000,1000000
2019-02-01 13:30:35.112000,1.0896,1.08954,1000000,2750000
2019-02-01 13:30:35.312000,1.0896,1.08955,1250000,1120000
2019-02-01 13:30:35.517000,1.08959,1.08955,4390000,1000000
2019-02-01 13:30:35.568000,1.08959,1.08952,2890000,1000000
2019-02-01 13:30:35.671000,1.08959,1.08952,1760000,1000000
2019-02-01 13:30:35.815000,1.08959,1.08952,2890000,1000000
2019-02-01 13:30:36.310000,1.0896,1.08954,1950000,2250000
2019-02-01 13:30:36.700000,1.08961,1.08954,2620000,3750000
2019-02-01 13:30:36.752000,1.08961,1.08956,1120000,1500000
2019-02-01 13:30:36.854000,1.08962,1.08956,2700000,1870000
2019-02-01 13:30:36.956000,1.08955,1.08952,3000000,1000000
2019-02-01 13:30:37.127000,1.08954,1.08948,1000000,2620000
2019-02-01 13:30:37.180000,1.0895,1.08948,1250000,2000000
2019-02-01 13:30:37.282000,1.0895,1.08947,1250000,1500000
2019-02-01 13:30:37.385000,1.08954,1.08948,2850000,1000000
2019-02-01 13:30:37.436000,1.08954,1.08948,1500000,2250000
2019-02-01 13:30:37.570000,1.08957,1.0895,2100000,1310000
2019-02-01 13:30:37.622000,1.08959,1.0895,3290000,1750000
2019-02-01 13:30:37.726000,1.08957,1.08951,2810000,1620000
2019-02-01 13:30:37.779000,1.08955,1.0895,1000000,1120000
2019-02-01 13:30:37.881000,1.08954,1.08951,1000000,2190000
2019-02-01 13:30:37.986000,1.0896,1.08953,3850000,1500000
2019-02-01 13:30:38.089000,1.0896,1.08953,2890000,1500000
2019-02-01 13:30:38.442000,1.08958,1.08952,3750000,1810000
2019-02-01 13:30:38.545000,1.08954,1.08949,1850000,1000000
2019-02-01 13:30:38.596000,1.08952,1.08945,1000000,1870000
2019-02-01 13:30:38.647000,1.08953,1.08947,1950000,1750000
2019-02-01 13:30:38.750000,1.08958,1.08948,3100000,2250000
2019-02-01 13:30:38.858000,1.08958,1.08952,1850000,2560000
2019-02-01 13:30:38.960000,1.0896,1.08956,1750000,1000000
2019-02-01 13:30:39.113000,1.0896,1.08958,1250000,1120000
2019-02-01 13:30:39.225000,1.08961,1.08958,1250000,1870000
2019-02-01 13:30:39.682000,1.08961,1.08956,1750000,1310000
2019-02-01 13:30:39.784000,1.08961,1.08958,1250000,1000000
2019-02-01 13:30:40.419000,1.08963,1.08956,1750000,1120000
2019-02-01 13:30:40.480000,1.08959,1.08954,1250000,1810000
2019-02-01 13:30:40.583000,1.08953,1.08948,1250000,1000000
2019-02-01 13:30:40.685000,1.08953,1.08948,1250000,1750000
2019-02-01 13:30:40.806000,1.08953,1.08948,1750000,1000000
2019-02-01 13:30:40.909000,1.08953,1.08948,1250000,1750000
2019-02-01 13:30:41.011000,1.08953,1.08948,1750000,1000000
2019-02-01 13:30:41.460000,1.08951,1.08947,2250000,1000000
2019-02-01 13:30:41.598000,1.08951,1.08946,2250000,1000000
2019-02-01 13:30:41.803000,1.08951,1.08945,1000000,1500000
2019-02-01 13:30:41.905000,1.08952,1.08945,1690000,4000000
2019-02-01 13:30:42.096000,1.08951,1.08945,1000000,4000000
2019-02-01 13:30:42.199000,1.0895,1.08945,1250000,2250000
2019-02-01 13:30:42.301000,1.08951,1.08945,1000000,2500000
2019-02-01 13:30:42.455000,1.08951,1.08946,1250000,1500000
2019-02-01 13:30:43.141000,1.08952,1.08946,1250000,3190000
2019-02-01 13:30:43.505000,1.0895,1.08944,1750000,1690000
2019-02-01 13:30:43.608000,1.0895,1.08946,2140000,1500000
2019-02-01 13:30:43.711000,1.0895,1.08943,3620000,1690000
2019-02-01 13:30:43.872000,1.08949,1.08942,1250000,2060000
2019-02-01 13:30:44.337000,1.08949,1.08942,4500000,1500000
2019-02-01 13:30:44.441000,1.08949,1.08942,1750000,2160000
2019-02-01 13:30:44.543000,1.0895,1.08945,3700000,1250000
2019-02-01 13:30:45.005000,1.08951,1.08946,1250000,7410000
2019-02-01 13:30:45.489000,1.08949,1.08946,1250000,1200000
2019-02-01 13:30:45.692000,1.0895,1.08943,2200000,1250000
2019-02-01 13:30:46.075000,1.08951,1.08942,2720000,5220000
2019-02-01 13:30:46.278000,1.0895,1.08942,1450000,4770000
2019-02-01 13:30:46.705000,1.0895,1.08941,1820000,4970000
2019-02-01 13:30:46.820000,1.08947,1.08942,1120000,1690000
2019-02-01 13:30:47.214000,1.08949,1.08941,2250000,2250000
2019-02-01 13:30:47.316000,1.08949,1.08941,1870000,2500000
2019-02-01 13:30:47.635000,1.08949,1.08943,1250000,1500000
2019-02-01 13:30:47.739000,1.08949,1.08941,1250000,2500000
2019-02-01 13:30:47.841000,1.08949,1.08941,1250000,4000000
2019-02-01 13:30:47.965000,1.08949,1.08942,1250000,1250000
2019-02-01 13:30:48.170000,1.08949,1.08941,1250000,5500000
2019-02-01 13:30:48.377000,1.08949,1.08941,1250000,6250000
2019-02-01 13:30:48.429000,1.08947,1.08941,1000000,4750000
2019-02-01 13:30:48.582000,1.08947,1.08941,1000000,4750000
2019-02-01 13:30:48.684000,1.08947,1.08941,1000000,4750000
2019-02-01 13:30:48.853000,1.0895,1.08943,5220000,1000000
2019-02-01 13:30:48.956000,1.0895,1.08941,4750000,4000000
2019-02-01 13:30:49.154000,1.0895,1.08941,6350000,3190000
2019-02-01 13:30:49.205000,1.08948,1.08941,1850000,1250000
2019-02-01 13:30:49.257000,1.08948,1.08939,5050000,1690000
2019-02-01 13:30:49.359000,1.08943,1.08939,1570000,1250000
2019-02-01 13:30:49.518000,1.08942,1.08937,3700000,1000000
2019-02-01 13:30:49.622000,1.08935,1.08931,1000000,1000000
2019-02-01 13:30:49.673000,1.08935,1.08929,1000000,1690000
2019-02-01 13:30:49.775000,1.08936,1.08929,1250000,1250000
2019-02-01 13:30:49.892000,1.08937,1.08929,4070000,1250000
2019-02-01 13:30:49.995000,1.08937,1.08929,5570000,1000000
2019-02-01 13:30:50.097000,1.08937,1.08929,4370000,1250000
2019-02-01 13:30:50.289000,1.08938,1.08929,2350000,2500000
2019-02-01 13:30:50.544000,1.08938,1.08931,2060000,2500000
2019-02-01 13:30:50.655000,1.08938,1.08935,1880000,1500000
2019-02-01 13:30:50.707000,1.08941,1.08936,1250000,1000000
2019-02-01 13:30:50.810000,1.08944,1.08936,2200000,1000000
2019-02-01 13:30:50.914000,1.08942,1.08936,1250000,1500000
2019-02-01 13:30:51.522000,1.08942,1.08934,2500000,3000000
2019-02-01 13:30:51.625000,1.08939,1.08932,2350000,2250000
2019-02-01 13:30:51.727000,1.08941,1.08934,4600000,1000000
2019-02-01 13:30:52.374000,1.0894,1.08931,1750000,3640000
2019-02-01 13:30:52.476000,1.08938,1.0893,4820000,1250000
2019-02-01 13:30:52.578000,1.08938,1.08929,4820000,1250000
2019-02-01 13:30:53.190000,1.08932,1.08929,1250000,2250000
2019-02-01 13:30:53.241000,1.08931,1.08924,1250000,2500000
2019-02-01 13:30:54.166000,1.08931,1.08929,1000000,1250000
2019-02-01 13:30:54.268000,1.08936,1.08931,1000000,1820000
2019-02-01 13:30:54.371000,1.08937,1.08932,1000000,1250000
2019-02-01 13:30:54.480000,1.08939,1.08932,1250000,2060000
2019-02-01 13:30:54.531000,1.08939,1.08934,1250000,1000000
2019-02-01 13:30:54.633000,1.08938,1.0893,1820000,4040000
2019-02-01 13:30:54.735000,1.08938,1.0893,1820000,2810000
2019-02-01 13:30:54.861000,1.08938,1.0893,1820000,2120000
2019-02-01 13:30:54.963000,1.08937,1.0893,1250000,2120000
2019-02-01 13:30:55.682000,1.08938,1.08931,1450000,2810000
2019-02-01 13:30:55.835000,1.08938,1.08931,1200000,2810000
2019-02-01 13:30:56.303000,1.08932,1.0893,1250000,1500000
2019-02-01 13:30:56.356000,1.0893,1.08925,1750000,3660000
2019-02-01 13:30:56.499000,1.08929,1.08925,1250000,1500000
2019-02-01 13:30:56.655000,1.08929,1.08924,1250000,1690000
2019-02-01 13:30:57.019000,1.08931,1.08926,4370000,1000000
2019-02-01 13:30:57.071000,1.08931,1.08927,1250000,2500000
2019-02-01 13:30:57.196000,1.08931,1.08929,1250000,1000000
2019-02-01 13:30:57.248000,1.08934,1.08932,3250000,1250000
2019-02-01 13:30:57.301000,1.0894,1.08935,1250000,1250000
2019-02-01 13:30:57.353000,1.08941,1.08938,1250000,1000000
2019-02-01 13:30:57.456000,1.08941,1.08937,1250000,1250000
2019-02-01 13:30:57.663000,1.08942,1.08936,1250000,1000000
2019-02-01 13:30:57.766000,1.0894,1.08935,1000000,4010000
2019-02-01 13:30:58.076000,1.0894,1.08935,2120000,1120000
2019-02-01 13:30:58.178000,1.08937,1.08933,1120000,1500000
2019-02-01 13:30:58.280000,1.08937,1.08929,2810000,2140000
2019-02-01 13:30:58.331000,1.08936,1.08931,1000000,1250000
2019-02-01 13:30:58.478000,1.08938,1.08931,1250000,1250000
2019-02-01 13:30:58.580000,1.08938,1.08933,1000000,1750000
2019-02-01 13:30:58.682000,1.0894,1.08934,1250000,1250000
2019-02-01 13:30:58.976000,1.08941,1.08934,2120000,3250000
2019-02-01 13:30:59.568000,1.0894,1.08935,1000000,3620000
2019-02-01 13:30:59.620000,1.08941,1.08935,2500000,2620000
2019-02-01 13:30:59.672000,1.08941,1.08935,2250000,4000000
2019-02-01 13:30:59.942000,1.08941,1.08935,1750000,3000000
2019-02-01 13:31:00.097000,1.08941,1.08935,1500000,2870000
2019-02-01 13:31:00.199000,1.0894,1.08935,1250000,1870000
2019-02-01 13:31:00.350000,1.0894,1.08935,1000000,2120000
2019-02-01 13:31:00.453000,1.0894,1.08935,1250000,1120000
2019-02-01 13:31:00.556000,1.08935,1.08933,1250000,3000000
2019-02-01 13:31:00.608000,1.08937,1.08928,2890000,2620000
2019-02-01 13:31:00.724000,1.08937,1.08929,4690000,2440000
2019-02-01 13:31:01.200000,1.08938,1.08934,2250000,1000000
2019-02-01 13:31:01.360000,1.08939,1.08935,1000000,1250000
2019-02-01 13:31:01.463000,1.08941,1.08934,1250000,4070000
2019-02-01 13:31:01.626000,1.08941,1.08934,1000000,4070000
2019-02-01 13:31:01.728000,1.08941,1.08935,1250000,1000000
2019-02-01 13:31:01.781000,1.08943,1.08937,1750000,1250000
2019-02-01 13:31:01.946000,1.08946,1.08938,1450000,1310000
2019-02-01 13:31:02.048000,1.08946,1.08939,1120000,1750000
2019-02-01 13:31:02.150000,1.08946,1.08943,1000000,1750000
2019-02-01 13:31:02.253000,1.08948,1.08943,1500000,1250000
2019-02-01 13:31:02.545000,1.08949,1.08942,1100000,1370000
2019-02-01 13:31:02.597000,1.08945,1.08941,1000000,9100000
2019-02-01 13:31:02.800000,1.08946,1.08942,1000000,1370000
2019-02-01 13:31:02.910000,1.08946,1.08944,1000000,1250000
2019-02-01 13:31:03.215000,1.08946,1.08945,1000000,1500000
2019-02-01 13:31:03.344000,1.08946,1.08944,1000000,2440000
2019-02-01 13:31:03.445000,1.08947,1.08945,1000000,1690000
2019-02-01 13:31:03.497000,1.08948,1.08946,1810000,1000000
2019-02-01 13:31:03.599000,1.08946,1.0894,1250000,3040000
2019-02-01 13:31:03.741000,1.08946,1.08942,1000000,1250000
2019-02-01 13:31:03.845000,1.08948,1.08943,1000000,1750000
2019-02-01 13:31:04.163000,1.08948,1.08945,1000000,1500000
2019-02-01 13:31:04.267000,1.08952,1.08951,1000000,1250000
2019-02-01 13:31:04.318000,1.08955,1.08952,1370000,1000000
2019-02-01 13:31:04.518000,1.08955,1.0895,1000000,1200000
2019-02-01 13:31:04.569000,1.08957,1.0895,1690000,2250000
2019-02-01 13:31:04.671000,1.08957,1.08951,1000000,1010000
2019-02-01 13:31:04.722000,1.08959,1.08951,1250000,2220000
2019-02-01 13:31:05.031000,1.08958,1.0895,2060000,4100000
2019-02-01 13:31:05.133000,1.08957,1.08951,1250000,1310000
2019-02-01 13:31:05.184000,1.08957,1.08956,1000000,1000000
2019-02-01 13:31:05.236000,1.08957,1.08954,1000000,2440000
2019-02-01 13:31:05.337000,1.08957,1.08955,1000000,1000000
2019-02-01 13:31:05.441000,1.08958,1.08955,1000000,1250000
2019-02-01 13:31:05.544000,1.08959,1.08955,1250000,1500000
2019-02-01 13:31:05.646000,1.08959,1.08957,1000000,1000000
2019-02-01 13:31:05.803000,1.08962,1.08958,1000000,1000000
2019-02-01 13:31:05.855000,1.08965,1.08961,1500000,1250000
2019-02-01 13:31:05.906000,1.08967,1.08961,1000000,1250000
2019-02-01 13:31:05.957000,1.0897,1.08965,1500000,2250000
2019-02-01 13:31:06.059000,1.08972,1.08966,2810000,2250000
2019-02-01 13:31:06.347000,1.08972,1.08967,1120000,1200000
2019-02-01 13:31:06.450000,1.08973,1.08969,1870000,1000000
2019-02-01 13:31:06.502000,1.08979,1.08973,1690000,1120000
2019-02-01 13:31:06.609000,1.08981,1.08979,1500000,1000000
2019-02-01 13:31:06.661000,1.08985,1.0898,3320000,3450000
2019-02-01 13:31:06.765000,1.08985,1.0898,1250000,2470000
2019-02-01 13:31:07.020000,1.08985,1.08982,1250000,1000000
2019-02-01 13:31:07.173000,1.08986,1.08982,1250000,4970000
2019-02-01 13:31:07.224000,1.0899,1.08982,3560000,5220000
2019-02-01 13:31:07.378000,1.0899,1.08983,2940000,3040000
2019-02-01 13:31:07.498000,1.08985,1.08981,1310000,1620000
2019-02-01 13:31:07.549000,1.08985,1.0898,2810000,3000000
2019-02-01 13:31:07.601000,1.08982,1.08978,1870000,1500000
2019-02-01 13:31:07.653000,1.08984,1.08979,1310000,1100000
2019-02-01 13:31:07.757000,1.08984,1.08979,1000000,1950000
2019-02-01 13:31:07.853000,1.08986,1.08982,1600000,1000000
2019-02-01 13:31:07.906000,1.08988,1.08984,1000000,3000000
2019-02-01 13:31:07.957000,1.0899,1.08987,1250000,1000000
2019-02-01 13:31:08.059000,1.08995,1.08994,2250000,2250000
2019-02-01 13:31:08.110000,1.08998,1.08994,1250000,3000000
2019-02-01 13:31:08.217000,1.09001,1.08996,2250000,1000000
2019-02-01 13:31:08.268000,1.09002,1.08997,1250000,1000000
2019-02-01 13:31:08.370000,1.09002,1.08997,2750000,1120000
2019-02-01 13:31:08.608000,1.09002,1.08997,2750000,1120000
2019-02-01 13:31:08.864000,1.09002,1.08995,1870000,5350000
2019-02-01 13:31:08.992000,1.09002,1.08995,3750000,3450000
2019-02-01 13:31:09.256000,1.08997,1.08993,1120000,1500000
2019-02-01 13:31:09.307000,1.08991,1.08987,1120000,1200000
2019-02-01 13:31:09.415000,1.08991,1.08985,2500000,2320000
2019-02-01 13:31:09.466000,1.08991,1.08988,2500000,1000000
2019-02-01 13:31:09.568000,1.08991,1.08986,1250000,2700000
2019-02-01 13:31:09.670000,1.0899,1.08986,1250000,1200000
2019-02-01 13:31:09.771000,1.08991,1.08986,1690000,1200000
2019-02-01 13:31:10.077000,1.08991,1.08985,1390000,2250000
2019-02-01 13:31:10.225000,1.0899,1.08986,1500000,1250000
2019-02-01 13:31:10.327000,1.08994,1.08991,1100000,1000000
2019-02-01 13:31:10.429000,1.08995,1.08994,1000000,1000000
2019-02-01 13:31:10.481000,1.08997,1.08991,2500000,1000000
2019-02-01 13:31:10.592000,1.08991,1.08986,1470000,1000000
2019-02-01 13:31:10.695000,1.08985,1.08983,1000000,1500000
2019-02-01 13:31:10.797000,1.08984,1.08979,1500000,1750000
2019-02-01 13:31:11.117000,1.08984,1.0898,1000000,1250000
2019-02-01 13:31:11.219000,1.08989,1.08985,1000000,2250000
2019-02-01 13:31:11.381000,1.08992,1.08987,2140000,2370000
2019-02-01 13:31:11.484000,1.08987,1.08985,1000000,2870000
2019-02-01 13:31:11.535000,1.08984,1.0898,1500000,1750000
2019-02-01 13:31:11.637000,1.08984,1.0898,1500000,1500000
2019-02-01 13:31:11.805000,1.08984,1.08979,1500000,1500000
2019-02-01 13:31:11.859000,1.08979,1.08976,1000000,2470000
2019-02-01 13:31:11.961000,1.08976,1.08972,1870000,1500000
2019-02-01 13:31:12.012000,1.08973,1.08971,1000000,1000000
2019-02-01 13:31:12.064000,1.08972,1.08967,1000000,1310000
2019-02-01 13:31:12.171000,1.08972,1.08966,1500000,2470000
2019-02-01 13:31:12.223000,1.08966,1.08961,1870000,1870000
2019-02-01 13:31:12.325000,1.08967,1.08962,1500000,1570000
2019-02-01 13:31:12.428000,1.08968,1.08966,1120000,1750000
2019-02-01 13:31:12.479000,1.08976,1.08971,1120000,1250000
2019-02-01 13:31:12.531000,1.08977,1.0897,1100000,1870000
2019-02-01 13:31:12.648000,1.08981,1.08974,4600000,1000000
2019-02-01 13:31:12.902000,1.08981,1.08975,1000000,1000000
2019-02-01 13:31:13.065000,1.08971,1.08967,1000000,3000000
2019-02-01 13:31:13.167000,1.08971,1.08965,1000000,1450000
2019-02-01 13:31:13.431000,1.08971,1.08965,1000000,1100000
2019-02-01 13:31:13.635000,1.08971,1.08965,1340000,1500000
2019-02-01 13:31:13.737000,1.08971,1.08965,1000000,2500000
2019-02-01 13:31:13.934000,1.08971,1.08966,1500000,1250000
2019-02-01 13:31:14.354000,1.08972,1.08966,1120000,1250000
2019-02-01 13:31:14.659000,1.08972,1.08967,1500000,1370000
2019-02-01 13:31:14.781000,1.08977,1.08972,1000000,2870000
2019-02-01 13:31:14.887000,1.08979,1.08974,1000000,1870000
2019-02-01 13:31:14.991000,1.08984,1.08976,1000000,1370000
2019-02-01 13:31:15.449000,1.08984,1.08976,1690000,4370000
2019-02-01 13:31:15.501000,1.08984,1.08976,1760000,2060000
2019-02-01 13:31:15.667000,1.08983,1.08978,1000000,2500000
2019-02-01 13:31:15.771000,1.08988,1.08982,1000000,4000000
2019-02-01 13:31:15.822000,1.08988,1.08985,1000000,2250000
2019-02-01 13:31:15.873000,1.08992,1.08986,1500000,1870000
2019-02-01 13:31:16.015000,1.08993,1.08986,1120000,1870000
2019-02-01 13:31:16.117000,1.08992,1.08987,1000000,1250000
2019-02-01 13:31:16.373000,1.08995,1.08987,1700000,3620000
2019-02-01 13:31:16.486000,1.08995,1.08989,1500000,1500000
2019-02-01 13:31:16.538000,1.08996,1.08992,2250000,1250000
2019-02-01 13:31:16.640000,1.08997,1.08992,1000000,5950000
2019-02-01 13:31:16.875000,1.09002,1.08996,5890000,1250000
2019-02-01 13:31:17.028000,1.09002,1.09,1120000,1250000
2019-02-01 13:31:17.079000,1.09002,1.08997,2620000,1000000
2019-02-01 13:31:17.198000,1.09002,1.08997,2120000,1250000
2019-02-01 13:31:17.350000,1.09002,1.08996,1370000,4870000
2019-02-01 13:31:17.468000,1.09002,1.08997,1250000,1000000
2019-02-01 13:31:17.621000,1.09002,1.08997,1000000,1870000
2019-02-01 13:31:17.672000,1.09005,1.08999,1000000,1250000
2019-02-01 13:31:17.774000,1.09007,1.09,1250000,1370000
2019-02-01 13:31:17.883000,1.09007,1.09,1000000,2570000
2019-02-01 13:31:17.985000,1.09007,1.09,1690000,1370000
2019-02-01 13:31:18.138000,1.09007,1.08999,2250000,4950000
2019-02-01 13:31:18.782000,1.09007,1.09,2060000,1250000
2019-02-01 13:31:18.987000,1.09008,1.09,3000000,4200000
2019-02-01 13:31:19.544000,1.09005,1.09001,1250000,1000000
2019-02-01 13:31:19.738000,1.09008,1.09003,2190000,1000000
2019-02-01 13:31:19.841000,1.09008,1.09004,2440000,1120000
2019-02-01 13:31:19.995000,1.09009,1.09003,2120000,1950000
2019-02-01 13:31:20.146000,1.09008,1.09002,1250000,4500000
2019-02-01 13:31:20.248000,1.09004,1.09,1200000,1000000
2019-02-01 13:31:20.353000,1.08996,1.08991,1120000,3260000
2019-02-01 13:31:20.449000,1.08997,1.08995,1500000,3940000
2019-02-01 13:31:20.501000,1.08999,1.08993,1810000,1690000
2019-02-01 13:31:20.604000,1.08994,1.08992,1690000,1000000
2019-02-01 13:31:20.708000,1.08993,1.0899,1690000,1000000
2019-02-01 13:31:20.870000,1.08998,1.08991,3310000,1310000
2019-02-01 13:31:21.075000,1.08997,1.08992,1570000,1250000
2019-02-01 13:31:21.280000,1.08997,1.08993,1000000,1000000
2019-02-01 13:31:21.703000,1.09,1.08996,1250000,1000000
2019-02-01 13:31:21.805000,1.09,1.08996,1680000,1500000
2019-02-01 13:31:21.907000,1.08998,1.08996,1000000,1500000
2019-02-01 13:31:22.466000,1.08998,1.08994,1000000,1000000
2019-02-01 13:31:22.519000,1.08995,1.0899,1870000,2060000
2019-02-01 13:31:22.572000,1.08994,1.08989,1620000,1010000
2019-02-01 13:31:22.674000,1.0899,1.08984,1120000,1250000
2019-02-01 13:31:22.826000,1.0899,1.08983,1620000,3450000
2019-02-01 13:31:23.475000,1.0899,1.08984,3370000,1690000
2019-02-01 13:31:24.923000,1.0899,1.08985,2060000,1250000
2019-02-01 13:31:24.974000,1.0899,1.08987,1310000,1000000
2019-02-01 13:31:25.025000,1.08991,1.08985,1870000,1310000
2019-02-01 13:31:25.077000,1.08991,1.08988,1000000,1370000
2019-02-01 13:31:25.239000,1.08995,1.08991,2370000,1500000
2019-02-01 13:31:25.291000,1.08995,1.08989,3060000,5250000
2019-02-01 13:31:25.393000,1.08995,1.08991,1500000,1500000
2019-02-01 13:31:25.497000,1.08997,1.08993,2000000,1000000
2019-02-01 13:31:25.620000,1.08997,1.08993,1250000,1820000
2019-02-01 13:31:25.672000,1.08998,1.08995,1000000,1000000
2019-02-01 13:31:25.778000,1.09,1.08995,1250000,2370000
2019-02-01 13:31:25.880000,1.08999,1.08995,1250000,1870000
2019-02-01 13:31:26.015000,1.08996,1.08994,1250000,1120000
2019-02-01 13:31:26.122000,1.08996,1.08989,2120000,3560000
2019-02-01 13:31:26.275000,1.08996,1.08991,1250000,1250000
2019-02-01 13:31:26.394000,1.08997,1.08991,2810000,1750000
2019-02-01 13:31:26.650000,1.08998,1.08992,1120000,2810000
2019-02-01 13:31:26.752000,1.08999,1.08992,1750000,4000000
2019-02-01 13:31:26.862000,1.08999,1.08994,1000000,1250000
2019-02-01 13:31:26.964000,1.08999,1.08995,1000000,1250000
2019-02-01 13:31:27.117000,1.09,1.08995,1000000,2870000
2019-02-01 13:31:27.219000,1.09,1.08995,1250000,2140000
2019-02-01 13:31:27.372000,1.09,1.08996,1000000,1250000
2019-02-01 13:31:28.558000,1.09,1.08996,1250000,1500000
2019-02-01 13:31:28.813000,1.09,1.08995,1250000,1120000
2019-02-01 13:31:28.916000,1.08991,1.08987,1250000,3250000
2019-02-01 13:31:28.968000,1.08992,1.08986,1750000,2320000
2019-02-01 13:31:29.070000,1.08992,1.08986,2190000,1750000
2019-02-01 13:31:29.280000,1.0899,1.08985,1750000,1000000
2019-02-01 13:31:29.383000,1.08989,1.08983,1250000,2640000
2019-02-01 13:31:29.746000,1.08989,1.08983,1250000,2890000
2019-02-01 13:31:30.155000,1.08988,1.08983,1000000,2810000
2019-02-01 13:31:30.461000,1.08987,1.08982,1370000,1570000
2019-02-01 13:31:30.586000,1.08987,1.08981,1120000,1250000
2019-02-01 13:31:30.743000,1.08986,1.08981,1000000,1250000
2019-02-01 13:31:31.049000,1.08987,1.08982,1120000,1250000
2019-02-01 13:31:31.151000,1.08987,1.08982,1000000,1750000
2019-02-01 13:31:31.409000,1.08989,1.08983,1870000,1370000
2019-02-01 13:31:31.461000,1.08988,1.08982,2190000,1810000
2019-02-01 13:31:32.373000,1.0899,1.08986,3250000,1250000
2019-02-01 13:31:32.477000,1.0899,1.08986,2500000,1750000
2019-02-01 13:31:32.581000,1.08989,1.08986,1000000,1120000
2019-02-01 13:31:32.949000,1.08989,1.08987,1000000,1870000
2019-02-01 13:31:33.100000,1.08991,1.08988,1000000,2620000
2019-02-01 13:31:33.973000,1.08992,1.08988,2440000,2620000
2019-02-01 13:31:34.467000,1.0899,1.08988,1000000,3250000
2019-02-01 13:31:35.763000,1.08991,1.08988,1000000,2500000
2019-02-01 13:31:35.980000,1.08992,1.08988,1690000,2500000
2019-02-01 13:31:36.082000,1.08996,1.0899,3250000,2810000
2019-02-01 13:31:36.134000,1.08995,1.08991,1000000,2250000
2019-02-01 13:31:36.236000,1.08996,1.08993,2440000,1000000
2019-02-01 13:31:36.661000,1.08996,1.08994,1000000,1250000
2019-02-01 13:31:36.713000,1.08999,1.08994,1000000,3370000
2019-02-01 13:31:36.815000,1.08998,1.08994,1000000,3120000
2019-02-01 13:31:37.230000,1.08999,1.08995,1000000,1120000
2019-02-01 13:31:37.332000,1.09,1.08994,2810000,2940000
2019-02-01 13:31:37.628000,1.09,1.08996,2060000,1000000
2019-02-01 13:31:37.782000,1.08999,1.08996,1000000,1000000
2019-02-01 13:31:38.184000,1.09,1.08996,1310000,1500000
2019-02-01 13:31:38.503000,1.09001,1.08999,3120000,1000000
2019-02-01 13:31:38.606000,1.09004,1.09001,1500000,1250000
2019-02-01 13:31:38.657000,1.09004,1.08999,1000000,1370000
2019-02-01 13:31:38.769000,1.09004,1.09002,1000000,1000000
2019-02-01 13:31:38.871000,1.09008,1.09003,3370000,1000000
2019-02-01 13:31:38.973000,1.09006,1.09003,1000000,1000000
2019-02-01 13:31:39.168000,1.09005,1.09003,1250000,1000000
2019-02-01 13:31:39.223000,1.08996,1.08994,1000000,1000000
2019-02-01 13:31:39.275000,1.08992,1.08989,1250000,1000000
2019-02-01 13:31:39.326000,1.08993,1.08989,1250000,1750000
2019-02-01 13:31:39.428000,1.08993,1.08991,2060000,1000000
2019-02-01 13:31:39.530000,1.08993,1.08991,2060000,1000000
2019-02-01 13:31:39.741000,1.08994,1.08992,3190000,1000000
2019-02-01 13:31:39.792000,1.08994,1.08991,2500000,1000000
2019-02-01 13:31:39.894000,1.08994,1.08991,2870000,1000000
2019-02-01 13:31:40.046000,1.08998,1.08994,1000000,3620000
2019-02-01 13:31:40.097000,1.09001,1.08997,3000000,1000000
2019-02-01 13:31:40.301000,1.09001,1.08998,1750000,1000000
2019-02-01 13:31:40.406000,1.09004,1.08999,2120000,1250000
2019-02-01 13:31:40.509000,1.09005,1.09,1350000,1250000
2019-02-01 13:31:40.612000,1.09006,1.09001,4870000,1000000
2019-02-01 13:31:41.351000,1.09006,1.09001,4310000,1250000
2019-02-01 13:31:41.487000,1.09007,1.09001,5250000,1000000
2019-02-01 13:31:41.538000,1.09002,1.08998,1120000,1500000
2019-02-01 13:31:41.641000,1.09002,1.08995,4000000,1310000
2019-02-01 13:31:41.814000,1.09001,1.08995,1810000,1250000
2019-02-01 13:31:41.916000,1.09001,1.08995,1250000,1250000
2019-02-01 13:31:42.120000,1.09002,1.08995,4000000,1250000
2019-02-01 13:31:42.285000,1.09,1.08994,1250000,4120000
2019-02-01 13:31:42.641000,1.09001,1.08995,1370000,1250000
2019-02-01 13:31:42.794000,1.09,1.08996,1310000,1000000
2019-02-01 13:31:45.839000,1.08996,1.08993,1250000,6370000
2019-02-01 13:31:46.585000,1.08996,1.08993,1310000,1000000
2019-02-01 13:31:46.842000,1.08997,1.08994,1350000,4000000
2019-02-01 13:31:46.945000,1.08998,1.08995,3750000,1000000
2019-02-01 13:31:47.064000,1.08997,1.08993,2120000,3750000
2019-02-01 13:31:47.167000,1.08997,1.08995,1250000,1000000
2019-02-01 13:31:47.218000,1.08998,1.08995,1690000,3750000
2019-02-01 13:31:48.059000,1.08998,1.08996,2060000,1000000
2019-02-01 13:31:48.710000,1.08999,1.08996,1250000,1000000
2019-02-01 13:31:48.812000,1.09,1.08996,1250000,1500000
2019-02-01 13:31:48.951000,1.09,1.08997,1250000,1000000
2019-02-01 13:31:49.053000,1.09,1.08997,1250000,1500000
2019-02-01 13:31:49.816000,1.09001,1.08997,1370000,1000000
2019-02-01 13:31:50.694000,1.09001,1.08996,1370000,2810000
2019-02-01 13:31:50.994000,1.09001,1.08996,2120000,3560000
2019-02-01 13:31:51.096000,1.09001,1.08997,1370000,1500000
2019-02-01 13:31:52.034000,1.09001,1.08997,1370000,1120000
2019-02-01 13:31:52.085000,1.09002,1.08999,1000000,4810000
2019-02-01 13:31:52.188000,1.09003,1.08999,1690000,1310000
2019-02-01 13:31:52.401000,1.09004,1.08999,1250000,3560000
2019-02-01 13:31:52.656000,1.09004,1.09001,1250000,1000000
2019-02-01 13:31:52.758000,1.09005,1.09001,1250000,2620000
2019-02-01 13:31:52.866000,1.09007,1.09002,1810000,1120000
2019-02-01 13:31:52.968000,1.09007,1.09002,1250000,1120000
2019-02-01 13:31:53.546000,1.09008,1.09002,3250000,2440000
2019-02-01 13:31:53.729000,1.09008,1.09002,1750000,2570000
2019-02-01 13:31:53.984000,1.09009,1.09004,2570000,1000000
2019-02-01 13:31:54.486000,1.09009,1.09003,1820000,3940000
2019-02-01 13:31:54.894000,1.09009,1.09004,1820000,1000000
2019-02-01 13:31:55.414000,1.0901,1.09004,3470000,2440000
2019-02-01 13:31:55.872000,1.0901,1.09005,1000000,1250000
2019-02-01 13:31:56.523000,1.0901,1.09004,1000000,6820000
2019-02-01 13:31:56.625000,1.0901,1.09005,1000000,1000000
2019-02-01 13:31:56.981000,1.0901,1.09005,1810000,1000000
2019-02-01 13:31:57.084000,1.09012,1.09007,1370000,1000000
2019-02-01 13:31:57.186000,1.09013,1.09008,2810000,1500000
2019-02-01 13:31:57.351000,1.09015,1.09009,3320000,1000000
2019-02-01 13:31:57.453000,1.09015,1.0901,3320000,1000000
2019-02-01 13:31:57.759000,1.09015,1.09009,2140000,1000000
2019-02-01 13:31:57.893000,1.09014,1.09009,1000000,1000000
2019-02-01 13:31:58.680000,1.09012,1.09008,2500000,2620000
2019-02-01 13:31:59.003000,1.09012,1.09007,3250000,4500000
2019-02-01 13:31:59.360000,1.09013,1.09007,2870000,2810000
2019-02-01 13:31:59.465000,1.09013,1.09009,2440000,1500000
2019-02-01 13:31:59.567000,1.09014,1.09012,1000000,2250000
2019-02-01 13:31:59.720000,1.09015,1.09012,1000000,4000000
2019-02-01 13:31:59.772000,1.09017,1.09014,1250000,1000000
2019-02-01 13:31:59.958000,1.09018,1.09013,1370000,1310000
2019-02-01 13:32:00.060000,1.09018,1.09014,1370000,1000000
2019-02-01 13:32:00.282000,1.0902,1.09015,1370000,1250000
2019-02-01 13:32:00.970000,1.09019,1.09014,1250000,1000000
2019-02-01 13:32:01.276000,1.09019,1.09014,1750000,1000000
2019-02-01 13:32:01.656000,1.09019,1.09015,1450000,1000000
2019-02-01 13:32:01.708000,1.09018,1.09013,1460000,3190000
2019-02-01 13:32:01.966000,1.09018,1.09013,1370000,2250000
2019-02-01 13:32:02.068000,1.09017,1.09012,1250000,1120000
2019-02-01 13:32:02.372000,1.09018,1.09014,1250000,1000000
2019-02-01 13:32:02.475000,1.09019,1.09015,1250000,1000000
2019-02-01 13:32:02.577000,1.09018,1.09014,1250000,1000000
2019-02-01 13:32:02.679000,1.09018,1.09012,1250000,2500000
2019-02-01 13:32:03.001000,1.09017,1.09012,1000000,2120000
2019-02-01 13:32:03.296000,1.09017,1.09011,1250000,4500000
2019-02-01 13:32:03.398000,1.09016,1.09012,1000000,1690000
2019-02-01 13:32:03.623000,1.09018,1.09012,2500000,1690000
2019-02-01 13:32:03.725000,1.09018,1.09012,1870000,1690000
2019-02-01 13:32:03.878000,1.09019,1.09013,2190000,1000000
2019-02-01 13:32:03.980000,1.09019,1.09014,2190000,1000000
2019-02-01 13:32:04.622000,1.09019,1.09015,1250000,1690000
2019-02-01 13:32:05.172000,1.09021,1.09016,5250000,1000000
2019-02-01 13:32:05.650000,1.09021,1.09018,1500000,1250000
2019-02-01 13:32:05.701000,1.09023,1.09018,1500000,1600000
2019-02-01 13:32:05.863000,1.09021,1.09018,1000000,2870000
2019-02-01 13:32:06.016000,1.09021,1.0902,1000000,1000000
2019-02-01 13:32:06.067000,1.09025,1.0902,2500000,1000000
2019-02-01 13:32:06.213000,1.09025,1.0902,1690000,1250000
2019-02-01 13:32:06.367000,1.09025,1.09021,1690000,1000000
2019-02-01 13:32:06.822000,1.09028,1.09024,1200000,1250000
2019-02-01 13:32:06.874000,1.09029,1.09025,2190000,1000000
2019-02-01 13:32:06.925000,1.0903,1.09025,1310000,1250000
2019-02-01 13:32:07.027000,1.0903,1.09026,1000000,1250000
2019-02-01 13:32:07.237000,1.09029,1.09026,1000000,1000000
2019-02-01 13:32:07.340000,1.0903,1.09025,1250000,1690000
2019-02-01 13:32:08.002000,1.0903,1.09026,1250000,1000000
2019-02-01 13:32:08.258000,1.09031,1.09026,2440000,1750000
2019-02-01 13:32:08.564000,1.09031,1.09026,2870000,1690000
2019-02-01 13:32:08.871000,1.09031,1.09026,1250000,3100000
2019-02-01 13:32:08.922000,1.09031,1.09029,1000000,1250000
2019-02-01 13:32:09.025000,1.09035,1.09031,1000000,1000000
2019-02-01 13:32:09.226000,1.09036,1.09031,1000000,1250000
2019-02-01 13:32:09.533000,1.09037,1.09034,1000000,1500000
2019-02-01 13:32:09.650000,1.09037,1.09033,1000000,1250000
2019-02-01 13:32:09.754000,1.09036,1.09032,1000000,1200000
2019-02-01 13:32:09.857000,1.09036,1.09031,1000000,2700000
2019-02-01 13:32:10.068000,1.09037,1.09031,3560000,1250000
2019-02-01 13:32:10.702000,1.09037,1.09032,1250000,1000000
2019-02-01 13:32:10.855000,1.09037,1.09035,1000000,1000000
2019-02-01 13:32:10.957000,1.09042,1.09036,1250000,1990000
2019-02-01 13:32:11.106000,1.09042,1.09037,1370000,1100000
2019-02-01 13:32:11.209000,1.0904,1.09035,1250000,3070000
2019-02-01 13:32:11.311000,1.0904,1.09036,1250000,1000000
2019-02-01 13:32:11.524000,1.09042,1.09037,2870000,1000000
2019-02-01 13:32:11.628000,1.09044,1.09039,4500000,1000000
2019-02-01 13:32:11.731000,1.09044,1.09038,3750000,2700000
2019-02-01 13:32:13.275000,1.09044,1.09041,2500000,1000000
2019-02-01 13:32:13.409000,1.09043,1.0904,1250000,1000000
2019-02-01 13:32:13.512000,1.09044,1.09038,4000000,1500000
2019-02-01 13:32:13.980000,1.0904,1.09037,1250000,3370000
2019-02-01 13:32:14.087000,1.0904,1.09037,2500000,2250000
2019-02-01 13:32:14.189000,1.09034,1.09032,1050000,1500000
2019-02-01 13:32:14.292000,1.09035,1.0903,2620000,2250000
2019-02-01 13:32:14.394000,1.09035,1.09029,2850000,1500000
2019-02-01 13:32:14.507000,1.09035,1.09028,4350000,3000000
2019-02-01 13:32:14.763000,1.09032,1.09028,1250000,1500000
2019-02-01 13:32:14.878000,1.09032,1.09025,1750000,5250000
2019-02-01 13:32:15.084000,1.09031,1.09025,3250000,2250000
2019-02-01 13:32:15.254000,1.09029,1.09024,1250000,1500000
2019-02-01 13:32:15.356000,1.09026,1.09021,1250000,3850000
2019-02-01 13:32:15.459000,1.09024,1.09021,1250000,1000000
2019-02-01 13:32:15.569000,1.0902,1.09019,1690000,1000000
2019-02-01 13:32:15.672000,1.09014,1.09012,1000000,1000000
2019-02-01 13:32:15.774000,1.09015,1.0901,1500000,1750000
2019-02-01 13:32:15.875000,1.09014,1.0901,1000000,1250000
2019-02-01 13:32:15.945000,1.09017,1.0901,3470000,1750000
2019-02-01 13:32:16.098000,1.09013,1.0901,1000000,1690000
2019-02-01 13:32:16.200000,1.0901,1.09009,1000000,1000000
2019-02-01 13:32:16.302000,1.09009,1.09008,1000000,1250000
2019-02-01 13:32:16.405000,1.0901,1.09008,1950000,1250000
2019-02-01 13:32:16.532000,1.0901,1.09006,2140000,1750000
2019-02-01 13:32:16.685000,1.09007,1.09006,1250000,1000000
2019-02-01 13:32:16.787000,1.09006,1.09001,2440000,1250000
2019-02-01 13:32:16.946000,1.09007,1.09004,1390000,1000000
2019-02-01 13:32:17.048000,1.09008,1.09003,1750000,2230000
2019-02-01 13:32:17.100000,1.09007,1.09001,1250000,2510000
2019-02-01 13:32:17.438000,1.09004,1.09,1250000,1000000
2019-02-01 13:32:17.490000,1.09003,1.08998,1250000,1250000
2019-02-01 13:32:17.756000,1.09003,1.08997,1000000,4750000
2019-02-01 13:32:17.859000,1.09004,1.08997,1250000,5870000
2019-02-01 13:32:17.961000,1.09003,1.08997,1000000,5480000
2019-02-01 13:32:18.013000,1.09002,1.08997,1120000,2230000
2019-02-01 13:32:18.142000,1.09001,1.08995,1250000,1250000
2019-02-01 13:32:18.500000,1.09002,1.08997,1370000,1000000
2019-02-01 13:32:18.604000,1.09002,1.08996,2120000,1690000
2019-02-01 13:32:19.039000,1.09001,1.08997,1250000,1000000
2019-02-01 13:32:19.194000,1.09004,1.08998,2720000,3600000
2019-02-01 13:32:19.296000,1.09004,1.09,1500000,1250000
2019-02-01 13:32:19.965000,1.09005,1.09,1000000,3250000
2019-02-01 13:32:20.067000,1.09007,1.09001,3370000,1250000
2019-02-01 13:32:21.147000,1.09007,1.09003,1310000,1000000
2019-02-01 13:32:21.379000,1.09009,1.09003,2120000,1250000
2019-02-01 13:32:21.481000,1.09009,1.09002,2120000,1570000
2019-02-01 13:32:22.287000,1.09009,1.09003,3620000,1000000
2019-02-01 13:32:22.961000,1.09009,1.09005,1000000,1750000
2019-02-01 13:32:23.284000,1.09009,1.09006,1000000,1810000
2019-02-01 13:32:23.387000,1.09011,1.09006,2500000,1810000
2019-02-01 13:32:24.598000,1.09012,1.0901,1000000,1050000
2019-02-01 13:32:24.700000,1.09017,1.09014,1120000,1000000
2019-02-01 13:32:24.804000,1.09017,1.09015,1000000,1000000
2019-02-01 13:32:25.060000,1.09019,1.09015,2440000,1000000
2019-02-01 13:32:25.171000,1.09018,1.09015,1000000,1000000
2019-02-01 13:32:25.425000,1.09018,1.09014,1000000,1000000
2019-02-01 13:32:25.542000,1.09017,1.09014,1000000,1000000
2019-02-01 13:32:25.645000,1.09017,1.09014,1250000,1000000
2019-02-01 13:32:25.853000,1.09017,1.09013,1250000,1250000
2019-02-01 13:32:26.745000,1.09018,1.09013,1690000,1000000
2019-02-01 13:32:28.072000,1.09015,1.09012,1310000,1870000
2019-02-01 13:32:28.174000,1.09011,1.09008,1750000,2250000
2019-02-01 13:32:28.541000,1.09011,1.09007,1750000,2440000
2019-02-01 13:32:29.171000,1.0901,1.09006,1750000,4060000
2019-02-01 13:32:29.489000,1.09013,1.09009,1470000,1000000
2019-02-01 13:32:29.540000,1.09014,1.09011,5470000,1250000
2019-02-01 13:32:29.591000,1.09017,1.09013,3320000,1000000
2019-02-01 13:32:29.643000,1.09017,1.09014,2140000,1000000
2019-02-01 13:32:31.226000,1.09018,1.09015,1250000,1500000
2019-02-01 13:32:31.280000,1.09023,1.09021,2440000,1120000
2019-02-01 13:32:31.382000,1.09021,1.0902,1000000,1000000
2019-02-01 13:32:31.434000,1.09023,1.09018,2250000,3120000
2019-02-01 13:32:31.573000,1.09023,1.09019,1750000,1000000
2019-02-01 13:32:31.776000,1.09024,1.09019,2350000,1000000
2019-02-01 13:32:31.936000,1.09023,1.09018,1250000,1690000
2019-02-01 13:32:32.241000,1.09026,1.0902,3000000,2890000
2019-02-01 13:32:32.358000,1.09024,1.09021,1250000,1000000
2019-02-01 13:32:32.460000,1.09026,1.09021,1250000,1250000
2019-02-01 13:32:33.033000,1.09026,1.09021,1870000,1000000
2019-02-01 13:32:33.135000,1.09022,1.09019,1050000,4200000
2019-02-01 13:32:33.244000,1.09017,1.09016,1000000,2250000
2019-02-01 13:32:33.305000,1.09014,1.09012,1000000,1000000
2019-02-01 13:32:33.407000,1.09011,1.09008,1120000,4000000
2019-02-01 13:32:33.510000,1.0901,1.09008,1000000,1000000
2019-02-01 13:32:33.732000,1.09012,1.09009,1000000,1250000
2019-02-01 13:32:34.150000,1.09012,1.09008,1250000,1250000
2019-02-01 13:32:35.944000,1.09008,1.09006,1250000,1000000
2019-02-01 13:32:35.995000,1.09009,1.09004,3850000,1000000
2019-02-01 13:32:36.313000,1.09008,1.09002,5250000,1000000
2019-02-01 13:32:36.568000,1.09006,1.09002,1250000,1000000
2019-02-01 13:32:36.837000,1.09006,1.09002,1370000,1000000
2019-02-01 13:32:37.101000,1.09007,1.09001,1370000,2440000
2019-02-01 13:32:37.355000,1.09007,1.09001,1370000,4750000
2019-02-01 13:32:37.519000,1.09008,1.09005,2250000,1690000
2019-02-01 13:32:37.621000,1.09009,1.09006,1500000,3940000
2019-02-01 13:32:37.723000,1.09011,1.09009,1000000,1000000
2019-02-01 13:32:37.886000,1.09011,1.0901,1000000,1000000
2019-02-01 13:32:38.140000,1.09011,1.09008,1000000,3560000
2019-02-01 13:32:38.242000,1.09016,1.09012,1200000,2100000
2019-02-01 13:32:38.337000,1.09014,1.09012,1000000,2290000
2019-02-01 13:32:38.388000,1.09017,1.09013,1000000,1000000
2019-02-01 13:32:38.490000,1.09019,1.09014,4810000,1000000
2019-02-01 13:32:38.642000,1.09019,1.09013,4060000,2250000
2019-02-01 13:32:39.335000,1.09019,1.09013,2060000,1500000
2019-02-01 13:32:39.591000,1.09019,1.09016,1120000,1500000
2019-02-01 13:32:39.694000,1.09021,1.09016,1750000,1500000
2019-02-01 13:32:40.075000,1.0902,1.09015,1250000,1770000
2019-02-01 13:32:40.241000,1.09021,1.09016,1750000,1000000
2019-02-01 13:32:41.026000,1.09021,1.09017,1000000,1000000
2019-02-01 13:32:41.523000,1.09021,1.09015,1250000,1770000
2019-02-01 13:32:41.705000,1.09022,1.09015,2810000,2590000
2019-02-01 13:32:42.297000,1.09022,1.09015,2570000,2440000
2019-02-01 13:32:42.401000,1.09022,1.09015,2060000,3250000
2019-02-01 13:32:42.617000,1.09022,1.09015,1450000,2250000
2019-02-01 13:32:42.823000,1.09022,1.09015,2140000,1750000
2019-02-01 13:32:42.981000,1.0902,1.09015,1750000,1750000
2019-02-01 13:32:43.404000,1.0902,1.09015,1000000,1690000
2019-02-01 13:32:43.557000,1.09021,1.09015,1310000,2440000
2019-02-01 13:32:43.659000,1.09021,1.09016,1310000,1000000
2019-02-01 13:32:43.769000,1.09021,1.09017,1000000,4750000
2019-02-01 13:32:43.820000,1.09023,1.09018,1000000,1250000
2019-02-01 13:32:44.449000,1.09023,1.09018,1000000,1750000
2019-02-01 13:32:45.437000,1.09019,1.09017,1250000,2620000
2019-02-01 13:32:45.490000,1.09019,1.09014,3100000,2250000
2019-02-01 13:32:45.593000,1.09019,1.09013,4500000,1250000
2019-02-01 13:32:46.513000,1.09018,1.09014,1370000,1000000
2019-02-01 13:32:47.239000,1.09018,1.09016,1250000,1000000
2019-02-01 13:32:47.342000,1.09018,1.09015,1250000,3750000
2019-02-01 13:32:47.393000,1.09019,1.09016,2060000,3750000
2019-02-01 13:32:47.496000,1.09022,1.09019,1750000,3750000
2019-02-01 13:32:47.608000,1.09023,1.09019,1750000,3750000
2019-02-01 13:32:47.812000,1.09023,1.09019,1250000,3750000
2019-02-01 13:32:47.919000,1.09023,1.0902,1250000,1000000
2019-02-01 13:32:48.072000,1.09024,1.0902,2060000,1000000
2019-02-01 13:32:48.225000,1.09025,1.09022,1250000,1000000
2019-02-01 13:32:49.199000,1.09026,1.09024,1000000,5250000
2019-02-01 13:32:49.250000,1.09028,1.09024,1000000,5510000
2019-02-01 13:32:49.405000,1.09029,1.09026,1310000,1000000
2019-02-01 13:32:49.932000,1.0903,1.09026,1250000,1000000
2019-02-01 13:32:50.034000,1.09026,1.09024,3250000,3750000
2019-02-01 13:32:50.136000,1.09025,1.09022,1540000,3750000
2019-02-01 13:32:50.188000,1.09025,1.0902,2500000,5250000
2019-02-01 13:32:50.296000,1.09025,1.0902,3220000,3750000
2019-02-01 13:32:50.552000,1.09024,1.0902,1310000,1000000
2019-02-01 13:32:50.754000,1.09024,1.0902,2120000,3750000
2019-02-01 13:32:50.907000,1.09022,1.09019,1250000,3750000
2019-02-01 13:32:50.959000,1.09024,1.09019,2440000,3750000
2019-02-01 13:32:51.629000,1.09025,1.09021,3750000,1000000
2019-02-01 13:32:52.591000,1.09025,1.09022,3250000,1000000
2019-02-01 13:32:52.846000,1.09025,1.09022,1120000,1690000
2019-02-01 13:32:52.948000,1.09027,1.09024,1250000,1000000
2019-02-01 13:32:53.161000,1.09028,1.09024,2290000,1250000
2019-02-01 13:32:53.263000,1.09029,1.09026,1250000,1000000
2019-02-01 13:32:53.738000,1.09029,1.09026,1250000,1000000
2019-02-01 13:32:53.839000,1.09029,1.09026,1250000,1000000
2019-02-01 13:32:54.101000,1.09029,1.09024,1600000,4500000
2019-02-01 13:32:54.254000,1.09029,1.09024,1250000,4500000
2019-02-01 13:32:54.356000,1.09025,1.09021,1690000,1500000
2019-02-01 13:32:54.408000,1.09025,1.09024,1000000,1000000
2019-02-01 13:32:54.510000,1.09027,1.09024,2470000,1000000
2019-02-01 13:32:55.564000,1.09025,1.09022,1250000,4870000
2019-02-01 13:32:55.676000,1.09024,1.09023,1250000,1500000
2019-02-01 13:32:55.931000,1.09024,1.09022,1250000,3750000
2019-02-01 13:32:56.283000,1.0902,1.09018,3610000,1120000
2019-02-01 13:32:56.496000,1.09022,1.09018,1350000,3750000
2019-02-01 13:32:56.599000,1.09021,1.09017,1250000,1000000
2019-02-01 13:32:56.701000,1.09021,1.09017,1750000,1000000
2019-02-01 13:32:58.029000,1.09019,1.09017,1250000,1000000
2019-02-01 13:32:58.304000,1.09019,1.09016,1750000,1500000
2019-02-01 13:32:58.902000,1.09019,1.09017,2060000,1000000
2019-02-01 13:32:59.004000,1.09019,1.09016,1250000,1000000
2019-02-01 13:32:59.606000,1.09019,1.09016,2500000,1000000
2019-02-01 13:33:00.658000,1.09018,1.09015,1250000,1000000
2019-02-01 13:33:00.760000,1.09018,1.09015,1250000,1500000
2019-02-01 13:33:00.939000,1.09018,1.09015,1250000,1000000
2019-02-01 13:33:01.041000,1.09018,1.09016,1000000,1000000
2019-02-01 13:33:01.092000,1.09016,1.09013,1000000,4000000
2019-02-01 13:33:01.195000,1.09016,1.09013,1000000,1690000
2019-02-01 13:33:01.310000,1.09018,1.09015,1310000,1000000
2019-02-01 13:33:02.624000,1.09019,1.09015,2440000,2060000
2019-02-01 13:33:02.726000,1.09021,1.09018,5050000,1000000
2019-02-01 13:33:02.829000,1.09021,1.0902,1500000,1000000
2019-02-01 13:33:03.235000,1.09022,1.0902,4500000,1000000
2019-02-01 13:33:03.447000,1.09021,1.09018,1250000,1500000
2019-02-01 13:33:03.561000,1.0902,1.09017,2500000,1870000
2019-02-01 13:33:03.613000,1.09027,1.09022,2200000,1000000
2019-02-01 13:33:03.715000,1.09026,1.09022,1750000,1500000
2019-02-01 13:33:03.816000,1.09025,1.09021,1250000,2250000
2019-02-01 13:33:04.017000,1.09026,1.09024,1690000,1000000
2019-02-01 13:33:04.068000,1.09028,1.09025,1500000,1000000
2019-02-01 13:33:04.170000,1.09029,1.09025,2620000,1000000
2019-02-01 13:33:04.272000,1.09029,1.09026,1000000,1000000
2019-02-01 13:33:04.374000,1.0903,1.09026,2060000,1000000
2019-02-01 13:33:04.500000,1.0903,1.09027,2810000,1000000
2019-02-01 13:33:04.652000,1.0903,1.09026,2060000,1000000
2019-02-01 13:33:04.754000,1.09031,1.09027,4120000,1000000
2019-02-01 13:33:04.856000,1.09031,1.09026,4120000,1500000
2019-02-01 13:33:05.580000,1.0903,1.09026,1370000,3190000
2019-02-01 13:33:05.682000,1.0903,1.09026,1120000,1500000
2019-02-01 13:33:07.305000,1.09031,1.09026,4950000,1000000
2019-02-01 13:33:07.773000,1.09028,1.09024,2490000,1250000
2019-02-01 13:33:07.876000,1.09029,1.09024,4000000,1250000
2019-02-01 13:33:07.978000,1.0903,1.09026,1250000,1000000
2019-02-01 13:33:08.747000,1.0903,1.09027,1250000,1000000
2019-02-01 13:33:09.675000,1.09032,1.0903,1500000,3850000
2019-02-01 13:33:09.779000,1.09034,1.09031,1500000,7970000
2019-02-01 13:33:09.882000,1.09037,1.09033,1750000,2440000
2019-02-01 13:33:10.554000,1.0904,1.09038,1390000,1000000
2019-02-01 13:33:10.658000,1.09047,1.09041,2200000,3940000
2019-02-01 13:33:10.763000,1.09045,1.09042,1000000,1750000
2019-02-01 13:33:10.814000,1.09048,1.09042,1750000,5440000
2019-02-01 13:33:10.969000,1.09043,1.09041,1250000,1120000
2019-02-01 13:33:11.086000,1.09043,1.09039,1750000,1000000
2019-02-01 13:33:11.188000,1.09043,1.09039,1250000,1250000
2019-02-01 13:33:11.474000,1.09047,1.09044,1000000,1750000
2019-02-01 13:33:11.525000,1.09049,1.09046,2620000,4310000
2019-02-01 13:33:11.628000,1.0905,1.09047,1000000,6190000
2019-02-01 13:33:11.679000,1.09051,1.0905,1250000,4120000
2019-02-01 13:33:11.790000,1.09053,1.0905,2140000,5060000
2019-02-01 13:33:11.892000,1.09053,1.0905,1250000,5940000
2019-02-01 13:33:12.096000,1.09055,1.0905,3190000,5940000
2019-02-01 13:33:12.250000,1.09053,1.0905,1000000,4690000
2019-02-01 13:33:12.352000,1.09053,1.09049,2500000,3750000
2019-02-01 13:33:12.455000,1.09051,1.09049,1120000,3750000
2019-02-01 13:33:12.557000,1.0905,1.09047,1250000,6370000
2019-02-01 13:33:12.663000,1.09049,1.09046,1250000,1870000
2019-02-01 13:33:12.765000,1.09049,1.09047,2250000,2250000
2019-02-01 13:33:12.868000,1.09049,1.09046,3000000,3600000
2019-02-01 13:33:13.021000,1.09049,1.09047,1500000,2100000
2019-02-01 13:33:13.220000,1.09049,1.09046,2870000,3600000
2019-02-01 13:33:13.374000,1.09048,1.09046,1000000,3600000
2019-02-01 13:33:13.477000,1.09047,1.09045,1500000,3600000
2019-02-01 13:33:13.643000,1.09046,1.09041,1250000,2620000
2019-02-01 13:33:13.745000,1.09045,1.09041,1750000,2060000
2019-02-01 13:33:13.847000,1.0904,1.09039,1000000,1000000
2019-02-01 13:33:13.899000,1.09039,1.09037,1690000,3600000
2019-02-01 13:33:14.314000,1.09039,1.09036,1250000,3970000
2019-02-01 13:33:14.472000,1.09041,1.09037,1380000,1000000
2019-02-01 13:33:14.575000,1.0904,1.09036,1250000,3450000
2019-02-01 13:33:14.923000,1.09041,1.09038,1250000,1000000
2019-02-01 13:33:14.975000,1.09042,1.09039,3250000,3600000
2019-02-01 13:33:15.230000,1.09042,1.09039,3250000,3600000
2019-02-01 13:33:15.332000,1.09042,1.09039,1250000,3600000
2019-02-01 13:33:15.625000,1.09043,1.09041,3250000,1350000
2019-02-01 13:33:15.727000,1.09043,1.0904,1500000,4600000
2019-02-01 13:33:16.140000,1.09044,1.09042,1500000,1050000
2019-02-01 13:33:16.242000,1.09045,1.09042,3190000,1050000
2019-02-01 13:33:16.553000,1.09045,1.09043,3190000,3600000
2019-02-01 13:33:16.656000,1.09045,1.09044,1500000,3600000
2019-02-01 13:33:17.064000,1.09045,1.09042,1250000,2060000
2019-02-01 13:33:17.168000,1.09046,1.09043,1690000,1160000
2019-02-01 13:33:17.285000,1.09046,1.09043,1000000,2600000
2019-02-01 13:33:17.439000,1.09045,1.09044,1250000,1000000
2019-02-01 13:33:17.491000,1.09045,1.09042,2440000,1500000
2019-02-01 13:33:17.594000,1.09045,1.09039,4000000,2040000
2019-02-01 13:33:17.756000,1.09044,1.09041,1250000,1000000
2019-02-01 13:33:17.909000,1.09045,1.09039,2500000,1690000
2019-02-01 13:33:18.063000,1.09043,1.09039,1250000,1000000
2019-02-01 13:33:18.114000,1.09044,1.09038,2440000,4750000
2019-02-01 13:33:18.235000,1.09044,1.09038,1750000,4690000
2019-02-01 13:33:18.540000,1.09044,1.09037,3250000,4510000
2019-02-01 13:33:18.644000,1.09044,1.09041,1000000,1000000
2019-02-01 13:33:18.762000,1.09043,1.09041,1000000,2060000
2019-02-01 13:33:18.864000,1.09044,1.09041,1500000,2810000
2019-02-01 13:33:19.169000,1.09045,1.09041,1250000,2060000
2019-02-01 13:33:19.722000,1.09046,1.09041,1250000,3310000
2019-02-01 13:33:20.510000,1.09046,1.09043,1750000,1000000
2019-02-01 13:33:21.118000,1.09048,1.09044,2500000,1000000
2019-02-01 13:33:21.169000,1.0905,1.09046,4950000,2500000
2019-02-01 13:33:21.272000,1.09053,1.09048,3000000,1810000
2019-02-01 13:33:22.008000,1.09054,1.09048,3190000,1810000
2019-02-01 13:33:22.226000,1.09054,1.09051,3190000,1000000
2019-02-01 13:33:22.328000,1.09054,1.09052,1000000,1250000
2019-02-01 13:33:22.430000,1.09059,1.09057,1390000,1000000
2019-02-01 13:33:22.533000,1.0906,1.09058,1250000,1000000
2019-02-01 13:33:22.663000,1.0906,1.09058,1250000,1000000
2019-02-01 13:33:22.918000,1.0906,1.09057,1750000,1000000
2019-02-01 13:33:23.878000,1.09061,1.09058,4000000,1000000
2019-02-01 13:33:23.929000,1.09061,1.09058,3190000,1250000
2019-02-01 13:33:24.032000,1.09061,1.09058,2500000,1000000
2019-02-01 13:33:24.134000,1.09062,1.09058,4750000,4500000
2019-02-01 13:33:24.232000,1.09062,1.09059,3000000,2120000
2019-02-01 13:33:24.283000,1.09064,1.0906,1250000,3940000
2019-02-01 13:33:24.386000,1.09062,1.09059,1000000,1250000
2019-02-01 13:33:24.488000,1.09061,1.09057,1250000,1500000
2019-02-01 13:33:24.693000,1.09065,1.0906,3670000,1000000
2019-02-01 13:33:24.795000,1.09065,1.0906,2500000,1310000
2019-02-01 13:33:25.209000,1.09064,1.09061,1250000,1000000
2019-02-01 13:33:25.632000,1.09065,1.0906,1250000,1690000
2019-02-01 13:33:25.735000,1.09065,1.0906,1250000,1310000
2019-02-01 13:33:26.040000,1.09065,1.0906,1250000,2500000
2019-02-01 13:33:27.136000,1.09065,1.0906,1250000,2440000
2019-02-01 13:33:27.292000,1.0906,1.09058,1250000,1000000
2019-02-01 13:33:27.343000,1.0906,1.09056,1250000,1390000
2019-02-01 13:33:27.751000,1.0906,1.09055,1600000,1690000
2019-02-01 13:33:27.854000,1.09057,1.09055,1000000,1000000
2019-02-01 13:33:27.956000,1.09053,1.09052,1000000,1500000
2019-02-01 13:33:28.007000,1.09053,1.09051,1250000,1000000
2019-02-01 13:33:28.163000,1.09054,1.09047,5720000,1250000
2019-02-01 13:33:28.686000,1.09051,1.09047,1250000,1120000
2019-02-01 13:33:28.737000,1.09052,1.09046,2120000,6620000
2019-02-01 13:33:28.840000,1.09052,1.09047,1310000,4310000
2019-02-01 13:33:28.892000,1.09052,1.09049,1120000,3100000
2019-02-01 13:33:29.007000,1.09052,1.09049,2500000,1500000
2019-02-01 13:33:29.111000,1.09052,1.09049,1000000,1000000
2019-02-01 13:33:29.162000,1.09053,1.09047,2320000,2250000
2019-02-01 13:33:29.420000,1.09054,1.09048,3410000,1120000
2019-02-01 13:33:29.524000,1.09054,1.09048,3700000,1870000
2019-02-01 13:33:30.555000,1.09053,1.09047,3190000,2440000
2019-02-01 13:33:30.824000,1.0905,1.09047,1500000,1870000
2019-02-01 13:33:30.977000,1.09049,1.09047,1250000,1000000
2019-02-01 13:33:31.099000,1.09048,1.09043,1000000,2500000
2019-02-01 13:33:31.202000,1.09048,1.09043,1500000,2140000
2019-02-01 13:33:31.305000,1.09049,1.09044,1000000,1690000
2019-02-01 13:33:31.356000,1.0905,1.09044,4750000,4000000
2019-02-01 13:33:31.509000,1.09049,1.09044,1250000,1690000
2019-02-01 13:33:31.764000,1.09048,1.09042,2440000,6320000
2019-02-01 13:33:31.865000,1.09047,1.09042,2440000,1250000
2019-02-01 13:33:31.969000,1.09045,1.09041,1000000,2190000
2019-02-01 13:33:32.073000,1.09042,1.09041,1000000,1500000
2019-02-01 13:33:32.177000,1.09041,1.09036,1250000,1370000
2019-02-01 13:33:32.280000,1.0904,1.09036,1200000,1250000
2019-02-01 13:33:32.412000,1.09041,1.09036,1690000,1750000
2019-02-01 13:33:32.671000,1.0904,1.09036,1000000,1250000
2019-02-01 13:33:32.774000,1.09041,1.09035,2890000,3000000
2019-02-01 13:33:32.868000,1.0904,1.09035,1250000,3000000
2019-02-01 13:33:32.971000,1.09035,1.09034,1000000,1000000
2019-02-01 13:33:33.023000,1.09035,1.09032,1120000,1000000
2019-02-01 13:33:33.127000,1.09036,1.09032,1500000,1250000
2019-02-01 13:33:33.178000,1.09036,1.0903,1250000,3970000
2019-02-01 13:33:33.341000,1.09035,1.0903,2810000,1310000
2019-02-01 13:33:33.444000,1.09033,1.09029,1000000,1690000
2019-02-01 13:33:33.599000,1.0903,1.09029,1000000,1000000
2019-02-01 13:33:33.651000,1.0903,1.09026,1950000,1120000
2019-02-01 13:33:33.771000,1.0903,1.09025,1000000,3190000
2019-02-01 13:33:33.874000,1.09031,1.09026,2250000,1500000
2019-02-01 13:33:34.375000,1.0903,1.09025,1000000,2560000
2019-02-01 13:33:34.477000,1.09031,1.09026,1950000,1120000
2019-02-01 13:33:34.631000,1.09031,1.09027,2700000,1250000
2019-02-01 13:33:34.737000,1.09032,1.09029,1970000,1250000
2019-02-01 13:33:34.842000,1.09032,1.09029,1000000,1750000
2019-02-01 13:33:35.156000,1.09033,1.09029,1000000,1750000
2019-02-01 13:33:35.839000,1.09034,1.0903,1250000,1250000
2019-02-01 13:33:36.107000,1.09034,1.09029,1500000,2870000
2019-02-01 13:33:36.477000,1.09035,1.09029,2060000,2500000
2019-02-01 13:33:36.579000,1.0903,1.09027,1250000,1720000
2019-02-01 13:33:36.630000,1.0903,1.09026,1750000,2620000
2019-02-01 13:33:36.783000,1.0903,1.09024,2500000,1870000
2019-02-01 13:33:36.891000,1.09031,1.09025,3700000,2190000
2019-02-01 13:33:37.094000,1.09031,1.09027,1310000,1250000
2019-02-01 13:33:37.146000,1.09031,1.09029,1000000,1120000
2019-02-01 13:33:37.247000,1.09033,1.09028,1250000,1810000
2019-02-01 13:33:37.418000,1.09033,1.09026,3440000,4120000
2019-02-01 13:33:37.774000,1.09031,1.09025,2500000,6690000
2019-02-01 13:33:38.378000,1.09031,1.09025,1750000,2940000
2019-02-01 13:33:40.071000,1.09031,1.09025,3250000,2060000
2019-02-01 13:33:40.781000,1.09031,1.09025,2870000,1750000
2019-02-01 13:33:41.086000,1.09031,1.09025,2870000,1750000
2019-02-01 13:33:42.135000,1.0903,1.09025,1750000,1370000
2019-02-01 13:33:43.096000,1.0903,1.09025,1250000,2250000
2019-02-01 13:33:43.284000,1.09025,1.09023,1050000,1200000
2019-02-01 13:33:43.386000,1.09025,1.0902,1250000,3760000
2019-02-01 13:33:43.810000,1.09025,1.0902,1750000,4010000
2019-02-01 13:33:44.129000,1.09025,1.09021,1500000,1750000
2019-02-01 13:33:44.231000,1.0902,1.09018,4500000,1500000
2019-02-01 13:33:44.283000,1.09019,1.09016,2060000,1870000
2019-02-01 13:33:44.544000,1.09014,1.09011,1500000,1870000
2019-02-01 13:33:44.647000,1.09016,1.09011,1120000,3620000
2019-02-01 13:33:44.749000,1.09018,1.09013,1690000,2600000
2019-02-01 13:33:44.928000,1.09018,1.09013,3190000,1850000
2019-02-01 13:33:45.184000,1.09018,1.09014,1000000,3480000
2019-02-01 13:33:45.351000,1.09021,1.09017,1250000,1600000
2019-02-01 13:33:45.453000,1.09021,1.09017,2190000,2350000
2019-02-01 13:33:45.555000,1.09021,1.09017,1690000,2350000
2019-02-01 13:33:45.657000,1.09021,1.09017,3000000,1000000
2019-02-01 13:33:45.769000,1.09021,1.09016,3940000,1790000
2019-02-01 13:33:45.871000,1.09021,1.09016,1000000,3430000
2019-02-01 13:33:46.297000,1.09022,1.09018,1000000,1790000
2019-02-01 13:33:46.400000,1.09023,1.09018,1310000,1870000
2019-02-01 13:33:46.554000,1.09024,1.0902,2250000,5270000
2019-02-01 13:33:46.724000,1.09029,1.09024,2500000,4020000
2019-02-01 13:33:46.827000,1.09029,1.09025,1250000,1950000
2019-02-01 13:33:46.929000,1.09029,1.09026,1250000,1120000
2019-02-01 13:33:47.070000,1.09029,1.09025,2810000,1870000
2019-02-01 13:33:47.121000,1.09027,1.09025,1120000,1120000
2019-02-01 13:33:47.224000,1.09027,1.09023,1120000,1120000
2019-02-01 13:33:47.365000,1.09027,1.09022,1370000,3870000
2019-02-01 13:33:47.470000,1.09027,1.09022,6320000,3000000
2019-02-01 13:33:47.882000,1.09025,1.09022,1250000,1000000
2019-02-01 13:33:47.984000,1.09025,1.09021,1750000,3000000
2019-02-01 13:33:48.362000,1.09026,1.09022,1690000,2250000
2019-02-01 13:33:48.464000,1.09027,1.09023,2190000,1000000
2019-02-01 13:33:48.567000,1.09025,1.09022,1750000,1500000
2019-02-01 13:33:48.618000,1.09026,1.09021,1500000,1870000
2019-02-01 13:33:48.768000,1.09025,1.09021,1500000,3370000
2019-02-01 13:33:48.973000,1.09025,1.09022,1000000,1000000
2019-02-01 13:33:49.076000,1.09026,1.09023,1000000,1000000
2019-02-01 13:33:49.448000,1.09026,1.09023,1000000,5120000
2019-02-01 13:33:49.613000,1.09028,1.09026,2250000,1000000
2019-02-01 13:33:50.072000,1.09029,1.09026,1250000,1690000
2019-02-01 13:33:50.184000,1.0903,1.09026,3190000,1690000
2019-02-01 13:33:51.002000,1.0903,1.09027,1250000,1000000
2019-02-01 13:33:51.539000,1.09031,1.09029,1500000,1250000
2019-02-01 13:33:51.641000,1.09033,1.09029,3000000,4870000
2019-02-01 13:33:51.896000,1.09033,1.09029,1000000,4750000
2019-02-01 13:33:51.992000,1.09035,1.09031,4120000,1250000
2019-02-01 13:33:52.813000,1.09032,1.0903,1250000,1000000
2019-02-01 13:33:52.916000,1.09031,1.09029,1250000,1000000
2019-02-01 13:33:54.114000,1.09032,1.09028,1750000,1000000
2019-02-01 13:33:54.216000,1.09032,1.09028,1690000,1250000
2019-02-01 13:33:54.267000,1.09032,1.09028,1000000,2870000
2019-02-01 13:33:54.415000,1.09034,1.0903,1500000,2120000
2019-02-01 13:33:54.885000,1.09036,1.09031,3620000,1250000
