time,ask,bid,ask_volume,bid_volume
2017-11-10 14:55:00.287000,1.13359,1.13356,3750000,2060000
2017-11-10 14:55:00.661000,1.1336,1.13358,5810000,1000000
2017-11-10 14:55:02.158000,1.13359,1.13358,1000000,1000000
2017-11-10 14:55:02.670000,1.1336,1.13357,3260000,1120000
2017-11-10 14:55:03.173000,1.1336,1.13358,2140000,1000000
2017-11-10 14:55:06.796000,1.1336,1.13358,3260000,1000000
2017-11-10 14:55:07.784000,1.1336,1.13358,3190000,1000000
2017-11-10 14:55:08.141000,1.13358,1.13356,1000000,4310000
2017-11-10 14:55:13.389000,1.13358,1.13357,1000000,1120000
2017-11-10 14:55:13.593000,1.13356,1.13354,1120000,1010000
2017-11-10 14:55:13.781000,1.13354,1.13352,1500000,1690000
2017-11-10 14:55:14.294000,1.13353,1.13351,1000000,3560000
2017-11-10 14:55:14.766000,1.13351,1.13349,6600000,1570000
2017-11-10 14:55:14.822000,1.13348,1.13346,1000000,1000000
2017-11-10 14:55:15.405000,1.13346,1.13344,1120000,5060000
2017-11-10 14:55:15.727000,1.13345,1.13343,1000000,2440000
2017-11-10 14:55:16.238000,1.13345,1.13344,1000000,1000000
2017-11-10 14:55:16.774000,1.13346,1.13343,1870000,6190000
2017-11-10 14:55:17.082000,1.13344,1.13342,1000000,2250000
2017-11-10 14:55:17.618000,1.13344,1.13342,1120000,5440000
2017-11-10 14:55:18.213000,1.13345,1.13343,1000000,1250000
2017-11-10 14:55:18.749000,1.13345,1.13343,1000000,2440000
2017-11-10 14:55:19.288000,1.13346,1.13344,1120000,1120000
2017-11-10 14:55:20.317000,1.13346,1.13345,2250000,1120000
2017-11-10 14:55:21.737000,1.13347,1.13344,4010000,1870000
2017-11-10 14:55:22.694000,1.13349,1.13348,4200000,1690000
2017-11-10 14:55:22.746000,1.13352,1.1335,1620000,1000000
2017-11-10 14:55:22.952000,1.1335,1.13347,1870000,4310000
2017-11-10 14:55:23.491000,1.13349,1.13346,1000000,5810000
2017-11-10 14:55:23.696000,1.13348,1.13345,1500000,4690000
2017-11-10 14:55:24.206000,1.13347,1.13343,2590000,5810000
2017-11-10 14:55:24.361000,1.13345,1.13343,1500000,1310000
2017-11-10 14:55:24.565000,1.13344,1.13341,1000000,3940000
2017-11-10 14:55:24.770000,1.13345,1.13343,1270000,1310000
2017-11-10 14:55:25.281000,1.13346,1.13343,2620000,1310000
2017-11-10 14:55:25.758000,1.13348,1.13345,1310000,1500000
2017-11-10 14:55:26.272000,1.1335,1.13346,6190000,2320000
2017-11-10 14:55:27.183000,1.13351,1.13349,1690000,1000000
2017-11-10 14:55:27.234000,1.13352,1.13349,1200000,2060000
2017-11-10 14:55:27.770000,1.13351,1.13349,1000000,1250000
2017-11-10 14:55:28.336000,1.13352,1.13349,1500000,2440000
2017-11-10 14:55:28.388000,1.1335,1.13346,3940000,4390000
2017-11-10 14:55:28.927000,1.13349,1.13346,1120000,1690000
2017-11-10 14:55:29.701000,1.1335,1.13347,1500000,3560000
2017-11-10 14:55:30.245000,1.1335,1.13347,1000000,3190000
2017-11-10 14:55:30.628000,1.13348,1.13346,1000000,1690000
2017-11-10 14:55:33.657000,1.13349,1.13347,1000000,1250000
2017-11-10 14:55:34.166000,1.1335,1.13347,1120000,2140000
2017-11-10 14:55:34.691000,1.1335,1.13347,1120000,2140000
2017-11-10 14:55:35.202000,1.1335,1.13347,2700000,2890000
2017-11-10 14:55:35.747000,1.13349,1.13346,2890000,1570000
2017-11-10 14:55:35.799000,1.13348,1.13345,1250000,2320000
2017-11-10 14:55:37.026000,1.13349,1.13346,3940000,1000000
2017-11-10 14:55:37.783000,1.13349,1.13347,1690000,1000000
2017-11-10 14:55:37.835000,1.1335,1.13348,1500000,1120000
2017-11-10 14:55:38.064000,1.13352,1.1335,1000000,1000000
2017-11-10 14:55:39.091000,1.13353,1.1335,1500000,2890000
2017-11-10 14:55:39.604000,1.13354,1.13351,2440000,1100000
2017-11-10 14:55:40.196000,1.13353,1.1335,1120000,3260000
2017-11-10 14:55:40.707000,1.13352,1.1335,1000000,2890000
2017-11-10 14:55:42.832000,1.13353,1.1335,1870000,3260000
2017-11-10 14:55:43.344000,1.13352,1.1335,1000000,2140000
2017-11-10 14:55:43.853000,1.13352,1.1335,1000000,3260000
2017-11-10 14:55:44.353000,1.1335,1.13347,1310000,5700000
2017-11-10 14:55:44.731000,1.13348,1.13347,1000000,1500000
2017-11-10 14:55:44.835000,1.13347,1.13345,1500000,1390000
2017-11-10 14:55:45.422000,1.13345,1.13344,1000000,1200000
2017-11-10 14:55:46.239000,1.13345,1.13343,1000000,2890000
2017-11-10 14:55:47.128000,1.13346,1.13343,2810000,3070000
2017-11-10 14:55:47.642000,1.13346,1.13343,2060000,3450000
2017-11-10 14:55:48.172000,1.13346,1.13343,2440000,3450000
2017-11-10 14:55:48.732000,1.13345,1.13343,1000000,3640000
2017-11-10 14:55:49.194000,1.13344,1.13341,1500000,3640000
2017-11-10 14:55:49.978000,1.13344,1.13341,1690000,1200000
2017-11-10 14:55:50.619000,1.13344,1.13341,4690000,1100000
2017-11-10 14:55:51.458000,1.13344,1.13343,2620000,1870000
2017-11-10 14:55:51.510000,1.13346,1.13344,1500000,1200000
2017-11-10 14:55:52.047000,1.13347,1.13345,3190000,1000000
2017-11-10 14:55:52.983000,1.13348,1.13346,1870000,4160000
2017-11-10 14:55:53.428000,1.13351,1.13349,3190000,1500000
2017-11-10 14:55:53.735000,1.13352,1.13351,1690000,1000000
2017-11-10 14:55:54.266000,1.13353,1.13351,1870000,1120000
2017-11-10 14:55:54.369000,1.13354,1.13353,1310000,1000000
2017-11-10 14:55:54.886000,1.13355,1.13354,1000000,1000000
2017-11-10 14:55:55.092000,1.13355,1.13352,1000000,5510000
2017-11-10 14:55:55.602000,1.13355,1.13352,1000000,9260000
2017-11-10 14:55:57.011000,1.13355,1.13352,1870000,5140000
2017-11-10 14:55:59.991000,1.13354,1.13352,1000000,4390000
2017-11-10 14:56:00.338000,1.13352,1.1335,1000000,1600000
2017-11-10 14:56:03.603000,1.13351,1.13349,1000000,6560000
2017-11-10 14:56:03.940000,1.1335,1.13348,4010000,1000000
2017-11-10 14:56:03.992000,1.13348,1.13346,1000000,2440000
2017-11-10 14:56:04.298000,1.13346,1.13343,1000000,4760000
2017-11-10 14:56:04.627000,1.13341,1.1334,1000000,1500000
2017-11-10 14:56:05.139000,1.13341,1.1334,1120000,1500000
2017-11-10 14:56:05.657000,1.13341,1.1334,1120000,1500000
2017-11-10 14:56:06.188000,1.13341,1.13338,1000000,1690000
2017-11-10 14:56:06.714000,1.1334,1.13337,1120000,1190000
2017-11-10 14:56:08.660000,1.13339,1.13337,1000000,1690000
2017-11-10 14:56:09.237000,1.1334,1.13337,1120000,1690000
2017-11-10 14:56:09.762000,1.13341,1.13339,1120000,1500000
2017-11-10 14:56:10.279000,1.13339,1.13337,1000000,4760000
2017-11-10 14:56:10.790000,1.13339,1.13337,1000000,2060000
2017-11-10 14:56:11.301000,1.1334,1.13337,1120000,3190000
2017-11-10 14:56:12.050000,1.13339,1.13337,1000000,2060000
2017-11-10 14:56:12.359000,1.13337,1.13334,1000000,5440000
2017-11-10 14:56:12.710000,1.13339,1.13337,2440000,1120000
2017-11-10 14:56:13.328000,1.13339,1.13337,1000000,2250000
2017-11-10 14:56:13.840000,1.1334,1.13337,1690000,3000000
2017-11-10 14:56:14.175000,1.13338,1.13335,4870000,1390000
2017-11-10 14:56:14.804000,1.13336,1.13333,1120000,7390000
2017-11-10 14:56:15.566000,1.13336,1.13332,2250000,4010000
2017-11-10 14:56:20.393000,1.13335,1.13332,2250000,5060000
2017-11-10 14:56:20.445000,1.13331,1.1333,1870000,1000000
2017-11-10 14:56:20.496000,1.13331,1.13328,1870000,1310000
2017-11-10 14:56:20.752000,1.13331,1.1333,1000000,1120000
2017-11-10 14:56:21.271000,1.13332,1.13329,1500000,1250000
2017-11-10 14:56:21.804000,1.13331,1.13329,1000000,1250000
2017-11-10 14:56:22.592000,1.13332,1.1333,4120000,1120000
2017-11-10 14:56:23.119000,1.13331,1.13329,1000000,1620000
2017-11-10 14:56:23.640000,1.13331,1.13329,1000000,1250000
2017-11-10 14:56:24.459000,1.13332,1.13329,1120000,4010000
2017-11-10 14:56:25.023000,1.13332,1.13329,1120000,2060000
2017-11-10 14:56:25.530000,1.13331,1.13329,1000000,1310000
2017-11-10 14:56:26.098000,1.13331,1.13328,1120000,2810000
2017-11-10 14:56:26.402000,1.13329,1.13327,1000000,2060000
2017-11-10 14:56:26.714000,1.1333,1.13329,1120000,1000000
2017-11-10 14:56:27.031000,1.13329,1.13327,1120000,1690000
2017-11-10 14:56:28.259000,1.13328,1.13327,1000000,1250000
2017-11-10 14:56:28.617000,1.13327,1.13324,1870000,1760000
2017-11-10 14:56:28.770000,1.13325,1.13322,1120000,2440000
2017-11-10 14:56:28.822000,1.13323,1.13321,1120000,2890000
2017-11-10 14:56:29.092000,1.13321,1.13318,1000000,2890000
2017-11-10 14:56:30.421000,1.13324,1.13322,2620000,1500000
2017-11-10 14:56:30.524000,1.13323,1.13321,1120000,1690000
2017-11-10 14:56:30.831000,1.13322,1.13319,1250000,1120000
2017-11-10 14:56:31.920000,1.13322,1.1332,1310000,1000000
2017-11-10 14:56:32.715000,1.13322,1.13319,1250000,2250000
2017-11-10 14:56:34.257000,1.13321,1.13319,1000000,1120000
2017-11-10 14:56:34.794000,1.13321,1.1332,1000000,1000000
2017-11-10 14:56:35.305000,1.13322,1.1332,1010000,1500000
2017-11-10 14:56:39.196000,1.13322,1.13321,1250000,1000000
2017-11-10 14:56:39.349000,1.13324,1.13322,1990000,1120000
2017-11-10 14:56:39.973000,1.13325,1.13323,1620000,1000000
2017-11-10 14:56:40.975000,1.13325,1.13322,3260000,1000000
2017-11-10 14:56:41.483000,1.13324,1.13322,1370000,1120000
2017-11-10 14:56:43.190000,1.13324,1.13321,3260000,1000000
2017-11-10 14:56:44.440000,1.13323,1.13321,1620000,1000000
2017-11-10 14:56:45.973000,1.13324,1.13321,3640000,1120000
2017-11-10 14:56:46.503000,1.13324,1.13322,2060000,1000000
2017-11-10 14:56:47.173000,1.13323,1.13321,1310000,1000000
2017-11-10 14:56:47.690000,1.13324,1.13321,1120000,2810000
2017-11-10 14:56:48.296000,1.13323,1.13321,1000000,2440000
2017-11-10 14:56:49.384000,1.13323,1.13321,1000000,1250000
2017-11-10 14:56:50.269000,1.13324,1.13322,1000000,1250000
2017-11-10 14:56:50.372000,1.13326,1.13323,1000000,4690000
2017-11-10 14:56:51.532000,1.13327,1.13324,1310000,1870000
2017-11-10 14:56:52.047000,1.13327,1.13324,1500000,4690000
2017-11-10 14:56:52.353000,1.13328,1.13326,1000000,3000000
2017-11-10 14:56:52.890000,1.13329,1.13326,1870000,3190000
2017-11-10 14:56:53.400000,1.1333,1.13327,2250000,2060000
2017-11-10 14:56:54.352000,1.13329,1.13327,1000000,1690000
2017-11-10 14:56:55.069000,1.13329,1.13326,1000000,4010000
2017-11-10 14:56:55.375000,1.13327,1.13324,1870000,3560000
2017-11-10 14:56:56.124000,1.13327,1.13324,1000000,4390000
2017-11-10 14:56:59.525000,1.13327,1.13324,1120000,1250000
2017-11-10 14:56:59.975000,1.13328,1.13326,1100000,1000000
2017-11-10 14:57:00.493000,1.13328,1.13326,1000000,3000000
2017-11-10 14:57:01.108000,1.13329,1.13327,1690000,1000000
2017-11-10 14:57:02.093000,1.13328,1.13326,1500000,1000000
2017-11-10 14:57:02.598000,1.13328,1.13326,2060000,1000000
2017-11-10 14:57:03.389000,1.13329,1.13328,1310000,1000000
2017-11-10 14:57:05.124000,1.1333,1.13328,2060000,1000000
2017-11-10 14:57:06.335000,1.1333,1.13328,2060000,1000000
2017-11-10 14:57:08.828000,1.1333,1.13328,2060000,1000000
2017-11-10 14:57:09.410000,1.13332,1.1333,4950000,1000000
2017-11-10 14:57:09.955000,1.13332,1.13331,1000000,1000000
2017-11-10 14:57:10.472000,1.13333,1.13331,2060000,1000000
2017-11-10 14:57:10.779000,1.13335,1.13333,3190000,1000000
2017-11-10 14:57:12.826000,1.1333,1.13329,1000000,4120000
2017-11-10 14:57:12.977000,1.13329,1.13327,1500000,8440000
2017-11-10 14:57:13.516000,1.13329,1.13326,2250000,2810000
2017-11-10 14:57:13.772000,1.13328,1.13325,2250000,1690000
2017-11-10 14:57:14.725000,1.13327,1.13325,2250000,1310000
2017-11-10 14:57:16.882000,1.13327,1.13324,2250000,2440000
2017-11-10 14:57:19.366000,1.13327,1.13326,1500000,1000000
2017-11-10 14:57:19.895000,1.13327,1.13326,1500000,1000000
2017-11-10 14:57:20.624000,1.13327,1.13325,1500000,1000000
2017-11-10 14:57:21.664000,1.13325,1.13323,2250000,4120000
2017-11-10 14:57:22.188000,1.13324,1.13323,1500000,1000000
2017-11-10 14:57:23.510000,1.13325,1.13324,1500000,1000000
2017-11-10 14:57:24.227000,1.13325,1.13323,2440000,1000000
2017-11-10 14:57:24.768000,1.13326,1.13324,3940000,1000000
2017-11-10 14:57:26.874000,1.13324,1.13323,1500000,1000000
2017-11-10 14:57:27.439000,1.13323,1.13322,1000000,1000000
2017-11-10 14:57:28.246000,1.13323,1.13322,1500000,1000000
2017-11-10 14:57:28.748000,1.13322,1.1332,1500000,3190000
2017-11-10 14:57:29.808000,1.13321,1.1332,1000000,2250000
2017-11-10 14:57:29.859000,1.13321,1.13318,2250000,2810000
2017-11-10 14:57:29.961000,1.13321,1.1332,2250000,1000000
2017-11-10 14:57:30.209000,1.13321,1.13318,2620000,3190000
2017-11-10 14:57:30.812000,1.13321,1.13318,2620000,2810000
2017-11-10 14:57:34.347000,1.13321,1.13318,3370000,1310000
2017-11-10 14:57:34.751000,1.13318,1.13315,1500000,5890000
2017-11-10 14:57:35.078000,1.13316,1.13315,1000000,1310000
2017-11-10 14:57:36.440000,1.13317,1.13316,1500000,1000000
2017-11-10 14:57:36.492000,1.13319,1.13317,2700000,1000000
2017-11-10 14:57:37.037000,1.1332,1.13318,1870000,1120000
2017-11-10 14:57:37.578000,1.13321,1.13319,5060000,1000000
2017-11-10 14:57:38.451000,1.13319,1.13317,1000000,3560000
2017-11-10 14:57:41.258000,1.1332,1.13317,1120000,3940000
2017-11-10 14:57:41.803000,1.13319,1.13317,1000000,3190000
2017-11-10 14:57:43.796000,1.13319,1.13317,1000000,2440000
2017-11-10 14:57:44.306000,1.13319,1.13317,1000000,1690000
2017-11-10 14:57:47.082000,1.13318,1.13316,1000000,4690000
2017-11-10 14:57:47.603000,1.13318,1.13317,1000000,1120000
2017-11-10 14:57:54.052000,1.13317,1.13315,4350000,1760000
2017-11-10 14:57:54.425000,1.13313,1.13312,1000000,1310000
2017-11-10 14:57:55.509000,1.13314,1.13311,1500000,4390000
2017-11-10 14:57:57.200000,1.13313,1.13311,1000000,1690000
2017-11-10 14:57:59.984000,1.13314,1.13311,1500000,1690000
2017-11-10 14:58:00.541000,1.13315,1.13312,3750000,1250000
2017-11-10 14:58:01.547000,1.13314,1.13311,1000000,3750000
2017-11-10 14:58:05.782000,1.13315,1.13314,1870000,1000000
2017-11-10 14:58:05.835000,1.13318,1.13316,1310000,3370000
2017-11-10 14:58:05.989000,1.1332,1.13317,1500000,3560000
2017-11-10 14:58:06.932000,1.1332,1.13317,1000000,3640000
2017-11-10 14:58:09.211000,1.1332,1.13318,1000000,6640000
2017-11-10 14:58:09.925000,1.13321,1.13319,1120000,1120000
2017-11-10 14:58:14.747000,1.13322,1.13319,2620000,2060000
2017-11-10 14:58:15.257000,1.13322,1.13319,2620000,2060000
2017-11-10 14:58:19.469000,1.13322,1.13319,2620000,2060000
2017-11-10 14:58:20.147000,1.13322,1.1332,1870000,1000000
2017-11-10 14:58:20.891000,1.13323,1.13321,3190000,3000000
2017-11-10 14:58:21.117000,1.13327,1.13323,6640000,3560000
2017-11-10 14:58:23.045000,1.13325,1.13322,1500000,3260000
2017-11-10 14:58:23.660000,1.13325,1.13323,1250000,1000000
2017-11-10 14:58:24.021000,1.13327,1.13324,3750000,1310000
2017-11-10 14:58:24.880000,1.13326,1.13324,1000000,2060000
2017-11-10 14:58:25.394000,1.13327,1.13324,1870000,1870000
2017-11-10 14:58:29.535000,1.13327,1.13324,1000000,4200000
2017-11-10 14:58:31.348000,1.13328,1.13325,1000000,5140000
2017-11-10 14:58:32.069000,1.13328,1.13325,1000000,5140000
2017-11-10 14:58:34.856000,1.13329,1.13326,3940000,2700000
2017-11-10 14:58:37.545000,1.13329,1.13326,2060000,2850000
2017-11-10 14:58:38.077000,1.13328,1.13326,1120000,2850000
2017-11-10 14:58:38.745000,1.13328,1.13326,1120000,2100000
2017-11-10 14:58:39.291000,1.13328,1.13326,1120000,1100000
2017-11-10 14:58:40.028000,1.13327,1.13325,1120000,5510000
2017-11-10 14:58:42.522000,1.13326,1.13324,4870000,1200000
2017-11-10 14:58:42.676000,1.13325,1.13322,6560000,2100000
2017-11-10 14:58:42.727000,1.13323,1.13321,1500000,1200000
2017-11-10 14:58:43.254000,1.13322,1.13319,1120000,9640000
2017-11-10 14:58:44.160000,1.13323,1.1332,3940000,1690000
2017-11-10 14:58:44.314000,1.13322,1.13319,1000000,5510000
2017-11-10 14:58:44.825000,1.13321,1.13319,1120000,2320000
2017-11-10 14:58:45.030000,1.13322,1.13321,1250000,1500000
2017-11-10 14:58:45.082000,1.13324,1.13321,1310000,2620000
2017-11-10 14:58:45.235000,1.13325,1.13323,1310000,1950000
2017-11-10 14:58:47.128000,1.13326,1.13323,3560000,3820000
2017-11-10 14:58:49.025000,1.13326,1.13323,4690000,5320000
2017-11-10 14:58:49.574000,1.13324,1.13323,1250000,1200000
2017-11-10 14:58:50.121000,1.13325,1.13322,2440000,6000000
2017-11-10 14:58:51.155000,1.13325,1.13323,2440000,1200000
2017-11-10 14:58:51.760000,1.13325,1.13322,3190000,3750000
2017-11-10 14:58:52.169000,1.13322,1.1332,2440000,1200000
2017-11-10 14:58:55.812000,1.13321,1.13318,3190000,2700000
2017-11-10 14:58:56.384000,1.1332,1.13317,3560000,3070000
2017-11-10 14:58:59.953000,1.13319,1.13317,1310000,1100000
2017-11-10 14:59:00.967000,1.1332,1.13318,1690000,1000000
2017-11-10 14:59:01.476000,1.1332,1.13319,1250000,1000000
2017-11-10 14:59:03.052000,1.13321,1.13319,1000000,2320000
2017-11-10 14:59:10.507000,1.13322,1.13319,2060000,3820000
2017-11-10 14:59:13.062000,1.13322,1.13319,2060000,3450000
2017-11-10 14:59:21.838000,1.13319,1.13317,2250000,1000000
2017-11-10 14:59:22.162000,1.13317,1.13315,1000000,1000000
2017-11-10 14:59:22.708000,1.13317,1.13315,1870000,1000000
2017-11-10 14:59:24.241000,1.13316,1.13313,1120000,3190000
2017-11-10 14:59:26.102000,1.13316,1.13313,1120000,1990000
2017-11-10 14:59:26.447000,1.13314,1.13312,1120000,1120000
2017-11-10 14:59:29.219000,1.13314,1.13311,1120000,2440000
2017-11-10 14:59:29.729000,1.13314,1.13311,1870000,1240000
2017-11-10 14:59:30.177000,1.13311,1.1331,1120000,1570000
2017-11-10 14:59:30.229000,1.1331,1.13307,1000000,1950000
2017-11-10 14:59:30.280000,1.13312,1.13309,2320000,1000000
2017-11-10 14:59:30.589000,1.13315,1.13311,6820000,1000000
2017-11-10 14:59:31.139000,1.13315,1.13311,1950000,1150000
2017-11-10 14:59:31.514000,1.13309,1.13307,8250000,1500000
2017-11-10 14:59:31.723000,1.1331,1.13307,1120000,1000000
2017-11-10 14:59:32.233000,1.13311,1.13307,2320000,1000000
2017-11-10 14:59:35.107000,1.13313,1.13309,3450000,1120000
2017-11-10 14:59:35.159000,1.13313,1.1331,1120000,1570000
2017-11-10 14:59:35.695000,1.13314,1.13311,1500000,1000000
2017-11-10 14:59:36.336000,1.13314,1.13313,1000000,1000000
2017-11-10 14:59:36.388000,1.13316,1.13313,3820000,1000000
2017-11-10 14:59:36.906000,1.13317,1.13314,1570000,1000000
2017-11-10 14:59:38.787000,1.13317,1.13314,2620000,1000000
2017-11-10 14:59:41.030000,1.13316,1.13314,1000000,1000000
2017-11-10 14:59:41.552000,1.13316,1.13313,1870000,1000000
2017-11-10 14:59:42.078000,1.13315,1.13312,1500000,1000000
2017-11-10 14:59:42.585000,1.13314,1.13311,1570000,1000000
2017-11-10 14:59:43.102000,1.13315,1.13312,2620000,1000000
2017-11-10 14:59:46.723000,1.13316,1.13312,1200000,1000000
2017-11-10 14:59:47.957000,1.13317,1.13314,1070000,3750000
2017-11-10 14:59:48.060000,1.13321,1.13317,1500000,1500000
2017-11-10 14:59:48.214000,1.13322,1.13319,1120000,1000000
2017-11-10 14:59:48.730000,1.13322,1.1332,1120000,1000000
2017-11-10 14:59:49.156000,1.13324,1.13321,1870000,1000000
2017-11-10 14:59:49.567000,1.13327,1.13322,5400000,1500000
2017-11-10 14:59:49.670000,1.13325,1.13322,1870000,1000000
2017-11-10 14:59:50.213000,1.13325,1.13322,2250000,1000000
2017-11-10 14:59:50.737000,1.13325,1.13322,1500000,1000000
2017-11-10 14:59:52.076000,1.13325,1.13323,1500000,1500000
2017-11-10 14:59:52.445000,1.13325,1.13321,1000000,2250000
2017-11-10 14:59:55.439000,1.13325,1.13322,1120000,1000000
2017-11-10 14:59:56.224000,1.13326,1.13322,1870000,1000000
2017-11-10 14:59:56.740000,1.13327,1.13323,3300000,1000000
2017-11-10 14:59:57.276000,1.13327,1.13322,2920000,1000000
2017-11-10 14:59:57.836000,1.13326,1.13321,1000000,2250000
2017-11-10 14:59:58.149000,1.13327,1.13325,1000000,1120000
2017-11-10 14:59:58.203000,1.13337,1.13328,1100000,2700000
2017-11-10 14:59:58.255000,1.13331,1.13329,1000000,1500000
2017-11-10 14:59:58.563000,1.1333,1.13328,1000000,1000000
2017-11-10 14:59:58.615000,1.13331,1.13328,1000000,1500000
2017-11-10 14:59:59.304000,1.13331,1.1333,1000000,1000000
2017-11-10 14:59:59.407000,1.13334,1.13329,1570000,2320000
2017-11-10 15:00:00.040000,1.13333,1.1333,1120000,1450000
2017-11-10 15:00:00.197000,1.13326,1.13323,1000000,3750000
2017-11-10 15:00:00.413000,1.13321,1.1332,1000000,1500000
2017-11-10 15:00:00.465000,1.13321,1.13319,1000000,1000000
2017-11-10 15:00:01.011000,1.13322,1.13318,1000000,1500000
2017-11-10 15:00:01.116000,1.13319,1.13316,1000000,1950000
2017-11-10 15:00:01.591000,1.13317,1.13313,1000000,3450000
2017-11-10 15:00:01.643000,1.13314,1.13311,1000000,2250000
2017-11-10 15:00:01.851000,1.13311,1.13306,1000000,2620000
2017-11-10 15:00:01.955000,1.1331,1.13303,1200000,3000000
2017-11-10 15:00:02.167000,1.13308,1.13303,1500000,3000000
2017-11-10 15:00:02.850000,1.1331,1.13304,1120000,1100000
2017-11-10 15:00:03.362000,1.1331,1.13305,1120000,1000000
2017-11-10 15:00:03.586000,1.13308,1.13305,1000000,1120000
2017-11-10 15:00:03.894000,1.13309,1.13307,1000000,1120000
2017-11-10 15:00:04.400000,1.13308,1.13306,1000000,1120000
2017-11-10 15:00:04.762000,1.13311,1.13308,1000000,1500000
2017-11-10 15:00:04.814000,1.13309,1.13307,1000000,2620000
2017-11-10 15:00:05.281000,1.13307,1.13305,1000000,1200000
2017-11-10 15:00:05.846000,1.13308,1.13306,1000000,1000000
2017-11-10 15:00:05.993000,1.13307,1.13305,1000000,1120000
2017-11-10 15:00:06.148000,1.13307,1.13304,1000000,1950000
2017-11-10 15:00:06.199000,1.13306,1.13304,1000000,1870000
2017-11-10 15:00:06.303000,1.13307,1.13304,1000000,1000000
2017-11-10 15:00:06.406000,1.13305,1.13303,1000000,1120000
2017-11-10 15:00:06.810000,1.13302,1.133,1000000,1000000
2017-11-10 15:00:06.862000,1.13297,1.13296,1000000,1000000
2017-11-10 15:00:06.966000,1.13295,1.13293,1000000,1100000
2017-11-10 15:00:07.474000,1.13292,1.1329,1000000,1000000
2017-11-10 15:00:07.577000,1.1329,1.13287,1000000,2700000
2017-11-10 15:00:08.468000,1.13289,1.13286,1000000,1870000
2017-11-10 15:00:08.775000,1.13284,1.13282,1000000,2620000
2017-11-10 15:00:08.878000,1.13281,1.13278,1000000,2320000
2017-11-10 15:00:09.051000,1.13278,1.13276,1000000,1200000
2017-11-10 15:00:09.361000,1.13275,1.13273,1500000,1120000
2017-11-10 15:00:09.898000,1.13275,1.13271,1000000,7200000
2017-11-10 15:00:10.288000,1.13271,1.13269,1000000,1000000
2017-11-10 15:00:10.595000,1.13269,1.13268,1120000,1500000
2017-11-10 15:00:10.799000,1.13268,1.13265,1570000,1000000
2017-11-10 15:00:11.119000,1.13262,1.13261,1000000,1000000
2017-11-10 15:00:11.171000,1.13262,1.13258,1000000,4010000
2017-11-10 15:00:11.757000,1.13255,1.13251,1000000,4120000
2017-11-10 15:00:12.117000,1.13254,1.13251,1000000,5020000
2017-11-10 15:00:12.421000,1.13257,1.13251,1750000,2770000
2017-11-10 15:00:12.937000,1.13259,1.13253,4570000,1100000
2017-11-10 15:00:13.376000,1.13254,1.13252,1000000,3070000
2017-11-10 15:00:13.530000,1.13253,1.1325,1000000,2770000
2017-11-10 15:00:13.583000,1.13243,1.13237,1000000,2250000
2017-11-10 15:00:13.636000,1.13243,1.13241,1070000,1000000
2017-11-10 15:00:13.741000,1.13244,1.13238,3070000,1570000
2017-11-10 15:00:13.926000,1.13244,1.13241,2320000,1500000
2017-11-10 15:00:13.990000,1.13247,1.13244,1950000,2250000
2017-11-10 15:00:14.094000,1.13245,1.13243,1500000,1500000
2017-11-10 15:00:14.250000,1.13247,1.13243,2320000,1500000
2017-11-10 15:00:14.353000,1.13245,1.13243,1120000,1870000
2017-11-10 15:00:14.860000,1.13246,1.13242,4570000,1500000
2017-11-10 15:00:15.325000,1.13246,1.13241,3860000,1500000
2017-11-10 15:00:15.632000,1.13241,1.13237,1870000,1950000
2017-11-10 15:00:15.887000,1.13242,1.13239,4580000,1200000
2017-11-10 15:00:16.214000,1.13241,1.13237,1870000,5320000
2017-11-10 15:00:16.368000,1.13242,1.13239,2620000,1570000
2017-11-10 15:00:16.471000,1.13244,1.13239,2320000,1570000
2017-11-10 15:00:16.524000,1.13244,1.13241,1070000,1000000
2017-11-10 15:00:16.577000,1.13245,1.13241,3000000,1200000
2017-11-10 15:00:16.844000,1.13247,1.13244,3070000,1500000
2017-11-10 15:00:16.895000,1.13248,1.13245,1570000,1500000
2017-11-10 15:00:17.306000,1.1325,1.13246,2320000,2250000
2017-11-10 15:00:17.699000,1.13252,1.13247,1100000,4570000
2017-11-10 15:00:18.163000,1.13251,1.13249,1000000,1500000
2017-11-10 15:00:18.899000,1.13251,1.1325,1000000,1000000
2017-11-10 15:00:19.421000,1.13255,1.13252,4200000,1500000
2017-11-10 15:00:20.041000,1.13254,1.13251,1950000,1000000
2017-11-10 15:00:20.092000,1.13252,1.1325,1000000,4120000
2017-11-10 15:00:20.144000,1.13253,1.1325,1570000,1750000
2017-11-10 15:00:20.515000,1.13252,1.1325,1500000,1870000
2017-11-10 15:00:20.566000,1.13253,1.1325,4870000,1750000
2017-11-10 15:00:20.669000,1.13251,1.13249,1000000,1570000
2017-11-10 15:00:21.197000,1.13254,1.13252,4500000,1370000
2017-11-10 15:00:21.301000,1.13253,1.13251,1000000,5400000
2017-11-10 15:00:21.815000,1.13251,1.1325,1000000,1000000
2017-11-10 15:00:22.356000,1.1325,1.13247,1100000,3370000
2017-11-10 15:00:22.881000,1.13249,1.13247,1500000,1370000
2017-11-10 15:00:23.189000,1.13251,1.13247,1950000,1500000
2017-11-10 15:00:23.736000,1.13251,1.13247,1200000,1870000
2017-11-10 15:00:24.268000,1.13251,1.13248,1200000,1370000
2017-11-10 15:00:24.900000,1.13251,1.13248,2250000,1000000
2017-11-10 15:00:25.412000,1.13252,1.13248,3070000,1500000
2017-11-10 15:00:26.265000,1.13253,1.13249,2700000,1000000
2017-11-10 15:00:26.677000,1.13253,1.13249,2320000,1120000
2017-11-10 15:00:27.181000,1.13254,1.1325,3750000,1570000
2017-11-10 15:00:27.488000,1.13257,1.13254,2700000,1370000
2017-11-10 15:00:27.590000,1.13258,1.13255,1200000,1000000
2017-11-10 15:00:27.903000,1.13259,1.13256,1370000,1870000
2017-11-10 15:00:28.108000,1.13261,1.13258,3750000,5250000
2017-11-10 15:00:28.585000,1.13258,1.13256,1120000,1470000
2017-11-10 15:00:28.840000,1.1326,1.13257,1200000,1500000
2017-11-10 15:00:29.147000,1.13262,1.1326,1120000,1370000
2017-11-10 15:00:29.681000,1.13263,1.13261,1500000,1000000
2017-11-10 15:00:30.285000,1.13264,1.13261,1120000,1370000
2017-11-10 15:00:30.337000,1.13263,1.13261,1500000,1000000
2017-11-10 15:00:30.697000,1.13264,1.13262,1120000,1000000
2017-11-10 15:00:31.218000,1.13265,1.13262,2440000,1470000
2017-11-10 15:00:31.729000,1.13264,1.13261,1120000,1370000
2017-11-10 15:00:31.781000,1.13263,1.13261,1500000,1000000
2017-11-10 15:00:32.435000,1.13264,1.1326,1870000,3070000
2017-11-10 15:00:32.997000,1.13262,1.13259,1690000,2700000
2017-11-10 15:00:33.316000,1.13266,1.13262,1000000,6450000
2017-11-10 15:00:33.623000,1.13265,1.13261,1500000,1950000
2017-11-10 15:00:34.145000,1.13266,1.13262,4690000,3070000
2017-11-10 15:00:34.197000,1.13265,1.13262,1500000,1000000
2017-11-10 15:00:34.682000,1.13267,1.13266,1500000,1000000
2017-11-10 15:00:34.939000,1.13271,1.13269,1950000,3370000
2017-11-10 15:00:35.452000,1.1327,1.13269,1000000,3370000
2017-11-10 15:00:36.005000,1.13272,1.1327,2250000,1120000
2017-11-10 15:00:36.211000,1.13273,1.13271,1120000,2620000
2017-11-10 15:00:36.763000,1.13273,1.13272,1870000,1500000
2017-11-10 15:00:37.224000,1.13276,1.13272,2140000,2250000
2017-11-10 15:00:38.920000,1.13277,1.13275,3260000,4500000
2017-11-10 15:00:38.973000,1.13278,1.13276,2250000,3750000
2017-11-10 15:00:39.025000,1.13279,1.13277,1000000,3750000
2017-11-10 15:00:39.504000,1.13282,1.13279,3750000,4570000
2017-11-10 15:00:40.015000,1.1328,1.13278,1000000,4120000
2017-11-10 15:00:40.378000,1.13284,1.13281,5140000,1000000
2017-11-10 15:00:40.432000,1.13284,1.13282,1500000,3370000
2017-11-10 15:00:40.945000,1.13284,1.13282,1500000,2620000
2017-11-10 15:00:41.465000,1.13284,1.13282,1870000,3000000
2017-11-10 15:00:41.772000,1.13282,1.13281,1000000,1500000
2017-11-10 15:00:41.875000,1.13284,1.13282,1120000,1000000
2017-11-10 15:00:41.927000,1.13282,1.13281,1000000,1500000
2017-11-10 15:00:42.443000,1.13284,1.13281,2250000,1870000
2017-11-10 15:00:42.954000,1.13284,1.13281,2250000,1500000
2017-11-10 15:00:43.260000,1.13284,1.13281,3000000,3000000
2017-11-10 15:00:43.548000,1.13288,1.13285,1070000,2250000
2017-11-10 15:00:43.601000,1.1329,1.13286,4010000,1500000
2017-11-10 15:00:44.114000,1.13288,1.13284,2060000,2060000
2017-11-10 15:00:44.400000,1.13282,1.13278,1310000,5060000
2017-11-10 15:00:44.915000,1.13282,1.13278,3560000,2060000
2017-11-10 15:00:45.951000,1.13282,1.1328,1000000,1000000
2017-11-10 15:00:46.426000,1.13284,1.13281,2060000,1870000
2017-11-10 15:00:46.938000,1.13286,1.13282,2810000,2250000
2017-11-10 15:00:47.119000,1.13292,1.13289,2440000,2250000
2017-11-10 15:00:47.478000,1.13294,1.1329,2060000,3940000
2017-11-10 15:00:47.581000,1.13296,1.13294,1010000,2250000
2017-11-10 15:00:48.112000,1.13298,1.13294,2810000,2620000
2017-11-10 15:00:49.286000,1.13298,1.13295,2140000,1000000
2017-11-10 15:00:49.854000,1.13299,1.13296,2140000,1500000
2017-11-10 15:00:49.905000,1.133,1.13297,1760000,3000000
2017-11-10 15:00:50.843000,1.133,1.13297,4760000,2620000
2017-11-10 15:00:51.365000,1.13298,1.13296,1000000,1500000
2017-11-10 15:00:51.938000,1.13298,1.13296,1000000,1120000
2017-11-10 15:00:52.448000,1.13299,1.13296,4010000,1870000
2017-11-10 15:00:52.959000,1.13299,1.13296,2510000,2250000
2017-11-10 15:00:53.271000,1.133,1.13298,2140000,2120000
2017-11-10 15:00:53.785000,1.13302,1.13299,5140000,1000000
2017-11-10 15:00:54.044000,1.13303,1.133,2140000,4870000
2017-11-10 15:00:54.198000,1.13308,1.13305,1310000,1870000
2017-11-10 15:00:54.302000,1.13305,1.13302,1250000,4570000
2017-11-10 15:00:54.931000,1.13305,1.13302,1690000,3370000
2017-11-10 15:00:55.187000,1.13303,1.13301,1000000,3370000
2017-11-10 15:00:55.697000,1.13305,1.13301,5890000,2020000
2017-11-10 15:00:56.237000,1.13304,1.13301,6260000,1500000
2017-11-10 15:00:57.115000,1.13304,1.13301,1690000,1000000
2017-11-10 15:00:58.743000,1.13303,1.13301,1000000,1500000
2017-11-10 15:00:59.902000,1.13303,1.133,1000000,2060000
2017-11-10 15:01:00.413000,1.13304,1.13301,3940000,1120000
2017-11-10 15:01:00.722000,1.13305,1.13303,1250000,1870000
2017-11-10 15:01:01.258000,1.13305,1.13303,1000000,5620000
2017-11-10 15:01:01.821000,1.13304,1.13301,1870000,2440000
2017-11-10 15:01:02.028000,1.13304,1.13301,1870000,2060000
2017-11-10 15:01:02.878000,1.13302,1.13301,1120000,1310000
2017-11-10 15:01:02.929000,1.13299,1.13296,2620000,2140000
2017-11-10 15:01:02.983000,1.133,1.13297,5890000,4490000
2017-11-10 15:01:03.035000,1.13297,1.13295,1000000,6190000
2017-11-10 15:01:04.467000,1.13298,1.13297,1500000,1500000
2017-11-10 15:01:04.578000,1.133,1.13299,1000000,1870000
2017-11-10 15:01:05.504000,1.13301,1.133,1000000,1500000
2017-11-10 15:01:06.658000,1.133,1.13298,3000000,1010000
2017-11-10 15:01:07.033000,1.13298,1.13297,1000000,1500000
2017-11-10 15:01:07.187000,1.13297,1.13295,1500000,1760000
2017-11-10 15:01:07.647000,1.13295,1.13294,1000000,1500000
2017-11-10 15:01:08.054000,1.13286,1.13284,2250000,1000000
2017-11-10 15:01:08.172000,1.13285,1.13283,3190000,2250000
2017-11-10 15:01:08.684000,1.13284,1.13283,1000000,1500000
2017-11-10 15:01:09.197000,1.13284,1.13282,1690000,1000000
2017-11-10 15:01:09.516000,1.13281,1.13279,2250000,2250000
2017-11-10 15:01:09.671000,1.13278,1.13276,2620000,1690000
2017-11-10 15:01:09.775000,1.13276,1.13274,1000000,2440000
2017-11-10 15:01:10.294000,1.13276,1.13274,1000000,1250000
2017-11-10 15:01:10.828000,1.13273,1.13272,1310000,2250000
2017-11-10 15:01:10.931000,1.13272,1.1327,1000000,1120000
2017-11-10 15:01:11.035000,1.1327,1.13268,1000000,1690000
2017-11-10 15:01:11.573000,1.13271,1.13268,1000000,1310000
2017-11-10 15:01:12.232000,1.13269,1.13266,1000000,3560000
2017-11-10 15:01:12.439000,1.13271,1.13268,2440000,1000000
2017-11-10 15:01:13.062000,1.13271,1.13268,2440000,1000000
2017-11-10 15:01:13.816000,1.1327,1.13268,1690000,1000000
2017-11-10 15:01:14.227000,1.13271,1.1327,3560000,1000000
2017-11-10 15:01:14.560000,1.13268,1.13267,1120000,1250000
2017-11-10 15:01:14.671000,1.13269,1.13268,1000000,1000000
2017-11-10 15:01:15.578000,1.1327,1.13269,1150000,1000000
2017-11-10 15:01:16.097000,1.1327,1.13269,1000000,1000000
2017-11-10 15:01:16.472000,1.13272,1.1327,3450000,1310000
2017-11-10 15:01:16.998000,1.13274,1.13273,1100000,1120000
2017-11-10 15:01:17.052000,1.13276,1.13273,1000000,2060000
2017-11-10 15:01:17.205000,1.13277,1.13275,1000000,1000000
2017-11-10 15:01:17.834000,1.13278,1.13275,3940000,1000000
2017-11-10 15:01:18.751000,1.13278,1.13275,3750000,1690000
2017-11-10 15:01:19.903000,1.13279,1.13276,1870000,2060000
2017-11-10 15:01:22.866000,1.13279,1.13275,1870000,3940000
2017-11-10 15:01:23.374000,1.1328,1.13276,2620000,2810000
2017-11-10 15:01:24.245000,1.1328,1.13277,5290000,1310000
2017-11-10 15:01:24.911000,1.13279,1.13276,1500000,3190000
2017-11-10 15:01:25.450000,1.13277,1.13275,1120000,5060000
2017-11-10 15:01:25.961000,1.13276,1.13274,1120000,2060000
2017-11-10 15:01:26.467000,1.13277,1.13275,1000000,3560000
2017-11-10 15:01:27.247000,1.13278,1.13275,1500000,3190000
2017-11-10 15:01:28.552000,1.13278,1.13275,1500000,2440000
2017-11-10 15:01:32.427000,1.13277,1.13275,1000000,1690000
2017-11-10 15:01:34.318000,1.13278,1.13277,2250000,1000000
2017-11-10 15:01:34.544000,1.13281,1.13279,2250000,1690000
2017-11-10 15:01:35.238000,1.13282,1.1328,2620000,2250000
2017-11-10 15:01:35.440000,1.13283,1.13281,4200000,1000000
2017-11-10 15:01:37.076000,1.13282,1.13279,2250000,5060000
2017-11-10 15:01:37.127000,1.13282,1.13278,5440000,5440000
2017-11-10 15:01:37.501000,1.13283,1.13281,2440000,1000000
2017-11-10 15:01:37.656000,1.1328,1.13278,3040000,2440000
2017-11-10 15:01:38.294000,1.13279,1.13277,1120000,1310000
2017-11-10 15:01:38.346000,1.13278,1.13275,2620000,3940000
2017-11-10 15:01:38.960000,1.13277,1.13275,1000000,2440000
2017-11-10 15:01:40.806000,1.13277,1.13275,2620000,1250000
2017-11-10 15:01:40.961000,1.13275,1.13273,1500000,3000000
2017-11-10 15:01:41.063000,1.13273,1.13271,1870000,1000000
2017-11-10 15:01:41.753000,1.13273,1.1327,3370000,1310000
2017-11-10 15:01:42.271000,1.13272,1.13269,1500000,3560000
2017-11-10 15:01:42.796000,1.13272,1.13269,1120000,4690000
2017-11-10 15:01:43.538000,1.13273,1.13269,5700000,5440000
2017-11-10 15:01:46.166000,1.13272,1.13269,1120000,4310000
2017-11-10 15:01:46.705000,1.13273,1.13269,10390000,4310000
2017-11-10 15:01:48.222000,1.13269,1.13268,1000000,3000000
2017-11-10 15:01:48.274000,1.1327,1.13267,5250000,1760000
2017-11-10 15:01:49.600000,1.1327,1.13267,2250000,2810000
2017-11-10 15:01:50.145000,1.13271,1.13269,3070000,1000000
2017-11-10 15:01:50.808000,1.13269,1.13268,1000000,1250000
2017-11-10 15:01:52.893000,1.13269,1.13267,1000000,2810000
2017-11-10 15:01:53.206000,1.13271,1.13269,1000000,3560000
2017-11-10 15:01:53.361000,1.13272,1.13271,1000000,2060000
2017-11-10 15:01:53.522000,1.13276,1.13273,1120000,5810000
2017-11-10 15:01:54.039000,1.13276,1.13274,1000000,2320000
2017-11-10 15:01:54.556000,1.13276,1.13274,1000000,2250000
2017-11-10 15:01:56.964000,1.13274,1.13272,1500000,4500000
2017-11-10 15:01:57.017000,1.13273,1.1327,3560000,1120000
2017-11-10 15:01:57.120000,1.13272,1.13269,2440000,4570000
2017-11-10 15:01:59.231000,1.13271,1.13268,1690000,5250000
2017-11-10 15:02:00.395000,1.1327,1.13268,1250000,4500000
2017-11-10 15:02:00.829000,1.13271,1.1327,2440000,1000000
2017-11-10 15:02:01.810000,1.13274,1.13271,1000000,4500000
2017-11-10 15:02:01.862000,1.13275,1.13273,1870000,1000000
2017-11-10 15:02:01.965000,1.13274,1.13272,1690000,3370000
2017-11-10 15:02:02.138000,1.13275,1.13273,3000000,1000000
2017-11-10 15:02:02.189000,1.13273,1.13271,1120000,4500000
2017-11-10 15:02:02.547000,1.13275,1.13273,1000000,1000000
2017-11-10 15:02:03.119000,1.13276,1.13274,1000000,2620000
2017-11-10 15:02:03.374000,1.13275,1.13273,1000000,2250000
2017-11-10 15:02:03.478000,1.13273,1.13272,1000000,1500000
2017-11-10 15:02:04.404000,1.13274,1.13272,1000000,2620000
2017-11-10 15:02:04.870000,1.13272,1.13271,2440000,1500000
2017-11-10 15:02:05.024000,1.1327,1.13268,1000000,1500000
2017-11-10 15:02:05.461000,1.13267,1.13265,2060000,1120000
2017-11-10 15:02:05.972000,1.13265,1.13263,3190000,1500000
2017-11-10 15:02:06.296000,1.13263,1.13261,1000000,2620000
2017-11-10 15:02:06.719000,1.13257,1.13256,1120000,1870000
2017-11-10 15:02:06.802000,1.13255,1.13253,2440000,2250000
2017-11-10 15:02:07.286000,1.13254,1.13251,6190000,3450000
2017-11-10 15:02:07.824000,1.13253,1.1325,5440000,2250000
2017-11-10 15:02:08.975000,1.1325,1.13249,1250000,2250000
2017-11-10 15:02:09.031000,1.13249,1.13246,1690000,2700000
2017-11-10 15:02:09.202000,1.13249,1.13247,1690000,1500000
2017-11-10 15:02:10.038000,1.1325,1.13248,1690000,2250000
2017-11-10 15:02:10.243000,1.13251,1.13249,2060000,1000000
2017-11-10 15:02:10.752000,1.13251,1.13248,3560000,2250000
2017-11-10 15:02:12.422000,1.13249,1.13247,2440000,1000000
2017-11-10 15:02:12.475000,1.13248,1.13246,1690000,2320000
2017-11-10 15:02:12.578000,1.13245,1.13244,1000000,1500000
2017-11-10 15:02:13.128000,1.13245,1.13243,1310000,1000000
2017-11-10 15:02:13.757000,1.13245,1.13244,1310000,1000000
2017-11-10 15:02:14.067000,1.13248,1.13247,1250000,1500000
2017-11-10 15:02:14.771000,1.13249,1.13248,2810000,1000000
2017-11-10 15:02:15.291000,1.13251,1.13249,1690000,1000000
2017-11-10 15:02:15.602000,1.13249,1.13247,1250000,1120000
2017-11-10 15:02:15.910000,1.1325,1.13248,2060000,1000000
2017-11-10 15:02:16.461000,1.1325,1.13248,1250000,1870000
2017-11-10 15:02:16.833000,1.13252,1.1325,2440000,1120000
2017-11-10 15:02:17.709000,1.13252,1.13249,2810000,1870000
2017-11-10 15:02:18.134000,1.13249,1.13247,4720000,1760000
2017-11-10 15:02:18.444000,1.13247,1.13244,2060000,3370000
2017-11-10 15:02:18.976000,1.13246,1.13244,1690000,1120000
2017-11-10 15:02:19.574000,1.13247,1.13245,2440000,3370000
2017-11-10 15:02:19.626000,1.13249,1.13248,1250000,1000000
2017-11-10 15:02:19.729000,1.13251,1.13249,3940000,1000000
2017-11-10 15:02:20.202000,1.1325,1.13248,1190000,2250000
2017-11-10 15:02:20.254000,1.13249,1.13247,1250000,1500000
2017-11-10 15:02:20.512000,1.13247,1.13245,1310000,3000000
2017-11-10 15:02:20.827000,1.13246,1.13244,1690000,1000000
2017-11-10 15:02:21.237000,1.13245,1.13243,1190000,1120000
2017-11-10 15:02:22.324000,1.13243,1.13242,1690000,1000000
2017-11-10 15:02:22.431000,1.13252,1.13248,2320000,1000000
2017-11-10 15:02:22.485000,1.13276,1.13266,2100000,1000000
2017-11-10 15:02:22.539000,1.13273,1.13271,1870000,1120000
2017-11-10 15:02:22.861000,1.13287,1.13285,1120000,2320000
2017-11-10 15:02:22.965000,1.13292,1.13289,5810000,1570000
2017-11-10 15:02:23.120000,1.13292,1.13288,5060000,4950000
2017-11-10 15:02:23.171000,1.13292,1.13289,4310000,1870000
2017-11-10 15:02:23.326000,1.13287,1.13285,1250000,1570000
2017-11-10 15:02:23.634000,1.13283,1.13281,1500000,2700000
2017-11-10 15:02:23.685000,1.13281,1.13279,2250000,2620000
2017-11-10 15:02:23.737000,1.13279,1.13276,2620000,3370000
2017-11-10 15:02:24.261000,1.13277,1.13275,1690000,2700000
2017-11-10 15:02:24.673000,1.13276,1.13274,3560000,1570000
2017-11-10 15:02:25.729000,1.13276,1.13274,1690000,1870000
2017-11-10 15:02:26.471000,1.13274,1.13272,4250000,2700000
2017-11-10 15:02:26.523000,1.13272,1.1327,1250000,4120000
2017-11-10 15:02:27.040000,1.13271,1.13269,1690000,1370000
2017-11-10 15:02:27.145000,1.13273,1.13271,2510000,1500000
2017-11-10 15:02:27.469000,1.13276,1.13274,1760000,1000000
2017-11-10 15:02:27.980000,1.13276,1.13275,1250000,1120000
2017-11-10 15:02:28.135000,1.13277,1.13276,1250000,1000000
2017-11-10 15:02:28.972000,1.13278,1.13276,1250000,2250000
2017-11-10 15:02:29.075000,1.13281,1.1328,4310000,1120000
2017-11-10 15:02:29.576000,1.13282,1.13281,1690000,1120000
2017-11-10 15:02:30.203000,1.13281,1.13279,1690000,1120000
2017-11-10 15:02:30.724000,1.13281,1.1328,1250000,1000000
2017-11-10 15:02:31.253000,1.13282,1.1328,1000000,1370000
2017-11-10 15:02:31.803000,1.13283,1.13281,1250000,1000000
2017-11-10 15:02:33.966000,1.13283,1.13282,1250000,1120000
2017-11-10 15:02:35.815000,1.13284,1.13282,3190000,1120000
2017-11-10 15:02:36.119000,1.13288,1.13287,1250000,1500000
2017-11-10 15:02:38.570000,1.13289,1.13287,1390000,2250000
2017-11-10 15:02:39.255000,1.13289,1.13288,1250000,1120000
2017-11-10 15:02:39.768000,1.13289,1.13287,1250000,3370000
2017-11-10 15:02:40.753000,1.13289,1.13287,2140000,1500000
2017-11-10 15:02:41.606000,1.13286,1.13284,2440000,1000000
2017-11-10 15:02:41.659000,1.13285,1.13281,2440000,2890000
2017-11-10 15:02:42.095000,1.13282,1.13281,1000000,1500000
2017-11-10 15:02:42.198000,1.13282,1.13279,1000000,3190000
2017-11-10 15:02:42.700000,1.13282,1.13279,2140000,3000000
2017-11-10 15:02:43.349000,1.13279,1.13278,1000000,1870000
2017-11-10 15:02:43.452000,1.13281,1.13279,3260000,1500000
2017-11-10 15:02:46.492000,1.1328,1.13279,1000000,1870000
2017-11-10 15:02:46.646000,1.1328,1.13278,2140000,1870000
2017-11-10 15:02:47.217000,1.13279,1.13278,1000000,1500000
2017-11-10 15:02:47.801000,1.13279,1.13277,1250000,1000000
2017-11-10 15:02:48.324000,1.13279,1.13276,3190000,1870000
2017-11-10 15:02:48.529000,1.13281,1.13279,1310000,1000000
2017-11-10 15:02:48.909000,1.13282,1.13281,1000000,1500000
2017-11-10 15:02:49.433000,1.13283,1.13281,1000000,1500000
2017-11-10 15:02:49.947000,1.13284,1.13283,4010000,1000000
2017-11-10 15:02:51.122000,1.13288,1.13284,4690000,8290000
2017-11-10 15:02:51.224000,1.13291,1.13288,1310000,2620000
2017-11-10 15:02:51.276000,1.13291,1.13289,1250000,4500000
2017-11-10 15:02:51.331000,1.13294,1.13291,1690000,2250000
2017-11-10 15:02:51.385000,1.13295,1.13294,2320000,1500000
2017-11-10 15:02:51.755000,1.13299,1.13298,1690000,1000000
2017-11-10 15:02:52.271000,1.13299,1.13297,4010000,1000000
2017-11-10 15:02:52.938000,1.13299,1.13298,2060000,1000000
2017-11-10 15:02:52.990000,1.13303,1.133,4760000,1000000
2017-11-10 15:02:53.042000,1.13303,1.13301,1200000,1120000
2017-11-10 15:02:53.094000,1.13299,1.13298,1000000,1500000
2017-11-10 15:02:53.248000,1.13303,1.133,1390000,1500000
2017-11-10 15:02:53.854000,1.13304,1.13303,3640000,1000000
2017-11-10 15:02:56.792000,1.13305,1.13303,1000000,3000000
2017-11-10 15:02:57.102000,1.13308,1.13307,2660000,1120000
2017-11-10 15:02:57.413000,1.13311,1.13309,2060000,2250000
2017-11-10 15:02:57.700000,1.13312,1.13308,4690000,2810000
2017-11-10 15:02:58.062000,1.13313,1.13311,1320000,1500000
2017-11-10 15:02:58.371000,1.13316,1.13314,1310000,1000000
2017-11-10 15:02:58.712000,1.13317,1.13314,1760000,1000000
2017-11-10 15:02:58.971000,1.13317,1.13316,1000000,1000000
2017-11-10 15:02:59.410000,1.13316,1.13314,1000000,1870000
2017-11-10 15:02:59.720000,1.13316,1.13313,4390000,1000000
2017-11-10 15:03:00.253000,1.13317,1.13313,4010000,2620000
2017-11-10 15:03:00.356000,1.13315,1.13313,1000000,1870000
2017-11-10 15:03:00.963000,1.13314,1.13312,1310000,1500000
2017-11-10 15:03:01.015000,1.13312,1.1331,2290000,1500000
2017-11-10 15:03:01.068000,1.13311,1.13308,2440000,1100000
2017-11-10 15:03:01.580000,1.13311,1.13307,2510000,2060000
2017-11-10 15:03:01.632000,1.13309,1.13307,1000000,1310000
2017-11-10 15:03:02.137000,1.13309,1.13307,1000000,1250000
2017-11-10 15:03:03.704000,1.1331,1.13308,1500000,1000000
2017-11-10 15:03:03.862000,1.13309,1.13307,1370000,1310000
2017-11-10 15:03:04.377000,1.13308,1.13306,1500000,1120000
2017-11-10 15:03:04.801000,1.13305,1.13302,3790000,1950000
2017-11-10 15:03:04.956000,1.13303,1.13301,1370000,1120000
2017-11-10 15:03:05.315000,1.13302,1.133,3790000,1000000
2017-11-10 15:03:05.896000,1.13299,1.13297,2100000,3000000
2017-11-10 15:03:06.231000,1.13296,1.13295,1310000,1000000
2017-11-10 15:03:06.540000,1.13292,1.13289,5100000,2440000
2017-11-10 15:03:06.591000,1.13291,1.13289,1120000,3190000
2017-11-10 15:03:07.813000,1.1329,1.13288,1000000,3750000
2017-11-10 15:03:07.865000,1.13288,1.13286,1370000,3370000
2017-11-10 15:03:07.916000,1.13289,1.13286,5140000,1000000
2017-11-10 15:03:07.968000,1.13289,1.13286,6190000,1500000
2017-11-10 15:03:08.123000,1.13286,1.13282,6940000,5890000
2017-11-10 15:03:08.175000,1.13284,1.13282,3190000,3000000
2017-11-10 15:03:08.453000,1.13286,1.13284,3000000,1250000
2017-11-10 15:03:08.968000,1.13289,1.13287,7760000,1000000
2017-11-10 15:03:09.610000,1.1329,1.13288,3260000,1000000
2017-11-10 15:03:10.138000,1.13291,1.13289,1250000,1000000
2017-11-10 15:03:10.832000,1.13292,1.1329,4310000,1000000
2017-11-10 15:03:12.120000,1.13292,1.1329,2810000,1000000
2017-11-10 15:03:12.531000,1.13293,1.13291,4690000,1000000
2017-11-10 15:03:13.063000,1.13293,1.1329,9040000,1000000
2017-11-10 15:03:14.266000,1.13292,1.1329,3790000,1000000
2017-11-10 15:03:14.665000,1.13287,1.13285,2060000,1000000
2017-11-10 15:03:14.768000,1.13285,1.13284,1120000,1000000
2017-11-10 15:03:14.821000,1.13283,1.13282,1000000,2250000
2017-11-10 15:03:15.027000,1.13279,1.13278,1250000,1000000
2017-11-10 15:03:15.536000,1.13283,1.13279,5440000,3000000
2017-11-10 15:03:15.588000,1.13283,1.13281,4310000,1000000
2017-11-10 15:03:15.641000,1.1328,1.13276,2850000,4010000
2017-11-10 15:03:16.185000,1.13279,1.13277,1390000,1000000
2017-11-10 15:03:16.289000,1.13279,1.13276,2890000,1000000
2017-11-10 15:03:16.341000,1.13274,1.13272,2850000,4870000
2017-11-10 15:03:16.713000,1.13271,1.1327,1250000,1000000
2017-11-10 15:03:17.077000,1.13273,1.13271,4310000,1000000
2017-11-10 15:03:18.454000,1.13272,1.1327,3190000,1000000
2017-11-10 15:03:18.713000,1.13268,1.13265,3220000,3560000
2017-11-10 15:03:19.120000,1.13261,1.13259,1250000,1120000
2017-11-10 15:03:19.172000,1.1326,1.13258,1000000,1950000
2017-11-10 15:03:19.275000,1.13263,1.13259,2060000,3000000
2017-11-10 15:03:19.327000,1.13265,1.13262,4010000,1000000
2017-11-10 15:03:19.602000,1.13266,1.13263,2060000,1120000
2017-11-10 15:03:19.663000,1.13267,1.13265,5510000,1000000
2017-11-10 15:03:20.178000,1.13267,1.13265,3370000,1000000
2017-11-10 15:03:21.442000,1.13266,1.13265,1120000,1000000
2017-11-10 15:03:21.853000,1.13266,1.13263,3000000,1250000
2017-11-10 15:03:22.381000,1.13265,1.13264,1000000,1000000
2017-11-10 15:03:22.975000,1.13263,1.13262,1350000,1500000
2017-11-10 15:03:23.079000,1.13262,1.13259,4570000,1250000
2017-11-10 15:03:23.131000,1.13262,1.1326,3820000,1000000
2017-11-10 15:03:23.234000,1.13264,1.13263,2250000,1000000
2017-11-10 15:03:23.713000,1.13266,1.13264,1200000,1000000
2017-11-10 15:03:24.227000,1.13267,1.13266,2250000,1000000
2017-11-10 15:03:25.179000,1.13267,1.13265,2620000,1000000
2017-11-10 15:03:25.717000,1.13267,1.13264,4570000,1310000
2017-11-10 15:03:26.301000,1.13267,1.13265,4950000,1000000
2017-11-10 15:03:26.612000,1.13261,1.1326,3380000,1100000
2017-11-10 15:03:27.158000,1.13261,1.13259,2620000,1500000
2017-11-10 15:03:27.567000,1.13263,1.13261,3150000,1000000
2017-11-10 15:03:27.751000,1.13265,1.13262,2060000,1870000
2017-11-10 15:03:28.298000,1.13265,1.13263,1250000,2250000
2017-11-10 15:03:28.568000,1.13268,1.13265,2250000,1310000
2017-11-10 15:03:28.619000,1.13266,1.13264,1000000,2440000
2017-11-10 15:03:29.248000,1.13265,1.13263,1000000,2060000
2017-11-10 15:03:29.658000,1.13268,1.13266,3070000,1120000
2017-11-10 15:03:29.761000,1.1327,1.13268,4010000,1000000
2017-11-10 15:03:29.863000,1.13268,1.13266,1720000,2440000
2017-11-10 15:03:29.915000,1.13267,1.13263,5440000,6260000
2017-11-10 15:03:30.446000,1.13265,1.13263,4720000,2250000
2017-11-10 15:03:31.022000,1.13265,1.13262,1500000,1310000
2017-11-10 15:03:31.636000,1.13266,1.13263,1200000,2440000
2017-11-10 15:03:32.164000,1.13265,1.13263,3750000,1000000
2017-11-10 15:03:32.674000,1.13266,1.13264,2060000,1000000
2017-11-10 15:03:33.225000,1.13264,1.13262,1120000,1690000
2017-11-10 15:03:33.531000,1.13261,1.1326,1500000,1690000
2017-11-10 15:03:33.789000,1.13263,1.1326,1310000,1370000
2017-11-10 15:03:33.892000,1.13265,1.13263,3750000,1000000
2017-11-10 15:03:34.361000,1.13261,1.1326,1500000,2320000
2017-11-10 15:03:34.413000,1.13261,1.13259,1880000,1120000
2017-11-10 15:03:34.736000,1.1326,1.13257,1750000,2810000
2017-11-10 15:03:34.890000,1.1326,1.13258,1120000,1000000
2017-11-10 15:03:35.407000,1.1326,1.13258,1870000,1000000
2017-11-10 15:03:36.102000,1.1326,1.13258,1000000,1000000
2017-11-10 15:03:36.310000,1.13261,1.1326,1000000,1120000
2017-11-10 15:03:36.363000,1.13264,1.13262,3750000,1000000
2017-11-10 15:03:36.908000,1.13265,1.13262,4010000,1000000
2017-11-10 15:03:37.588000,1.13266,1.13263,2250000,2440000
2017-11-10 15:03:38.107000,1.13266,1.13263,1120000,4690000
2017-11-10 15:03:38.635000,1.13265,1.13263,3750000,3000000
2017-11-10 15:03:38.946000,1.13262,1.1326,1000000,1310000
2017-11-10 15:03:39.216000,1.13262,1.13259,3560000,1120000
2017-11-10 15:03:39.267000,1.1326,1.13258,1000000,3190000
2017-11-10 15:03:39.784000,1.13259,1.13257,1500000,2810000
2017-11-10 15:03:40.302000,1.13259,1.13256,2250000,1190000
2017-11-10 15:03:40.951000,1.13256,1.13254,1000000,1690000
2017-11-10 15:03:41.155000,1.13259,1.13256,4760000,1000000
2017-11-10 15:03:41.762000,1.13259,1.13256,2250000,2060000
2017-11-10 15:03:41.968000,1.13258,1.13255,1870000,3560000
2017-11-10 15:03:42.376000,1.13259,1.13257,3260000,1000000
2017-11-10 15:03:42.725000,1.13264,1.13262,1200000,1000000
2017-11-10 15:03:43.234000,1.13265,1.13262,1310000,1870000
2017-11-10 15:03:43.750000,1.13265,1.13263,1690000,1120000
2017-11-10 15:03:44.804000,1.13265,1.13263,2810000,1120000
2017-11-10 15:03:45.357000,1.13264,1.13262,5100000,1000000
2017-11-10 15:03:45.939000,1.13265,1.13261,3560000,2440000
2017-11-10 15:03:46.296000,1.13262,1.1326,1000000,4390000
2017-11-10 15:03:46.859000,1.13262,1.1326,1000000,1690000
2017-11-10 15:03:47.371000,1.13262,1.1326,1120000,1310000
2017-11-10 15:03:48.360000,1.1326,1.13259,1000000,1690000
2017-11-10 15:03:48.958000,1.1326,1.13258,1000000,1620000
2017-11-10 15:03:49.648000,1.13258,1.13257,1000000,2810000
2017-11-10 15:03:50.128000,1.1326,1.13258,1000000,2620000
2017-11-10 15:03:50.179000,1.13265,1.13263,1310000,1000000
2017-11-10 15:03:50.486000,1.13269,1.13268,2440000,1000000
2017-11-10 15:03:51.021000,1.1327,1.13268,1310000,1120000
2017-11-10 15:03:53.132000,1.1327,1.13269,1250000,1000000
2017-11-10 15:03:53.560000,1.13272,1.13269,2810000,1870000
2017-11-10 15:03:54.125000,1.13272,1.13271,1500000,3940000
2017-11-10 15:03:54.451000,1.13275,1.13273,1000000,6560000
2017-11-10 15:03:54.818000,1.13273,1.13272,2470000,2440000
2017-11-10 15:03:55.288000,1.13271,1.1327,1000000,1500000
2017-11-10 15:03:56.221000,1.13271,1.13269,1000000,1870000
2017-11-10 15:03:56.426000,1.13272,1.13271,1000000,1120000
2017-11-10 15:03:56.960000,1.13272,1.13271,1120000,1120000
2017-11-10 15:03:57.542000,1.13271,1.1327,1000000,1120000
2017-11-10 15:03:58.046000,1.1327,1.13269,1000000,1120000
2017-11-10 15:03:58.556000,1.13269,1.13268,1000000,1000000
2017-11-10 15:03:59.084000,1.13268,1.13266,1000000,2620000
2017-11-10 15:03:59.392000,1.13266,1.13264,1000000,1570000
2017-11-10 15:03:59.925000,1.13265,1.13263,1000000,1500000
2017-11-10 15:04:00.455000,1.13266,1.13263,5060000,1120000
2017-11-10 15:04:00.764000,1.13269,1.13265,3560000,3940000
2017-11-10 15:04:01.299000,1.1327,1.13266,4310000,3000000
2017-11-10 15:04:01.607000,1.13271,1.13268,2810000,1000000
2017-11-10 15:04:01.950000,1.13271,1.1327,1500000,1870000
2017-11-10 15:04:02.057000,1.13273,1.13271,2250000,1310000
2017-11-10 15:04:02.568000,1.13272,1.13271,2250000,1000000
2017-11-10 15:04:02.851000,1.13272,1.13269,2440000,2250000
2017-11-10 15:04:03.058000,1.13274,1.13273,1120000,1870000
2017-11-10 15:04:03.110000,1.13276,1.13274,2810000,1120000
2017-11-10 15:04:03.162000,1.13277,1.13274,2620000,5440000
2017-11-10 15:04:03.316000,1.13276,1.13274,2250000,3940000
2017-11-10 15:04:03.844000,1.13276,1.13275,1500000,1000000
2017-11-10 15:04:04.356000,1.13276,1.13274,4690000,1870000
2017-11-10 15:04:04.865000,1.13276,1.13275,2440000,1000000
2017-11-10 15:04:05.538000,1.13276,1.13274,2440000,1870000
2017-11-10 15:04:06.537000,1.13274,1.13273,1300000,1000000
2017-11-10 15:04:07.077000,1.13273,1.13271,1500000,1500000
2017-11-10 15:04:07.592000,1.13273,1.1327,3750000,2810000
2017-11-10 15:04:08.137000,1.13272,1.1327,1000000,1690000
2017-11-10 15:04:08.445000,1.13274,1.13273,1870000,1120000
2017-11-10 15:04:08.756000,1.13275,1.13274,1000000,1120000
2017-11-10 15:04:09.267000,1.13275,1.13272,4310000,1500000
2017-11-10 15:04:09.635000,1.13277,1.13275,1640000,1000000
2017-11-10 15:04:09.686000,1.13278,1.13275,2060000,2250000
2017-11-10 15:04:10.200000,1.13278,1.13275,3940000,1870000
2017-11-10 15:04:10.570000,1.13275,1.13273,2440000,1500000
2017-11-10 15:04:11.183000,1.13274,1.13271,3560000,1500000
2017-11-10 15:04:11.731000,1.13274,1.13271,1690000,2620000
2017-11-10 15:04:12.554000,1.13275,1.13274,5810000,1000000
2017-11-10 15:04:12.728000,1.13278,1.13276,2250000,1120000
2017-11-10 15:04:12.832000,1.13279,1.13277,1500000,2250000
2017-11-10 15:04:12.884000,1.13281,1.13279,1010000,1120000
2017-11-10 15:04:13.424000,1.13281,1.1328,1250000,1000000
2017-11-10 15:04:13.703000,1.13283,1.13282,1000000,1000000
2017-11-10 15:04:14.223000,1.13284,1.13282,1250000,1000000
2017-11-10 15:04:14.731000,1.13285,1.13283,2440000,1000000
2017-11-10 15:04:15.244000,1.13285,1.13283,5660000,1000000
2017-11-10 15:04:15.569000,1.13282,1.13281,1120000,1000000
2017-11-10 15:04:15.620000,1.13281,1.13279,1310000,1120000
2017-11-10 15:04:15.723000,1.13279,1.13277,1870000,1120000
2017-11-10 15:04:16.264000,1.13278,1.13276,2810000,1000000
2017-11-10 15:04:16.371000,1.13276,1.13273,4310000,1120000
2017-11-10 15:04:16.631000,1.13277,1.13274,3940000,2250000
2017-11-10 15:04:16.684000,1.13274,1.13272,4120000,1570000
2017-11-10 15:04:16.903000,1.13273,1.1327,2060000,2620000
2017-11-10 15:04:17.446000,1.13272,1.1327,3560000,1000000
2017-11-10 15:04:17.971000,1.13271,1.13268,3370000,2440000
2017-11-10 15:04:19.183000,1.13272,1.1327,2060000,1000000
2017-11-10 15:04:19.734000,1.13272,1.1327,1310000,1000000
2017-11-10 15:04:20.244000,1.13273,1.1327,1310000,1500000
2017-11-10 15:04:20.842000,1.13273,1.13271,1310000,1000000
2017-11-10 15:04:21.121000,1.13276,1.13273,1310000,2250000
2017-11-10 15:04:22.056000,1.13277,1.13275,1120000,1500000
2017-11-10 15:04:22.652000,1.13275,1.13274,1160000,1870000
2017-11-10 15:04:23.229000,1.13274,1.13272,1000000,2250000
2017-11-10 15:04:23.610000,1.13275,1.13273,1250000,1500000
2017-11-10 15:04:23.764000,1.13276,1.13275,1000000,2060000
2017-11-10 15:04:23.816000,1.13278,1.13275,1870000,2810000
2017-11-10 15:04:24.695000,1.13278,1.13276,1120000,1000000
2017-11-10 15:04:24.952000,1.1328,1.13278,1690000,1500000
2017-11-10 15:04:25.478000,1.1328,1.13278,2440000,1120000
2017-11-10 15:04:26.005000,1.13279,1.13277,2620000,1120000
2017-11-10 15:04:26.363000,1.1328,1.13279,1690000,1000000
2017-11-10 15:04:26.698000,1.13283,1.1328,4690000,1000000
2017-11-10 15:04:27.166000,1.13282,1.13279,1310000,3370000
2017-11-10 15:04:27.717000,1.13281,1.13279,1000000,1120000
2017-11-10 15:04:28.279000,1.1328,1.13279,1000000,1120000
2017-11-10 15:04:28.806000,1.1328,1.13278,1500000,1120000
2017-11-10 15:04:30.041000,1.1328,1.13278,1000000,1870000
2017-11-10 15:04:30.584000,1.13281,1.13278,2440000,1870000
2017-11-10 15:04:31.136000,1.1328,1.13277,3370000,2440000
2017-11-10 15:04:31.716000,1.13279,1.13277,1000000,2440000
2017-11-10 15:04:32.648000,1.13279,1.13277,1000000,1310000
2017-11-10 15:04:33.150000,1.13279,1.13278,1000000,1000000
2017-11-10 15:04:33.569000,1.13281,1.1328,2810000,1000000
2017-11-10 15:04:33.757000,1.13286,1.13283,1690000,2320000
2017-11-10 15:04:34.274000,1.13288,1.13287,1690000,1000000
2017-11-10 15:04:34.643000,1.1329,1.13288,1250000,2700000
2017-11-10 15:04:35.939000,1.13289,1.13288,1870000,1000000
2017-11-10 15:04:36.043000,1.13287,1.13285,1690000,1000000
2017-11-10 15:04:36.228000,1.1329,1.13288,1000000,1000000
2017-11-10 15:04:36.742000,1.1329,1.13288,1000000,1470000
2017-11-10 15:04:37.272000,1.13291,1.13289,1120000,1310000
2017-11-10 15:04:37.375000,1.13293,1.13291,5250000,1120000
2017-11-10 15:04:37.916000,1.13293,1.13292,1000000,1120000
2017-11-10 15:04:38.021000,1.13292,1.1329,1000000,2250000
2017-11-10 15:04:38.073000,1.13293,1.13292,2250000,1000000
2017-11-10 15:04:38.126000,1.13294,1.13292,1000000,1000000
2017-11-10 15:04:38.232000,1.13293,1.13291,1000000,2060000
2017-11-10 15:04:38.335000,1.13294,1.13292,1000000,1000000
2017-11-10 15:04:39.098000,1.13295,1.13293,1200000,2250000
2017-11-10 15:04:39.149000,1.13297,1.13295,1250000,1000000
2017-11-10 15:04:39.579000,1.13296,1.13294,1000000,1500000
2017-11-10 15:04:39.631000,1.13295,1.13293,2060000,2250000
2017-11-10 15:04:39.734000,1.13294,1.13291,2890000,1000000
2017-11-10 15:04:40.270000,1.13292,1.1329,1000000,4690000
2017-11-10 15:04:41.299000,1.13292,1.13289,1500000,1690000
2017-11-10 15:04:41.403000,1.1329,1.13288,3600000,3190000
2017-11-10 15:04:41.711000,1.13288,1.13286,1390000,1000000
2017-11-10 15:04:42.232000,1.13287,1.13285,5620000,1500000
2017-11-10 15:04:42.335000,1.13286,1.13283,4390000,1120000
2017-11-10 15:04:42.541000,1.13283,1.13282,1000000,1120000
2017-11-10 15:04:43.082000,1.13283,1.13281,1250000,2250000
2017-11-10 15:04:43.494000,1.13281,1.1328,1000000,4500000
2017-11-10 15:04:43.751000,1.1328,1.13279,1000000,1000000
2017-11-10 15:04:44.265000,1.1328,1.13278,1120000,1500000
2017-11-10 15:04:44.851000,1.1328,1.13278,3260000,1000000
2017-11-10 15:04:44.903000,1.13279,1.13276,1390000,1870000
2017-11-10 15:04:45.621000,1.13279,1.13276,2140000,1870000
2017-11-10 15:04:45.951000,1.13277,1.13275,3260000,1120000
2017-11-10 15:04:46.004000,1.13276,1.13273,1870000,1690000
2017-11-10 15:04:46.106000,1.13274,1.13272,1120000,1000000
2017-11-10 15:04:46.413000,1.13276,1.13274,2890000,1000000
2017-11-10 15:04:46.923000,1.13275,1.13273,1120000,1500000
2017-11-10 15:04:47.232000,1.13278,1.13276,1310000,1000000
2017-11-10 15:04:48.447000,1.13272,1.13271,1120000,1000000
2017-11-10 15:04:48.550000,1.13272,1.1327,1560000,1000000
2017-11-10 15:04:49.072000,1.13271,1.13269,2060000,1000000
2017-11-10 15:04:49.614000,1.13273,1.13272,1870000,1000000
2017-11-10 15:04:49.892000,1.13275,1.13273,1690000,1120000
2017-11-10 15:04:49.943000,1.13276,1.13274,2810000,1000000
2017-11-10 15:04:50.199000,1.13279,1.13277,2440000,1000000
2017-11-10 15:04:50.303000,1.13278,1.13276,2620000,1000000
2017-11-10 15:04:50.406000,1.13277,1.13275,1250000,1870000
2017-11-10 15:04:50.918000,1.13278,1.13276,2060000,1000000
2017-11-10 15:04:52.850000,1.1328,1.13278,2510000,1000000
2017-11-10 15:04:52.902000,1.13281,1.1328,1000000,1000000
2017-11-10 15:04:53.434000,1.13281,1.13279,3940000,1000000
2017-11-10 15:04:53.640000,1.13282,1.1328,1310000,1000000
2017-11-10 15:04:54.154000,1.13282,1.1328,3190000,1000000
2017-11-10 15:04:54.462000,1.13288,1.13286,1250000,3000000
2017-11-10 15:04:55.003000,1.1329,1.13288,3940000,1000000
2017-11-10 15:04:55.208000,1.1329,1.13288,1310000,1120000
2017-11-10 15:04:55.311000,1.13291,1.13289,1690000,1000000
2017-11-10 15:04:56.082000,1.1329,1.13289,1000000,1000000
2017-11-10 15:04:56.703000,1.13291,1.13289,3560000,1000000
2017-11-10 15:04:57.048000,1.13287,1.13286,1120000,1000000
2017-11-10 15:04:57.460000,1.13287,1.13284,1690000,1870000
2017-11-10 15:04:58.091000,1.13288,1.13285,5810000,1000000
2017-11-10 15:04:58.918000,1.13287,1.13285,5060000,1000000
2017-11-10 15:04:59.282000,1.13285,1.13283,1120000,1200000
2017-11-10 15:04:59.334000,1.13283,1.13282,1000000,1120000
2017-11-10 15:04:59.847000,1.13282,1.13281,1000000,1000000
2017-11-10 15:05:00.522000,1.13281,1.13279,1000000,2060000
2017-11-10 15:05:01.034000,1.13279,1.13277,1000000,1870000
2017-11-10 15:05:01.556000,1.13277,1.13276,1000000,1250000
2017-11-10 15:05:02.239000,1.13277,1.13274,1000000,4760000
2017-11-10 15:05:02.559000,1.13275,1.13274,1000000,1000000
2017-11-10 15:05:03.357000,1.13275,1.13273,1120000,1310000
2017-11-10 15:05:03.716000,1.13278,1.13275,4690000,1000000
2017-11-10 15:05:03.872000,1.13278,1.13276,1000000,1120000
2017-11-10 15:05:03.924000,1.13279,1.13278,1310000,1000000
2017-11-10 15:05:04.428000,1.1328,1.13278,1560000,1000000
2017-11-10 15:05:05.006000,1.13279,1.13277,1310000,1120000
2017-11-10 15:05:05.834000,1.13278,1.13277,1000000,1120000
2017-11-10 15:05:06.190000,1.13277,1.13275,2810000,1870000
2017-11-10 15:05:08.151000,1.13277,1.13276,1250000,1000000
2017-11-10 15:05:09.092000,1.13275,1.13273,4870000,1000000
2017-11-10 15:05:09.298000,1.13274,1.13272,3000000,1120000
2017-11-10 15:05:09.825000,1.13273,1.1327,1690000,3000000
2017-11-10 15:05:10.344000,1.13274,1.13272,1310000,1120000
2017-11-10 15:05:10.874000,1.13275,1.13273,1000000,1870000
2017-11-10 15:05:10.926000,1.13276,1.13273,1690000,2620000
2017-11-10 15:05:11.181000,1.13276,1.13273,1690000,3450000
2017-11-10 15:05:12.654000,1.13277,1.13274,1310000,3370000
2017-11-10 15:05:14.555000,1.13275,1.13272,4720000,1390000
2017-11-10 15:05:14.657000,1.13273,1.13272,1120000,1250000
2017-11-10 15:05:14.869000,1.13272,1.1327,1500000,2440000
2017-11-10 15:05:17.485000,1.13273,1.13272,1870000,1120000
2017-11-10 15:05:17.537000,1.13276,1.13273,2250000,1250000
2017-11-10 15:05:17.641000,1.13278,1.13276,2440000,1120000
2017-11-10 15:05:17.883000,1.13279,1.13277,2250000,1000000
2017-11-10 15:05:18.037000,1.13281,1.1328,2700000,1000000
2017-11-10 15:05:18.140000,1.13282,1.1328,2250000,1690000
2017-11-10 15:05:18.244000,1.13283,1.13281,4870000,1000000
2017-11-10 15:05:18.852000,1.13284,1.13282,3000000,1000000
2017-11-10 15:05:19.168000,1.13286,1.13284,1120000,1120000
2017-11-10 15:05:19.667000,1.13283,1.13281,1370000,2140000
2017-11-10 15:05:20.180000,1.13284,1.13283,1120000,1000000
2017-11-10 15:05:21.351000,1.13284,1.13282,1370000,1500000
2017-11-10 15:05:22.387000,1.13285,1.13283,4690000,1000000
2017-11-10 15:05:22.644000,1.13286,1.13284,1000000,1310000
2017-11-10 15:05:24.350000,1.13287,1.13286,1570000,1000000
2017-11-10 15:05:24.862000,1.13288,1.13287,1000000,1000000
2017-11-10 15:05:25.169000,1.13291,1.1329,1310000,1000000
2017-11-10 15:05:26.309000,1.13291,1.13289,1620000,1120000
2017-11-10 15:05:26.463000,1.13289,1.13287,1500000,1310000
2017-11-10 15:05:26.935000,1.13291,1.13289,2140000,1000000
2017-11-10 15:05:27.452000,1.13294,1.13292,1310000,1370000
2017-11-10 15:05:27.607000,1.13294,1.13291,7420000,1690000
2017-11-10 15:05:27.780000,1.13294,1.13293,1000000,1000000
2017-11-10 15:05:28.924000,1.13296,1.13294,3000000,1500000
2017-11-10 15:05:29.447000,1.13296,1.13294,1000000,1620000
2017-11-10 15:05:30.028000,1.13297,1.13295,1500000,1310000
2017-11-10 15:05:32.811000,1.13297,1.13294,3750000,1560000
2017-11-10 15:05:33.323000,1.13296,1.13293,2250000,2060000
2017-11-10 15:05:34.393000,1.13294,1.13292,1500000,2250000
2017-11-10 15:05:35.809000,1.13293,1.1329,1500000,3560000
2017-11-10 15:05:36.070000,1.13289,1.13286,1000000,5140000
2017-11-10 15:05:36.224000,1.13286,1.13284,1000000,7500000
2017-11-10 15:05:36.306000,1.13284,1.13283,1000000,1310000
2017-11-10 15:05:36.832000,1.13284,1.13282,1000000,1250000
2017-11-10 15:05:37.363000,1.13282,1.1328,1000000,2060000
2017-11-10 15:05:37.874000,1.13281,1.13279,1000000,3190000
2017-11-10 15:05:38.438000,1.1328,1.13279,1120000,1690000
2017-11-10 15:05:38.540000,1.13278,1.13277,1000000,1310000
2017-11-10 15:05:39.086000,1.13278,1.13276,1000000,1310000
2017-11-10 15:05:39.240000,1.1328,1.13278,2250000,1000000
2017-11-10 15:05:39.291000,1.13281,1.13279,1570000,1310000
2017-11-10 15:05:39.394000,1.13282,1.1328,1500000,1310000
2017-11-10 15:05:39.991000,1.13282,1.1328,1000000,3940000
2017-11-10 15:05:40.307000,1.13284,1.13282,1500000,1310000
2017-11-10 15:05:41.650000,1.13283,1.1328,9970000,1690000
2017-11-10 15:05:41.703000,1.13279,1.13278,1120000,1250000
2017-11-10 15:05:41.807000,1.13278,1.13276,4870000,1250000
2017-11-10 15:05:42.147000,1.13279,1.13276,1120000,2060000
2017-11-10 15:05:42.556000,1.13277,1.13275,1000000,2440000
2017-11-10 15:05:43.754000,1.13276,1.13275,1000000,3190000
2017-11-10 15:05:44.097000,1.13278,1.13275,1120000,2060000
2017-11-10 15:05:44.618000,1.13278,1.13275,1120000,3560000
2017-11-10 15:05:44.774000,1.13279,1.13276,1870000,2060000
2017-11-10 15:05:45.318000,1.13278,1.13276,1000000,1690000
2017-11-10 15:05:46.121000,1.13277,1.13275,1000000,2060000
2017-11-10 15:05:46.868000,1.13277,1.13275,1000000,1690000
2017-11-10 15:05:47.412000,1.13278,1.13275,1870000,1560000
2017-11-10 15:05:47.720000,1.13279,1.13278,1120000,1250000
2017-11-10 15:05:48.226000,1.1328,1.13278,1500000,1560000
2017-11-10 15:05:48.855000,1.13281,1.13278,1120000,3560000
2017-11-10 15:05:49.394000,1.13282,1.13279,4120000,2060000
2017-11-10 15:05:50.044000,1.13283,1.1328,3370000,1310000
2017-11-10 15:05:50.496000,1.13284,1.13282,1000000,2440000
2017-11-10 15:05:51.025000,1.13284,1.13282,1120000,2810000
2017-11-10 15:05:51.370000,1.13283,1.13281,1000000,3560000
2017-11-10 15:05:51.780000,1.1328,1.13279,1120000,2060000
2017-11-10 15:05:51.883000,1.1328,1.13277,2250000,2440000
2017-11-10 15:05:52.970000,1.13279,1.13277,1500000,1690000
2017-11-10 15:05:54.825000,1.13277,1.13275,1000000,4120000
2017-11-10 15:05:57.499000,1.13279,1.13277,4870000,1190000
2017-11-10 15:05:57.878000,1.13277,1.13276,1000000,1250000
2017-11-10 15:05:58.389000,1.13276,1.13274,1000000,2810000
2017-11-10 15:06:02.948000,1.13274,1.13272,1000000,3640000
2017-11-10 15:06:03.503000,1.13273,1.13271,1000000,1250000
2017-11-10 15:06:04.150000,1.13272,1.1327,1000000,3940000
2017-11-10 15:06:05.633000,1.13273,1.13271,1000000,2140000
2017-11-10 15:06:06.045000,1.13271,1.13269,1000000,5140000
2017-11-10 15:06:06.604000,1.1327,1.13268,1000000,7760000
2017-11-10 15:06:07.168000,1.1327,1.13268,1500000,2700000
2017-11-10 15:06:07.669000,1.13271,1.13269,1120000,2440000
2017-11-10 15:06:09.012000,1.13272,1.13271,1500000,1250000
2017-11-10 15:06:09.322000,1.13274,1.13272,1000000,1950000
2017-11-10 15:06:10.418000,1.13275,1.13273,1000000,4310000
2017-11-10 15:06:10.571000,1.13276,1.13275,1000000,1000000
2017-11-10 15:06:11.005000,1.13278,1.13276,1120000,1250000
2017-11-10 15:06:11.364000,1.1328,1.13278,3940000,2250000
2017-11-10 15:06:11.518000,1.13279,1.13277,1500000,2140000
2017-11-10 15:06:11.924000,1.13277,1.13276,1120000,1000000
2017-11-10 15:06:12.435000,1.13277,1.13274,3000000,4390000
2017-11-10 15:06:12.831000,1.13274,1.13272,1000000,1310000
2017-11-10 15:06:13.189000,1.13273,1.1327,1870000,4010000
2017-11-10 15:06:13.973000,1.13273,1.13271,3370000,1250000
2017-11-10 15:06:14.916000,1.13273,1.1327,4120000,2510000
2017-11-10 15:06:16.448000,1.13271,1.13269,1500000,1100000
2017-11-10 15:06:16.877000,1.13268,1.13267,1500000,1120000
2017-11-10 15:06:16.981000,1.13267,1.13265,2620000,1000000
2017-11-10 15:06:17.161000,1.13266,1.13264,5250000,1120000
2017-11-10 15:06:17.701000,1.13265,1.13262,6370000,2140000
2017-11-10 15:06:18.229000,1.13265,1.13264,1000000,1000000
2017-11-10 15:06:18.739000,1.13265,1.13262,1000000,3640000
2017-11-10 15:06:19.633000,1.13265,1.13264,1000000,1000000
2017-11-10 15:06:21,1.13265,1.13263,1000000,1310000
2017-11-10 15:06:21.510000,1.13266,1.13263,2250000,3260000
2017-11-10 15:06:22.003000,1.13268,1.13266,2620000,1690000
2017-11-10 15:06:22.054000,1.1327,1.13267,2320000,1310000
2017-11-10 15:06:22.285000,1.13268,1.13267,1000000,1310000
2017-11-10 15:06:22.337000,1.13269,1.13268,1000000,1690000
2017-11-10 15:06:22.896000,1.13271,1.13269,1000000,5060000
2017-11-10 15:06:23.208000,1.13273,1.13272,1000000,1000000
2017-11-10 15:06:23.260000,1.13276,1.13273,3940000,1000000
2017-11-10 15:06:23.843000,1.13275,1.13273,1000000,2890000
2017-11-10 15:06:23.997000,1.13273,1.13271,1000000,1700000
2017-11-10 15:06:24.305000,1.13271,1.13269,1000000,4010000
2017-11-10 15:06:24.612000,1.13273,1.13271,1000000,3560000
2017-11-10 15:06:25.193000,1.13273,1.13271,1000000,3260000
2017-11-10 15:06:25.297000,1.13274,1.13271,4500000,3190000
2017-11-10 15:06:25.400000,1.13273,1.1327,3000000,2810000
2017-11-10 15:06:25.505000,1.13271,1.1327,1000000,1250000
2017-11-10 15:06:26.129000,1.13272,1.13269,1500000,3190000
2017-11-10 15:06:27.254000,1.13271,1.13269,1000000,3260000
2017-11-10 15:06:28.273000,1.13272,1.13269,1000000,3190000
2017-11-10 15:06:28.325000,1.1327,1.13268,1000000,5700000
2017-11-10 15:06:31.040000,1.13269,1.13268,1120000,1120000
2017-11-10 15:06:31.349000,1.13268,1.13266,1000000,4690000
2017-11-10 15:06:31.402000,1.13269,1.13267,1000000,2440000
2017-11-10 15:06:32.071000,1.13269,1.13267,1000000,4010000
2017-11-10 15:06:32.175000,1.13267,1.13266,1120000,1950000
2017-11-10 15:06:32.483000,1.13265,1.13263,1000000,3560000
2017-11-10 15:06:34.230000,1.13266,1.13264,1870000,1000000
2017-11-10 15:06:34.432000,1.13264,1.13263,1000000,1000000
2017-11-10 15:06:34.484000,1.13261,1.1326,1000000,1000000
2017-11-10 15:06:34.537000,1.13259,1.13257,1000000,1310000
2017-11-10 15:06:36.772000,1.13262,1.13259,3820000,2810000
2017-11-10 15:06:37.305000,1.13262,1.1326,1000000,1250000
2017-11-10 15:06:38.021000,1.13263,1.1326,1000000,5510000
2017-11-10 15:06:41.140000,1.13264,1.13261,1250000,1870000
2017-11-10 15:06:41.243000,1.13264,1.13262,1000000,2810000
2017-11-10 15:06:41.828000,1.13266,1.13264,1000000,3560000
2017-11-10 15:06:42.340000,1.13267,1.13265,1000000,1500000
2017-11-10 15:06:42.753000,1.13268,1.13266,1000000,2250000
2017-11-10 15:06:43.263000,1.13266,1.13265,1000000,4390000
2017-11-10 15:06:43.672000,1.13265,1.13263,1000000,2440000
2017-11-10 15:06:45.158000,1.13264,1.13262,1000000,2250000
2017-11-10 15:06:45.874000,1.13264,1.13262,1000000,1000000
2017-11-10 15:06:46.401000,1.13265,1.13262,2440000,1000000
2017-11-10 15:06:46.949000,1.13265,1.13261,3560000,3190000
2017-11-10 15:06:47.649000,1.13265,1.13262,3190000,1000000
2017-11-10 15:06:48.011000,1.13267,1.13265,2440000,1000000
2017-11-10 15:06:48.115000,1.13268,1.13265,2810000,4870000
2017-11-10 15:06:48.795000,1.13269,1.13266,1120000,5810000
2017-11-10 15:06:49.309000,1.13272,1.13269,3070000,5290000
2017-11-10 15:06:49.512000,1.13276,1.13274,2060000,1000000
2017-11-10 15:06:50.628000,1.13276,1.13274,1250000,1500000
2017-11-10 15:06:50.680000,1.13279,1.13275,6640000,4120000
2017-11-10 15:06:51.038000,1.13277,1.13275,1000000,1000000
2017-11-10 15:06:55.316000,1.13278,1.13276,5060000,1000000
2017-11-10 15:06:55.913000,1.13275,1.13274,1000000,1120000
2017-11-10 15:06:57.078000,1.13274,1.13272,3750000,1000000
2017-11-10 15:06:57.131000,1.13274,1.13271,10310000,2620000
2017-11-10 15:06:57.640000,1.13272,1.1327,1310000,1000000
2017-11-10 15:07:00.776000,1.13275,1.13273,1760000,1000000
2017-11-10 15:07:01.032000,1.13275,1.13272,3040000,1120000
2017-11-10 15:07:01.572000,1.13273,1.13271,4500000,1000000
2017-11-10 15:07:02.088000,1.13272,1.13271,1120000,1000000
2017-11-10 15:07:02.410000,1.13271,1.13269,1250000,1000000
2017-11-10 15:07:02.564000,1.1327,1.13268,3190000,2120000
2017-11-10 15:07:03.156000,1.13271,1.13268,1310000,1870000
2017-11-10 15:07:03.547000,1.13271,1.13269,1310000,1000000
2017-11-10 15:07:06.114000,1.1327,1.13268,1250000,1120000
2017-11-10 15:07:07.797000,1.13271,1.13268,1250000,3000000
2017-11-10 15:07:08.592000,1.13271,1.13268,1120000,3560000
2017-11-10 15:07:10.584000,1.1327,1.13268,1000000,2810000
2017-11-10 15:07:12.566000,1.13271,1.13268,1000000,3940000
2017-11-10 15:07:13.051000,1.13273,1.1327,3190000,3000000
2017-11-10 15:07:13.511000,1.13274,1.13272,1000000,2250000
2017-11-10 15:07:14.021000,1.13275,1.13273,1250000,1000000
2017-11-10 15:07:18.297000,1.13276,1.13273,1690000,4120000
2017-11-10 15:07:18.837000,1.13276,1.13274,1500000,1500000
2017-11-10 15:07:21.621000,1.13275,1.13274,2060000,1000000
2017-11-10 15:07:22.130000,1.13273,1.13272,1000000,1120000
2017-11-10 15:07:22.634000,1.13273,1.13271,1010000,4310000
2017-11-10 15:07:23.446000,1.13272,1.13271,1000000,1000000
2017-11-10 15:07:23.957000,1.13271,1.13269,1030000,4690000
2017-11-10 15:07:24.495000,1.13271,1.13269,1030000,1870000
2017-11-10 15:07:26.088000,1.13272,1.13269,2140000,2250000
2017-11-10 15:07:26.851000,1.13272,1.13271,1010000,2620000
2017-11-10 15:07:27.219000,1.13275,1.13273,1500000,1500000
2017-11-10 15:07:27.741000,1.13277,1.13275,1000000,3000000
2017-11-10 15:07:29.211000,1.13276,1.13275,1000000,1000000
2017-11-10 15:07:30.094000,1.13277,1.13275,1500000,1000000
2017-11-10 15:07:30.420000,1.13278,1.13276,1000000,1870000
2017-11-10 15:07:30.575000,1.13281,1.13279,1760000,1000000
2017-11-10 15:07:31.092000,1.1328,1.13279,1000000,1000000
2017-11-10 15:07:31.597000,1.13281,1.13278,1690000,4120000
2017-11-10 15:07:32.130000,1.13279,1.13277,1000000,2060000
2017-11-10 15:07:32.646000,1.13278,1.13276,1500000,2440000
2017-11-10 15:07:35.742000,1.13279,1.13277,1500000,1120000
2017-11-10 15:07:36.165000,1.13282,1.13279,1870000,3640000
2017-11-10 15:07:36.676000,1.13282,1.1328,1000000,1620000
2017-11-10 15:07:37.196000,1.13281,1.13278,6000000,5590000
2017-11-10 15:07:37.300000,1.13279,1.13276,2810000,1120000
2017-11-10 15:07:37.812000,1.13278,1.13275,3560000,1120000
2017-11-10 15:07:38.988000,1.13277,1.13275,1000000,1000000
2017-11-10 15:07:39.510000,1.13277,1.13275,1000000,1000000
2017-11-10 15:07:40.207000,1.13279,1.13277,4950000,1120000
2017-11-10 15:07:40.617000,1.13277,1.13275,1000000,3000000
2017-11-10 15:07:41.433000,1.13279,1.13276,4690000,1000000
2017-11-10 15:07:41.958000,1.13281,1.13278,3190000,1120000
2017-11-10 15:07:42.484000,1.13281,1.13279,2440000,1000000
2017-11-10 15:07:43.055000,1.13282,1.13279,5810000,1000000
2017-11-10 15:07:43.780000,1.13282,1.1328,3940000,1000000
2017-11-10 15:07:44.497000,1.13282,1.1328,1250000,1120000
2017-11-10 15:07:45.004000,1.13282,1.1328,1250000,2620000
2017-11-10 15:07:46.291000,1.13281,1.13279,5810000,1870000
2017-11-10 15:07:46.344000,1.13278,1.13276,1000000,1690000
2017-11-10 15:07:47.305000,1.13277,1.13275,1000000,2060000
2017-11-10 15:07:47.356000,1.13275,1.13274,1000000,1500000
2017-11-10 15:07:47.849000,1.13273,1.13271,1000000,1000000
2017-11-10 15:07:48.383000,1.13272,1.13269,1000000,4310000
2017-11-10 15:07:48.908000,1.13273,1.13271,1500000,1000000
2017-11-10 15:07:49.411000,1.13273,1.13271,2620000,1000000
2017-11-10 15:07:50.373000,1.13274,1.13272,1310000,1000000
2017-11-10 15:07:50.884000,1.13275,1.13273,1310000,1000000
2017-11-10 15:07:51.229000,1.13277,1.13275,3940000,1000000
2017-11-10 15:07:51.980000,1.13277,1.13274,3190000,2250000
2017-11-10 15:07:52.494000,1.13275,1.13273,1310000,1000000
2017-11-10 15:07:53.027000,1.13276,1.13273,8060000,1000000
2017-11-10 15:07:53.079000,1.13275,1.13272,3560000,1000000
2017-11-10 15:07:53.889000,1.13275,1.13273,1250000,1000000
2017-11-10 15:07:54.424000,1.13276,1.13272,3560000,2620000
2017-11-10 15:07:54.936000,1.13276,1.13273,2440000,1870000
2017-11-10 15:07:56.766000,1.13277,1.13273,3190000,5250000
2017-11-10 15:08:01.330000,1.13277,1.13273,4310000,3370000
2017-11-10 15:08:01.856000,1.13277,1.13274,3190000,1000000
2017-11-10 15:08:07.328000,1.13279,1.13278,1120000,1310000
2017-11-10 15:08:07.666000,1.13279,1.13276,1120000,2060000
2017-11-10 15:08:08.789000,1.13279,1.13276,2620000,1310000
2017-11-10 15:08:09.056000,1.1328,1.13279,1690000,1000000
2017-11-10 15:08:09.108000,1.13282,1.1328,1250000,3220000
2017-11-10 15:08:09.269000,1.13286,1.13285,1500000,1000000
2017-11-10 15:08:09.577000,1.13289,1.13286,3940000,4120000
2017-11-10 15:08:10.119000,1.1329,1.13287,1310000,4500000
2017-11-10 15:08:10.426000,1.1329,1.13288,1310000,1000000
2017-11-10 15:08:10.477000,1.13292,1.13291,1120000,3750000
2017-11-10 15:08:10.869000,1.13295,1.13292,2060000,1500000
2017-11-10 15:08:10.921000,1.13294,1.13291,2440000,1120000
2017-11-10 15:08:11.280000,1.13292,1.13289,1250000,3450000
2017-11-10 15:08:13.009000,1.13292,1.13288,4310000,3560000
2017-11-10 15:08:13.061000,1.13289,1.13286,2060000,1870000
2017-11-10 15:08:14.130000,1.1329,1.13286,6190000,2620000
2017-11-10 15:08:14.644000,1.13291,1.13288,3190000,1120000
2017-11-10 15:08:16.439000,1.13291,1.13289,2060000,1000000
2017-11-10 15:08:16.656000,1.13292,1.1329,1870000,1000000
2017-11-10 15:08:17.184000,1.13291,1.13288,1000000,7760000
2017-11-10 15:08:17.649000,1.13292,1.1329,1000000,2810000
2017-11-10 15:08:17.953000,1.13295,1.13293,1000000,3190000
2017-11-10 15:08:18.362000,1.13297,1.13294,2620000,1690000
2017-11-10 15:08:18.850000,1.13294,1.13293,1120000,1500000
2017-11-10 15:08:19.639000,1.13295,1.13292,2620000,2060000
2017-11-10 15:08:20.250000,1.13296,1.13293,1870000,2810000
2017-11-10 15:08:20.867000,1.13297,1.13295,2620000,1000000
2017-11-10 15:08:21.342000,1.13298,1.13296,1120000,3940000
2017-11-10 15:08:21.445000,1.133,1.13297,1120000,3560000
2017-11-10 15:08:21.959000,1.13299,1.13296,3370000,2060000
2017-11-10 15:08:22.478000,1.13298,1.13296,1500000,1250000
2017-11-10 15:08:24.680000,1.13298,1.13295,2250000,1690000
2017-11-10 15:08:25.698000,1.13298,1.13295,2620000,2060000
2017-11-10 15:08:25.749000,1.13296,1.13295,1000000,1310000
2017-11-10 15:08:27.656000,1.13295,1.13293,3600000,2140000
2017-11-10 15:08:28.821000,1.13295,1.13293,1000000,3940000
2017-11-10 15:08:29.127000,1.13297,1.13295,1120000,1310000
2017-11-10 15:08:29.385000,1.13299,1.13298,1870000,1250000
2017-11-10 15:08:29.554000,1.13302,1.133,1000000,3560000
2017-11-10 15:08:30.068000,1.13302,1.133,1000000,5060000
2017-11-10 15:08:30.376000,1.13303,1.13301,1000000,2060000
2017-11-10 15:08:30.893000,1.13303,1.13301,1000000,1310000
2017-11-10 15:08:31.496000,1.13302,1.133,1870000,3190000
2017-11-10 15:08:31.861000,1.13303,1.13302,1000000,1000000
2017-11-10 15:08:32.016000,1.133,1.13298,1500000,4690000
2017-11-10 15:08:32.221000,1.13302,1.13301,1000000,1250000
2017-11-10 15:08:32.958000,1.13302,1.13301,1000000,1690000
2017-11-10 15:08:33.554000,1.13302,1.13301,1000000,1690000
2017-11-10 15:08:33.860000,1.13305,1.13303,1000000,3190000
2017-11-10 15:08:34.928000,1.13305,1.13302,1500000,2440000
2017-11-10 15:08:35.316000,1.13307,1.13306,2250000,1120000
2017-11-10 15:08:35.368000,1.13308,1.13306,1250000,1870000
2017-11-10 15:08:35.696000,1.1331,1.13307,3750000,3940000
2017-11-10 15:08:36.209000,1.1331,1.13307,1120000,4690000
2017-11-10 15:08:37.145000,1.13312,1.1331,3070000,1690000
2017-11-10 15:08:37.695000,1.13312,1.1331,1120000,2060000
2017-11-10 15:08:38.762000,1.13312,1.13309,2620000,3560000
2017-11-10 15:08:39.325000,1.13311,1.13308,1500000,2060000
2017-11-10 15:08:40.956000,1.1331,1.13307,1120000,4310000
2017-11-10 15:08:41.467000,1.13311,1.13308,1120000,3190000
2017-11-10 15:08:44.958000,1.13314,1.13312,1870000,3190000
2017-11-10 15:08:45.301000,1.13316,1.13314,1000000,3190000
2017-11-10 15:08:46.201000,1.13316,1.13314,1000000,1690000
2017-11-10 15:08:46.355000,1.13313,1.13312,1000000,1310000
2017-11-10 15:08:46.995000,1.13313,1.13311,1000000,3560000
2017-11-10 15:08:47.047000,1.13314,1.13312,3000000,1310000
2017-11-10 15:08:47.099000,1.13311,1.1331,1000000,1690000
2017-11-10 15:08:47.926000,1.13312,1.1331,1000000,2440000
2017-11-10 15:08:48.233000,1.13314,1.13313,1000000,1120000
2017-11-10 15:08:48.849000,1.13315,1.13313,1000000,1370000
2017-11-10 15:08:49.210000,1.13317,1.13314,2620000,2440000
2017-11-10 15:08:49.738000,1.13317,1.13315,4120000,1250000
2017-11-10 15:08:52.069000,1.13317,1.13314,3750000,3560000
2017-11-10 15:08:53.691000,1.13317,1.13315,1000000,2060000
2017-11-10 15:08:53.999000,1.13319,1.13317,1870000,2440000
2017-11-10 15:08:54.103000,1.13321,1.13318,1250000,4120000
2017-11-10 15:08:54.360000,1.13323,1.13319,1500000,5440000
2017-11-10 15:08:54.977000,1.13323,1.1332,2250000,1690000
2017-11-10 15:08:55.131000,1.13321,1.13319,1000000,1690000
2017-11-10 15:08:55.702000,1.13321,1.13319,1000000,3560000
2017-11-10 15:08:56.214000,1.13321,1.13319,1000000,2440000
2017-11-10 15:08:58.608000,1.13322,1.1332,1500000,2060000
2017-11-10 15:08:58.711000,1.13321,1.1332,1120000,2060000
2017-11-10 15:08:59.069000,1.13319,1.13318,1000000,1690000
2017-11-10 15:09:00.068000,1.1332,1.13318,1000000,2810000
2017-11-10 15:09:00.595000,1.1332,1.13319,1000000,1250000
2017-11-10 15:09:00.800000,1.13319,1.13317,1000000,2810000
2017-11-10 15:09:01.312000,1.13318,1.13317,1000000,1690000
2017-11-10 15:09:01.415000,1.13315,1.13313,1120000,2810000
2017-11-10 15:09:01.927000,1.13315,1.13313,2620000,1250000
2017-11-10 15:09:03.570000,1.13314,1.13312,1000000,1120000
2017-11-10 15:09:04.033000,1.13311,1.1331,1000000,6370000
2017-11-10 15:09:04.551000,1.13311,1.13309,1120000,2250000
2017-11-10 15:09:05.067000,1.13311,1.13309,1000000,1120000
2017-11-10 15:09:05.590000,1.1331,1.13308,1000000,3940000
2017-11-10 15:09:06.005000,1.13312,1.13311,1000000,6600000
2017-11-10 15:09:06.311000,1.13315,1.13312,5060000,1870000
2017-11-10 15:09:08.285000,1.13314,1.13312,1000000,2620000
2017-11-10 15:09:09.076000,1.13312,1.1331,1000000,2620000
2017-11-10 15:09:09.586000,1.13311,1.13309,1000000,2440000
2017-11-10 15:09:10.152000,1.13311,1.13309,1250000,1870000
2017-11-10 15:09:10.402000,1.13308,1.13305,3940000,1500000
2017-11-10 15:09:10.606000,1.13306,1.13304,1000000,3190000
2017-11-10 15:09:11.184000,1.13307,1.13304,2620000,2810000
2017-11-10 15:09:11.747000,1.13306,1.13304,1000000,2440000
2017-11-10 15:09:12.056000,1.13309,1.13307,2510000,1000000
2017-11-10 15:09:12.430000,1.13311,1.13309,3940000,1000000
2017-11-10 15:09:13.223000,1.13313,1.13311,2440000,1000000
2017-11-10 15:09:13.917000,1.13312,1.1331,3190000,1000000
2017-11-10 15:09:14.427000,1.13312,1.1331,3560000,1000000
2017-11-10 15:09:14.531000,1.1331,1.13308,2810000,1500000
2017-11-10 15:09:14.637000,1.13308,1.13306,1690000,1120000
2017-11-10 15:09:17.179000,1.13309,1.13307,4690000,1000000
2017-11-10 15:09:17.487000,1.13306,1.13304,6560000,1000000
2017-11-10 15:09:18.042000,1.13305,1.13304,1870000,1000000
2017-11-10 15:09:18.592000,1.13306,1.13304,1310000,1120000
2017-11-10 15:09:19.104000,1.13306,1.13305,1250000,1000000
2017-11-10 15:09:19.471000,1.13308,1.13306,1000000,1120000
2017-11-10 15:09:19.523000,1.13309,1.13307,1310000,1000000
2017-11-10 15:09:21.740000,1.1331,1.13308,1690000,1000000
2017-11-10 15:09:23.008000,1.13312,1.1331,3560000,1000000
2017-11-10 15:09:23.570000,1.13312,1.1331,2810000,1000000
2017-11-10 15:09:25.779000,1.13311,1.1331,1250000,1000000
2017-11-10 15:09:26.081000,1.13309,1.13308,1000000,1000000
2017-11-10 15:09:26.235000,1.13302,1.13299,1500000,1500000
2017-11-10 15:09:26.389000,1.13303,1.13301,2060000,1000000
2017-11-10 15:09:26.542000,1.13304,1.13302,1000000,1500000
2017-11-10 15:09:27.064000,1.13305,1.13303,1310000,1120000
2017-11-10 15:09:27.574000,1.13305,1.13304,1310000,1000000
2017-11-10 15:09:27.991000,1.13308,1.13306,1690000,1000000
2017-11-10 15:09:30.638000,1.13307,1.13305,1310000,1120000
2017-11-10 15:09:31.149000,1.13306,1.13304,2810000,1000000
2017-11-10 15:09:32.185000,1.13306,1.13304,4690000,1000000
2017-11-10 15:09:32.724000,1.13305,1.13303,1000000,1120000
2017-11-10 15:09:33.232000,1.13305,1.13303,6190000,1000000
2017-11-10 15:09:33.750000,1.13304,1.13302,2590000,1000000
2017-11-10 15:09:35.146000,1.13302,1.133,2060000,1200000
2017-11-10 15:09:35.493000,1.133,1.13298,2060000,1120000
2017-11-10 15:09:36.004000,1.13299,1.13298,1650000,1120000
2017-11-10 15:09:36.638000,1.13299,1.13297,2960000,1000000
2017-11-10 15:09:39.359000,1.13299,1.13297,4310000,1000000
2017-11-10 15:09:42.896000,1.13299,1.13297,1690000,1000000
2017-11-10 15:09:43.226000,1.13303,1.133,3750000,1620000
2017-11-10 15:09:43.873000,1.13302,1.133,5620000,1120000
2017-11-10 15:09:44.423000,1.13301,1.13299,3190000,1120000
2017-11-10 15:09:45.499000,1.13301,1.13298,5060000,1870000
2017-11-10 15:09:46.044000,1.133,1.13298,2360000,1120000
2017-11-10 15:09:46.558000,1.133,1.13298,9490000,1000000
2017-11-10 15:09:47.070000,1.13299,1.13297,1000000,1120000
2017-11-10 15:09:51.017000,1.13298,1.13297,1500000,1000000
2017-11-10 15:09:51.223000,1.13295,1.13293,1690000,1500000
2017-11-10 15:09:51.735000,1.13294,1.13292,1200000,1120000
2017-11-10 15:09:51.940000,1.13292,1.1329,2060000,1000000
2017-11-10 15:09:52.249000,1.13291,1.13288,2060000,5250000
2017-11-10 15:09:52.800000,1.13292,1.13288,3560000,5620000
2017-11-10 15:09:53.416000,1.13292,1.13291,1000000,1500000
2017-11-10 15:09:53.929000,1.13292,1.13289,1690000,2620000
2017-11-10 15:09:55.204000,1.13292,1.1329,1500000,1370000
2017-11-10 15:09:55.757000,1.13293,1.1329,2810000,1370000
2017-11-10 15:09:56.066000,1.13291,1.13289,1120000,1620000
2017-11-10 15:09:56.481000,1.1329,1.13288,1100000,1250000
2017-11-10 15:09:57.863000,1.13289,1.13287,1200000,1370000
2017-11-10 15:09:57.915000,1.13287,1.13286,1000000,1500000
2017-11-10 15:09:58.068000,1.13287,1.13284,2060000,1500000
2017-11-10 15:09:58.273000,1.13284,1.13282,1120000,2620000
2017-11-10 15:09:58.785000,1.13282,1.13281,1500000,1690000
2017-11-10 15:09:59.299000,1.13281,1.1328,1000000,1250000
2017-11-10 15:09:59.606000,1.1328,1.13278,1000000,3190000
2017-11-10 15:10:00.094000,1.13282,1.1328,3610000,1000000
2017-11-10 15:10:00.713000,1.13282,1.1328,1480000,1000000
2017-11-10 15:10:03.299000,1.13283,1.13282,1000000,1540000
2017-11-10 15:10:03.804000,1.13283,1.1328,2060000,3750000
2017-11-10 15:10:05.929000,1.13283,1.13281,1690000,1120000
2017-11-10 15:10:06.238000,1.13286,1.13284,1250000,1120000
2017-11-10 15:10:06.548000,1.13288,1.13286,1100000,1000000
2017-11-10 15:10:07.081000,1.13288,1.13286,1120000,1500000
2017-11-10 15:10:07.391000,1.1329,1.13288,1310000,1500000
2017-11-10 15:10:07.443000,1.13291,1.13288,5810000,1500000
2017-11-10 15:10:07.495000,1.13291,1.13289,1310000,1000000
2017-11-10 15:10:07.992000,1.13292,1.1329,1310000,1120000
2017-11-10 15:10:08.045000,1.13297,1.13295,1000000,2620000
2017-11-10 15:10:08.755000,1.13297,1.13295,1120000,1000000
2017-11-10 15:10:09.165000,1.13295,1.13294,1000000,1310000
2017-11-10 15:10:09.625000,1.13293,1.13291,2620000,1620000
2017-11-10 15:10:09.677000,1.13292,1.1329,1120000,1100000
2017-11-10 15:10:10.665000,1.13291,1.13289,1000000,1620000
2017-11-10 15:10:11.331000,1.13291,1.13289,1000000,1250000
2017-11-10 15:10:11.538000,1.13289,1.13288,1000000,1250000
2017-11-10 15:10:11.693000,1.13288,1.13286,1000000,2060000
2017-11-10 15:10:11.745000,1.13286,1.13285,1000000,1310000
2017-11-10 15:10:11.986000,1.13286,1.13284,1000000,1120000
2017-11-10 15:10:12.241000,1.13287,1.13285,1250000,5620000
2017-11-10 15:10:12.649000,1.13289,1.13287,1500000,1120000
2017-11-10 15:10:13.290000,1.13289,1.13287,1000000,1870000
2017-11-10 15:10:13.807000,1.13288,1.13286,1120000,4310000
2017-11-10 15:10:14.315000,1.13289,1.13287,1120000,1000000
2017-11-10 15:10:14.829000,1.1329,1.13289,1200000,1500000
2017-11-10 15:10:15.035000,1.13295,1.13293,2340000,1000000
2017-11-10 15:10:16.109000,1.13295,1.13293,1870000,1120000
2017-11-10 15:10:17.107000,1.13295,1.13294,1000000,1120000
2017-11-10 15:10:17.210000,1.13297,1.13295,1570000,1120000
2017-11-10 15:10:17.415000,1.13296,1.13294,2060000,1500000
2017-11-10 15:10:17.518000,1.13295,1.13293,1610000,1120000
2017-11-10 15:10:18.179000,1.13296,1.13294,1070000,1000000
2017-11-10 15:10:18.691000,1.13297,1.13295,8510000,1000000
2017-11-10 15:10:20.724000,1.13296,1.13294,1190000,1500000
2017-11-10 15:10:21.982000,1.13295,1.13292,2360000,2250000
2017-11-10 15:10:22.443000,1.13292,1.1329,1000000,1560000
2017-11-10 15:10:23.016000,1.13293,1.1329,1310000,3000000
2017-11-10 15:10:23.547000,1.13293,1.13291,1000000,2320000
2017-11-10 15:10:24.072000,1.13295,1.13293,4240000,1000000
2017-11-10 15:10:24.597000,1.13295,1.13293,1870000,1000000
2017-11-10 15:10:25.123000,1.13295,1.13292,1500000,2890000
2017-11-10 15:10:26.570000,1.13295,1.13292,2250000,2440000
2017-11-10 15:10:30.279000,1.13292,1.13291,1000000,1200000
2017-11-10 15:10:30.604000,1.13292,1.13289,4690000,2620000
2017-11-10 15:10:32.796000,1.13293,1.1329,6190000,2100000
2017-11-10 15:10:32.848000,1.13295,1.13291,4760000,5440000
2017-11-10 15:10:33.673000,1.13295,1.13293,2250000,1500000
2017-11-10 15:10:34.215000,1.13296,1.13294,2890000,1500000
2017-11-10 15:10:35.312000,1.13296,1.13294,2620000,1120000
2017-11-10 15:10:36.340000,1.13297,1.13295,2060000,1120000
2017-11-10 15:10:36.444000,1.13299,1.13296,3190000,2250000
2017-11-10 15:10:36.957000,1.13299,1.13297,1690000,1000000
2017-11-10 15:10:37.695000,1.133,1.13296,7690000,3370000
2017-11-10 15:10:38.206000,1.13298,1.13296,1120000,1120000
2017-11-10 15:10:40.218000,1.13297,1.13294,1310000,2320000
2017-11-10 15:10:40.321000,1.13295,1.13294,1000000,1000000
2017-11-10 15:10:41.031000,1.13296,1.13294,1690000,1870000
2017-11-10 15:10:48.428000,1.13297,1.13295,2810000,1000000
2017-11-10 15:10:49.430000,1.13297,1.13295,2440000,1000000
2017-11-10 15:10:50.822000,1.13297,1.13296,1120000,1000000
2017-11-10 15:10:51.333000,1.13299,1.13296,1000000,4310000
2017-11-10 15:10:51.562000,1.133,1.13299,1250000,1000000
2017-11-10 15:10:51.635000,1.13306,1.13305,1000000,1500000
2017-11-10 15:10:51.739000,1.13305,1.13303,1570000,1120000
2017-11-10 15:10:52.595000,1.13304,1.13302,1120000,1120000
2017-11-10 15:10:52.852000,1.13302,1.133,1000000,3190000
2017-11-10 15:10:53.458000,1.13302,1.133,1250000,1000000
2017-11-10 15:10:53.969000,1.13303,1.133,1760000,6000000
2017-11-10 15:10:54.479000,1.13303,1.13302,1010000,1000000
2017-11-10 15:10:55.001000,1.13303,1.13301,1010000,1120000
2017-11-10 15:10:55.633000,1.13303,1.13301,1010000,1000000
2017-11-10 15:10:56.308000,1.13304,1.13301,5140000,1120000
2017-11-10 15:10:56.852000,1.13304,1.13302,1290000,1000000
2017-11-10 15:10:58.039000,1.13304,1.13302,1390000,1000000
2017-11-10 15:10:58.142000,1.13305,1.13303,1570000,2060000
2017-11-10 15:10:58.398000,1.13307,1.13305,4010000,1500000
2017-11-10 15:10:58.503000,1.13305,1.13303,1120000,1870000
2017-11-10 15:10:59.175000,1.13306,1.13304,1950000,1000000
2017-11-10 15:10:59.413000,1.13308,1.13306,1010000,1000000
2017-11-10 15:10:59.517000,1.1331,1.13308,4310000,1500000
2017-11-10 15:10:59.622000,1.13311,1.13309,1010000,1120000
2017-11-10 15:11:00.032000,1.13312,1.1331,2510000,2500000
2017-11-10 15:11:00.546000,1.13314,1.13312,1000000,4870000
2017-11-10 15:11:01.066000,1.13315,1.13314,1000000,1000000
2017-11-10 15:11:02.417000,1.13314,1.13312,1000000,1500000
2017-11-10 15:11:03.083000,1.13315,1.13313,1690000,1120000
2017-11-10 15:11:03.622000,1.13312,1.13309,1120000,2890000
2017-11-10 15:11:04.170000,1.1331,1.13308,2660000,1120000
2017-11-10 15:11:04.324000,1.13309,1.13306,1390000,1500000
2017-11-10 15:11:05.167000,1.13309,1.13307,1010000,1000000
2017-11-10 15:11:06.373000,1.1331,1.13308,1690000,1000000
2017-11-10 15:11:06.738000,1.13309,1.13307,1000000,3000000
2017-11-10 15:11:07.379000,1.13309,1.13307,1000000,3370000
2017-11-10 15:11:07.922000,1.13309,1.13307,1000000,3000000
2017-11-10 15:11:09.340000,1.13308,1.13306,1000000,2510000
2017-11-10 15:11:09.856000,1.13307,1.13306,1000000,1120000
2017-11-10 15:11:11.674000,1.13304,1.13302,1120000,2250000
2017-11-10 15:11:11.729000,1.13301,1.13299,1000000,6750000
2017-11-10 15:11:11.836000,1.13302,1.133,1000000,1000000
2017-11-10 15:11:11.993000,1.13301,1.13299,1000000,5060000
2017-11-10 15:11:12.045000,1.13302,1.13299,1120000,5810000
2017-11-10 15:11:12.293000,1.13299,1.13298,1120000,2620000
2017-11-10 15:11:12.351000,1.13294,1.13291,1120000,4120000
2017-11-10 15:11:13.494000,1.13294,1.13291,5250000,1120000
2017-11-10 15:11:15.298000,1.13292,1.1329,2060000,1120000
2017-11-10 15:11:16.743000,1.13294,1.13292,2320000,1000000
2017-11-10 15:11:16.848000,1.13296,1.13293,2060000,1500000
2017-11-10 15:11:18.641000,1.13295,1.13292,6220000,1690000
2017-11-10 15:11:18.800000,1.13294,1.13291,4910000,6560000
2017-11-10 15:11:19.309000,1.13294,1.13291,5440000,1120000
2017-11-10 15:11:19.828000,1.13294,1.13291,4310000,1500000
2017-11-10 15:11:20.696000,1.13292,1.1329,1000000,3190000
2017-11-10 15:11:21.017000,1.13294,1.13292,1690000,1000000
2017-11-10 15:11:21.629000,1.13296,1.13294,1310000,1000000
2017-11-10 15:11:22.151000,1.13296,1.13294,1690000,1000000
2017-11-10 15:11:22.707000,1.13296,1.13294,1250000,1000000
2017-11-10 15:11:23.812000,1.13297,1.13295,1000000,2250000
2017-11-10 15:11:23.864000,1.13299,1.13296,2510000,1000000
2017-11-10 15:11:23.970000,1.13299,1.13297,1250000,1000000
2017-11-10 15:11:24.546000,1.13301,1.13299,3940000,1000000
2017-11-10 15:11:24.918000,1.13299,1.13297,1370000,1000000
2017-11-10 15:11:24.969000,1.13298,1.13296,1000000,1390000
2017-11-10 15:11:25.542000,1.13298,1.13296,1870000,1310000
2017-11-10 15:11:26.087000,1.13299,1.13296,4120000,1310000
2017-11-10 15:11:26.608000,1.13299,1.13297,4120000,1000000
2017-11-10 15:11:26.762000,1.133,1.13298,4990000,1000000
2017-11-10 15:11:27.275000,1.13303,1.13301,3450000,1000000
2017-11-10 15:11:27.378000,1.13302,1.13299,1950000,3190000
2017-11-10 15:11:28.688000,1.13302,1.13301,2700000,1000000
2017-11-10 15:11:28.907000,1.13301,1.13299,1870000,1500000
2017-11-10 15:11:29.819000,1.13301,1.13299,2060000,1120000
2017-11-10 15:11:30.875000,1.13301,1.13299,1000000,1500000
2017-11-10 15:11:31.453000,1.13301,1.133,1000000,1000000
2017-11-10 15:11:32.560000,1.13302,1.133,4620000,1000000
2017-11-10 15:11:33.086000,1.13303,1.13301,4690000,1000000
2017-11-10 15:11:33.597000,1.13304,1.13302,2440000,1000000
2017-11-10 15:11:34.164000,1.13304,1.13302,1690000,1000000
2017-11-10 15:11:35.834000,1.13304,1.13303,1120000,1000000
2017-11-10 15:11:36.142000,1.13306,1.13304,1250000,1000000
2017-11-10 15:11:37.192000,1.13306,1.13303,1190000,2250000
2017-11-10 15:11:38.326000,1.13305,1.13302,2810000,1120000
2017-11-10 15:11:38.841000,1.13304,1.13302,4690000,1000000
2017-11-10 15:11:40.415000,1.13304,1.13303,1310000,1000000
2017-11-10 15:11:41.371000,1.13306,1.13303,5810000,1000000
2017-11-10 15:11:41.875000,1.13306,1.13303,5060000,1000000
2017-11-10 15:11:43.843000,1.13306,1.13304,3190000,1500000
2017-11-10 15:11:44.344000,1.13307,1.13304,6560000,1000000
2017-11-10 15:11:44.449000,1.133,1.13299,1000000,2060000
2017-11-10 15:11:44.501000,1.133,1.13298,1310000,1870000
2017-11-10 15:11:44.604000,1.13299,1.13297,1690000,1120000
2017-11-10 15:11:44.938000,1.13297,1.13295,4310000,1000000
2017-11-10 15:11:45.093000,1.13295,1.13292,1250000,3750000
2017-11-10 15:11:45.603000,1.13295,1.13293,3940000,1000000
2017-11-10 15:11:47.286000,1.13286,1.13284,2620000,1310000
2017-11-10 15:11:47.593000,1.13285,1.13282,7540000,1120000
2017-11-10 15:11:48.117000,1.13284,1.13282,4010000,1000000
2017-11-10 15:11:49.342000,1.13284,1.13282,1760000,1000000
2017-11-10 15:11:49.860000,1.13284,1.13283,1000000,1120000
2017-11-10 15:11:50.335000,1.13286,1.13283,2530000,1120000
2017-11-10 15:11:50.868000,1.13286,1.13284,2440000,1000000
2017-11-10 15:11:51.633000,1.13285,1.13282,2060000,1500000
2017-11-10 15:11:51.736000,1.13284,1.13282,2620000,1120000
2017-11-10 15:11:52.144000,1.13283,1.13281,1500000,1500000
2017-11-10 15:11:52.308000,1.13279,1.13277,5620000,1370000
2017-11-10 15:11:52.819000,1.13278,1.13276,1250000,1000000
2017-11-10 15:11:53.364000,1.13278,1.13276,2060000,1000000
2017-11-10 15:11:53.906000,1.13278,1.13276,2060000,1000000
2017-11-10 15:11:54.213000,1.13281,1.13279,1690000,1000000
2017-11-10 15:11:54.727000,1.13281,1.13279,2060000,1000000
2017-11-10 15:11:54.830000,1.13282,1.1328,6190000,1000000
2017-11-10 15:11:54.881000,1.13281,1.13278,2060000,1120000
2017-11-10 15:11:55.404000,1.13281,1.13279,1250000,1000000
2017-11-10 15:11:55.771000,1.13282,1.1328,5140000,1000000
2017-11-10 15:11:56.282000,1.13282,1.13279,4310000,1370000
2017-11-10 15:11:56.793000,1.13281,1.13279,1310000,1120000
2017-11-10 15:11:57.325000,1.13281,1.13279,1690000,1000000
2017-11-10 15:11:57.986000,1.13281,1.13279,1250000,1120000
2017-11-10 15:11:58.552000,1.13282,1.1328,3190000,1000000
2017-11-10 15:11:59.369000,1.13281,1.13279,6750000,1120000
2017-11-10 15:11:59.880000,1.13281,1.13279,3190000,1120000
2017-11-10 15:12:01.124000,1.1328,1.13277,1690000,1870000
2017-11-10 15:12:01.277000,1.1328,1.13277,4310000,1500000
2017-11-10 15:12:02.526000,1.13279,1.13276,2320000,2810000
2017-11-10 15:12:02.577000,1.1328,1.13279,1760000,1120000
2017-11-10 15:12:02.680000,1.13282,1.13279,2810000,1120000
2017-11-10 15:12:02.987000,1.1328,1.13277,1690000,1500000
2017-11-10 15:12:03.831000,1.13278,1.13276,1000000,2440000
2017-11-10 15:12:04.877000,1.13278,1.13277,1000000,1000000
2017-11-10 15:12:05.522000,1.13279,1.13277,1000000,1500000
2017-11-10 15:12:05.574000,1.1328,1.13279,1000000,1000000
2017-11-10 15:12:06.483000,1.13281,1.13278,2810000,1500000
2017-11-10 15:12:06.534000,1.1328,1.13278,1000000,1500000
2017-11-10 15:12:07.086000,1.13278,1.13277,1000000,1000000
2017-11-10 15:12:07.745000,1.13278,1.13277,1000000,1000000
2017-11-10 15:12:09.767000,1.13278,1.13276,1000000,2140000
2017-11-10 15:12:10.306000,1.13279,1.13277,1000000,1370000
2017-11-10 15:12:10.511000,1.1328,1.13278,1500000,1370000
2017-11-10 15:12:11.588000,1.13281,1.13278,2810000,3370000
2017-11-10 15:12:11.640000,1.13283,1.1328,5810000,1500000
2017-11-10 15:12:11.895000,1.13284,1.13282,2060000,1000000
2017-11-10 15:12:12.462000,1.13284,1.13282,2700000,1310000
2017-11-10 15:12:12.821000,1.13285,1.13282,1120000,2060000
2017-11-10 15:12:13.375000,1.13285,1.13282,1120000,2060000
2017-11-10 15:12:16.095000,1.13284,1.13282,1000000,2060000
2017-11-10 15:12:16.611000,1.13283,1.13282,1000000,1690000
2017-11-10 15:12:17.120000,1.13284,1.13283,1000000,1250000
2017-11-10 15:12:17.801000,1.13286,1.13283,7570000,1690000
2017-11-10 15:12:18.283000,1.13283,1.13282,1000000,1690000
2017-11-10 15:12:18.334000,1.13282,1.1328,1120000,2440000
2017-11-10 15:12:18.488000,1.1328,1.13278,1000000,1500000
2017-11-10 15:12:18.539000,1.1328,1.13278,2250000,1500000
2017-11-10 15:12:19.071000,1.13279,1.13277,3450000,2440000
2017-11-10 15:12:19.944000,1.13279,1.13277,1570000,2440000
2017-11-10 15:12:22.213000,1.13279,1.13277,3070000,2440000
2017-11-10 15:12:24.062000,1.13279,1.13278,1200000,1000000
2017-11-10 15:12:24.954000,1.1328,1.13278,1200000,1310000
2017-11-10 15:12:25.465000,1.13282,1.13279,4460000,1120000
2017-11-10 15:12:26.109000,1.13281,1.13279,1120000,3190000
2017-11-10 15:12:27.672000,1.13281,1.13279,2250000,1500000
2017-11-10 15:12:28.196000,1.1328,1.13278,1950000,2060000
2017-11-10 15:12:29.213000,1.1328,1.13277,4010000,1500000
2017-11-10 15:12:31.139000,1.13279,1.13278,1390000,1000000
2017-11-10 15:12:31.645000,1.13279,1.13277,1760000,2250000
2017-11-10 15:12:32.727000,1.13278,1.13277,1000000,1120000
2017-11-10 15:12:33.275000,1.13278,1.13275,3560000,1870000
2017-11-10 15:12:35.137000,1.13278,1.13276,1500000,1310000
2017-11-10 15:12:35.649000,1.13277,1.13275,3000000,1310000
2017-11-10 15:12:36.507000,1.13277,1.13276,1870000,1000000
2017-11-10 15:12:36.868000,1.1328,1.13277,3340000,1870000
2017-11-10 15:12:37.024000,1.1328,1.13278,3670000,1000000
2017-11-10 15:12:37.261000,1.13281,1.13279,1870000,3190000
2017-11-10 15:12:37.518000,1.1328,1.13278,2400000,2250000
2017-11-10 15:12:38.031000,1.1328,1.13278,3150000,1870000
2017-11-10 15:12:38.536000,1.1328,1.13279,1200000,1120000
2017-11-10 15:12:39.060000,1.13279,1.13278,1120000,1500000
2017-11-10 15:12:39.987000,1.13279,1.13277,1500000,2810000
2017-11-10 15:12:41.076000,1.1328,1.13278,4650000,1500000
2017-11-10 15:12:41.612000,1.13278,1.13277,1120000,1000000
2017-11-10 15:12:42.610000,1.13279,1.13277,1870000,2310000
2017-11-10 15:12:43.123000,1.13279,1.13278,1000000,1000000
2017-11-10 15:12:43.650000,1.1328,1.13278,3530000,1000000
2017-11-10 15:12:44.179000,1.1328,1.13279,2330000,1000000
2017-11-10 15:12:46.877000,1.1328,1.13278,1580000,1870000
2017-11-10 15:12:49.051000,1.13282,1.13281,1570000,1120000
2017-11-10 15:12:49.560000,1.13283,1.13281,1870000,1120000
2017-11-10 15:12:49.808000,1.13284,1.13282,1000000,1120000
2017-11-10 15:12:50.334000,1.13285,1.13283,4690000,1000000
2017-11-10 15:12:50.878000,1.13286,1.13284,3000000,1000000
2017-11-10 15:12:51.446000,1.13285,1.13283,2920000,1310000
2017-11-10 15:12:51.958000,1.13283,1.13282,1120000,1000000
2017-11-10 15:12:52.564000,1.13283,1.13282,1120000,1000000
2017-11-10 15:12:53.093000,1.13284,1.13281,3750000,1310000
2017-11-10 15:12:54.476000,1.13284,1.13282,4120000,1000000
2017-11-10 15:12:54.994000,1.13284,1.13282,6000000,1000000
2017-11-10 15:12:57.108000,1.13283,1.13281,5250000,1310000
2017-11-10 15:12:57.578000,1.13281,1.13279,1500000,2060000
2017-11-10 15:12:57.630000,1.13282,1.1328,3000000,1000000
2017-11-10 15:12:58.146000,1.13282,1.13281,1500000,1250000
2017-11-10 15:12:58.692000,1.13283,1.13281,1870000,1000000
2017-11-10 15:13:01.795000,1.13283,1.13281,2620000,1310000
2017-11-10 15:13:02.424000,1.13284,1.13282,7120000,1250000
2017-11-10 15:13:02.920000,1.13289,1.13287,2620000,1690000
2017-11-10 15:13:03.431000,1.13287,1.13286,1100000,1250000
2017-11-10 15:13:05.604000,1.13287,1.13286,1000000,1000000
2017-11-10 15:13:05.950000,1.13285,1.13283,1420000,3560000
2017-11-10 15:13:06.498000,1.13285,1.13283,1800000,2620000
2017-11-10 15:13:07.646000,1.13285,1.13283,2170000,1500000
2017-11-10 15:13:09.796000,1.13285,1.13283,5170000,1500000
2017-11-10 15:13:10.319000,1.13285,1.13283,5170000,1120000
2017-11-10 15:13:15.744000,1.13286,1.13284,8550000,1310000
2017-11-10 15:13:15.797000,1.13288,1.13285,1070000,3190000
2017-11-10 15:13:15.969000,1.1329,1.13287,3750000,2060000
2017-11-10 15:13:16.485000,1.13289,1.13288,1120000,1310000
2017-11-10 15:13:16.993000,1.1329,1.13289,1500000,1000000
2017-11-10 15:13:17.750000,1.1329,1.13288,1000000,2440000
2017-11-10 15:13:18.278000,1.13291,1.13289,4120000,1870000
2017-11-10 15:13:18.811000,1.1329,1.13288,2170000,2440000
2017-11-10 15:13:18.966000,1.13288,1.13286,4720000,3940000
2017-11-10 15:13:19.018000,1.13286,1.13284,4500000,1310000
2017-11-10 15:13:19.528000,1.13285,1.13283,5250000,1310000
