time,ask,bid,ask_volume,bid_volume
2020-05-15 13:55:00.409000,1.07057,1.07055,1000000,1310000
2020-05-15 13:55:01.434000,1.07057,1.07054,1000000,1870000
2020-05-15 13:55:01.787000,1.07055,1.07053,1000000,2400000
2020-05-15 13:55:01.838000,1.07053,1.07052,1000000,1120000
2020-05-15 13:55:01.939000,1.07052,1.0705,1000000,1250000
2020-05-15 13:55:03.055000,1.07053,1.0705,1690000,1120000
2020-05-15 13:55:03.207000,1.07052,1.0705,1000000,1000000
2020-05-15 13:55:04.650000,1.07053,1.0705,1760000,1000000
2020-05-15 13:55:05.003000,1.07053,1.0705,2570000,1000000
2020-05-15 13:55:05.717000,1.07053,1.0705,1760000,2500000
2020-05-15 13:55:07.154000,1.07054,1.07052,1570000,1000000
2020-05-15 13:55:07.255000,1.07056,1.07053,1100000,1750000
2020-05-15 13:55:07.356000,1.07057,1.07054,1760000,1120000
2020-05-15 13:55:07.761000,1.07058,1.07054,1000000,3450000
2020-05-15 13:55:07.963000,1.07059,1.07055,1950000,2190000
2020-05-15 13:55:08.281000,1.07058,1.07055,1250000,1870000
2020-05-15 13:55:08.332000,1.07055,1.07052,1750000,2260000
2020-05-15 13:55:08.434000,1.07053,1.0705,1870000,2140000
2020-05-15 13:55:08.535000,1.07052,1.0705,1370000,1500000
2020-05-15 13:55:09.460000,1.07054,1.07052,2070000,1000000
2020-05-15 13:55:09.562000,1.07054,1.07051,1310000,2060000
2020-05-15 13:55:09.663000,1.07055,1.07052,1750000,1000000
2020-05-15 13:55:10.430000,1.07055,1.07052,3260000,1000000
2020-05-15 13:55:10.581000,1.07055,1.07053,1200000,1250000
2020-05-15 13:55:10.683000,1.07056,1.07054,1000000,1250000
2020-05-15 13:55:10.734000,1.07057,1.07055,1870000,1250000
2020-05-15 13:55:11.731000,1.07059,1.07055,3390000,1690000
2020-05-15 13:55:12.413000,1.07059,1.07056,2370000,1250000
2020-05-15 13:55:12.514000,1.07059,1.07057,1000000,1000000
2020-05-15 13:55:13.462000,1.07059,1.07056,1120000,1690000
2020-05-15 13:55:13.730000,1.0706,1.07057,1310000,1000000
2020-05-15 13:55:14.602000,1.0706,1.07056,3750000,1500000
2020-05-15 13:55:14.653000,1.07059,1.07054,3000000,2770000
2020-05-15 13:55:14.754000,1.07058,1.07054,1250000,1870000
2020-05-15 13:55:15.669000,1.07059,1.07054,3320000,1950000
2020-05-15 13:55:18.563000,1.07059,1.07056,2620000,1000000
2020-05-15 13:55:23.501000,1.07055,1.07053,1250000,1120000
2020-05-15 13:55:23.602000,1.07054,1.07051,1250000,1690000
2020-05-15 13:55:23.703000,1.07054,1.0705,2560000,2890000
2020-05-15 13:55:23.805000,1.07053,1.0705,1250000,1750000
2020-05-15 13:55:24.108000,1.07054,1.07051,2620000,1250000
2020-05-15 13:55:24.159000,1.07059,1.07055,6750000,1000000
2020-05-15 13:55:24.260000,1.07059,1.07057,1250000,1000000
2020-05-15 13:55:24.362000,1.07061,1.07058,1250000,2780000
2020-05-15 13:55:24.463000,1.07061,1.07057,1780000,2370000
2020-05-15 13:55:24.514000,1.0706,1.07056,1250000,3070000
2020-05-15 13:55:24.918000,1.07059,1.07056,1370000,1500000
2020-05-15 13:55:25.019000,1.0706,1.07056,3370000,1500000
2020-05-15 13:55:26.102000,1.07059,1.07055,1310000,2060000
2020-05-15 13:55:26.203000,1.07059,1.07055,1310000,2190000
2020-05-15 13:55:26.304000,1.07059,1.07055,2120000,2000000
2020-05-15 13:55:26.762000,1.07058,1.07054,2060000,1510000
2020-05-15 13:55:26.865000,1.07058,1.07053,2560000,4650000
2020-05-15 13:55:27.205000,1.07055,1.07052,1250000,4590000
2020-05-15 13:55:27.306000,1.07056,1.07052,2560000,2060000
2020-05-15 13:55:27.408000,1.07056,1.07053,1810000,1000000
2020-05-15 13:55:27.861000,1.07057,1.07053,1870000,1870000
2020-05-15 13:55:28.635000,1.07058,1.07053,4570000,3010000
2020-05-15 13:55:28.737000,1.07058,1.07055,2370000,1250000
2020-05-15 13:55:29.444000,1.07059,1.07057,1000000,1250000
2020-05-15 13:55:29.546000,1.0706,1.07057,2370000,1250000
2020-05-15 13:55:30.441000,1.0706,1.07057,1870000,1250000
2020-05-15 13:55:31.483000,1.0706,1.07056,2060000,2810000
2020-05-15 13:55:31.701000,1.0706,1.07056,2560000,2440000
2020-05-15 13:55:31.802000,1.07059,1.07056,1500000,1250000
2020-05-15 13:55:31.903000,1.07059,1.07055,1750000,2810000
2020-05-15 13:55:32.433000,1.07058,1.07054,1120000,1500000
2020-05-15 13:55:32.535000,1.07057,1.07054,1120000,1000000
2020-05-15 13:55:32.787000,1.07058,1.07055,1620000,1250000
2020-05-15 13:55:32.888000,1.07058,1.07055,1120000,1250000
2020-05-15 13:55:33.950000,1.07058,1.07056,1120000,1000000
2020-05-15 13:55:34.586000,1.07059,1.07055,4810000,1310000
2020-05-15 13:55:35.011000,1.0706,1.07057,1650000,1690000
2020-05-15 13:55:35.062000,1.07062,1.07061,2620000,1000000
2020-05-15 13:55:35.113000,1.07066,1.07063,1390000,1000000
2020-05-15 13:55:35.214000,1.07067,1.07064,1240000,1620000
2020-05-15 13:55:35.315000,1.07066,1.07063,1000000,2560000
2020-05-15 13:55:35.572000,1.07066,1.07063,1000000,2060000
2020-05-15 13:55:36.584000,1.07066,1.07063,2120000,1000000
2020-05-15 13:55:37.271000,1.07066,1.07063,1200000,1000000
2020-05-15 13:55:37.474000,1.07066,1.07063,2350000,1000000
2020-05-15 13:55:37.828000,1.07066,1.07062,1200000,4820000
2020-05-15 13:55:38.030000,1.07065,1.07062,1000000,2870000
2020-05-15 13:55:39.242000,1.07065,1.07062,1000000,2060000
2020-05-15 13:55:39.343000,1.07065,1.07062,1000000,2870000
2020-05-15 13:55:40.138000,1.07065,1.07062,1000000,1310000
2020-05-15 13:55:42.190000,1.07063,1.07061,1250000,1120000
2020-05-15 13:55:42.443000,1.07062,1.07061,1120000,1000000
2020-05-15 13:55:43.254000,1.07062,1.0706,1310000,1000000
2020-05-15 13:55:43.411000,1.07062,1.07059,1310000,2320000
2020-05-15 13:55:44.180000,1.07062,1.07058,1810000,3220000
2020-05-15 13:55:44.282000,1.07061,1.07058,1420000,1120000
2020-05-15 13:55:44.535000,1.07062,1.07058,2560000,1910000
2020-05-15 13:55:45.210000,1.07062,1.07058,2060000,3040000
2020-05-15 13:55:46.275000,1.07062,1.07061,1000000,1000000
2020-05-15 13:55:46.326000,1.07065,1.07061,4160000,1570000
2020-05-15 13:55:46.427000,1.07065,1.07061,1310000,1700000
2020-05-15 13:55:53.620000,1.07065,1.07061,3000000,2320000
2020-05-15 13:55:53.721000,1.07064,1.07061,1810000,1000000
2020-05-15 13:55:53.823000,1.07064,1.07061,1120000,1390000
2020-05-15 13:55:54.820000,1.07065,1.07061,1120000,1760000
2020-05-15 13:55:55.782000,1.07065,1.07061,1120000,1890000
2020-05-15 13:55:56.804000,1.07065,1.07061,1000000,1390000
2020-05-15 13:55:57.416000,1.07064,1.07061,1120000,1200000
2020-05-15 13:55:57.618000,1.07065,1.07061,1310000,1760000
2020-05-15 13:55:58.261000,1.07065,1.07061,1810000,1950000
2020-05-15 13:55:58.362000,1.07065,1.07061,1870000,1820000
2020-05-15 13:55:59.446000,1.07065,1.07061,3750000,1760000
2020-05-15 13:55:59.547000,1.07065,1.07061,2060000,1760000
2020-05-15 13:56:00.541000,1.07065,1.07061,2060000,2640000
2020-05-15 13:56:01.534000,1.07065,1.07061,2060000,1760000
2020-05-15 13:56:03.244000,1.07065,1.07061,2870000,1570000
2020-05-15 13:56:03.345000,1.07065,1.07061,2620000,1760000
2020-05-15 13:56:04.336000,1.07065,1.07061,3310000,2510000
2020-05-15 13:56:04.442000,1.07065,1.07061,3310000,2660000
2020-05-15 13:56:04.644000,1.07065,1.07062,2810000,1100000
2020-05-15 13:56:06.836000,1.07065,1.07061,2120000,3410000
2020-05-15 13:56:06.937000,1.07065,1.07061,2870000,2510000
2020-05-15 13:56:07.089000,1.07063,1.0706,1120000,1570000
2020-05-15 13:56:07.190000,1.07062,1.0706,1000000,1000000
2020-05-15 13:56:07.342000,1.07062,1.07058,1700000,3450000
2020-05-15 13:56:08.781000,1.07061,1.07057,2050000,3100000
2020-05-15 13:56:08.883000,1.07061,1.07057,3250000,1570000
2020-05-15 13:56:09.035000,1.0706,1.07056,1690000,1500000
2020-05-15 13:56:10.030000,1.0706,1.07056,1750000,1690000
2020-05-15 13:56:14.194000,1.07061,1.0706,1000000,1000000
2020-05-15 13:56:14.296000,1.07063,1.0706,1750000,1200000
2020-05-15 13:56:14.397000,1.07064,1.0706,2810000,3450000
2020-05-15 13:56:15.655000,1.07065,1.07062,2370000,1010000
2020-05-15 13:56:15.806000,1.07065,1.07062,1870000,1390000
2020-05-15 13:56:18.274000,1.07066,1.07062,2560000,3410000
2020-05-15 13:56:18.375000,1.07066,1.07062,3370000,2320000
2020-05-15 13:56:21.826000,1.07066,1.07062,1870000,2320000
2020-05-15 13:56:21.928000,1.07067,1.07064,1100000,4160000
2020-05-15 13:56:22.029000,1.07068,1.07064,1000000,4600000
2020-05-15 13:56:22.600000,1.07069,1.07065,2620000,1450000
2020-05-15 13:56:24.115000,1.07068,1.07065,1000000,1450000
2020-05-15 13:56:26.859000,1.07068,1.07064,1000000,3720000
2020-05-15 13:56:27.324000,1.07067,1.07064,1000000,3720000
2020-05-15 13:56:27.746000,1.07067,1.07064,1120000,1690000
2020-05-15 13:56:27.847000,1.07067,1.07064,1120000,2570000
2020-05-15 13:56:30.539000,1.07068,1.07064,1120000,3320000
2020-05-15 13:56:34.220000,1.07067,1.07064,1000000,2510000
2020-05-15 13:56:34.321000,1.07068,1.07064,1870000,2510000
2020-05-15 13:56:38.792000,1.07068,1.07064,1120000,4160000
2020-05-15 13:56:39.742000,1.07068,1.07065,1120000,1000000
2020-05-15 13:56:40.371000,1.07069,1.07065,1870000,1250000
2020-05-15 13:56:40.827000,1.07069,1.07065,1870000,1410000
2020-05-15 13:56:40.928000,1.07068,1.07064,8510000,1100000
2020-05-15 13:56:41.029000,1.07066,1.07064,1000000,1010000
2020-05-15 13:56:41.130000,1.07067,1.07064,1000000,1010000
2020-05-15 13:56:41.232000,1.07067,1.07064,1000000,1350000
2020-05-15 13:56:42.361000,1.07069,1.07065,2000000,2140000
2020-05-15 13:56:42.462000,1.07069,1.07065,1500000,3040000
2020-05-15 13:56:42.563000,1.0707,1.07066,2750000,1200000
2020-05-15 13:56:43.571000,1.0707,1.07066,1870000,2320000
2020-05-15 13:56:43.792000,1.0707,1.07067,1870000,1000000
2020-05-15 13:56:45.510000,1.0707,1.07066,1870000,3070000
2020-05-15 13:56:46.981000,1.07069,1.07065,4370000,3070000
2020-05-15 13:56:47.669000,1.07069,1.07065,2060000,1760000
2020-05-15 13:56:47.771000,1.07069,1.07065,2060000,1910000
2020-05-15 13:56:47.872000,1.07069,1.07065,2060000,1760000
2020-05-15 13:56:48.171000,1.07067,1.07064,1690000,3220000
2020-05-15 13:56:48.273000,1.07066,1.07064,1000000,1200000
2020-05-15 13:56:48.547000,1.07066,1.07063,1000000,2620000
2020-05-15 13:56:50.558000,1.07066,1.07063,1500000,1500000
2020-05-15 13:56:54.643000,1.07065,1.07062,1120000,1310000
2020-05-15 13:56:55.006000,1.07065,1.07061,3370000,2070000
2020-05-15 13:56:55.301000,1.07064,1.07061,1310000,1000000
2020-05-15 13:56:55.504000,1.07064,1.07061,3250000,1000000
2020-05-15 13:56:55.606000,1.07063,1.0706,1810000,1570000
2020-05-15 13:56:56.587000,1.07063,1.0706,1310000,1100000
2020-05-15 13:56:56.688000,1.07064,1.07061,1870000,1350000
2020-05-15 13:56:58.552000,1.07065,1.07061,1120000,3350000
2020-05-15 13:57:01.399000,1.07064,1.07061,1000000,2220000
2020-05-15 13:57:02.412000,1.07063,1.0706,3250000,2370000
2020-05-15 13:57:02.513000,1.07061,1.07059,1120000,1000000
2020-05-15 13:57:02.669000,1.0706,1.07057,2060000,2420000
2020-05-15 13:57:02.771000,1.07059,1.07057,1000000,1250000
2020-05-15 13:57:03.286000,1.07059,1.07056,1310000,1100000
2020-05-15 13:57:03.589000,1.07054,1.07053,1500000,1000000
2020-05-15 13:57:03.640000,1.07054,1.07051,4120000,1100000
2020-05-15 13:57:03.690000,1.07052,1.07049,1250000,1970000
2020-05-15 13:57:04.196000,1.07052,1.07048,1810000,4270000
2020-05-15 13:57:04.398000,1.0705,1.07047,1000000,2900000
2020-05-15 13:57:04.500000,1.0705,1.07048,1620000,1000000
2020-05-15 13:57:04.856000,1.0705,1.07048,1000000,1000000
2020-05-15 13:57:05.376000,1.07051,1.07048,1870000,1000000
2020-05-15 13:57:05.528000,1.07051,1.07049,1870000,1000000
2020-05-15 13:57:06.590000,1.07052,1.07049,1120000,1570000
2020-05-15 13:57:10.565000,1.07053,1.07049,1120000,1570000
2020-05-15 13:57:13.701000,1.07053,1.0705,1120000,1250000
2020-05-15 13:57:14.607000,1.07053,1.07051,1500000,1000000
2020-05-15 13:57:17.182000,1.07053,1.07049,1750000,1390000
2020-05-15 13:57:20.299000,1.07058,1.07054,3690000,1690000
2020-05-15 13:57:20.400000,1.07058,1.07055,2640000,1000000
2020-05-15 13:57:20.501000,1.07058,1.07055,2510000,1000000
2020-05-15 13:57:21.259000,1.07059,1.07055,2060000,1760000
2020-05-15 13:57:21.938000,1.0706,1.07055,2060000,5960000
2020-05-15 13:57:22.191000,1.0706,1.07057,1120000,1250000
2020-05-15 13:57:22.343000,1.07062,1.07058,1810000,2140000
2020-05-15 13:57:22.394000,1.07062,1.07058,1310000,2960000
2020-05-15 13:57:22.500000,1.07062,1.07058,1510000,2060000
2020-05-15 13:57:23.037000,1.07061,1.07058,1120000,2870000
2020-05-15 13:57:23.139000,1.07062,1.07058,1120000,5400000
2020-05-15 13:57:23.291000,1.07062,1.07059,1120000,1370000
2020-05-15 13:57:24.121000,1.07062,1.07058,1120000,5400000
2020-05-15 13:57:26.462000,1.07064,1.07061,1010000,1000000
2020-05-15 13:57:27.850000,1.07065,1.07062,2200000,1000000
2020-05-15 13:57:28.260000,1.07065,1.07063,2200000,1000000
2020-05-15 13:57:28.563000,1.07065,1.07063,1310000,1000000
2020-05-15 13:57:29.169000,1.07065,1.07063,2570000,1000000
2020-05-15 13:57:30.130000,1.07065,1.07064,1690000,1000000
2020-05-15 13:57:30.181000,1.07067,1.07064,2260000,1500000
2020-05-15 13:57:30.333000,1.07067,1.07065,1120000,1000000
2020-05-15 13:57:30.585000,1.07068,1.07065,1000000,1310000
2020-05-15 13:57:31.708000,1.07068,1.07067,1000000,1000000
2020-05-15 13:57:31.810000,1.0707,1.07067,1120000,1310000
2020-05-15 13:57:33.593000,1.0707,1.07068,1120000,1000000
2020-05-15 13:57:33.694000,1.07071,1.07067,1810000,4010000
2020-05-15 13:57:33.795000,1.07071,1.07068,1810000,1000000
2020-05-15 13:57:34.823000,1.07071,1.07067,1120000,5320000
2020-05-15 13:57:36.095000,1.07073,1.07071,1950000,1250000
2020-05-15 13:57:36.146000,1.07074,1.07072,2210000,1250000
2020-05-15 13:57:36.247000,1.07075,1.07073,1700000,1000000
2020-05-15 13:57:36.348000,1.07076,1.07073,2450000,1000000
2020-05-15 13:57:36.449000,1.07076,1.07072,4200000,1310000
2020-05-15 13:57:38.531000,1.07075,1.07072,2200000,1000000
2020-05-15 13:57:38.683000,1.07074,1.07072,1890000,1000000
2020-05-15 13:57:39.620000,1.07073,1.0707,1310000,4450000
2020-05-15 13:57:39.722000,1.07074,1.07071,1000000,4270000
2020-05-15 13:57:39.773000,1.07076,1.07071,3760000,4840000
2020-05-15 13:57:41.693000,1.07076,1.07071,2810000,4300000
2020-05-15 13:57:41.795000,1.07076,1.07074,1120000,1000000
2020-05-15 13:57:41.948000,1.07077,1.07074,1310000,1000000
2020-05-15 13:57:42.201000,1.07078,1.07075,2190000,1250000
2020-05-15 13:57:43.115000,1.07077,1.07074,1750000,1000000
2020-05-15 13:57:43.469000,1.07077,1.07073,2320000,1870000
2020-05-15 13:57:44.003000,1.07077,1.07074,1510000,1000000
2020-05-15 13:57:44.104000,1.07077,1.07074,1250000,1000000
2020-05-15 13:57:45.797000,1.07077,1.07075,1000000,1310000
2020-05-15 13:57:46.101000,1.07079,1.07076,2810000,1250000
2020-05-15 13:57:46.303000,1.07079,1.07076,1870000,1250000
2020-05-15 13:57:46.405000,1.0708,1.07076,1500000,3400000
2020-05-15 13:57:46.506000,1.07079,1.07075,3700000,3370000
2020-05-15 13:57:47.917000,1.07078,1.07074,2560000,3710000
2020-05-15 13:57:49.550000,1.07078,1.07075,3390000,1000000
2020-05-15 13:57:50.109000,1.07078,1.07076,3010000,1000000
2020-05-15 13:57:51.369000,1.07078,1.07075,4140000,1000000
2020-05-15 13:57:52.110000,1.07078,1.07076,1870000,1250000
2020-05-15 13:57:52.211000,1.07079,1.07077,1310000,1250000
2020-05-15 13:57:52.924000,1.0708,1.07078,2370000,1000000
2020-05-15 13:57:52.975000,1.07081,1.07078,2320000,1120000
2020-05-15 13:57:53.625000,1.07079,1.07078,1000000,1000000
2020-05-15 13:57:53.676000,1.07079,1.07076,3310000,1250000
2020-05-15 13:57:53.777000,1.07079,1.07076,2560000,1250000
2020-05-15 13:57:54.515000,1.07079,1.07075,2560000,2140000
2020-05-15 13:57:56.230000,1.07078,1.07076,1120000,1250000
2020-05-15 13:57:56.676000,1.07078,1.07075,1310000,2120000
2020-05-15 13:57:57.576000,1.07078,1.07075,2110000,1250000
2020-05-15 13:58:00.092000,1.07077,1.07074,1310000,1570000
2020-05-15 13:58:00.143000,1.07074,1.07072,1750000,2620000
2020-05-15 13:58:00.245000,1.07073,1.07069,1000000,2500000
2020-05-15 13:58:01.733000,1.07073,1.07071,1690000,1000000
2020-05-15 13:58:01.835000,1.07073,1.07069,1690000,1750000
2020-05-15 13:58:02.695000,1.07072,1.07068,1120000,1690000
2020-05-15 13:58:02.746000,1.07072,1.07069,1120000,1250000
2020-05-15 13:58:03.274000,1.07073,1.07069,2620000,1370000
2020-05-15 13:58:04.238000,1.07073,1.07068,2810000,3460000
2020-05-15 13:58:04.339000,1.07073,1.07069,2620000,1370000
2020-05-15 13:58:04.440000,1.07073,1.07068,2620000,3820000
2020-05-15 13:58:05.418000,1.07073,1.07069,2620000,1370000
2020-05-15 13:58:11.170000,1.07073,1.07069,1690000,1390000
2020-05-15 13:58:13.045000,1.07073,1.07069,1120000,2870000
2020-05-15 13:58:14.012000,1.07073,1.07069,1870000,1120000
2020-05-15 13:58:14.113000,1.07073,1.07069,1870000,2120000
2020-05-15 13:58:16.922000,1.07073,1.07069,2120000,1870000
2020-05-15 13:58:17.023000,1.07073,1.07069,1870000,1310000
2020-05-15 13:58:17.925000,1.07072,1.07068,1000000,4650000
2020-05-15 13:58:18.026000,1.07073,1.07069,1870000,2120000
2020-05-15 13:58:20.532000,1.07071,1.07068,1000000,3390000
2020-05-15 13:58:20.634000,1.07071,1.07067,1120000,4200000
2020-05-15 13:58:20.785000,1.0707,1.07067,1000000,3750000
2020-05-15 13:58:21.224000,1.07069,1.07067,1250000,1000000
2020-05-15 13:58:21.326000,1.07069,1.07066,1370000,1870000
2020-05-15 13:58:22.300000,1.07069,1.07067,1120000,1250000
2020-05-15 13:58:22.351000,1.07069,1.07066,1310000,2060000
2020-05-15 13:58:23.764000,1.07069,1.07066,1120000,2870000
2020-05-15 13:58:25.769000,1.0707,1.07066,1870000,3520000
2020-05-15 13:58:26.465000,1.0707,1.07067,1120000,1370000
2020-05-15 13:58:27.210000,1.0707,1.07066,1120000,3840000
2020-05-15 13:58:27.773000,1.0707,1.07066,1500000,3340000
2020-05-15 13:58:28.106000,1.0707,1.07066,1500000,4150000
2020-05-15 13:58:33.035000,1.07068,1.07066,1000000,1390000
2020-05-15 13:58:33.137000,1.07069,1.07066,1810000,1250000
2020-05-15 13:58:33.238000,1.07069,1.07066,1870000,1250000
2020-05-15 13:58:36.438000,1.07069,1.07066,1310000,1010000
2020-05-15 13:58:37.336000,1.07071,1.0707,2700000,1500000
2020-05-15 13:58:37.387000,1.07074,1.07071,1250000,1620000
2020-05-15 13:58:37.963000,1.07075,1.07071,2700000,3600000
2020-05-15 13:58:44.069000,1.07073,1.07071,1200000,1570000
2020-05-15 13:58:44.170000,1.07074,1.07071,2060000,1870000
2020-05-15 13:58:44.473000,1.07073,1.07071,1000000,1570000
2020-05-15 13:58:48.951000,1.07074,1.0707,2060000,3270000
2020-05-15 13:58:49.138000,1.07074,1.0707,2190000,2770000
2020-05-15 13:58:49.524000,1.07074,1.0707,1750000,2990000
2020-05-15 13:58:50.122000,1.07074,1.07071,1310000,1100000
2020-05-15 13:58:50.225000,1.07073,1.0707,1000000,2710000
2020-05-15 13:58:52.109000,1.07071,1.07069,1000000,1950000
2020-05-15 13:58:52.160000,1.07068,1.07066,1500000,2560000
2020-05-15 13:58:52.211000,1.07065,1.07064,1000000,1200000
2020-05-15 13:58:52.312000,1.07064,1.07062,1310000,1200000
2020-05-15 13:58:52.414000,1.07063,1.07061,1120000,2950000
2020-05-15 13:58:52.544000,1.07065,1.07061,6070000,1000000
2020-05-15 13:58:52.797000,1.07065,1.07061,4200000,1000000
2020-05-15 13:58:53.782000,1.07065,1.0706,3260000,3320000
2020-05-15 13:58:55.299000,1.07065,1.0706,4010000,3260000
2020-05-15 13:58:55.753000,1.07061,1.0706,1500000,1200000
2020-05-15 13:58:55.854000,1.07061,1.07058,1000000,2610000
2020-05-15 13:58:55.955000,1.07061,1.07058,1000000,2590000
2020-05-15 13:58:56.359000,1.07061,1.07058,1000000,2160000
2020-05-15 13:58:58.563000,1.0706,1.07058,1000000,2990000
2020-05-15 13:58:58.664000,1.07061,1.07058,1000000,3010000
2020-05-15 13:59:00.060000,1.07061,1.07058,1120000,1200000
2020-05-15 13:59:00.566000,1.07061,1.07058,1000000,3110000
2020-05-15 13:59:01.443000,1.07061,1.07058,1000000,3710000
2020-05-15 13:59:01.631000,1.07061,1.07058,1000000,4210000
2020-05-15 13:59:02.855000,1.07063,1.07059,3820000,1100000
2020-05-15 13:59:04.465000,1.07062,1.07058,1310000,3710000
2020-05-15 13:59:05.223000,1.07063,1.07058,3010000,4520000
2020-05-15 13:59:08.515000,1.07063,1.07059,1390000,3640000
2020-05-15 13:59:08.666000,1.07063,1.07059,1200000,4070000
2020-05-15 13:59:08.717000,1.07067,1.07065,1000000,1000000
2020-05-15 13:59:08.768000,1.07068,1.07065,1000000,1000000
2020-05-15 13:59:08.869000,1.0707,1.07066,2320000,1120000
2020-05-15 13:59:09.021000,1.0707,1.07065,2350000,3070000
2020-05-15 13:59:09.273000,1.0707,1.07065,2350000,1570000
2020-05-15 13:59:09.727000,1.07069,1.07064,3820000,4090000
2020-05-15 13:59:10.050000,1.07069,1.07064,4570000,3150000
2020-05-15 13:59:11.253000,1.07068,1.07064,1010000,2810000
2020-05-15 13:59:13.100000,1.07068,1.07063,3010000,3320000
2020-05-15 13:59:13.202000,1.07066,1.07062,1620000,1820000
2020-05-15 13:59:13.679000,1.07066,1.07061,1810000,3470000
2020-05-15 13:59:14.654000,1.07065,1.07061,1120000,3370000
2020-05-15 13:59:15,1.07065,1.07062,1000000,3370000
2020-05-15 13:59:15.101000,1.07067,1.07062,3010000,3750000
2020-05-15 13:59:15.258000,1.07067,1.07063,2320000,1370000
2020-05-15 13:59:16.968000,1.07067,1.07063,2000000,2060000
2020-05-15 13:59:17.981000,1.07067,1.07063,1760000,2810000
2020-05-15 13:59:19.008000,1.07068,1.07063,5020000,2060000
2020-05-15 13:59:19.765000,1.07068,1.07064,1810000,2810000
2020-05-15 13:59:20.684000,1.07069,1.07064,2370000,4500000
2020-05-15 13:59:20.785000,1.0707,1.07067,1000000,1250000
2020-05-15 13:59:20.886000,1.07071,1.07067,1120000,3250000
2020-05-15 13:59:21.088000,1.07072,1.07068,4120000,2120000
2020-05-15 13:59:21.190000,1.07072,1.07068,4310000,1310000
2020-05-15 13:59:21.658000,1.07071,1.07068,1000000,1310000
2020-05-15 13:59:21.916000,1.07071,1.07068,1000000,2120000
2020-05-15 13:59:21.967000,1.07074,1.07072,1600000,1310000
2020-05-15 13:59:22.019000,1.07077,1.07074,1650000,1250000
2020-05-15 13:59:22.121000,1.07078,1.07074,1000000,2060000
2020-05-15 13:59:22.625000,1.07078,1.07074,2710000,1690000
2020-05-15 13:59:22.886000,1.07078,1.07075,1150000,1310000
2020-05-15 13:59:22.937000,1.07079,1.07077,1010000,1000000
2020-05-15 13:59:23.038000,1.07077,1.07074,1000000,4050000
2020-05-15 13:59:23.089000,1.07077,1.07073,5000000,1310000
2020-05-15 13:59:24.088000,1.07076,1.07072,1000000,2120000
2020-05-15 13:59:25.903000,1.07075,1.07072,1120000,1310000
2020-05-15 13:59:26.769000,1.07073,1.07071,1000000,1120000
2020-05-15 13:59:26.871000,1.07075,1.07071,1620000,2500000
2020-05-15 13:59:27.075000,1.07075,1.07071,1250000,3190000
2020-05-15 13:59:27.177000,1.07076,1.07071,2620000,3690000
2020-05-15 13:59:28.936000,1.07074,1.0707,1310000,3750000
2020-05-15 13:59:29.037000,1.07075,1.07073,1810000,1000000
2020-05-15 13:59:29.239000,1.07075,1.07072,1810000,1500000
2020-05-15 13:59:29.948000,1.07075,1.07072,1000000,1750000
2020-05-15 13:59:30.049000,1.07076,1.07072,1000000,2870000
2020-05-15 13:59:30.201000,1.07077,1.07072,1870000,2500000
2020-05-15 13:59:30.714000,1.07077,1.07073,2120000,1000000
2020-05-15 13:59:30.916000,1.07077,1.07073,1120000,1000000
2020-05-15 13:59:31.120000,1.07078,1.07075,6010000,1000000
2020-05-15 13:59:31.221000,1.07078,1.07075,6010000,1000000
2020-05-15 13:59:31.374000,1.07076,1.07075,1000000,1000000
2020-05-15 13:59:31.956000,1.07076,1.07074,1000000,1000000
2020-05-15 13:59:33.375000,1.07076,1.07073,1000000,1690000
2020-05-15 13:59:33.603000,1.07076,1.07074,1000000,1000000
2020-05-15 13:59:34.008000,1.07078,1.07074,4450000,1000000
2020-05-15 13:59:34.808000,1.07076,1.07073,1250000,1500000
2020-05-15 13:59:35.212000,1.07076,1.07074,1250000,1000000
2020-05-15 13:59:38.148000,1.07076,1.07073,1250000,2250000
2020-05-15 13:59:39.057000,1.07078,1.07077,1120000,1000000
2020-05-15 13:59:39.159000,1.07081,1.07078,1250000,1500000
2020-05-15 13:59:40.087000,1.07082,1.0708,1100000,1250000
2020-05-15 13:59:40.189000,1.07083,1.07081,1000000,1000000
2020-05-15 13:59:40.392000,1.07084,1.07083,1250000,1000000
2020-05-15 13:59:40.443000,1.07086,1.07082,1250000,1690000
2020-05-15 13:59:40.545000,1.07085,1.07082,1250000,1500000
2020-05-15 13:59:40.647000,1.07085,1.07082,1650000,1500000
2020-05-15 13:59:40.750000,1.07086,1.07082,1250000,1690000
2020-05-15 13:59:40.851000,1.07086,1.07083,1250000,1000000
2020-05-15 13:59:42.888000,1.07085,1.07083,1250000,1000000
2020-05-15 13:59:42.990000,1.07085,1.07082,1650000,1500000
2020-05-15 13:59:43.243000,1.07085,1.07082,1250000,1500000
2020-05-15 13:59:45.087000,1.07084,1.07082,1000000,1000000
2020-05-15 13:59:45.883000,1.07087,1.07082,3210000,1750000
2020-05-15 13:59:45.984000,1.07087,1.07082,2810000,1750000
2020-05-15 13:59:46.085000,1.07087,1.07082,1500000,1500000
2020-05-15 13:59:46.189000,1.07088,1.07084,1500000,1000000
2020-05-15 13:59:46.290000,1.07088,1.07083,1000000,1500000
2020-05-15 13:59:46.442000,1.07087,1.07084,2060000,1000000
2020-05-15 13:59:46.544000,1.07087,1.07082,3190000,1500000
2020-05-15 13:59:46.594000,1.07087,1.07082,3590000,1500000
2020-05-15 13:59:49.385000,1.07084,1.0708,1500000,2250000
2020-05-15 13:59:49.699000,1.07084,1.07082,2250000,1000000
2020-05-15 13:59:50.166000,1.07085,1.07083,1000000,1000000
2020-05-15 13:59:50.268000,1.07085,1.07082,1400000,1000000
2020-05-15 13:59:50.636000,1.07086,1.07081,1900000,2250000
2020-05-15 13:59:50.687000,1.07086,1.07081,1500000,2250000
2020-05-15 13:59:50.789000,1.07086,1.07083,1000000,1000000
2020-05-15 13:59:51.092000,1.07086,1.07083,1400000,1000000
2020-05-15 13:59:51.295000,1.07086,1.07083,1000000,1000000
2020-05-15 13:59:51.397000,1.07086,1.07082,1900000,1000000
2020-05-15 13:59:51.659000,1.07086,1.07081,1400000,1500000
2020-05-15 13:59:51.710000,1.07086,1.07082,1500000,1000000
2020-05-15 13:59:51.914000,1.07086,1.07082,1400000,1000000
2020-05-15 13:59:52.015000,1.07086,1.07082,1000000,1000000
2020-05-15 13:59:52.168000,1.07085,1.07081,1000000,1000000
2020-05-15 13:59:53.916000,1.07085,1.07081,1650000,1000000
2020-05-15 13:59:56.214000,1.07081,1.07077,1000000,2850000
2020-05-15 13:59:56.315000,1.07079,1.07077,1000000,1000000
2020-05-15 13:59:56.417000,1.0708,1.07077,1000000,1000000
2020-05-15 13:59:56.518000,1.07079,1.07077,1000000,1000000
2020-05-15 13:59:56.620000,1.0708,1.07077,1000000,1000000
2020-05-15 13:59:56.671000,1.07082,1.07077,1000000,1000000
2020-05-15 13:59:56.722000,1.07083,1.07079,1000000,1000000
2020-05-15 13:59:56.824000,1.07084,1.07079,1650000,1500000
2020-05-15 13:59:56.925000,1.07084,1.0708,1350000,1000000
2020-05-15 13:59:57.936000,1.07085,1.07081,1800000,1000000
2020-05-15 13:59:58.105000,1.07085,1.0708,1800000,1500000
2020-05-15 13:59:59.439000,1.07085,1.07082,1800000,1000000
2020-05-15 13:59:59.615000,1.07086,1.07083,1800000,1000000
2020-05-15 13:59:59.667000,1.07087,1.07083,1000000,1000000
2020-05-15 13:59:59.997000,1.07087,1.07084,1000000,1000000
2020-05-15 14:00:00.098000,1.07089,1.07086,1000000,1000000
2020-05-15 14:00:00.150000,1.07089,1.07084,1000000,1000000
2020-05-15 14:00:00.252000,1.07088,1.07084,1000000,1000000
2020-05-15 14:00:00.455000,1.07087,1.07083,1000000,1000000
2020-05-15 14:00:00.557000,1.07086,1.07082,1000000,1000000
2020-05-15 14:00:00.658000,1.07086,1.07083,1000000,1000000
2020-05-15 14:00:00.760000,1.07084,1.07082,2250000,1000000
2020-05-15 14:00:01.517000,1.07087,1.07082,1000000,1000000
2020-05-15 14:00:01.670000,1.07087,1.07083,1000000,1000000
2020-05-15 14:00:01.721000,1.0709,1.07084,1000000,2700000
2020-05-15 14:00:01.772000,1.07091,1.07088,2250000,1000000
2020-05-15 14:00:01.924000,1.07091,1.07087,1000000,1000000
2020-05-15 14:00:02.075000,1.07093,1.07088,1000000,1000000
2020-05-15 14:00:02.126000,1.07094,1.07091,3000000,1000000
2020-05-15 14:00:02.227000,1.07095,1.07091,1000000,1000000
2020-05-15 14:00:02.631000,1.07095,1.0709,1050000,1500000
2020-05-15 14:00:02.934000,1.07094,1.07088,1000000,1000000
2020-05-15 14:00:03.237000,1.07093,1.07087,1000000,1500000
2020-05-15 14:00:03.949000,1.07093,1.07088,1500000,1000000
2020-05-15 14:00:04.050000,1.07093,1.07087,1690000,1500000
2020-05-15 14:00:05.390000,1.07092,1.07087,3000000,1000000
2020-05-15 14:00:05.491000,1.07092,1.07086,1500000,2700000
2020-05-15 14:00:05.744000,1.07092,1.07086,2190000,3570000
2020-05-15 14:00:06.280000,1.07092,1.07086,2190000,2700000
2020-05-15 14:00:07.544000,1.07092,1.07086,3000000,3370000
2020-05-15 14:00:07.836000,1.07092,1.07088,2620000,1000000
2020-05-15 14:00:07.938000,1.07092,1.07087,2620000,1310000
2020-05-15 14:00:08.039000,1.07092,1.07088,1310000,2060000
2020-05-15 14:00:09.250000,1.07092,1.07088,1620000,2440000
2020-05-15 14:00:10.213000,1.07093,1.07088,2810000,2120000
2020-05-15 14:00:10.314000,1.07092,1.07088,1000000,2120000
2020-05-15 14:00:10.516000,1.07092,1.07088,1000000,1120000
2020-05-15 14:00:10.618000,1.07091,1.07086,1310000,2060000
2020-05-15 14:00:10.820000,1.07092,1.07086,2620000,2870000
2020-05-15 14:00:11.233000,1.07091,1.07086,1370000,3310000
2020-05-15 14:00:11.517000,1.07088,1.07086,1000000,1310000
2020-05-15 14:00:11.871000,1.07088,1.07087,1000000,1000000
2020-05-15 14:00:11.972000,1.07089,1.07087,1000000,1870000
2020-05-15 14:00:12.276000,1.0709,1.07087,3370000,1000000
2020-05-15 14:00:12.326000,1.0709,1.07085,4310000,2620000
2020-05-15 14:00:12.377000,1.07088,1.07085,1250000,1870000
2020-05-15 14:00:12.579000,1.07088,1.07084,2120000,2160000
2020-05-15 14:00:12.832000,1.07089,1.07085,2060000,1310000
2020-05-15 14:00:13.337000,1.07089,1.07085,2870000,1120000
2020-05-15 14:00:13.856000,1.07089,1.07085,2870000,1500000
2020-05-15 14:00:14.821000,1.07088,1.07085,1000000,1310000
2020-05-15 14:00:14.872000,1.07086,1.07085,1000000,1250000
2020-05-15 14:00:15.125000,1.07084,1.0708,1690000,1750000
2020-05-15 14:00:15.227000,1.07083,1.0708,1000000,1250000
2020-05-15 14:00:15.582000,1.07084,1.0708,1120000,3370000
2020-05-15 14:00:16.040000,1.07082,1.07081,1000000,1000000
2020-05-15 14:00:16.142000,1.07082,1.0708,1000000,1310000
2020-05-15 14:00:17.223000,1.07081,1.07079,1000000,2250000
2020-05-15 14:00:18.777000,1.0708,1.07079,1250000,1000000
2020-05-15 14:00:18.828000,1.07079,1.07077,1690000,1120000
2020-05-15 14:00:19.283000,1.07079,1.07078,1000000,1000000
2020-05-15 14:00:19.384000,1.0708,1.07078,1000000,2370000
2020-05-15 14:00:19.485000,1.0708,1.07078,1250000,1870000
2020-05-15 14:00:20.802000,1.07082,1.07078,2250000,1870000
2020-05-15 14:00:21.511000,1.07081,1.07078,1250000,1870000
2020-05-15 14:00:22.964000,1.0708,1.07078,1000000,3370000
2020-05-15 14:00:23.015000,1.07082,1.07079,1250000,1250000
2020-05-15 14:00:23.481000,1.07081,1.07079,1000000,1250000
2020-05-15 14:00:25.504000,1.07083,1.07079,1120000,3750000
2020-05-15 14:00:25.606000,1.07083,1.07081,1120000,1750000
2020-05-15 14:00:26.213000,1.07083,1.0708,1250000,1810000
2020-05-15 14:00:26.314000,1.07083,1.07081,1000000,2190000
2020-05-15 14:00:28.067000,1.07082,1.0708,1000000,2560000
2020-05-15 14:00:28.319000,1.07082,1.0708,1690000,1000000
2020-05-15 14:00:28.572000,1.07081,1.07079,1000000,3250000
2020-05-15 14:00:28.988000,1.07081,1.07079,1000000,2250000
2020-05-15 14:00:29.089000,1.07081,1.07079,1370000,1000000
2020-05-15 14:00:29.190000,1.0708,1.07078,1250000,1000000
2020-05-15 14:00:30.123000,1.0708,1.07078,1500000,1000000
2020-05-15 14:00:30.275000,1.07077,1.07076,1250000,1100000
2020-05-15 14:00:30.326000,1.07075,1.07073,1000000,1570000
2020-05-15 14:00:30.427000,1.07074,1.07072,1000000,2450000
2020-05-15 14:00:30.781000,1.07077,1.07074,2320000,2120000
2020-05-15 14:00:30.883000,1.07077,1.07074,1120000,2810000
2020-05-15 14:00:30.985000,1.07076,1.07074,1000000,2620000
2020-05-15 14:00:32.176000,1.07076,1.07074,1750000,1870000
2020-05-15 14:00:32.278000,1.07076,1.07074,1000000,1870000
2020-05-15 14:00:33.097000,1.07077,1.07074,1000000,3120000
2020-05-15 14:00:33.199000,1.07077,1.07075,1000000,2560000
2020-05-15 14:00:33.351000,1.07077,1.07075,1000000,1870000
2020-05-15 14:00:34.061000,1.07078,1.07074,1310000,4120000
2020-05-15 14:00:34.465000,1.07078,1.07075,1250000,1250000
2020-05-15 14:00:35.201000,1.07078,1.07075,2060000,1310000
2020-05-15 14:00:35.252000,1.07076,1.07074,1000000,1000000
2020-05-15 14:00:35.557000,1.07078,1.07075,1500000,1000000
2020-05-15 14:00:35.659000,1.07077,1.07076,1000000,1120000
2020-05-15 14:00:35.811000,1.07078,1.07076,1000000,2810000
2020-05-15 14:00:35.913000,1.07078,1.07076,1000000,2560000
2020-05-15 14:00:36.568000,1.07079,1.07076,1000000,3010000
2020-05-15 14:00:36.684000,1.07079,1.07078,1000000,1000000
2020-05-15 14:00:37.426000,1.0708,1.07078,1000000,1250000
2020-05-15 14:00:38.212000,1.07079,1.07077,1250000,3200000
2020-05-15 14:00:38.465000,1.07079,1.07075,2810000,4200000
2020-05-15 14:00:38.667000,1.07078,1.07076,1000000,1120000
2020-05-15 14:00:38.768000,1.07078,1.07077,1000000,1000000
2020-05-15 14:00:39.553000,1.0708,1.07077,1870000,1510000
2020-05-15 14:00:40.108000,1.07081,1.07079,1250000,1100000
2020-05-15 14:00:40.210000,1.07081,1.07079,1000000,1350000
2020-05-15 14:00:40.412000,1.07084,1.07081,4390000,1120000
2020-05-15 14:00:40.968000,1.07084,1.07082,1000000,1010000
2020-05-15 14:00:41.119000,1.07084,1.07081,1690000,1570000
2020-05-15 14:00:41.321000,1.07082,1.0708,1000000,1570000
2020-05-15 14:00:41.422000,1.07081,1.07079,1000000,1500000
2020-05-15 14:00:41.944000,1.07081,1.07078,1000000,3900000
2020-05-15 14:00:42.045000,1.07082,1.0708,1120000,1750000
2020-05-15 14:00:42.146000,1.07084,1.07081,2060000,1760000
2020-05-15 14:00:42.248000,1.07085,1.07081,1500000,2260000
2020-05-15 14:00:42.299000,1.07083,1.07081,1000000,1010000
2020-05-15 14:00:42.551000,1.07083,1.0708,1310000,1820000
2020-05-15 14:00:45.432000,1.07082,1.0708,1000000,1370000
2020-05-15 14:00:46.103000,1.07084,1.07082,3750000,1500000
2020-05-15 14:00:46.205000,1.07085,1.07082,1120000,2140000
2020-05-15 14:00:46.306000,1.07085,1.07082,1120000,3350000
2020-05-15 14:00:46.641000,1.07085,1.07082,1310000,1200000
2020-05-15 14:00:46.757000,1.07085,1.07082,1370000,1200000
2020-05-15 14:00:46.859000,1.07085,1.07082,1120000,2120000
2020-05-15 14:00:47.214000,1.07086,1.07083,1120000,1120000
2020-05-15 14:00:47.316000,1.07086,1.07083,1370000,1870000
2020-05-15 14:00:47.933000,1.07085,1.07082,2120000,1120000
2020-05-15 14:00:48.135000,1.07085,1.07082,1310000,1120000
2020-05-15 14:00:48.388000,1.07085,1.07082,1690000,1620000
2020-05-15 14:00:48.539000,1.07086,1.07083,1310000,1000000
2020-05-15 14:00:48.640000,1.07086,1.07083,2120000,1000000
2020-05-15 14:00:48.742000,1.07085,1.07082,2120000,2750000
2020-05-15 14:00:48.843000,1.07085,1.07082,2120000,1870000
2020-05-15 14:00:49.135000,1.07084,1.07082,1370000,1000000
2020-05-15 14:00:50.044000,1.07084,1.07081,1370000,2620000
2020-05-15 14:00:50.146000,1.07085,1.07081,2620000,2060000
2020-05-15 14:00:50.601000,1.07084,1.07081,2120000,1500000
2020-05-15 14:00:50.703000,1.07082,1.07079,2120000,1100000
2020-05-15 14:00:50.804000,1.07082,1.07078,2620000,2620000
2020-05-15 14:00:54.440000,1.07082,1.07079,2560000,1250000
2020-05-15 14:00:54.541000,1.07082,1.0708,1870000,1250000
2020-05-15 14:00:54.743000,1.07083,1.07081,1950000,3000000
2020-05-15 14:00:54.844000,1.07085,1.07082,1120000,1120000
2020-05-15 14:00:55.096000,1.07084,1.07081,1750000,2070000
2020-05-15 14:00:55.198000,1.07084,1.07081,4950000,1000000
2020-05-15 14:00:56.064000,1.07084,1.07082,3200000,1000000
2020-05-15 14:00:56.165000,1.07084,1.07082,1120000,1000000
2020-05-15 14:00:57.832000,1.07082,1.07079,3640000,1620000
2020-05-15 14:00:57.933000,1.07081,1.07079,2320000,1000000
2020-05-15 14:00:58.397000,1.07081,1.07078,2320000,1310000
2020-05-15 14:00:59.390000,1.0708,1.07078,1950000,1000000
2020-05-15 14:01:00.315000,1.07081,1.07078,2320000,1310000
2020-05-15 14:01:04.687000,1.07081,1.07078,4070000,1120000
2020-05-15 14:01:05.500000,1.07081,1.07079,1950000,9470000
2020-05-15 14:01:05.601000,1.07083,1.07081,1010000,1000000
2020-05-15 14:01:06.138000,1.07083,1.0708,2320000,2060000
2020-05-15 14:01:06.289000,1.07082,1.0708,1000000,2060000
2020-05-15 14:01:06.391000,1.07082,1.07079,2870000,1120000
2020-05-15 14:01:06.492000,1.07082,1.07078,4600000,2250000
2020-05-15 14:01:07.877000,1.07079,1.07078,1250000,1120000
2020-05-15 14:01:07.928000,1.07078,1.07076,3700000,3000000
2020-05-15 14:01:08.029000,1.07078,1.07076,2510000,3000000
2020-05-15 14:01:08.130000,1.0708,1.07077,3260000,1120000
2020-05-15 14:01:09.090000,1.0708,1.07077,1250000,3200000
2020-05-15 14:01:09.494000,1.07082,1.07079,1120000,2120000
2020-05-15 14:01:09.596000,1.07084,1.07082,5070000,1690000
2020-05-15 14:01:09.698000,1.07082,1.0708,1250000,1120000
2020-05-15 14:01:09.800000,1.07082,1.07079,2570000,2210000
2020-05-15 14:01:09.902000,1.07082,1.07079,1820000,1870000
2020-05-15 14:01:10.509000,1.07082,1.0708,2320000,1000000
2020-05-15 14:01:10.560000,1.07083,1.07081,1250000,1950000
2020-05-15 14:01:10.662000,1.07084,1.07082,2350000,1870000
2020-05-15 14:01:10.763000,1.07084,1.07081,3700000,1120000
2020-05-15 14:01:11.754000,1.07082,1.07081,1250000,1000000
2020-05-15 14:01:11.906000,1.07083,1.0708,3820000,1000000
2020-05-15 14:01:12.969000,1.07082,1.0708,1760000,1000000
2020-05-15 14:01:14.785000,1.07082,1.0708,1570000,1750000
2020-05-15 14:01:15.290000,1.07083,1.07081,1010000,1000000
2020-05-15 14:01:15.561000,1.07083,1.07081,1820000,1000000
2020-05-15 14:01:15.662000,1.07083,1.0708,2320000,1000000
2020-05-15 14:01:15.763000,1.07082,1.07079,3010000,1500000
2020-05-15 14:01:16.883000,1.07082,1.07078,3010000,1870000
2020-05-15 14:01:16.984000,1.07081,1.07078,1100000,1870000
2020-05-15 14:01:17.741000,1.07081,1.07078,1100000,1870000
2020-05-15 14:01:18.340000,1.07082,1.07079,2250000,1250000
2020-05-15 14:01:19.600000,1.07082,1.07078,3370000,2320000
2020-05-15 14:01:20.505000,1.07082,1.07079,1870000,2120000
2020-05-15 14:01:21.065000,1.07082,1.07079,1120000,1870000
2020-05-15 14:01:21.736000,1.07082,1.07079,1120000,2870000
2020-05-15 14:01:21.888000,1.07081,1.07079,1000000,2120000
2020-05-15 14:01:22.494000,1.07082,1.07079,1970000,1870000
2020-05-15 14:01:24.981000,1.07082,1.07079,1720000,2500000
2020-05-15 14:01:25.083000,1.07082,1.07079,1100000,2870000
2020-05-15 14:01:25.184000,1.07085,1.07082,2560000,1690000
2020-05-15 14:01:25.285000,1.07084,1.07081,1100000,1120000
2020-05-15 14:01:25.386000,1.07084,1.0708,1100000,8190000
2020-05-15 14:01:25.487000,1.07084,1.07082,1390000,1870000
2020-05-15 14:01:25.639000,1.07085,1.07083,2570000,1000000
2020-05-15 14:01:26.064000,1.07085,1.07083,2510000,1000000
2020-05-15 14:01:26.215000,1.07084,1.07083,1390000,1000000
2020-05-15 14:01:26.317000,1.07085,1.07083,1010000,1000000
2020-05-15 14:01:26.418000,1.07085,1.07082,1350000,2620000
2020-05-15 14:01:26.971000,1.07084,1.0708,2720000,2250000
2020-05-15 14:01:27.125000,1.07082,1.0708,1350000,1500000
2020-05-15 14:01:27.278000,1.07082,1.0708,1010000,1000000
2020-05-15 14:01:27.379000,1.07083,1.07081,1000000,1000000
2020-05-15 14:01:27.430000,1.07084,1.07082,1100000,1690000
2020-05-15 14:01:27.531000,1.07086,1.07082,3070000,2060000
2020-05-15 14:01:27.683000,1.07085,1.07083,1120000,1000000
2020-05-15 14:01:28.918000,1.07086,1.07083,1510000,1750000
2020-05-15 14:01:29.020000,1.07085,1.07081,4200000,1870000
2020-05-15 14:01:29.173000,1.07083,1.07081,1100000,1500000
2020-05-15 14:01:29.812000,1.07083,1.07081,1310000,1000000
2020-05-15 14:01:29.913000,1.07082,1.0708,1450000,1000000
2020-05-15 14:01:30.115000,1.07081,1.0708,1000000,1250000
2020-05-15 14:01:30.166000,1.07084,1.0708,3520000,1120000
2020-05-15 14:01:30.267000,1.07083,1.0708,1350000,1870000
2020-05-15 14:01:30.369000,1.07083,1.07081,1010000,1000000
2020-05-15 14:01:30.470000,1.07083,1.07081,1010000,1000000
2020-05-15 14:01:30.622000,1.07083,1.0708,1010000,1870000
2020-05-15 14:01:30.723000,1.07082,1.07079,1010000,1870000
2020-05-15 14:01:31.698000,1.07082,1.07079,1750000,1500000
2020-05-15 14:01:33.028000,1.07082,1.07079,3070000,1000000
2020-05-15 14:01:33.180000,1.07081,1.07079,1950000,1000000
2020-05-15 14:01:34.090000,1.07079,1.07077,1250000,1500000
2020-05-15 14:01:34.141000,1.07077,1.07076,1310000,1000000
2020-05-15 14:01:34.394000,1.07076,1.07074,1100000,1000000
2020-05-15 14:01:34.816000,1.07078,1.07075,2560000,1250000
2020-05-15 14:01:34.918000,1.07079,1.07075,3070000,2870000
2020-05-15 14:01:35.019000,1.07078,1.07075,1310000,1870000
2020-05-15 14:01:35.171000,1.07078,1.07075,2120000,1870000
2020-05-15 14:01:35.794000,1.07077,1.07075,2660000,1500000
2020-05-15 14:01:35.946000,1.07077,1.07075,1010000,1500000
2020-05-15 14:01:37.132000,1.07076,1.07073,1010000,1870000
2020-05-15 14:01:38.311000,1.07072,1.0707,1250000,3000000
2020-05-15 14:01:38.412000,1.07071,1.07069,1270000,1500000
2020-05-15 14:01:38.514000,1.0707,1.07068,1270000,1250000
2020-05-15 14:01:38.716000,1.0707,1.07066,1270000,3560000
2020-05-15 14:01:39.574000,1.0707,1.07066,1020000,5870000
2020-05-15 14:01:40.080000,1.0707,1.07067,1270000,1750000
2020-05-15 14:01:40.131000,1.07069,1.07066,1390000,2810000
2020-05-15 14:01:40.602000,1.0707,1.07067,1890000,1250000
2020-05-15 14:01:41.031000,1.0707,1.07068,1020000,1000000
2020-05-15 14:01:41.082000,1.07076,1.07072,1620000,1000000
2020-05-15 14:01:41.334000,1.07076,1.07072,3120000,2370000
2020-05-15 14:01:41.972000,1.07076,1.07072,1500000,2620000
2020-05-15 14:01:45.892000,1.07076,1.07073,2000000,1120000
2020-05-15 14:01:45.943000,1.07074,1.07071,1250000,1760000
2020-05-15 14:01:46.044000,1.07074,1.07072,1000000,1000000
2020-05-15 14:01:46.247000,1.07075,1.07072,1500000,2500000
2020-05-15 14:01:46.348000,1.07075,1.07072,1000000,2500000
2020-05-15 14:01:48.146000,1.07075,1.07072,1000000,2060000
2020-05-15 14:01:48.248000,1.07075,1.07072,1000000,2060000
2020-05-15 14:01:49.056000,1.07075,1.07072,1000000,2060000
2020-05-15 14:01:49.814000,1.07075,1.07072,1000000,1690000
2020-05-15 14:01:50.654000,1.07075,1.07072,1000000,2870000
2020-05-15 14:01:51.736000,1.07077,1.07073,1810000,1250000
2020-05-15 14:01:52.064000,1.07077,1.07074,2190000,1000000
2020-05-15 14:01:52.166000,1.07077,1.07075,1310000,1000000
2020-05-15 14:01:52.581000,1.07077,1.07075,1750000,1000000
2020-05-15 14:01:52.985000,1.07079,1.07075,1620000,3620000
2020-05-15 14:01:53.087000,1.07079,1.07075,1690000,2810000
2020-05-15 14:01:53.138000,1.07079,1.07077,1500000,1000000
2020-05-15 14:01:54.056000,1.0708,1.07078,1250000,1000000
2020-05-15 14:01:54.157000,1.07082,1.07079,1250000,1500000
2020-05-15 14:01:54.941000,1.07081,1.07078,1250000,1500000
2020-05-15 14:01:55.042000,1.07081,1.07078,1250000,1500000
2020-05-15 14:01:55.603000,1.07081,1.07078,1250000,1500000
2020-05-15 14:01:56.790000,1.0708,1.07078,1000000,1000000
2020-05-15 14:01:57.380000,1.0708,1.07079,1000000,1000000
2020-05-15 14:01:59.061000,1.07083,1.0708,2370000,1250000
2020-05-15 14:01:59.112000,1.07084,1.07083,2440000,1000000
2020-05-15 14:01:59.821000,1.07086,1.07083,1500000,1250000
2020-05-15 14:02:00.124000,1.07086,1.07083,1000000,1310000
2020-05-15 14:02:00.225000,1.07085,1.07083,1250000,1120000
2020-05-15 14:02:00.591000,1.07085,1.07083,1750000,1120000
2020-05-15 14:02:01.137000,1.07084,1.07082,1000000,1690000
2020-05-15 14:02:01.238000,1.07083,1.07082,1000000,1250000
2020-05-15 14:02:02.406000,1.07085,1.07082,1810000,2060000
2020-05-15 14:02:02.837000,1.07086,1.07083,1100000,2060000
2020-05-15 14:02:02.989000,1.07086,1.07084,1100000,1250000
2020-05-15 14:02:03.142000,1.07086,1.07083,1100000,1870000
2020-05-15 14:02:03.244000,1.07087,1.07085,1100000,1250000
2020-05-15 14:02:03.497000,1.07084,1.07083,1250000,1120000
2020-05-15 14:02:03.548000,1.07083,1.07081,1100000,2440000
2020-05-15 14:02:08.386000,1.07084,1.07082,1010000,1000000
2020-05-15 14:02:08.487000,1.07085,1.07081,2570000,3690000
2020-05-15 14:02:08.589000,1.07084,1.07081,4140000,1690000
2020-05-15 14:02:09.201000,1.07084,1.07082,3000000,1310000
2020-05-15 14:02:09.504000,1.07084,1.07081,3690000,1690000
2020-05-15 14:02:09.981000,1.07084,1.07082,4250000,1250000
2020-05-15 14:02:10.082000,1.07084,1.07082,2250000,1250000
2020-05-15 14:02:10.183000,1.07084,1.07081,2890000,2440000
2020-05-15 14:02:10.285000,1.07083,1.07081,1120000,2060000
2020-05-15 14:02:12.319000,1.07084,1.07081,2440000,3560000
2020-05-15 14:02:13.026000,1.07084,1.07081,4140000,2440000
2020-05-15 14:02:14.253000,1.07084,1.07081,4890000,2500000
2020-05-15 14:02:14.355000,1.07084,1.07081,2440000,3250000
2020-05-15 14:02:15.364000,1.07084,1.07083,1100000,1250000
2020-05-15 14:02:15.415000,1.07084,1.07081,1690000,2440000
2020-05-15 14:02:15.517000,1.07084,1.07081,4890000,2060000
2020-05-15 14:02:15.906000,1.07084,1.07082,2450000,1250000
2020-05-15 14:02:16.007000,1.07086,1.07082,3370000,2060000
2020-05-15 14:02:16.714000,1.07086,1.07082,2870000,2190000
2020-05-15 14:02:16.815000,1.07086,1.07082,2060000,3000000
2020-05-15 14:02:16.866000,1.07086,1.07085,1000000,1000000
2020-05-15 14:02:16.967000,1.07087,1.07086,1000000,1000000
2020-05-15 14:02:17.068000,1.0709,1.07088,1500000,1000000
2020-05-15 14:02:17.170000,1.0709,1.07087,1000000,21299999
2020-05-15 14:02:17.271000,1.07091,1.07088,1000000,16440001
2020-05-15 14:02:17.372000,1.07092,1.0709,1000000,1250000
2020-05-15 14:02:17.624000,1.07093,1.0709,1760000,1000000
2020-05-15 14:02:17.725000,1.07093,1.0709,2570000,1000000
2020-05-15 14:02:17.978000,1.07093,1.0709,1310000,1120000
2020-05-15 14:02:18.231000,1.07094,1.07091,1000000,1310000
2020-05-15 14:02:18.332000,1.07095,1.07092,1310000,1000000
2020-05-15 14:02:18.898000,1.07095,1.07091,1310000,1500000
2020-05-15 14:02:19.406000,1.07095,1.07091,2570000,2250000
2020-05-15 14:02:19.508000,1.07094,1.07091,1250000,1500000
2020-05-15 14:02:20.472000,1.07095,1.07093,1000000,1120000
2020-05-15 14:02:20.574000,1.07096,1.07093,1120000,1870000
2020-05-15 14:02:21.281000,1.07096,1.07093,2120000,1120000
2020-05-15 14:02:22.536000,1.07095,1.07092,1250000,1870000
2020-05-15 14:02:23.041000,1.07094,1.07091,1370000,1500000
2020-05-15 14:02:23.142000,1.07095,1.07091,3820000,2250000
2020-05-15 14:02:23.294000,1.07095,1.07092,2120000,1500000
2020-05-15 14:02:23.396000,1.07095,1.07093,1370000,1000000
2020-05-15 14:02:23.497000,1.07096,1.07093,3820000,1000000
2020-05-15 14:02:23.598000,1.07096,1.07092,3820000,1000000
2020-05-15 14:02:24.341000,1.07098,1.07094,1590000,2060000
2020-05-15 14:02:24.442000,1.07099,1.07094,3470000,2060000
2020-05-15 14:02:24.544000,1.07099,1.07096,1910000,1310000
2020-05-15 14:02:24.747000,1.071,1.07096,2620000,2060000
2020-05-15 14:02:25.757000,1.071,1.07098,1120000,1000000
2020-05-15 14:02:25.858000,1.071,1.07098,1370000,1000000
2020-05-15 14:02:25.960000,1.071,1.07097,1370000,1870000
2020-05-15 14:02:26.919000,1.07098,1.07096,1000000,2810000
2020-05-15 14:02:29.095000,1.07099,1.07097,1370000,1500000
2020-05-15 14:02:30.675000,1.07099,1.07096,1370000,2620000
2020-05-15 14:02:31.211000,1.07099,1.07096,1310000,2810000
2020-05-15 14:02:34.177000,1.07098,1.07096,1870000,1750000
2020-05-15 14:02:34.279000,1.07098,1.07095,1100000,1750000
2020-05-15 14:02:34.381000,1.07098,1.07096,1100000,1750000
2020-05-15 14:02:34.534000,1.071,1.07096,4510000,2120000
2020-05-15 14:02:38.467000,1.07101,1.07099,1070000,2250000
2020-05-15 14:02:38.568000,1.07104,1.07103,1070000,1250000
2020-05-15 14:02:38.922000,1.07106,1.07103,1740000,1310000
2020-05-15 14:02:39.491000,1.07106,1.07104,1070000,1250000
2020-05-15 14:02:39.593000,1.07109,1.07106,2130000,1250000
2020-05-15 14:02:40.148000,1.07109,1.07105,2800000,1870000
2020-05-15 14:02:40.250000,1.07109,1.07106,2800000,1250000
2020-05-15 14:02:40.351000,1.07109,1.07105,2690000,2060000
2020-05-15 14:02:40.604000,1.07109,1.07104,3430000,1310000
2020-05-15 14:02:40.857000,1.07105,1.07103,1250000,1500000
2020-05-15 14:02:40.908000,1.07105,1.07102,1310000,2250000
2020-05-15 14:02:41.480000,1.07106,1.07103,3800000,1000000
2020-05-15 14:02:41.633000,1.07105,1.07103,1370000,1000000
2020-05-15 14:02:41.965000,1.07105,1.07102,2550000,1000000
2020-05-15 14:02:42.066000,1.07105,1.07103,1800000,1000000
2020-05-15 14:02:42.319000,1.07105,1.07103,1310000,1000000
2020-05-15 14:02:46.079000,1.07107,1.07106,1000000,1690000
2020-05-15 14:02:46.180000,1.07114,1.07112,1170000,1000000
2020-05-15 14:02:46.282000,1.07117,1.07113,3300000,1250000
2020-05-15 14:02:46.383000,1.07117,1.07114,2180000,1000000
2020-05-15 14:02:46.434000,1.07118,1.07115,1320000,1690000
2020-05-15 14:02:46.535000,1.07118,1.07115,2570000,1120000
2020-05-15 14:02:46.687000,1.07118,1.07116,1200000,1250000
2020-05-15 14:02:46.788000,1.07118,1.07115,2250000,1870000
2020-05-15 14:02:46.991000,1.07118,1.07114,2780000,1310000
2020-05-15 14:02:47.092000,1.07118,1.07114,1390000,1310000
2020-05-15 14:02:47.799000,1.0712,1.07117,1250000,1750000
2020-05-15 14:02:48.052000,1.07121,1.07118,1500000,1310000
2020-05-15 14:02:48.455000,1.07121,1.07119,1000000,1000000
2020-05-15 14:02:48.910000,1.0712,1.07117,1690000,2560000
2020-05-15 14:02:49.011000,1.07118,1.07116,4870000,1000000
2020-05-15 14:02:49.630000,1.07116,1.07113,1250000,1120000
2020-05-15 14:02:50.085000,1.07117,1.07115,2860000,1000000
2020-05-15 14:02:50.187000,1.07117,1.07114,3050000,1000000
2020-05-15 14:02:50.338000,1.07116,1.07113,1120000,1310000
2020-05-15 14:02:50.743000,1.07118,1.07117,3800000,1000000
2020-05-15 14:02:50.794000,1.07121,1.07118,1500000,1750000
2020-05-15 14:02:51.098000,1.07121,1.07119,1000000,1500000
2020-05-15 14:02:51.603000,1.07122,1.07119,1870000,2250000
2020-05-15 14:02:51.910000,1.07121,1.07119,1000000,1690000
2020-05-15 14:02:52.349000,1.0712,1.07118,1000000,1120000
2020-05-15 14:02:52.450000,1.07119,1.07117,1250000,1620000
2020-05-15 14:02:52.501000,1.07119,1.07116,2870000,1000000
2020-05-15 14:02:52.603000,1.07119,1.07115,4200000,1000000
2020-05-15 14:02:52.755000,1.07118,1.07114,4550000,1000000
2020-05-15 14:02:52.857000,1.07117,1.07114,2300000,1000000
2020-05-15 14:02:52.958000,1.07117,1.07112,3880000,2440000
2020-05-15 14:02:53.109000,1.07117,1.07114,3880000,1000000
2020-05-15 14:02:53.261000,1.07116,1.07114,1800000,1000000
2020-05-15 14:02:53.463000,1.07117,1.07114,2240000,1000000
2020-05-15 14:02:54.275000,1.07117,1.07113,1810000,1250000
2020-05-15 14:02:55.342000,1.07117,1.07113,1250000,1000000
2020-05-15 14:02:55.552000,1.07117,1.07115,1550000,2500000
2020-05-15 14:02:55.603000,1.07121,1.07117,2620000,1500000
2020-05-15 14:02:55.654000,1.0712,1.07117,3050000,1000000
2020-05-15 14:02:55.756000,1.07122,1.0712,1310000,1000000
2020-05-15 14:02:55.857000,1.07122,1.07119,1310000,2250000
2020-05-15 14:02:56.223000,1.07122,1.0712,1310000,1000000
2020-05-15 14:02:56.324000,1.07122,1.0712,1810000,1000000
2020-05-15 14:02:56.728000,1.07122,1.07119,1620000,1250000
2020-05-15 14:02:57.964000,1.07119,1.07116,1000000,3220000
2020-05-15 14:02:58.065000,1.07118,1.07115,2320000,1000000
2020-05-15 14:02:58.267000,1.07118,1.07114,2320000,3750000
2020-05-15 14:02:58.520000,1.07117,1.07114,1250000,3370000
2020-05-15 14:02:59.809000,1.07116,1.07114,1800000,1000000
2020-05-15 14:02:59.860000,1.07115,1.07111,1070000,3220000
2020-05-15 14:02:59.961000,1.07115,1.07111,1070000,1870000
2020-05-15 14:03:00.163000,1.07115,1.07111,1070000,1500000
2020-05-15 14:03:00.466000,1.07115,1.07112,1860000,1000000
2020-05-15 14:03:00.872000,1.07115,1.07111,6050000,1000000
2020-05-15 14:03:00.975000,1.07113,1.0711,1120000,1870000
2020-05-15 14:03:01.263000,1.07112,1.0711,1000000,1000000
2020-05-15 14:03:01.870000,1.07112,1.07109,1810000,1000000
2020-05-15 14:03:02.073000,1.07113,1.0711,3050000,1000000
2020-05-15 14:03:02.175000,1.07112,1.0711,2240000,1000000
2020-05-15 14:03:02.479000,1.07111,1.07109,1010000,1000000
2020-05-15 14:03:02.782000,1.07111,1.07109,1510000,1000000
2020-05-15 14:03:02.933000,1.07111,1.07108,2260000,1500000
2020-05-15 14:03:03.895000,1.07111,1.07107,3010000,2140000
2020-05-15 14:03:04.097000,1.07109,1.07106,2120000,3000000
2020-05-15 14:03:04.198000,1.07107,1.07105,4570000,1200000
2020-05-15 14:03:04.299000,1.07106,1.07104,1250000,1000000
2020-05-15 14:03:04.552000,1.07106,1.07103,1000000,1690000
2020-05-15 14:03:05.208000,1.07107,1.07103,4120000,1200000
2020-05-15 14:03:06.017000,1.07108,1.07105,2810000,1000000
2020-05-15 14:03:06.220000,1.07109,1.07106,1890000,1000000
2020-05-15 14:03:06.322000,1.07109,1.07106,1250000,1650000
2020-05-15 14:03:07.325000,1.07107,1.07105,2440000,1570000
2020-05-15 14:03:07.427000,1.07107,1.07104,4120000,1000000
2020-05-15 14:03:07.529000,1.07107,1.07103,1810000,2140000
2020-05-15 14:03:08.461000,1.07107,1.07103,1620000,4070000
2020-05-15 14:03:08.563000,1.07108,1.07104,3310000,1760000
2020-05-15 14:03:08.714000,1.07108,1.07105,2560000,1000000
2020-05-15 14:03:08.815000,1.07108,1.07105,1310000,1570000
2020-05-15 14:03:09.828000,1.07109,1.07106,2560000,1250000
2020-05-15 14:03:09.979000,1.0711,1.07106,1500000,3570000
2020-05-15 14:03:10.080000,1.0711,1.07107,1500000,1600000
2020-05-15 14:03:10.182000,1.0711,1.07107,2500000,1570000
2020-05-15 14:03:10.972000,1.0711,1.07106,2870000,1950000
2020-05-15 14:03:11.123000,1.07109,1.07105,1310000,3820000
2020-05-15 14:03:11.238000,1.07109,1.07106,1310000,1200000
2020-05-15 14:03:12.105000,1.07109,1.07106,1000000,2540000
2020-05-15 14:03:12.459000,1.07109,1.07106,1000000,2510000
2020-05-15 14:03:12.958000,1.07109,1.07106,1250000,2470000
2020-05-15 14:03:14.344000,1.07109,1.07106,1250000,2350000
2020-05-15 14:03:14.445000,1.07109,1.07106,1250000,2350000
2020-05-15 14:03:14.546000,1.07109,1.07106,1250000,2320000
2020-05-15 14:03:14.648000,1.07109,1.07106,1250000,2350000
2020-05-15 14:03:14.958000,1.07109,1.07106,1000000,2960000
2020-05-15 14:03:15.059000,1.07109,1.07107,1000000,1200000
2020-05-15 14:03:15.602000,1.07109,1.07106,1000000,1840000
2020-05-15 14:03:16.007000,1.07109,1.07106,1000000,2540000
2020-05-15 14:03:16.703000,1.07109,1.07106,1000000,2510000
2020-05-15 14:03:17.006000,1.07109,1.07106,1000000,2540000
2020-05-15 14:03:17.107000,1.07109,1.07106,1000000,2510000
2020-05-15 14:03:17.208000,1.07109,1.07106,1000000,2540000
2020-05-15 14:03:17.529000,1.07109,1.07106,1000000,1310000
2020-05-15 14:03:18.415000,1.07109,1.07106,1000000,2660000
2020-05-15 14:03:19.153000,1.07109,1.07106,2250000,1000000
2020-05-15 14:03:19.205000,1.07105,1.07102,1310000,1310000
2020-05-15 14:03:19.306000,1.07104,1.07102,1000000,1310000
2020-05-15 14:03:19.711000,1.07105,1.07102,1310000,1000000
2020-05-15 14:03:19.913000,1.07105,1.07102,1500000,1250000
2020-05-15 14:03:20.015000,1.07106,1.07103,1620000,1390000
2020-05-15 14:03:20.132000,1.07106,1.07104,1620000,1100000
2020-05-15 14:03:20.943000,1.07106,1.07104,1120000,1100000
2020-05-15 14:03:21.351000,1.07105,1.07103,1000000,1220000
2020-05-15 14:03:21.402000,1.07105,1.07102,1000000,1760000
2020-05-15 14:03:22.230000,1.07104,1.07101,2120000,2610000
2020-05-15 14:03:22.331000,1.07105,1.07101,2370000,1390000
2020-05-15 14:03:22.838000,1.07105,1.07101,2560000,2740000
2020-05-15 14:03:22.940000,1.07105,1.07101,2060000,3110000
2020-05-15 14:03:23.243000,1.07104,1.07101,1750000,2990000
2020-05-15 14:03:23.344000,1.07104,1.07101,1750000,1570000
2020-05-15 14:03:23.395000,1.07105,1.07101,2060000,1760000
2020-05-15 14:03:23.496000,1.07105,1.07101,2060000,2540000
2020-05-15 14:03:23.698000,1.07105,1.07102,2370000,1200000
2020-05-15 14:03:23.908000,1.07105,1.07102,2370000,1700000
2020-05-15 14:03:24.009000,1.07105,1.07102,2370000,2020000
2020-05-15 14:03:24.592000,1.07105,1.07102,2370000,1700000
2020-05-15 14:03:24.693000,1.07105,1.07101,2370000,4890000
2020-05-15 14:03:24.795000,1.07105,1.07102,1870000,1650000
2020-05-15 14:03:25.201000,1.07105,1.07102,1120000,2470000
2020-05-15 14:03:25.303000,1.07105,1.07102,1120000,2320000
2020-05-15 14:03:25.404000,1.07106,1.07103,1620000,1000000
2020-05-15 14:03:25.612000,1.07106,1.07102,2370000,1570000
2020-05-15 14:03:26.573000,1.07106,1.07102,2560000,2570000
2020-05-15 14:03:27.392000,1.07106,1.07102,3370000,2510000
2020-05-15 14:03:27.594000,1.07106,1.07103,2700000,1000000
2020-05-15 14:03:27.695000,1.07106,1.07102,3450000,2510000
2020-05-15 14:03:29.685000,1.07107,1.07105,1570000,1750000
2020-05-15 14:03:29.736000,1.07108,1.07105,4690000,3750000
2020-05-15 14:03:29.786000,1.07106,1.07104,1000000,3670000
2020-05-15 14:03:29.837000,1.07109,1.07108,1100000,1000000
2020-05-15 14:03:29.888000,1.07111,1.07108,1000000,2640000
2020-05-15 14:03:30.040000,1.07112,1.07109,2620000,1850000
2020-05-15 14:03:30.243000,1.07113,1.0711,1870000,2260000
2020-05-15 14:03:30.546000,1.07112,1.0711,1250000,1570000
2020-05-15 14:03:30.748000,1.0711,1.07108,1750000,1120000
2020-05-15 14:03:30.850000,1.07107,1.07106,1120000,2770000
2020-05-15 14:03:30.951000,1.07107,1.07104,1750000,1950000
2020-05-15 14:03:31.052000,1.07107,1.07105,1310000,1200000
2020-05-15 14:03:31.507000,1.07106,1.07104,2120000,1200000
2020-05-15 14:03:31.608000,1.07105,1.07102,1310000,3450000
2020-05-15 14:03:32.423000,1.07105,1.07102,1310000,3220000
2020-05-15 14:03:32.575000,1.07104,1.07102,1000000,2350000
2020-05-15 14:03:32.677000,1.07104,1.07101,1500000,3040000
2020-05-15 14:03:34.600000,1.07104,1.07102,1000000,1600000
2020-05-15 14:03:34.710000,1.07104,1.07102,1000000,1570000
2020-05-15 14:03:35.017000,1.07105,1.07102,2060000,1570000
2020-05-15 14:03:35.169000,1.07104,1.07102,1200000,1100000
2020-05-15 14:03:35.271000,1.07103,1.07101,1250000,3570000
2020-05-15 14:03:35.525000,1.07104,1.07101,1690000,2820000
2020-05-15 14:03:35.626000,1.07104,1.07101,2060000,2320000
2020-05-15 14:03:35.677000,1.07101,1.07099,1000000,1570000
2020-05-15 14:03:35.778000,1.071,1.07099,1000000,1200000
2020-05-15 14:03:35.879000,1.07101,1.07099,4120000,3700000
2020-05-15 14:03:35.981000,1.07102,1.071,2250000,2510000
2020-05-15 14:03:36.082000,1.07104,1.07101,1810000,1970000
2020-05-15 14:03:36.438000,1.07105,1.07101,2940000,2740000
2020-05-15 14:03:36.910000,1.07101,1.071,1000000,1570000
2020-05-15 14:03:37.012000,1.07101,1.07098,1120000,6400000
2020-05-15 14:03:37.063000,1.07103,1.071,1200000,2120000
2020-05-15 14:03:37.114000,1.07102,1.071,1000000,2060000
2020-05-15 14:03:37.216000,1.07104,1.071,1620000,3260000
2020-05-15 14:03:37.317000,1.07105,1.07101,3870000,2400000
2020-05-15 14:03:37.418000,1.07105,1.07101,3870000,2420000
2020-05-15 14:03:38.240000,1.07105,1.07102,1120000,2770000
2020-05-15 14:03:38.343000,1.07106,1.07102,2370000,3550000
2020-05-15 14:03:39.152000,1.07105,1.07102,1310000,3450000
2020-05-15 14:03:39.254000,1.07104,1.07101,8200000,5470000
2020-05-15 14:03:39.355000,1.07103,1.07101,1250000,3370000
2020-05-15 14:03:39.406000,1.07108,1.07106,1760000,1500000
2020-05-15 14:03:39.507000,1.0711,1.07107,2070000,1690000
2020-05-15 14:03:39.558000,1.07112,1.07111,1000000,1000000
2020-05-15 14:03:39.608000,1.07113,1.07111,2320000,1000000
2020-05-15 14:03:39.760000,1.07113,1.07111,1250000,1970000
2020-05-15 14:03:39.862000,1.07113,1.0711,1120000,2320000
2020-05-15 14:03:39.912000,1.07114,1.07113,1000000,16950001
2020-05-15 14:03:39.963000,1.07119,1.07116,3070000,1000000
2020-05-15 14:03:40.065000,1.07118,1.07116,1010000,1000000
2020-05-15 14:03:40.216000,1.07118,1.07117,1570000,1000000
2020-05-15 14:03:40.624000,1.0712,1.07117,2570000,1100000
2020-05-15 14:03:40.725000,1.07122,1.0712,2060000,1000000
2020-05-15 14:03:40.877000,1.07123,1.07121,3010000,1000000
2020-05-15 14:03:41.332000,1.07123,1.07121,1000000,2950000
2020-05-15 14:03:41.534000,1.07123,1.07121,1100000,1100000
2020-05-15 14:03:42.245000,1.07123,1.07121,1000000,1010000
2020-05-15 14:03:43.230000,1.07124,1.07121,6000000,1950000
2020-05-15 14:03:43.382000,1.07123,1.07121,1810000,1390000
2020-05-15 14:03:43.685000,1.07119,1.07118,1690000,1120000
2020-05-15 14:03:43.736000,1.07118,1.07116,1500000,1000000
2020-05-15 14:03:43.786000,1.07117,1.07114,2250000,1950000
2020-05-15 14:03:44.746000,1.07118,1.07115,2620000,2200000
2020-05-15 14:03:44.949000,1.07118,1.07115,3000000,1970000
2020-05-15 14:03:45.050000,1.07116,1.07115,1000000,1950000
2020-05-15 14:03:47.087000,1.07116,1.07114,1690000,1950000
2020-05-15 14:03:48.091000,1.07116,1.07114,1000000,1970000
2020-05-15 14:03:48.586000,1.07118,1.07115,4240000,2950000
2020-05-15 14:03:48.637000,1.07119,1.07116,1000000,1000000
2020-05-15 14:03:48.738000,1.07118,1.07117,1000000,1200000
2020-05-15 14:03:49.041000,1.0712,1.07116,1750000,3410000
2020-05-15 14:03:49.142000,1.07121,1.07117,2250000,3410000
2020-05-15 14:03:49.244000,1.07121,1.07118,1120000,2350000
2020-05-15 14:03:49.345000,1.07121,1.07119,1370000,1200000
2020-05-15 14:03:49.684000,1.07122,1.07119,2370000,1220000
2020-05-15 14:03:50.273000,1.07123,1.0712,2060000,2010000
2020-05-15 14:03:51.231000,1.07123,1.07121,2060000,1220000
2020-05-15 14:03:52.129000,1.07122,1.07121,1120000,1200000
2020-05-15 14:03:52.631000,1.07122,1.0712,2120000,1950000
2020-05-15 14:03:54.213000,1.07122,1.07121,2060000,1000000
2020-05-15 14:03:55.276000,1.07124,1.07123,1120000,1500000
2020-05-15 14:03:55.328000,1.07128,1.07126,1250000,1870000
2020-05-15 14:03:55.379000,1.07131,1.07129,1250000,1500000
2020-05-15 14:03:55.481000,1.07131,1.0713,1250000,1000000
2020-05-15 14:03:55.582000,1.07132,1.0713,1250000,1120000
2020-05-15 14:03:55.734000,1.07132,1.07131,1250000,1000000
2020-05-15 14:03:56.239000,1.07133,1.07131,1310000,1000000
2020-05-15 14:03:56.644000,1.07134,1.07131,1500000,1100000
2020-05-15 14:03:56.746000,1.07136,1.07134,1000000,2120000
2020-05-15 14:03:56.847000,1.07137,1.07136,1120000,1000000
2020-05-15 14:03:56.948000,1.07137,1.07134,3250000,1720000
2020-05-15 14:03:57.050000,1.07138,1.07136,1690000,1000000
2020-05-15 14:03:57.303000,1.0714,1.07137,1870000,1100000
2020-05-15 14:03:58.265000,1.07138,1.07136,1750000,1000000
2020-05-15 14:03:58.730000,1.07139,1.07136,2620000,1000000
2020-05-15 14:03:59.184000,1.07139,1.07135,3000000,1120000
2020-05-15 14:03:59.437000,1.07139,1.07135,1750000,3410000
2020-05-15 14:04:00.724000,1.07139,1.07135,2250000,3070000
2020-05-15 14:04:00.825000,1.07139,1.07135,2250000,3100000
2020-05-15 14:04:00.926000,1.07139,1.07135,2250000,1870000
2020-05-15 14:04:01.028000,1.07139,1.07135,2250000,3100000
2020-05-15 14:04:01.382000,1.07138,1.07136,2120000,1000000
2020-05-15 14:04:01.483000,1.07137,1.07135,3000000,1200000
2020-05-15 14:04:01.585000,1.07137,1.07134,1810000,1200000
2020-05-15 14:04:01.636000,1.0714,1.07138,7310000,1500000
2020-05-15 14:04:01.737000,1.07141,1.07138,2060000,1120000
2020-05-15 14:04:03.214000,1.07141,1.07137,2510000,2510000
2020-05-15 14:04:03.719000,1.07141,1.07137,2940000,2590000
2020-05-15 14:04:04.477000,1.07134,1.07133,1250000,1200000
2020-05-15 14:04:04.578000,1.07134,1.07132,1250000,1200000
2020-05-15 14:04:04.780000,1.07134,1.07131,1310000,2510000
2020-05-15 14:04:05.032000,1.07134,1.07131,1120000,3320000
2020-05-15 14:04:06.436000,1.07133,1.0713,1120000,3350000
2020-05-15 14:04:06.537000,1.07133,1.0713,1620000,1000000
2020-05-15 14:04:06.852000,1.07131,1.07128,1120000,1390000
2020-05-15 14:04:07.155000,1.07132,1.07129,1750000,1000000
2020-05-15 14:04:07.256000,1.07132,1.07128,1950000,2320000
2020-05-15 14:04:07.458000,1.07133,1.0713,1310000,2120000
2020-05-15 14:04:10.213000,1.07134,1.0713,3820000,1500000
2020-05-15 14:04:10.677000,1.07133,1.07129,1890000,4200000
2020-05-15 14:04:10.778000,1.07134,1.07133,1500000,1250000
2020-05-15 14:04:10.892000,1.07135,1.07132,1000000,3450000
2020-05-15 14:04:11.297000,1.07137,1.07133,3710000,2890000
2020-05-15 14:04:11.398000,1.07137,1.07134,2060000,1100000
2020-05-15 14:04:11.754000,1.07138,1.07134,2440000,2890000
2020-05-15 14:04:11.892000,1.07138,1.07134,1690000,3790000
2020-05-15 14:04:12.148000,1.07139,1.07135,2060000,2700000
2020-05-15 14:04:12.249000,1.07139,1.07135,2510000,3100000
2020-05-15 14:04:12.350000,1.07139,1.07135,2060000,3070000
2020-05-15 14:04:12.708000,1.07139,1.07135,2190000,3450000
2020-05-15 14:04:13.663000,1.07139,1.07135,2510000,3070000
2020-05-15 14:04:14.929000,1.07139,1.07136,1310000,1200000
2020-05-15 14:04:18.043000,1.07139,1.07138,1000000,1310000
2020-05-15 14:04:18.094000,1.07142,1.0714,1000000,4460000
2020-05-15 14:04:18.145000,1.07143,1.07142,1500000,1250000
2020-05-15 14:04:18.246000,1.07144,1.07141,1310000,1310000
2020-05-15 14:04:18.348000,1.07145,1.07142,1000000,1870000
2020-05-15 14:04:18.449000,1.07146,1.07142,1870000,2700000
2020-05-15 14:04:19.055000,1.07146,1.07143,1120000,1370000
2020-05-15 14:04:20.250000,1.07146,1.07143,1370000,1500000
2020-05-15 14:04:20.352000,1.07143,1.07142,1870000,1200000
2020-05-15 14:04:20.454000,1.07143,1.0714,2400000,1500000
2020-05-15 14:04:20.506000,1.07145,1.07143,1570000,1250000
2020-05-15 14:04:20.608000,1.07146,1.07143,3120000,1250000
2020-05-15 14:04:21.118000,1.07146,1.07143,1870000,2120000
2020-05-15 14:04:21.826000,1.07147,1.07143,2560000,1120000
2020-05-15 14:04:22.246000,1.07146,1.07144,1120000,1000000
2020-05-15 14:04:23.426000,1.07148,1.07146,2510000,1000000
2020-05-15 14:04:23.476000,1.07149,1.07145,5700000,1000000
2020-05-15 14:04:23.578000,1.07148,1.07146,1000000,1250000
2020-05-15 14:04:23.630000,1.07151,1.07149,2320000,1000000
2020-05-15 14:04:23.782000,1.07151,1.07149,1120000,1000000
2020-05-15 14:04:24.912000,1.07151,1.07149,1570000,1000000
2020-05-15 14:04:25.872000,1.07154,1.07151,1600000,1250000
2020-05-15 14:04:25.973000,1.07154,1.0715,4200000,3370000
2020-05-15 14:04:26.226000,1.07153,1.0715,1370000,2620000
2020-05-15 14:04:26.479000,1.07153,1.07149,3070000,1870000
2020-05-15 14:04:27.490000,1.07152,1.07149,1890000,1000000
2020-05-15 14:04:27.692000,1.07152,1.07148,1890000,2620000
2020-05-15 14:04:29.330000,1.07152,1.07149,2190000,1000000
2020-05-15 14:04:29.482000,1.07152,1.07149,1690000,1000000
2020-05-15 14:04:31.472000,1.07152,1.07149,3390000,1000000
2020-05-15 14:04:31.574000,1.07149,1.07147,16969999,1200000
2020-05-15 14:04:31.625000,1.07147,1.07145,2440000,1500000
2020-05-15 14:04:31.726000,1.07147,1.07143,3760000,1120000
2020-05-15 14:04:32.644000,1.07146,1.07143,1370000,1000000
2020-05-15 14:04:32.745000,1.07146,1.07142,2570000,1870000
2020-05-15 14:04:33.083000,1.07146,1.07142,1760000,2870000
2020-05-15 14:04:34.629000,1.07146,1.07142,1890000,2870000
2020-05-15 14:04:34.730000,1.07146,1.07143,1200000,1810000
2020-05-15 14:04:35.084000,1.07146,1.07142,2140000,2810000
2020-05-15 14:04:35.287000,1.07145,1.07142,1250000,2810000
2020-05-15 14:04:37.542000,1.07142,1.07141,1000000,1120000
2020-05-15 14:04:37.593000,1.07142,1.07139,3120000,1500000
2020-05-15 14:04:37.694000,1.07142,1.07137,5000000,2370000
2020-05-15 14:04:38.201000,1.07142,1.0714,1420000,1250000
2020-05-15 14:04:38.302000,1.07143,1.0714,1310000,1750000
2020-05-15 14:04:38.939000,1.07143,1.0714,1000000,4140000
2020-05-15 14:04:39.041000,1.07142,1.0714,1000000,1250000
2020-05-15 14:04:39.647000,1.07144,1.0714,3310000,2120000
2020-05-15 14:04:39.748000,1.07145,1.07141,2870000,2640000
2020-05-15 14:04:41.701000,1.07144,1.07141,2440000,1310000
2020-05-15 14:04:43.743000,1.07144,1.07141,1250000,2190000
2020-05-15 14:04:44.284000,1.07143,1.0714,1250000,4060000
2020-05-15 14:04:44.334000,1.07143,1.0714,1310000,2060000
2020-05-15 14:04:44.486000,1.07144,1.0714,2560000,4070000
2020-05-15 14:04:44.639000,1.07144,1.0714,2060000,4070000
2020-05-15 14:04:44.893000,1.07143,1.0714,1870000,2870000
2020-05-15 14:04:45.146000,1.07144,1.0714,3000000,2810000
2020-05-15 14:04:45.248000,1.07142,1.07139,1500000,2620000
2020-05-15 14:04:45.349000,1.07142,1.07138,2420000,3570000
2020-05-15 14:04:45.401000,1.07139,1.07137,1750000,2700000
2020-05-15 14:04:45.502000,1.07139,1.07135,2500000,1570000
2020-05-15 14:04:45.603000,1.07138,1.07135,1250000,1570000
2020-05-15 14:04:45.704000,1.07138,1.07134,2620000,2700000
2020-05-15 14:04:45.805000,1.07137,1.07134,1250000,2320000
2020-05-15 14:04:45.957000,1.07138,1.07134,1750000,3450000
2020-05-15 14:04:46.058000,1.07139,1.07136,1000000,1120000
2020-05-15 14:04:46.159000,1.0714,1.07137,2060000,1000000
2020-05-15 14:04:47.751000,1.07141,1.07137,1690000,1500000
2020-05-15 14:04:48.154000,1.07141,1.07137,1500000,2200000
2020-05-15 14:04:48.921000,1.07142,1.07139,1420000,1010000
2020-05-15 14:04:49.022000,1.07144,1.07139,3370000,5260000
2020-05-15 14:04:49.127000,1.07142,1.07139,1000000,2810000
2020-05-15 14:04:49.229000,1.07142,1.0714,1000000,1000000
2020-05-15 14:04:49.330000,1.07142,1.07139,1000000,2810000
2020-05-15 14:04:49.431000,1.07143,1.07139,1690000,2810000
2020-05-15 14:04:49.885000,1.07143,1.07139,1000000,2870000
2020-05-15 14:04:50.390000,1.07144,1.07139,2810000,3320000
2020-05-15 14:04:50.492000,1.07144,1.07139,3700000,2510000
2020-05-15 14:04:51.652000,1.07142,1.07138,3620000,2370000
2020-05-15 14:04:51.703000,1.0714,1.07136,1250000,4270000
2020-05-15 14:04:51.804000,1.0714,1.07137,1250000,1000000
2020-05-15 14:04:52.994000,1.0714,1.07136,2120000,3070000
2020-05-15 14:04:54.930000,1.07136,1.07135,1250000,1000000
2020-05-15 14:04:54.981000,1.07136,1.07133,2120000,2700000
2020-05-15 14:04:55.084000,1.07136,1.07133,1120000,1120000
2020-05-15 14:04:55.387000,1.07137,1.07134,1000000,1000000
2020-05-15 14:04:55.489000,1.07138,1.07133,2190000,2940000
2020-05-15 14:04:55.590000,1.07139,1.07135,3750000,1000000
2020-05-15 14:04:56.145000,1.07138,1.07134,3190000,2620000
2020-05-15 14:04:56.246000,1.07138,1.07134,3690000,2620000
2020-05-15 14:04:56.778000,1.07138,1.07135,1810000,1000000
2020-05-15 14:04:57.080000,1.07138,1.07135,1310000,1120000
2020-05-15 14:04:59.724000,1.07138,1.07135,1750000,1000000
2020-05-15 14:04:59.825000,1.07137,1.07134,1250000,1500000
2020-05-15 14:04:59.926000,1.07138,1.07134,1750000,1500000
2020-05-15 14:05:00.281000,1.07138,1.07135,1000000,1250000
2020-05-15 14:05:00.737000,1.07139,1.07136,2190000,1000000
2020-05-15 14:05:00.838000,1.0714,1.07136,3450000,1000000
2020-05-15 14:05:02.732000,1.07141,1.07137,3760000,1250000
2020-05-15 14:05:04.431000,1.07141,1.07138,3200000,1250000
2020-05-15 14:05:04.685000,1.07141,1.07138,1570000,2440000
2020-05-15 14:05:06.587000,1.07141,1.07139,1570000,1250000
2020-05-15 14:05:07.253000,1.07141,1.07138,1200000,1000000
2020-05-15 14:05:08.085000,1.07141,1.07138,1570000,1750000
2020-05-15 14:05:08.186000,1.07141,1.07138,1570000,1690000
2020-05-15 14:05:08.288000,1.0714,1.07138,2320000,1000000
2020-05-15 14:05:08.339000,1.07138,1.07135,1000000,2700000
2020-05-15 14:05:08.441000,1.07138,1.07136,1120000,1750000
2020-05-15 14:05:09.897000,1.07139,1.07137,1000000,1000000
2020-05-15 14:05:10.798000,1.07139,1.07136,1000000,1250000
2020-05-15 14:05:11.303000,1.07139,1.07137,1000000,1250000
2020-05-15 14:05:11.405000,1.0714,1.07137,3570000,1250000
2020-05-15 14:05:11.708000,1.0714,1.07136,3570000,1870000
2020-05-15 14:05:12.071000,1.07138,1.07136,1000000,1120000
2020-05-15 14:05:12.467000,1.07137,1.07135,1000000,1000000
2020-05-15 14:05:12.569000,1.07137,1.07134,1120000,2060000
2020-05-15 14:05:13.328000,1.07138,1.07135,2190000,1000000
2020-05-15 14:05:14.157000,1.07138,1.07134,2560000,2510000
2020-05-15 14:05:14.511000,1.07138,1.07134,2060000,2960000
2020-05-15 14:05:14.969000,1.07138,1.07134,2060000,3890000
2020-05-15 14:05:15.070000,1.07138,1.07134,2060000,3710000
2020-05-15 14:05:15.172000,1.07138,1.07134,2060000,3740000
2020-05-15 14:05:15.377000,1.07138,1.07134,1310000,4270000
2020-05-15 14:05:15.428000,1.07135,1.07134,1000000,1200000
2020-05-15 14:05:15.478000,1.07135,1.07132,2120000,2060000
2020-05-15 14:05:15.680000,1.07135,1.07131,1870000,4400000
2020-05-15 14:05:15.731000,1.07136,1.07134,2250000,1250000
2020-05-15 14:05:15.782000,1.07141,1.0714,1950000,1250000
2020-05-15 14:05:15.833000,1.07143,1.07142,1120000,1250000
2020-05-15 14:05:15.934000,1.07143,1.07141,1000000,2440000
2020-05-15 14:05:16.035000,1.07145,1.07143,1690000,1000000
2020-05-15 14:05:16.137000,1.07146,1.07143,1160000,1250000
2020-05-15 14:05:16.238000,1.07146,1.07143,1300000,2120000
2020-05-15 14:05:16.719000,1.07146,1.07144,1000000,1250000
2020-05-15 14:05:17.628000,1.07146,1.07143,1120000,1570000
2020-05-15 14:05:17.729000,1.07145,1.07143,1250000,1120000
2020-05-15 14:05:17.831000,1.07144,1.07139,3370000,4270000
2020-05-15 14:05:17.932000,1.07143,1.07139,1620000,3260000
2020-05-15 14:05:18.033000,1.07143,1.0714,1620000,1000000
2020-05-15 14:05:18.135000,1.07144,1.07142,2060000,1000000
2020-05-15 14:05:19.469000,1.07145,1.07143,2560000,1000000
2020-05-15 14:05:19.873000,1.07145,1.07143,1310000,1000000
2020-05-15 14:05:20.176000,1.07145,1.07142,1310000,1310000
2020-05-15 14:05:20.277000,1.07145,1.07141,2620000,2020000
2020-05-15 14:05:20.378000,1.07143,1.07139,1810000,2620000
2020-05-15 14:05:21.288000,1.07143,1.07139,1310000,3200000
2020-05-15 14:05:22.302000,1.07143,1.07139,1310000,3520000
2020-05-15 14:05:22.727000,1.07144,1.0714,5620000,1000000
2020-05-15 14:05:22.829000,1.07143,1.07139,1310000,3070000
2020-05-15 14:05:23.296000,1.07143,1.07139,1390000,3200000
2020-05-15 14:05:23.650000,1.07144,1.0714,2140000,1870000
2020-05-15 14:05:24.418000,1.07144,1.07141,1310000,1000000
2020-05-15 14:05:25.126000,1.07144,1.07141,1370000,2060000
2020-05-15 14:05:25.227000,1.07144,1.07142,1250000,1000000
2020-05-15 14:05:25.532000,1.07145,1.07142,1250000,1250000
2020-05-15 14:05:25.633000,1.07146,1.07143,1950000,1570000
2020-05-15 14:05:25.684000,1.07146,1.07145,1000000,1000000
2020-05-15 14:05:25.785000,1.07147,1.07145,1120000,1000000
2020-05-15 14:05:28.892000,1.07147,1.07143,2810000,3650000
2020-05-15 14:05:28.993000,1.07145,1.0714,3390000,3460000
2020-05-15 14:05:29.094000,1.07145,1.07142,4200000,1000000
2020-05-15 14:05:29.510000,1.07144,1.07142,1370000,1000000
2020-05-15 14:05:29.620000,1.07145,1.07142,4200000,1000000
2020-05-15 14:05:29.671000,1.07144,1.0714,1620000,3710000
2020-05-15 14:05:29.772000,1.07145,1.07141,3260000,2060000
2020-05-15 14:05:29.874000,1.07143,1.07141,1810000,1250000
2020-05-15 14:05:30.559000,1.07142,1.07139,1620000,2420000
2020-05-15 14:05:30.660000,1.07142,1.07139,3200000,1000000
2020-05-15 14:05:32.973000,1.07142,1.0714,3120000,1000000
2020-05-15 14:05:36.100000,1.07143,1.07141,2510000,1000000
2020-05-15 14:05:36.151000,1.07145,1.07143,1370000,1000000
2020-05-15 14:05:36.253000,1.07145,1.07143,1690000,1000000
2020-05-15 14:05:36.354000,1.07146,1.07144,1000000,1000000
2020-05-15 14:05:36.455000,1.07146,1.07145,1000000,1000000
2020-05-15 14:05:36.557000,1.07148,1.07145,4060000,1000000
2020-05-15 14:05:36.911000,1.07148,1.07146,1870000,1250000
2020-05-15 14:05:37.012000,1.07148,1.07146,2250000,1120000
2020-05-15 14:05:37.821000,1.07148,1.07146,2520000,1000000
2020-05-15 14:05:39.113000,1.07148,1.07147,1190000,1690000
2020-05-15 14:05:39.214000,1.07148,1.07146,1590000,1000000
2020-05-15 14:05:41.177000,1.07149,1.07146,1810000,1250000
2020-05-15 14:05:41.279000,1.07149,1.07147,1310000,1000000
2020-05-15 14:05:43.019000,1.07149,1.07147,1310000,1000000
2020-05-15 14:05:43.325000,1.07149,1.07146,1310000,2060000
2020-05-15 14:05:44.311000,1.07149,1.07147,1810000,1000000
2020-05-15 14:05:44.412000,1.07149,1.07146,2560000,1690000
2020-05-15 14:05:44.615000,1.07149,1.07146,2060000,1690000
2020-05-15 14:05:44.716000,1.07149,1.07147,2060000,1000000
2020-05-15 14:05:44.971000,1.07151,1.07149,1000000,1250000
2020-05-15 14:05:45.022000,1.07152,1.07149,1870000,1250000
2020-05-15 14:05:46.323000,1.07152,1.07149,2870000,1000000
2020-05-15 14:05:46.424000,1.07152,1.07148,2950000,1500000
2020-05-15 14:05:48.844000,1.07151,1.07148,2120000,1000000
2020-05-15 14:05:49.702000,1.07151,1.07148,1120000,1000000
2020-05-15 14:05:50.916000,1.07152,1.07149,2190000,1000000
2020-05-15 14:05:51.068000,1.07152,1.07148,2190000,1950000
2020-05-15 14:05:51.471000,1.07152,1.07149,2190000,1000000
2020-05-15 14:05:51.573000,1.07153,1.07149,2870000,2320000
2020-05-15 14:05:51.926000,1.07153,1.07149,2870000,3670000
2020-05-15 14:05:52.128000,1.07153,1.07149,2620000,2400000
2020-05-15 14:05:52.229000,1.07153,1.07151,1870000,1000000
2020-05-15 14:05:55.763000,1.07153,1.07149,1000000,3260000
2020-05-15 14:05:56.541000,1.07153,1.07149,1000000,4520000
2020-05-15 14:05:56.894000,1.07154,1.07151,1890000,2500000
2020-05-15 14:05:56.995000,1.07154,1.07151,3250000,2140000
2020-05-15 14:05:57.103000,1.07154,1.07151,2870000,2260000
2020-05-15 14:05:57.967000,1.07154,1.07152,1310000,2060000
2020-05-15 14:05:58.068000,1.07154,1.07152,1450000,1950000
2020-05-15 14:05:58.282000,1.07155,1.07153,1600000,1250000
2020-05-15 14:05:58.332000,1.07157,1.07155,1000000,1310000
2020-05-15 14:05:58.434000,1.07161,1.0716,1000000,1250000
2020-05-15 14:05:58.484000,1.07163,1.0716,1250000,1000000
2020-05-15 14:05:58.535000,1.07161,1.07159,1000000,1500000
2020-05-15 14:05:58.637000,1.07161,1.07159,2510000,1000000
2020-05-15 14:05:58.687000,1.0716,1.07155,4850000,3760000
2020-05-15 14:05:58.839000,1.07159,1.07155,2060000,2140000
2020-05-15 14:05:59.197000,1.07159,1.07155,1810000,1690000
2020-05-15 14:05:59.499000,1.07159,1.07157,3370000,1000000
2020-05-15 14:05:59.550000,1.07159,1.07155,2560000,1100000
2020-05-15 14:05:59.752000,1.07159,1.07156,2560000,1000000
2020-05-15 14:06:00.222000,1.07159,1.07156,2560000,1000000
2020-05-15 14:06:02.187000,1.07159,1.07155,2320000,1000000
2020-05-15 14:06:03.673000,1.07157,1.07153,2560000,2810000
2020-05-15 14:06:03.875000,1.07157,1.07154,1250000,1000000
2020-05-15 14:06:03.976000,1.07158,1.07154,4500000,1200000
2020-05-15 14:06:04.178000,1.07158,1.07155,2560000,1000000
2020-05-15 14:06:07.299000,1.07155,1.07153,1870000,1600000
2020-05-15 14:06:07.400000,1.07155,1.07152,2870000,1310000
2020-05-15 14:06:09.432000,1.07154,1.07151,2620000,1390000
2020-05-15 14:06:12.502000,1.07155,1.07152,4200000,1250000
2020-05-15 14:06:12.603000,1.07154,1.07151,3250000,2260000
2020-05-15 14:06:12.808000,1.07155,1.07152,1410000,2870000
2020-05-15 14:06:12.909000,1.07155,1.07152,1200000,2570000
2020-05-15 14:06:13.060000,1.07155,1.07152,1310000,1200000
2020-05-15 14:06:13.162000,1.07156,1.07152,2620000,3570000
2020-05-15 14:06:13.213000,1.07156,1.07152,2120000,4510000
2020-05-15 14:06:13.315000,1.07156,1.07152,2120000,3460000
2020-05-15 14:06:13.416000,1.07156,1.07152,1310000,5020000
2020-05-15 14:06:13.968000,1.07156,1.07153,1200000,1450000
2020-05-15 14:06:15.261000,1.07156,1.07152,1390000,4570000
2020-05-15 14:06:17.121000,1.07153,1.07152,1250000,1570000
2020-05-15 14:06:17.246000,1.07153,1.07151,1310000,1250000
2020-05-15 14:06:18.424000,1.07153,1.0715,2060000,3260000
2020-05-15 14:06:18.948000,1.07153,1.0715,2060000,3290000
2020-05-15 14:06:19.838000,1.07153,1.0715,2060000,3260000
2020-05-15 14:06:21.326000,1.07154,1.0715,5060000,6170000
2020-05-15 14:06:21.477000,1.07154,1.07151,2810000,2540000
2020-05-15 14:06:22.869000,1.07152,1.07151,1000000,1010000
2020-05-15 14:06:22.971000,1.07152,1.0715,1000000,2440000
2020-05-15 14:06:26.532000,1.07154,1.0715,5640000,4850000
2020-05-15 14:06:26.633000,1.07154,1.07151,2810000,1760000
2020-05-15 14:06:27.161000,1.07153,1.07151,1250000,1570000
2020-05-15 14:06:27.514000,1.07153,1.0715,1250000,4010000
2020-05-15 14:06:27.768000,1.07153,1.0715,1250000,4890000
2020-05-15 14:06:27.869000,1.07154,1.07152,1000000,1120000
2020-05-15 14:06:27.970000,1.07153,1.07151,1250000,2850000
2020-05-15 14:06:28.071000,1.07153,1.07151,1250000,1120000
2020-05-15 14:06:29.991000,1.07154,1.07152,1760000,1000000
2020-05-15 14:06:30.092000,1.07153,1.07151,1250000,3070000
2020-05-15 14:06:30.447000,1.07154,1.07151,1760000,1460000
2020-05-15 14:06:30.852000,1.07156,1.07154,2260000,1950000
2020-05-15 14:06:30.903000,1.07157,1.07155,1000000,1500000
2020-05-15 14:06:31.004000,1.07158,1.07155,1250000,2700000
2020-05-15 14:06:31.819000,1.0716,1.07157,3560000,1310000
2020-05-15 14:06:32.273000,1.0716,1.07157,1690000,4140000
2020-05-15 14:06:33.291000,1.0716,1.07157,2060000,2810000
2020-05-15 14:06:33.420000,1.0716,1.07157,1310000,3620000
2020-05-15 14:06:33.673000,1.0716,1.07158,1370000,1000000
2020-05-15 14:06:37.498000,1.07159,1.07156,4010000,1120000
2020-05-15 14:06:37.751000,1.07159,1.07156,4510000,1000000
2020-05-15 14:06:39.142000,1.07159,1.07155,4510000,2810000
2020-05-15 14:06:39.924000,1.07154,1.07153,1250000,2700000
2020-05-15 14:06:40.060000,1.07154,1.07151,1120000,4650000
2020-05-15 14:06:40.162000,1.07156,1.07152,4140000,1250000
2020-05-15 14:06:40.466000,1.07155,1.07151,3000000,3770000
2020-05-15 14:06:40.567000,1.07156,1.07153,1750000,1250000
2020-05-15 14:06:41.072000,1.07154,1.07152,1250000,1690000
2020-05-15 14:06:41.173000,1.07154,1.07151,2120000,1310000
2020-05-15 14:06:41.324000,1.07153,1.0715,2060000,1500000
2020-05-15 14:06:41.426000,1.07152,1.0715,1000000,1000000
2020-05-15 14:06:41.527000,1.07151,1.07148,2060000,2060000
2020-05-15 14:06:41.628000,1.07152,1.07149,2620000,1000000
2020-05-15 14:06:41.729000,1.07151,1.0715,1000000,1000000
2020-05-15 14:06:41.831000,1.07152,1.07151,1250000,1000000
2020-05-15 14:06:41.982000,1.07154,1.07151,3820000,1000000
2020-05-15 14:06:42.084000,1.07154,1.07152,2120000,1000000
2020-05-15 14:06:42.185000,1.07155,1.07152,1870000,1500000
2020-05-15 14:06:43.201000,1.07154,1.07152,1370000,1000000
2020-05-15 14:06:43.302000,1.07154,1.07151,1370000,2320000
2020-05-15 14:06:44.878000,1.07154,1.07152,1370000,1000000
2020-05-15 14:06:44.979000,1.07155,1.07152,2250000,1500000
2020-05-15 14:06:46.148000,1.07155,1.07153,1870000,1000000
2020-05-15 14:06:48.393000,1.07157,1.07154,1310000,1500000
2020-05-15 14:06:49.522000,1.07158,1.07155,2750000,1250000
2020-05-15 14:06:50.423000,1.07159,1.07155,4510000,2500000
2020-05-15 14:06:50.827000,1.07159,1.07155,6070000,1250000
2020-05-15 14:06:51.081000,1.07158,1.07155,1850000,1250000
2020-05-15 14:06:51.581000,1.07156,1.07153,1120000,2200000
2020-05-15 14:06:51.682000,1.07155,1.07153,1500000,1750000
2020-05-15 14:06:51.990000,1.07156,1.07153,1120000,2870000
2020-05-15 14:06:52.192000,1.07157,1.07153,2510000,3820000
2020-05-15 14:06:52.345000,1.07158,1.07155,2820000,1250000
2020-05-15 14:06:53.799000,1.07157,1.07154,1100000,3560000
2020-05-15 14:06:55.005000,1.07155,1.07153,1000000,2590000
2020-05-15 14:06:55.107000,1.07156,1.07154,2070000,1250000
2020-05-15 14:06:55.510000,1.07156,1.07154,1120000,1250000
2020-05-15 14:06:55.763000,1.07156,1.07152,1120000,6550000
2020-05-15 14:06:56.420000,1.07154,1.07152,1000000,1810000
2020-05-15 14:06:56.471000,1.07154,1.07151,1690000,2320000
2020-05-15 14:06:57.341000,1.07153,1.0715,1000000,3460000
2020-05-15 14:06:57.443000,1.07153,1.0715,1870000,1310000
2020-05-15 14:06:57.861000,1.07154,1.07151,1250000,3820000
2020-05-15 14:06:58.063000,1.07153,1.07151,1250000,2100000
2020-05-15 14:06:58.164000,1.07153,1.0715,1250000,4510000
2020-05-15 14:06:58.872000,1.07153,1.0715,1310000,4010000
2020-05-15 14:06:59.383000,1.07153,1.0715,1310000,4160000
2020-05-15 14:06:59.989000,1.07154,1.07151,1310000,1760000
2020-05-15 14:07:00.140000,1.07155,1.07152,2620000,1100000
2020-05-15 14:07:01.302000,1.07155,1.07153,1250000,1000000
2020-05-15 14:07:01.691000,1.07158,1.07154,2140000,4870000
2020-05-15 14:07:01.792000,1.07158,1.07155,1250000,3760000
2020-05-15 14:07:01.944000,1.07158,1.07155,1310000,1870000
2020-05-15 14:07:02.893000,1.07158,1.07154,2560000,2510000
2020-05-15 14:07:03.146000,1.07158,1.07154,2370000,3320000
2020-05-15 14:07:04.303000,1.07158,1.07154,2560000,3260000
2020-05-15 14:07:04.762000,1.07158,1.07154,2890000,2810000
2020-05-15 14:07:05.781000,1.07158,1.07154,2940000,2810000
2020-05-15 14:07:06.185000,1.07158,1.07154,3370000,3620000
2020-05-15 14:07:06.337000,1.07158,1.07154,2370000,2890000
2020-05-15 14:07:07.450000,1.07154,1.07152,2500000,1200000
2020-05-15 14:07:07.551000,1.07154,1.07151,2120000,1810000
2020-05-15 14:07:07.653000,1.07152,1.0715,1120000,1250000
2020-05-15 14:07:07.754000,1.07154,1.0715,4950000,2120000
2020-05-15 14:07:09.109000,1.07153,1.0715,1370000,1870000
2020-05-15 14:07:09.211000,1.07154,1.0715,3820000,2060000
2020-05-15 14:07:09.884000,1.07154,1.07152,2250000,1000000
2020-05-15 14:07:09.986000,1.07154,1.07151,1750000,1000000
2020-05-15 14:07:10.421000,1.07154,1.0715,2250000,3620000
2020-05-15 14:07:11.364000,1.07153,1.0715,1370000,2810000
2020-05-15 14:07:13.722000,1.07153,1.0715,2560000,1250000
2020-05-15 14:07:16.059000,1.07152,1.07149,1310000,2120000
2020-05-15 14:07:16.109000,1.07148,1.07147,1500000,1000000
2020-05-15 14:07:16.160000,1.07148,1.07145,3820000,1310000
2020-05-15 14:07:16.312000,1.07148,1.07144,2140000,2810000
2020-05-15 14:07:17.164000,1.07149,1.07145,3010000,1000000
2020-05-15 14:07:17.265000,1.07149,1.07146,1120000,1690000
2020-05-15 14:07:17.417000,1.07148,1.07146,1000000,1500000
2020-05-15 14:07:18.175000,1.07149,1.07146,1200000,1500000
2020-05-15 14:07:18.328000,1.07149,1.07146,1000000,2500000
2020-05-15 14:07:19.154000,1.07149,1.07146,1000000,1870000
2020-05-15 14:07:19.256000,1.07148,1.07145,1500000,1310000
2020-05-15 14:07:21.122000,1.07148,1.07145,1700000,1000000
2020-05-15 14:07:21.476000,1.07148,1.07144,3820000,2810000
2020-05-15 14:07:22.477000,1.07148,1.07144,1390000,4000000
2020-05-15 14:07:22.679000,1.07149,1.07145,1000000,1690000
2020-05-15 14:07:22.780000,1.0715,1.07146,1760000,1120000
2020-05-15 14:07:24.728000,1.0715,1.07146,2320000,2120000
2020-05-15 14:07:25.350000,1.07149,1.07146,1000000,1310000
2020-05-15 14:07:25.453000,1.07148,1.07145,1870000,1250000
2020-05-15 14:07:27.559000,1.07148,1.07144,5450000,2870000
2020-05-15 14:07:27.761000,1.07148,1.07144,6450000,2060000
2020-05-15 14:07:27.862000,1.07147,1.07144,1250000,1690000
2020-05-15 14:07:28.232000,1.07147,1.07145,1000000,1250000
2020-05-15 14:07:28.283000,1.07149,1.07146,2060000,1250000
2020-05-15 14:07:28.385000,1.0715,1.07147,1690000,1250000
2020-05-15 14:07:28.435000,1.07148,1.07147,1120000,1000000
2020-05-15 14:07:28.539000,1.07148,1.07145,1570000,1370000
2020-05-15 14:07:28.892000,1.07148,1.07144,1570000,2640000
2020-05-15 14:07:29.094000,1.07148,1.07145,1570000,2120000
2020-05-15 14:07:30.106000,1.07148,1.07145,1820000,1870000
2020-05-15 14:07:32.227000,1.07148,1.07145,2220000,1750000
2020-05-15 14:07:32.328000,1.0715,1.07147,2220000,1250000
2020-05-15 14:07:32.430000,1.07147,1.07146,1000000,1250000
2020-05-15 14:07:32.733000,1.07148,1.07144,2320000,3320000
2020-05-15 14:07:32.885000,1.07146,1.07145,1000000,1250000
2020-05-15 14:07:32.986000,1.07146,1.07143,1120000,1820000
2020-05-15 14:07:33.642000,1.07146,1.07144,1120000,1750000
2020-05-15 14:07:35.944000,1.07147,1.07144,1120000,2120000
2020-05-15 14:07:37.050000,1.07147,1.07145,1000000,1250000
2020-05-15 14:07:37.405000,1.07148,1.07145,1050000,2570000
2020-05-15 14:07:38.670000,1.07147,1.07144,1120000,1750000
2020-05-15 14:07:39.654000,1.07147,1.07144,1500000,1750000
2020-05-15 14:07:39.755000,1.07144,1.07143,1000000,1760000
2020-05-15 14:07:39.857000,1.07145,1.07142,1600000,1750000
2020-05-15 14:07:40.008000,1.07145,1.07142,1000000,1250000
2020-05-15 14:07:40.765000,1.07145,1.07142,1120000,1310000
2020-05-15 14:07:41.224000,1.07145,1.07141,2940000,3320000
2020-05-15 14:07:44.058000,1.07144,1.07141,4370000,1570000
2020-05-15 14:07:44.664000,1.07142,1.0714,1750000,1950000
2020-05-15 14:07:44.715000,1.07142,1.07139,3810000,1390000
2020-05-15 14:07:45.178000,1.07142,1.07141,2060000,1000000
2020-05-15 14:07:45.280000,1.07142,1.07139,1250000,1810000
2020-05-15 14:07:45.534000,1.0714,1.07139,1000000,1000000
2020-05-15 14:07:45.637000,1.0714,1.07138,1250000,1120000
2020-05-15 14:07:45.788000,1.07139,1.07137,1000000,1250000
2020-05-15 14:07:45.839000,1.07138,1.07136,1000000,1310000
2020-05-15 14:07:46.767000,1.07138,1.07136,1000000,2870000
2020-05-15 14:07:46.868000,1.07139,1.07137,1000000,1250000
2020-05-15 14:07:48.546000,1.07138,1.07137,1000000,1000000
2020-05-15 14:07:48.647000,1.07138,1.07136,1000000,1500000
2020-05-15 14:07:50.330000,1.07139,1.07136,1500000,1000000
2020-05-15 14:07:50.482000,1.07139,1.07137,1000000,1000000
2020-05-15 14:07:50.923000,1.07139,1.07137,1000000,1250000
2020-05-15 14:07:51.074000,1.07139,1.07137,1000000,1250000
2020-05-15 14:07:52.086000,1.07139,1.07136,1310000,1250000
2020-05-15 14:07:56.579000,1.07135,1.07132,1250000,3790000
2020-05-15 14:07:56.782000,1.07135,1.07132,1310000,1310000
2020-05-15 14:07:57.189000,1.07135,1.07132,1000000,2620000
2020-05-15 14:07:57.290000,1.07138,1.07136,1050000,1250000
2020-05-15 14:07:58.263000,1.07139,1.07136,1870000,1250000
2020-05-15 14:08:03.740000,1.07138,1.07135,1250000,1000000
2020-05-15 14:08:05.634000,1.07139,1.07136,2250000,1250000
2020-05-15 14:08:06.869000,1.07139,1.07135,2810000,1310000
2020-05-15 14:08:07.348000,1.07139,1.07135,3690000,1310000
2020-05-15 14:08:07.449000,1.07139,1.07135,3950000,2120000
2020-05-15 14:08:08.156000,1.07139,1.07136,2750000,1750000
2020-05-15 14:08:09.797000,1.0714,1.07136,1870000,3450000
2020-05-15 14:08:10.877000,1.07139,1.07136,1000000,2510000
2020-05-15 14:08:12.050000,1.0714,1.07136,1310000,2510000
2020-05-15 14:08:13.571000,1.0714,1.07136,2710000,1690000
2020-05-15 14:08:14.230000,1.07139,1.07135,1310000,1310000
2020-05-15 14:08:14.382000,1.07139,1.07135,1120000,2120000
2020-05-15 14:08:17.580000,1.07139,1.07135,1390000,1760000
2020-05-15 14:08:18.110000,1.07139,1.07135,2120000,1120000
2020-05-15 14:08:18.211000,1.07139,1.07135,1120000,2570000
2020-05-15 14:08:21.857000,1.07137,1.07135,1000000,1120000
2020-05-15 14:08:22.009000,1.07138,1.07135,1120000,1310000
2020-05-15 14:08:22.874000,1.07139,1.07134,2510000,3820000
2020-05-15 14:08:25.835000,1.07138,1.07134,1000000,2510000
2020-05-15 14:08:25.936000,1.07139,1.07135,3560000,1390000
2020-05-15 14:08:26.037000,1.07138,1.07134,1000000,2120000
2020-05-15 14:08:26.289000,1.07139,1.07135,2810000,1760000
2020-05-15 14:08:26.391000,1.07136,1.07135,1000000,1200000
2020-05-15 14:08:26.492000,1.07136,1.07132,1690000,3490000
2020-05-15 14:08:27.049000,1.07136,1.07132,1390000,3260000
2020-05-15 14:08:27.150000,1.07135,1.07132,1000000,4070000
2020-05-15 14:08:27.252000,1.07135,1.07132,1000000,3070000
2020-05-15 14:08:28.378000,1.07135,1.07132,1000000,4070000
2020-05-15 14:08:30.839000,1.07136,1.07133,1500000,1620000
2020-05-15 14:08:30.940000,1.07136,1.07132,2560000,3070000
2020-05-15 14:08:31.142000,1.07136,1.07132,2370000,4070000
2020-05-15 14:08:31.244000,1.07137,1.07133,2810000,3010000
2020-05-15 14:08:31.345000,1.07136,1.07133,1390000,1620000
2020-05-15 14:08:31.446000,1.07135,1.07132,2060000,1310000
2020-05-15 14:08:31.973000,1.07135,1.07132,2560000,1250000
2020-05-15 14:08:33.736000,1.07135,1.07132,1690000,1250000
2020-05-15 14:08:33.837000,1.07134,1.07131,1000000,2500000
2020-05-15 14:08:36.120000,1.07134,1.0713,2500000,3320000
2020-05-15 14:08:37.277000,1.07133,1.07132,1310000,1000000
2020-05-15 14:08:37.328000,1.07136,1.07134,2450000,1500000
2020-05-15 14:08:37.429000,1.07137,1.07134,2060000,2570000
2020-05-15 14:08:37.530000,1.07137,1.07134,1690000,1760000
2020-05-15 14:08:37.632000,1.07137,1.07134,2500000,1760000
2020-05-15 14:08:37.733000,1.07137,1.07136,1000000,1120000
2020-05-15 14:08:37.834000,1.07139,1.07136,2060000,1120000
2020-05-15 14:08:39.865000,1.07139,1.07136,1690000,1500000
2020-05-15 14:08:42.391000,1.0714,1.07138,1500000,1370000
2020-05-15 14:08:42.442000,1.07141,1.07139,1250000,1120000
2020-05-15 14:08:42.543000,1.07141,1.07139,1000000,2120000
2020-05-15 14:08:42.861000,1.07143,1.0714,3560000,2120000
2020-05-15 14:08:43.723000,1.07142,1.07141,1000000,1250000
2020-05-15 14:08:43.824000,1.07143,1.0714,1310000,1370000
2020-05-15 14:08:44.767000,1.07142,1.0714,1500000,1370000
2020-05-15 14:08:44.918000,1.07142,1.07139,1690000,1810000
2020-05-15 14:08:45.020000,1.07142,1.07139,2060000,1310000
2020-05-15 14:08:45.145000,1.07142,1.07139,1870000,2120000
2020-05-15 14:08:45.790000,1.07143,1.07141,1420000,1250000
2020-05-15 14:08:45.891000,1.07144,1.07141,1000000,2140000
2020-05-15 14:08:46.043000,1.07144,1.07141,1000000,2070000
2020-05-15 14:08:46.296000,1.07145,1.07141,2060000,2070000
2020-05-15 14:08:47.053000,1.07142,1.07141,1000000,1120000
2020-05-15 14:08:47.103000,1.07142,1.07139,1120000,1840000
2020-05-15 14:08:47.255000,1.07142,1.07139,1870000,2870000
2020-05-15 14:08:47.357000,1.07143,1.0714,1870000,1760000
2020-05-15 14:08:47.458000,1.07144,1.0714,2810000,2260000
2020-05-15 14:08:47.559000,1.07143,1.0714,1000000,2620000
2020-05-15 14:08:48.539000,1.07142,1.0714,1000000,2250000
2020-05-15 14:08:49.347000,1.07142,1.07139,1250000,3820000
2020-05-15 14:08:49.498000,1.0714,1.07138,1000000,2140000
2020-05-15 14:08:49.600000,1.07139,1.07137,1000000,1370000
2020-05-15 14:08:49.701000,1.07139,1.07136,1000000,2250000
2020-05-15 14:08:50.939000,1.07138,1.07136,1000000,1120000
2020-05-15 14:08:51.041000,1.07138,1.07135,1000000,1760000
2020-05-15 14:08:51.243000,1.07138,1.07136,1000000,1000000
2020-05-15 14:08:51.395000,1.07139,1.07136,1000000,4870000
2020-05-15 14:08:51.446000,1.07141,1.07138,1460000,1120000
2020-05-15 14:08:51.547000,1.07141,1.07139,1760000,1250000
2020-05-15 14:08:51.699000,1.07141,1.07139,1100000,1750000
2020-05-15 14:08:52.459000,1.07142,1.07139,3370000,1250000
2020-05-15 14:08:52.877000,1.0714,1.07139,1000000,1250000
2020-05-15 14:08:52.928000,1.07139,1.07137,1000000,2870000
2020-05-15 14:08:53.130000,1.0714,1.07137,1120000,2870000
2020-05-15 14:08:54.127000,1.07139,1.07137,1000000,1310000
2020-05-15 14:08:54.279000,1.0714,1.07138,1000000,1250000
2020-05-15 14:08:54.381000,1.07141,1.07138,1870000,2120000
2020-05-15 14:08:55.500000,1.07141,1.07139,1000000,2120000
2020-05-15 14:08:57.870000,1.07141,1.07138,1690000,1870000
2020-05-15 14:08:57.972000,1.0714,1.07139,1000000,1250000
2020-05-15 14:08:58.023000,1.07135,1.07134,1000000,1760000
2020-05-15 14:08:58.073000,1.07133,1.07132,1250000,1200000
2020-05-15 14:08:58.174000,1.07133,1.0713,2250000,2200000
2020-05-15 14:08:58.631000,1.07132,1.07131,1000000,1000000
2020-05-15 14:08:58.984000,1.07133,1.07131,1120000,1000000
2020-05-15 14:09:00.753000,1.07133,1.07131,1000000,2120000
2020-05-15 14:09:00.854000,1.07133,1.07131,1000000,1310000
2020-05-15 14:09:01.690000,1.07133,1.07131,1000000,2120000
2020-05-15 14:09:02.825000,1.07133,1.07131,1000000,1120000
2020-05-15 14:09:06.158000,1.07133,1.07131,1750000,1120000
2020-05-15 14:09:06.721000,1.07133,1.07131,1690000,1120000
2020-05-15 14:09:06.873000,1.07132,1.07131,1000000,1120000
2020-05-15 14:09:07.633000,1.07132,1.0713,1000000,1250000
2020-05-15 14:09:09.016000,1.07132,1.0713,1750000,1000000
2020-05-15 14:09:09.117000,1.07132,1.07129,1750000,1120000
2020-05-15 14:09:10.288000,1.0713,1.07129,1000000,1120000
2020-05-15 14:09:10.338000,1.07128,1.07127,1000000,2250000
2020-05-15 14:09:10.440000,1.07128,1.07126,1000000,1310000
2020-05-15 14:09:10.692000,1.07127,1.07126,1000000,1000000
2020-05-15 14:09:12.391000,1.07128,1.07126,1250000,1000000
2020-05-15 14:09:16.412000,1.07125,1.07123,1500000,2020000
2020-05-15 14:09:16.513000,1.07125,1.07122,2620000,1000000
2020-05-15 14:09:16.615000,1.07124,1.07122,1000000,1000000
2020-05-15 14:09:16.766000,1.07123,1.07122,1000000,1000000
2020-05-15 14:09:16.817000,1.07123,1.0712,1000000,2060000
2020-05-15 14:09:19.788000,1.07123,1.0712,1000000,1810000
2020-05-15 14:09:20.689000,1.07124,1.07121,1870000,1120000
2020-05-15 14:09:23.290000,1.07125,1.07122,3570000,1250000
2020-05-15 14:09:23.341000,1.07125,1.07123,1120000,2950000
2020-05-15 14:09:23.442000,1.07126,1.07124,1250000,1120000
2020-05-15 14:09:23.544000,1.07126,1.07124,1050000,2120000
2020-05-15 14:09:24.051000,1.07126,1.07124,1000000,1310000
2020-05-15 14:09:25.910000,1.07125,1.07124,1250000,1000000
2020-05-15 14:09:25.961000,1.07124,1.07121,1120000,2950000
2020-05-15 14:09:26.062000,1.07124,1.07121,1690000,2060000
2020-05-15 14:09:26.466000,1.07123,1.0712,1000000,1250000
2020-05-15 14:09:26.618000,1.07123,1.07119,1690000,4070000
2020-05-15 14:09:26.820000,1.07123,1.0712,1500000,1250000
2020-05-15 14:09:29.123000,1.07122,1.0712,1000000,1370000
2020-05-15 14:09:29.224000,1.07121,1.07119,1000000,1870000
2020-05-15 14:09:29.326000,1.07122,1.07119,1000000,2620000
2020-05-15 14:09:30.812000,1.07123,1.0712,2810000,2060000
2020-05-15 14:09:34.085000,1.07123,1.07121,2620000,1250000
2020-05-15 14:09:34.187000,1.07123,1.0712,1120000,2870000
2020-05-15 14:09:34.238000,1.07126,1.07124,1000000,1000000
2020-05-15 14:09:34.289000,1.07128,1.07125,2560000,1250000
2020-05-15 14:09:34.390000,1.07128,1.07125,1250000,1120000
2020-05-15 14:09:36.089000,1.07128,1.07124,2560000,1310000
2020-05-15 14:09:37.084000,1.07127,1.07124,1000000,1810000
2020-05-15 14:09:39.610000,1.07126,1.07125,1000000,1120000
2020-05-15 14:09:39.711000,1.07126,1.07124,2500000,1500000
2020-05-15 14:09:39.762000,1.07123,1.07122,1000000,1570000
2020-05-15 14:09:40.015000,1.07123,1.07119,1870000,3370000
2020-05-15 14:09:40.116000,1.07121,1.07119,1000000,4870000
2020-05-15 14:09:40.167000,1.07123,1.07121,2060000,1750000
2020-05-15 14:09:40.318000,1.07122,1.07121,1000000,1310000
2020-05-15 14:09:41.530000,1.07123,1.07121,1250000,1120000
2020-05-15 14:09:42.866000,1.07126,1.07124,1220000,1310000
2020-05-15 14:09:42.967000,1.07126,1.07124,1000000,2120000
2020-05-15 14:09:43.069000,1.07127,1.07125,1000000,1620000
2020-05-15 14:09:43.170000,1.07128,1.07126,1000000,2440000
2020-05-15 14:09:43.827000,1.07126,1.07124,1250000,1120000
2020-05-15 14:09:43.878000,1.07124,1.07121,1000000,3370000
2020-05-15 14:09:44.131000,1.07123,1.07121,1000000,2120000
2020-05-15 14:09:45.437000,1.07123,1.07121,1310000,1250000
2020-05-15 14:09:45.588000,1.07123,1.07121,2120000,1000000
2020-05-15 14:09:45.874000,1.07123,1.07121,1310000,1250000
2020-05-15 14:09:47.613000,1.07123,1.07121,1120000,2500000
2020-05-15 14:09:47.714000,1.07126,1.07122,3870000,1790000
2020-05-15 14:09:47.815000,1.07126,1.07122,3370000,2290000
2020-05-15 14:09:48.709000,1.07126,1.07123,1000000,1890000
2020-05-15 14:09:49.762000,1.07124,1.07123,1000000,1000000
2020-05-15 14:09:49.864000,1.07124,1.07121,1000000,5350000
2020-05-15 14:09:50.015000,1.07124,1.07122,1000000,1450000
2020-05-15 14:09:50.116000,1.07125,1.07123,1120000,1250000
2020-05-15 14:09:50.536000,1.07126,1.07124,1000000,1250000
2020-05-15 14:09:51.792000,1.07127,1.07125,1000000,1750000
2020-05-15 14:09:52.377000,1.07128,1.07127,1000000,1250000
2020-05-15 14:09:54.812000,1.07129,1.07127,1000000,1370000
2020-05-15 14:09:54.913000,1.07129,1.07126,1000000,2620000
2020-05-15 14:09:56.531000,1.07129,1.07126,1750000,1810000
2020-05-15 14:09:56.633000,1.07129,1.07126,1000000,1810000
2020-05-15 14:09:57.289000,1.07129,1.07127,1000000,1370000
2020-05-15 14:09:57.593000,1.07129,1.07126,1120000,1390000
2020-05-15 14:09:58.161000,1.07128,1.07126,1310000,1000000
2020-05-15 14:10:00.299000,1.07128,1.07125,2510000,1000000
2020-05-15 14:10:02.067000,1.07129,1.07126,1310000,1570000
2020-05-15 14:10:02.169000,1.0713,1.07126,2870000,4570000
2020-05-15 14:10:02.271000,1.0713,1.07127,2060000,2120000
2020-05-15 14:10:02.576000,1.0713,1.07129,1000000,1000000
2020-05-15 14:10:02.627000,1.07133,1.0713,1220000,1950000
2020-05-15 14:10:02.677000,1.07133,1.07131,1000000,2120000
2020-05-15 14:10:03.995000,1.07133,1.07131,1000000,1120000
2020-05-15 14:10:05.485000,1.07134,1.07131,2060000,1000000
2020-05-15 14:10:05.687000,1.07133,1.07131,1000000,1000000
2020-05-15 14:10:05.944000,1.07134,1.07131,2060000,1000000
2020-05-15 14:10:06.045000,1.07136,1.07132,3550000,2620000
2020-05-15 14:10:06.147000,1.07136,1.07133,1870000,1310000
2020-05-15 14:10:06.550000,1.07137,1.07133,2060000,2260000
2020-05-15 14:10:06.652000,1.07136,1.07133,1250000,2260000
2020-05-15 14:10:06.753000,1.07135,1.07131,1310000,4370000
2020-05-15 14:10:06.854000,1.07134,1.07131,1000000,2120000
2020-05-15 14:10:06.956000,1.07134,1.07131,1690000,2060000
2020-05-15 14:10:07.209000,1.07133,1.0713,2440000,2060000
2020-05-15 14:10:07.512000,1.07132,1.0713,1000000,1250000
2020-05-15 14:10:07.765000,1.07132,1.07129,2810000,1310000
2020-05-15 14:10:08.669000,1.07132,1.07129,2870000,1000000
2020-05-15 14:10:09.615000,1.07132,1.07129,1870000,1120000
2020-05-15 14:10:10.793000,1.07134,1.0713,1950000,3070000
2020-05-15 14:10:10.895000,1.07134,1.0713,1500000,4220000
2020-05-15 14:10:11.047000,1.07135,1.07131,1500000,2570000
2020-05-15 14:10:11.249000,1.07135,1.07132,1000000,2120000
2020-05-15 14:10:11.350000,1.07137,1.07134,1500000,1390000
2020-05-15 14:10:11.502000,1.07137,1.07135,1500000,1250000
2020-05-15 14:10:12.209000,1.07138,1.07136,1870000,1250000
2020-05-15 14:10:12.310000,1.07139,1.07136,2620000,1250000
2020-05-15 14:10:12.412000,1.07139,1.07136,1000000,2700000
2020-05-15 14:10:13.752000,1.0714,1.07137,1120000,1010000
2020-05-15 14:10:13.853000,1.0714,1.07137,1120000,1370000
2020-05-15 14:10:15.062000,1.07141,1.07138,1570000,1750000
2020-05-15 14:10:15.164000,1.07142,1.07139,1870000,2870000
2020-05-15 14:10:16.100000,1.07143,1.0714,1120000,1250000
2020-05-15 14:10:17.650000,1.07143,1.0714,1870000,2120000
2020-05-15 14:10:28.363000,1.07143,1.0714,1120000,1310000
2020-05-15 14:10:28.716000,1.07143,1.0714,4890000,1000000
2020-05-15 14:10:28.818000,1.07142,1.07139,2070000,1250000
2020-05-15 14:10:28.919000,1.07141,1.07138,1120000,1120000
2020-05-15 14:10:29.772000,1.07141,1.07138,2370000,1000000
2020-05-15 14:10:37.355000,1.07141,1.07138,3200000,1250000
2020-05-15 14:10:37.762000,1.07141,1.07138,2700000,1750000
2020-05-15 14:10:37.929000,1.07141,1.07138,2700000,1000000
2020-05-15 14:10:38.436000,1.07141,1.07139,3070000,1250000
2020-05-15 14:10:38.538000,1.07141,1.07138,3260000,1690000
2020-05-15 14:10:38.794000,1.07141,1.07138,4140000,1690000
