time,ask,bid,ask_volume,bid_volume
2021-06-23 14:25:00.439000,1.10718,1.10716,1100000,1000000
2021-06-23 14:25:01.577000,1.10718,1.10716,4320000,1000000
2021-06-23 14:25:02.716000,1.10717,1.10714,1100000,1500000
2021-06-23 14:25:02.817000,1.10716,1.10713,3790000,1500000
2021-06-23 14:25:03.121000,1.10713,1.10711,1000000,1500000
2021-06-23 14:25:03.222000,1.10713,1.1071,4140000,1000000
2021-06-23 14:25:07.338000,1.10712,1.10709,1760000,1500000
2021-06-23 14:25:14.674000,1.10712,1.10709,2990000,1000000
2021-06-23 14:25:15.618000,1.10711,1.10708,1100000,1500000
2021-06-23 14:25:17.089000,1.10711,1.10707,1570000,2250000
2021-06-23 14:25:21.898000,1.1071,1.10705,1100000,1000000
2021-06-23 14:25:22.101000,1.10709,1.10706,2240000,1000000
2021-06-23 14:25:23.022000,1.10708,1.10705,1950000,1500000
2021-06-23 14:25:27.313000,1.10707,1.10704,3070000,1000000
2021-06-23 14:25:27.414000,1.10706,1.10702,4510000,2320000
2021-06-23 14:25:27.516000,1.10706,1.10702,4010000,2250000
2021-06-23 14:25:27.718000,1.10706,1.10702,5160000,1500000
2021-06-23 14:25:27.819000,1.10706,1.10702,2700000,1870000
2021-06-23 14:25:30.537000,1.10705,1.10702,1200000,2250000
2021-06-23 14:25:30.639000,1.10705,1.10702,1600000,1000000
2021-06-23 14:25:30.740000,1.10705,1.10701,2350000,2250000
2021-06-23 14:25:31.983000,1.10705,1.10701,2700000,1000000
2021-06-23 14:25:32.552000,1.10705,1.10701,3200000,1000000
2021-06-23 14:25:34.114000,1.10705,1.10702,3200000,1000000
2021-06-23 14:25:36.584000,1.10704,1.10701,1950000,1170000
2021-06-23 14:25:36.788000,1.10704,1.107,1950000,2250000
2021-06-23 14:25:37.690000,1.10704,1.107,2640000,2250000
2021-06-23 14:25:37.951000,1.10703,1.107,2640000,1000000
2021-06-23 14:25:38.052000,1.10703,1.10699,3790000,2250000
2021-06-23 14:25:39.932000,1.10703,1.107,2700000,1000000
2021-06-23 14:25:40.084000,1.10704,1.107,3260000,1500000
2021-06-23 14:25:40.465000,1.10704,1.10701,2620000,1000000
2021-06-23 14:25:40.719000,1.10704,1.10701,2370000,1000000
2021-06-23 14:25:40.872000,1.10704,1.10701,1870000,1000000
2021-06-23 14:25:42.490000,1.10704,1.10701,2370000,1500000
2021-06-23 14:25:42.692000,1.10704,1.10701,1870000,1500000
2021-06-23 14:25:43.819000,1.10707,1.10706,1000000,1000000
2021-06-23 14:25:43.870000,1.1071,1.10707,4110000,1000000
2021-06-23 14:25:43.971000,1.10711,1.10708,4110000,1000000
2021-06-23 14:25:44.072000,1.10711,1.10708,2140000,1000000
2021-06-23 14:25:44.275000,1.10711,1.10709,1000000,1000000
2021-06-23 14:25:47.268000,1.1071,1.10707,1000000,1870000
2021-06-23 14:25:48.576000,1.10711,1.10708,1970000,1000000
2021-06-23 14:25:48.678000,1.10712,1.10706,1970000,1500000
2021-06-23 14:25:49.018000,1.10711,1.10707,1500000,1500000
2021-06-23 14:25:50.268000,1.10711,1.10708,1500000,1000000
2021-06-23 14:25:50.421000,1.10712,1.10708,3070000,1870000
2021-06-23 14:25:59.859000,1.10712,1.10709,1120000,1000000
2021-06-23 14:26:02.028000,1.10714,1.10712,2750000,1000000
2021-06-23 14:26:02.130000,1.10715,1.10712,2320000,1120000
2021-06-23 14:26:05.414000,1.10715,1.10711,3200000,1870000
2021-06-23 14:26:05.903000,1.10712,1.1071,1000000,3750000
2021-06-23 14:26:07.744000,1.10714,1.1071,6110000,1500000
2021-06-23 14:26:12.582000,1.10714,1.10712,1120000,1000000
2021-06-23 14:26:12.683000,1.10715,1.10712,1000000,1120000
2021-06-23 14:26:14.210000,1.10716,1.10712,4540000,1120000
2021-06-23 14:26:14.311000,1.10716,1.10713,4160000,1000000
2021-06-23 14:26:15.223000,1.10716,1.10713,4140000,1000000
2021-06-23 14:26:15.355000,1.10715,1.10712,1120000,1120000
2021-06-23 14:26:16.184000,1.10715,1.10712,1000000,1000000
2021-06-23 14:26:17.169000,1.10716,1.10712,4140000,1120000
2021-06-23 14:26:18.332000,1.10714,1.10709,1100000,3370000
2021-06-23 14:26:18.434000,1.10713,1.1071,1950000,1500000
2021-06-23 14:26:18.839000,1.10713,1.1071,2820000,1500000
2021-06-23 14:26:19.810000,1.10713,1.1071,2700000,1500000
2021-06-23 14:26:23.073000,1.10714,1.1071,1570000,1000000
2021-06-23 14:26:23.123000,1.10717,1.10715,3000000,1000000
2021-06-23 14:26:23.174000,1.1072,1.10718,1500000,1000000
2021-06-23 14:26:23.354000,1.10721,1.10718,1100000,1500000
2021-06-23 14:26:24.436000,1.10722,1.10719,3450000,1500000
2021-06-23 14:26:24.537000,1.10723,1.1072,3200000,1000000
2021-06-23 14:26:25.491000,1.10723,1.1072,5320000,1000000
2021-06-23 14:26:28.189000,1.10719,1.10717,1000000,1120000
2021-06-23 14:26:28.292000,1.10719,1.10716,3200000,1000000
2021-06-23 14:26:28.344000,1.10719,1.10714,1200000,1500000
2021-06-23 14:26:30.887000,1.10717,1.10715,1000000,1000000
2021-06-23 14:26:31.089000,1.10718,1.10715,1950000,1000000
2021-06-23 14:26:31.392000,1.10717,1.10715,1000000,1000000
2021-06-23 14:26:31.827000,1.10718,1.10715,1950000,1000000
2021-06-23 14:26:35.370000,1.10717,1.10715,1000000,1000000
2021-06-23 14:26:35.471000,1.10719,1.10714,2700000,1000000
2021-06-23 14:26:46.279000,1.10718,1.10715,4700000,1000000
2021-06-23 14:26:48.291000,1.10718,1.10715,3450000,1000000
2021-06-23 14:26:48.781000,1.10717,1.10715,1000000,1000000
2021-06-23 14:26:48.932000,1.10717,1.10714,1500000,2250000
2021-06-23 14:26:49.166000,1.10717,1.10712,1570000,2250000
2021-06-23 14:26:49.318000,1.10717,1.10714,2450000,1500000
2021-06-23 14:26:50.125000,1.10718,1.10714,5260000,1500000
2021-06-23 14:26:55.165000,1.10719,1.10713,3070000,3000000
2021-06-23 14:26:56.959000,1.10718,1.10715,1870000,1000000
2021-06-23 14:26:57.877000,1.1072,1.10718,1870000,1690000
2021-06-23 14:26:57.978000,1.10723,1.1072,2700000,1500000
2021-06-23 14:26:59.127000,1.10724,1.1072,1950000,1500000
2021-06-23 14:26:59.787000,1.10725,1.10721,4890000,1500000
2021-06-23 14:27:00.141000,1.10724,1.10721,1000000,1500000
2021-06-23 14:27:01.133000,1.10724,1.10721,1100000,1500000
2021-06-23 14:27:03.121000,1.10724,1.10721,1350000,1500000
2021-06-23 14:27:05.451000,1.10722,1.10719,2010000,1500000
2021-06-23 14:27:05.552000,1.10722,1.10718,5010000,2250000
2021-06-23 14:27:05.856000,1.10722,1.10719,3700000,1000000
2021-06-23 14:27:08.120000,1.10722,1.1072,1010000,1000000
2021-06-23 14:27:08.221000,1.10723,1.1072,2140000,1500000
2021-06-23 14:27:08.752000,1.10723,1.10721,1390000,1000000
2021-06-23 14:27:10.534000,1.10724,1.10721,1310000,1000000
2021-06-23 14:27:10.786000,1.10725,1.10722,3390000,1000000
2021-06-23 14:27:14.547000,1.10725,1.10722,3260000,1000000
2021-06-23 14:27:20.085000,1.10725,1.10722,4570000,1000000
2021-06-23 14:27:20.187000,1.10725,1.10721,4570000,2250000
2021-06-23 14:27:20.288000,1.10725,1.10722,3820000,1000000
2021-06-23 14:27:23.173000,1.10726,1.10723,3340000,1570000
2021-06-23 14:27:23.225000,1.10726,1.10725,1200000,2250000
2021-06-23 14:27:23.276000,1.10729,1.10726,3890000,1000000
2021-06-23 14:27:23.479000,1.10729,1.10726,1250000,2250000
2021-06-23 14:27:27.787000,1.10728,1.10726,1820000,1000000
2021-06-23 14:27:27.888000,1.10729,1.10724,2570000,1500000
2021-06-23 14:27:33.054000,1.10729,1.10725,4950000,1500000
2021-06-23 14:27:33.257000,1.10729,1.10726,3450000,1000000
2021-06-23 14:27:43.961000,1.1073,1.10725,1310000,1500000
2021-06-23 14:27:44.062000,1.10731,1.10726,4310000,1000000
2021-06-23 14:27:44.163000,1.10729,1.10726,1250000,2700000
2021-06-23 14:27:46.073000,1.10729,1.10725,1250000,1000000
2021-06-23 14:27:46.275000,1.10727,1.10725,1000000,1500000
2021-06-23 14:27:46.377000,1.10725,1.10724,1250000,1000000
2021-06-23 14:27:46.427000,1.10725,1.1072,1370000,7200000
2021-06-23 14:27:47.532000,1.10723,1.1072,3690000,1870000
2021-06-23 14:27:47.634000,1.10722,1.1072,1370000,1000000
2021-06-23 14:27:47.735000,1.10722,1.10719,1250000,1500000
2021-06-23 14:27:48.500000,1.10723,1.10719,4440000,1500000
2021-06-23 14:27:49.538000,1.10723,1.1072,4000000,1000000
2021-06-23 14:27:50.051000,1.10723,1.10721,1250000,1000000
2021-06-23 14:27:50.102000,1.10724,1.10721,3940000,1500000
2021-06-23 14:27:50.875000,1.10725,1.10723,1250000,2700000
2021-06-23 14:27:50.976000,1.10727,1.10724,2060000,1120000
2021-06-23 14:27:51.028000,1.10726,1.10723,1750000,4500000
2021-06-23 14:27:52.850000,1.10726,1.10723,1760000,1000000
2021-06-23 14:27:53.002000,1.10726,1.10723,2120000,1000000
2021-06-23 14:27:56.463000,1.10725,1.10722,2120000,1500000
2021-06-23 14:27:59.459000,1.10725,1.10722,2810000,1500000
2021-06-23 14:28:00.097000,1.10725,1.10723,1310000,1000000
2021-06-23 14:28:00.199000,1.10725,1.10722,3320000,1000000
2021-06-23 14:28:00.502000,1.10724,1.10721,2130000,2250000
2021-06-23 14:28:00.608000,1.10724,1.10721,2940000,2250000
2021-06-23 14:28:01.141000,1.10725,1.10722,1810000,2250000
2021-06-23 14:28:01.243000,1.10725,1.10722,1250000,3000000
2021-06-23 14:28:02.207000,1.10725,1.10722,4070000,1500000
2021-06-23 14:28:02.308000,1.10725,1.10721,4940000,2250000
2021-06-23 14:28:02.612000,1.10724,1.10721,1370000,1500000
2021-06-23 14:28:03.002000,1.10724,1.10721,1000000,1500000
2021-06-23 14:28:03.255000,1.10724,1.10721,1370000,1500000
2021-06-23 14:28:03.356000,1.10726,1.1072,4190000,1500000
2021-06-23 14:28:07.560000,1.10724,1.10721,2190000,1500000
2021-06-23 14:28:08.170000,1.10723,1.1072,1310000,2250000
2021-06-23 14:28:12.983000,1.10724,1.10721,2870000,1000000
2021-06-23 14:28:16.741000,1.10724,1.10722,1750000,1000000
2021-06-23 14:28:16.961000,1.10724,1.10721,1750000,2250000
2021-06-23 14:28:20.592000,1.10726,1.10723,3620000,1000000
2021-06-23 14:28:20.744000,1.10726,1.10722,4570000,2250000
2021-06-23 14:28:26.981000,1.10726,1.10723,3450000,1000000
2021-06-23 14:28:28.591000,1.10726,1.10723,1250000,2250000
2021-06-23 14:28:28.692000,1.10728,1.10725,2950000,1500000
2021-06-23 14:28:28.793000,1.10728,1.10726,1750000,1000000
2021-06-23 14:28:30.903000,1.10729,1.10725,1250000,1000000
2021-06-23 14:28:31.004000,1.10729,1.10726,1690000,1100000
2021-06-23 14:28:33.426000,1.10728,1.10725,1690000,1500000
2021-06-23 14:28:34.358000,1.10729,1.10726,3190000,1000000
2021-06-23 14:28:44.043000,1.10728,1.10726,1750000,1000000
2021-06-23 14:28:44.196000,1.10728,1.10725,1750000,1000000
2021-06-23 14:28:46.631000,1.10728,1.10725,1000000,1000000
2021-06-23 14:28:46.732000,1.10729,1.10726,1690000,1500000
2021-06-23 14:28:56.667000,1.1073,1.10726,1950000,1500000
2021-06-23 14:28:56.768000,1.1073,1.10727,1120000,1000000
2021-06-23 14:28:57.489000,1.10731,1.10728,1000000,1950000
2021-06-23 14:28:57.590000,1.10734,1.10731,1010000,1500000
2021-06-23 14:28:57.691000,1.10734,1.1073,1000000,1000000
2021-06-23 14:28:57.792000,1.10733,1.1073,1000000,1500000
2021-06-23 14:28:58.002000,1.10733,1.10728,3370000,1100000
2021-06-23 14:28:58.104000,1.10732,1.10728,2620000,2700000
2021-06-23 14:28:58.205000,1.10731,1.10728,1000000,1570000
2021-06-23 14:28:58.458000,1.10731,1.10727,1000000,1000000
2021-06-23 14:28:58.941000,1.10729,1.10728,1000000,1000000
2021-06-23 14:28:58.992000,1.1073,1.10726,3190000,1570000
2021-06-23 14:29:00.125000,1.1073,1.10726,2250000,1970000
2021-06-23 14:29:01.888000,1.1073,1.10726,2250000,2320000
2021-06-23 14:29:02.785000,1.10729,1.10726,1000000,1500000
2021-06-23 14:29:03.571000,1.1073,1.10726,2250000,2250000
2021-06-23 14:29:03.622000,1.10731,1.10728,3070000,1000000
2021-06-23 14:29:04.827000,1.10731,1.10727,1500000,3070000
2021-06-23 14:29:15.029000,1.10733,1.1073,4120000,1000000
2021-06-23 14:29:16.475000,1.10734,1.1073,2810000,1250000
2021-06-23 14:29:16.930000,1.10732,1.10729,1000000,3450000
2021-06-23 14:29:21.864000,1.10733,1.1073,1870000,2320000
2021-06-23 14:29:21.965000,1.10734,1.1073,1500000,4010000
2021-06-23 14:29:22.541000,1.10733,1.1073,1000000,3070000
2021-06-23 14:29:23.505000,1.10734,1.1073,1500000,2700000
2021-06-23 14:29:28.028000,1.10735,1.1073,1870000,1000000
2021-06-23 14:29:35.807000,1.10735,1.10732,1870000,1500000
2021-06-23 14:29:35.909000,1.10736,1.10734,1200000,1000000
2021-06-23 14:29:36.011000,1.10737,1.10734,1120000,1500000
2021-06-23 14:29:36.114000,1.10736,1.10734,1690000,1000000
2021-06-23 14:29:36.215000,1.10736,1.10733,1690000,1870000
2021-06-23 14:29:36.852000,1.10736,1.10733,2560000,1500000
2021-06-23 14:29:38.009000,1.10735,1.10732,1120000,2810000
2021-06-23 14:29:39.866000,1.10735,1.10732,2560000,1870000
2021-06-23 14:29:40.871000,1.10735,1.10732,2250000,2060000
2021-06-23 14:29:42.901000,1.10735,1.10732,2370000,1310000
2021-06-23 14:29:43.262000,1.10735,1.10732,1870000,1250000
2021-06-23 14:29:43.363000,1.10735,1.10731,1120000,1000000
2021-06-23 14:29:43.942000,1.10735,1.10732,1000000,2440000
2021-06-23 14:29:45.039000,1.10734,1.10732,1000000,1000000
2021-06-23 14:29:46.078000,1.10734,1.10731,1870000,2060000
2021-06-23 14:29:50.870000,1.10732,1.1073,1000000,1690000
2021-06-23 14:29:50.972000,1.10731,1.10729,1870000,1000000
2021-06-23 14:29:51.099000,1.1073,1.10728,1000000,4120000
2021-06-23 14:29:53.792000,1.1073,1.10726,1500000,4820000
2021-06-23 14:29:55.964000,1.1073,1.10726,1500000,3640000
2021-06-23 14:29:56.117000,1.10728,1.10725,2320000,1000000
2021-06-23 14:29:56.218000,1.10728,1.10724,2620000,2440000
2021-06-23 14:29:56.984000,1.10727,1.10724,1000000,1690000
2021-06-23 14:29:57.186000,1.10728,1.10724,2250000,1690000
2021-06-23 14:29:58.203000,1.10727,1.10724,1000000,1690000
2021-06-23 14:29:59.600000,1.10726,1.10723,3000000,4500000
2021-06-23 14:29:59.752000,1.10727,1.10723,3000000,2440000
2021-06-23 14:30:00.003000,1.10727,1.10724,2250000,1000000
2021-06-23 14:30:00.155000,1.10727,1.10725,1000000,1250000
2021-06-23 14:30:00.256000,1.10728,1.10723,1500000,2060000
2021-06-23 14:30:00.824000,1.10729,1.10725,3120000,2440000
2021-06-23 14:30:00.925000,1.10729,1.10726,2250000,1000000
2021-06-23 14:30:01.403000,1.10729,1.10725,2620000,6560000
2021-06-23 14:30:01.504000,1.10729,1.10726,1870000,1690000
2021-06-23 14:30:03.466000,1.1073,1.10727,2750000,1000000
2021-06-23 14:30:12.281000,1.10731,1.10726,2620000,1000000
2021-06-23 14:30:16.028000,1.10731,1.10726,2370000,1500000
2021-06-23 14:30:16.129000,1.1073,1.10727,1870000,1500000
2021-06-23 14:30:16.600000,1.1073,1.10727,2370000,1500000
2021-06-23 14:30:16.701000,1.1073,1.10727,2250000,1500000
2021-06-23 14:30:17.722000,1.1073,1.10727,2370000,1500000
2021-06-23 14:30:17.823000,1.1073,1.10727,1870000,1500000
2021-06-23 14:30:18.428000,1.1073,1.10727,2370000,1500000
2021-06-23 14:30:20.912000,1.1073,1.10727,2700000,1500000
2021-06-23 14:30:22.331000,1.1073,1.10727,2820000,1500000
2021-06-23 14:30:22.432000,1.1073,1.10727,3450000,1500000
2021-06-23 14:30:23.372000,1.1073,1.10727,3570000,1500000
2021-06-23 14:30:24.575000,1.10729,1.10727,1000000,1500000
2021-06-23 14:30:24.929000,1.10727,1.10726,1000000,1000000
2021-06-23 14:30:25.030000,1.10728,1.10725,1120000,1500000
2021-06-23 14:30:27.051000,1.10726,1.10724,1000000,1000000
2021-06-23 14:30:27.204000,1.10726,1.10722,4270000,1690000
2021-06-23 14:30:27.315000,1.10726,1.10721,3450000,1000000
2021-06-23 14:30:36.183000,1.10724,1.10721,1870000,2310000
2021-06-23 14:30:36.234000,1.10729,1.10725,1000000,1500000
2021-06-23 14:30:36.336000,1.10731,1.10728,1000000,2440000
2021-06-23 14:30:41.323000,1.1073,1.10728,1500000,1000000
2021-06-23 14:30:41.424000,1.10729,1.10726,4390000,1000000
2021-06-23 14:30:41.526000,1.1073,1.10727,2450000,1000000
2021-06-23 14:30:41.627000,1.1073,1.10727,1000000,1500000
2021-06-23 14:30:56.895000,1.10727,1.10725,1100000,1120000
2021-06-23 14:30:56.997000,1.10726,1.10724,1120000,1250000
2021-06-23 14:30:57.048000,1.10729,1.10727,3150000,1000000
2021-06-23 14:30:57.099000,1.10731,1.10727,3450000,1500000
2021-06-23 14:30:57.591000,1.1073,1.10727,1000000,1000000
2021-06-23 14:30:57.692000,1.1073,1.10726,1500000,3260000
2021-06-23 14:31:06.045000,1.1073,1.10727,1000000,1000000
2021-06-23 14:31:08.102000,1.10732,1.1073,1000000,1690000
2021-06-23 14:31:08.153000,1.10735,1.1073,2250000,1000000
2021-06-23 14:31:10.685000,1.10735,1.10731,3070000,2250000
2021-06-23 14:31:10.837000,1.10735,1.10731,3200000,2250000
2021-06-23 14:31:11.828000,1.10735,1.10732,3370000,1000000
2021-06-23 14:31:11.931000,1.10735,1.10732,3500000,1000000
2021-06-23 14:31:12.897000,1.10735,1.10732,1500000,1000000
2021-06-23 14:31:14.919000,1.10735,1.10732,2370000,1000000
2021-06-23 14:31:17.499000,1.10731,1.10729,1000000,1500000
2021-06-23 14:31:17.600000,1.1073,1.10728,1000000,1000000
2021-06-23 14:31:19.215000,1.1073,1.10728,1000000,1000000
2021-06-23 14:31:20.384000,1.10731,1.10729,1000000,1000000
2021-06-23 14:31:20.485000,1.10733,1.1073,2320000,1000000
2021-06-23 14:31:23.327000,1.10733,1.10731,1120000,1000000
2021-06-23 14:31:25.550000,1.10731,1.1073,1000000,1000000
2021-06-23 14:31:26.061000,1.10731,1.10728,1120000,2440000
2021-06-23 14:31:26.162000,1.1073,1.10728,1000000,1000000
2021-06-23 14:31:26.740000,1.10736,1.10735,1000000,1120000
2021-06-23 14:31:26.942000,1.10736,1.10734,1120000,1120000
2021-06-23 14:31:27.529000,1.10736,1.10734,1500000,1000000
2021-06-23 14:31:28.549000,1.10736,1.10734,1120000,1000000
2021-06-23 14:31:30.539000,1.10736,1.10733,1000000,1500000
2021-06-23 14:31:30.640000,1.10736,1.10732,1870000,2810000
2021-06-23 14:31:34.106000,1.10736,1.10733,1120000,1000000
2021-06-23 14:31:42.800000,1.10735,1.10733,3940000,1000000
2021-06-23 14:31:42.901000,1.10733,1.10731,1500000,1000000
2021-06-23 14:31:44.433000,1.10732,1.10729,1000000,2620000
2021-06-23 14:31:44.535000,1.1073,1.10728,1000000,1500000
2021-06-23 14:31:53.787000,1.10731,1.10728,2320000,1000000
2021-06-23 14:31:53.989000,1.1073,1.10727,1200000,1000000
2021-06-23 14:31:54.502000,1.1073,1.10726,3450000,1500000
2021-06-23 14:31:55.403000,1.10727,1.10724,1000000,1500000
2021-06-23 14:31:56.457000,1.10728,1.10725,2700000,1000000
2021-06-23 14:31:56.558000,1.10728,1.10726,1570000,1000000
2021-06-23 14:31:59.241000,1.1073,1.10727,5320000,1500000
2021-06-23 14:31:59.292000,1.1073,1.10729,1120000,2250000
2021-06-23 14:31:59.343000,1.10733,1.10729,2620000,3750000
2021-06-23 14:31:59.444000,1.10734,1.10731,1500000,1500000
2021-06-23 14:31:59.546000,1.10734,1.10731,1120000,1500000
2021-06-23 14:31:59.799000,1.10734,1.10732,1120000,1500000
2021-06-23 14:32:00.102000,1.10736,1.10732,3560000,1000000
2021-06-23 14:32:01.924000,1.10735,1.10732,1500000,1000000
2021-06-23 14:32:03.235000,1.10735,1.10732,4620000,1000000
2021-06-23 14:32:03.286000,1.10732,1.10729,2620000,3370000
2021-06-23 14:32:03.387000,1.10731,1.10728,1000000,1000000
2021-06-23 14:32:03.640000,1.10731,1.10727,2620000,2810000
2021-06-23 14:32:05.366000,1.10731,1.10729,1000000,1000000
2021-06-23 14:32:05.467000,1.10732,1.1073,1000000,1000000
2021-06-23 14:32:05.569000,1.10731,1.10728,1870000,1000000
2021-06-23 14:32:05.721000,1.1074,1.10737,6640000,1000000
2021-06-23 14:32:05.822000,1.10741,1.10738,3970000,1000000
2021-06-23 14:32:05.924000,1.1074,1.10737,1870000,1000000
2021-06-23 14:32:06.328000,1.10741,1.10737,3000000,2250000
2021-06-23 14:32:06.429000,1.10741,1.10738,3000000,1000000
2021-06-23 14:32:07.068000,1.10741,1.10739,1000000,1000000
2021-06-23 14:32:07.455000,1.10741,1.10738,1000000,1500000
2021-06-23 14:32:07.556000,1.10741,1.10739,1000000,1000000
2021-06-23 14:32:07.859000,1.10741,1.10738,1000000,1500000
2021-06-23 14:32:08.584000,1.10742,1.10739,2250000,1000000
2021-06-23 14:32:08.838000,1.10741,1.10739,1000000,1000000
2021-06-23 14:32:10.445000,1.10741,1.10737,3750000,2440000
2021-06-23 14:32:10.546000,1.1074,1.10737,1870000,1000000
2021-06-23 14:32:10.648000,1.10739,1.10737,1000000,1000000
2021-06-23 14:32:11.078000,1.1074,1.10737,1500000,1000000
2021-06-23 14:32:11.231000,1.10738,1.10736,1000000,2440000
2021-06-23 14:32:11.729000,1.10738,1.10735,1000000,1250000
2021-06-23 14:32:11.832000,1.10737,1.10733,1000000,1500000
2021-06-23 14:32:13.769000,1.10738,1.10736,1000000,1500000
2021-06-23 14:32:13.921000,1.10737,1.10734,1000000,2620000
2021-06-23 14:32:14.124000,1.10737,1.10733,1870000,2510000
2021-06-23 14:32:14.546000,1.10735,1.10733,1000000,1760000
2021-06-23 14:32:15.972000,1.10735,1.10732,1000000,1500000
2021-06-23 14:32:19.949000,1.10732,1.1073,2440000,1120000
2021-06-23 14:32:20.051000,1.10732,1.10731,1250000,2250000
2021-06-23 14:32:20.102000,1.10735,1.10733,1120000,1000000
2021-06-23 14:32:20.203000,1.10736,1.10733,1120000,1500000
2021-06-23 14:32:20.355000,1.1073,1.10729,1000000,1500000
2021-06-23 14:32:20.406000,1.10728,1.10726,1000000,1500000
2021-06-23 14:32:20.457000,1.10731,1.10728,2370000,3260000
2021-06-23 14:32:20.508000,1.10731,1.10728,1870000,1000000
2021-06-23 14:32:20.609000,1.10729,1.10727,1000000,1000000
2021-06-23 14:32:20.711000,1.10729,1.10726,1000000,1000000
2021-06-23 14:32:20.863000,1.10728,1.10726,1000000,1000000
2021-06-23 14:32:24.300000,1.10727,1.10724,1000000,1500000
2021-06-23 14:32:26.550000,1.1073,1.10728,1500000,1570000
2021-06-23 14:32:26.601000,1.10732,1.1073,3750000,1000000
2021-06-23 14:32:26.652000,1.1073,1.10728,2440000,1120000
2021-06-23 14:32:26.753000,1.1073,1.10725,1690000,1000000
2021-06-23 14:32:33.134000,1.10728,1.10726,1000000,1000000
2021-06-23 14:32:33.236000,1.10727,1.10725,1000000,1000000
2021-06-23 14:32:33.337000,1.1073,1.10728,2250000,1120000
2021-06-23 14:32:33.438000,1.10729,1.10727,1000000,1000000
2021-06-23 14:32:33.540000,1.10728,1.10726,1000000,2250000
2021-06-23 14:32:46.701000,1.10728,1.10725,1000000,1870000
2021-06-23 14:32:58.958000,1.10727,1.10725,1000000,2620000
2021-06-23 14:32:59.060000,1.10729,1.10727,1120000,1000000
2021-06-23 14:32:59.414000,1.10729,1.10726,1000000,2250000
2021-06-23 14:33:01.218000,1.10729,1.10727,1000000,1000000
2021-06-23 14:33:01.320000,1.10732,1.10729,1250000,1870000
2021-06-23 14:33:02.880000,1.10731,1.10728,1250000,1500000
2021-06-23 14:33:03.822000,1.1073,1.10728,1000000,1000000
2021-06-23 14:33:04.128000,1.1073,1.10727,1500000,3000000
2021-06-23 14:33:06.592000,1.1073,1.10726,1690000,3750000
2021-06-23 14:33:06.696000,1.10729,1.10726,1000000,2250000
2021-06-23 14:33:07.756000,1.1073,1.10729,1000000,1000000
2021-06-23 14:33:07.857000,1.10731,1.10729,1000000,1500000
2021-06-23 14:33:07.959000,1.10731,1.1073,1000000,1000000
2021-06-23 14:33:08.161000,1.10733,1.1073,2810000,1000000
2021-06-23 14:33:08.263000,1.10733,1.10731,2060000,1000000
2021-06-23 14:33:09.648000,1.10734,1.10731,4010000,1000000
2021-06-23 14:33:12.863000,1.10733,1.10731,3620000,1500000
2021-06-23 14:33:12.914000,1.10731,1.10729,1000000,2250000
2021-06-23 14:33:13.338000,1.10734,1.1073,2060000,1000000
2021-06-23 14:33:13.894000,1.10734,1.10731,2440000,2250000
2021-06-23 14:33:14.770000,1.10734,1.10731,2940000,1500000
2021-06-23 14:33:14.872000,1.10734,1.10731,1120000,1500000
2021-06-23 14:33:14.973000,1.10738,1.10735,3760000,1000000
2021-06-23 14:33:15.074000,1.10738,1.10735,1390000,1500000
2021-06-23 14:33:17.664000,1.10738,1.10736,1120000,1000000
2021-06-23 14:33:23.720000,1.10739,1.10736,1120000,2440000
2021-06-23 14:33:23.822000,1.1074,1.10736,3150000,3000000
2021-06-23 14:33:23.924000,1.1074,1.10737,1200000,2250000
2021-06-23 14:33:24.228000,1.1074,1.10736,3450000,2250000
2021-06-23 14:33:24.481000,1.1074,1.10737,2320000,1500000
2021-06-23 14:33:25.947000,1.10741,1.10738,2510000,1000000
2021-06-23 14:33:26.603000,1.10742,1.10738,1500000,1500000
2021-06-23 14:33:26.898000,1.10742,1.10739,1120000,1000000
2021-06-23 14:33:31.322000,1.10743,1.10739,6070000,2250000
2021-06-23 14:33:31.764000,1.10741,1.10739,1000000,1500000
2021-06-23 14:33:35.984000,1.10745,1.10743,1580000,1000000
2021-06-23 14:33:36.085000,1.10746,1.10743,1760000,1000000
2021-06-23 14:33:37.383000,1.10746,1.10744,1000000,1000000
2021-06-23 14:33:38.108000,1.10747,1.10744,2250000,1000000
2021-06-23 14:33:41.805000,1.10746,1.10743,1690000,1500000
2021-06-23 14:33:41.907000,1.10743,1.10742,3750000,1500000
2021-06-23 14:33:41.958000,1.10743,1.1074,1000000,1500000
2021-06-23 14:33:42.160000,1.10743,1.10741,1000000,1000000
2021-06-23 14:33:42.262000,1.10744,1.10741,1000000,1500000
2021-06-23 14:33:42.363000,1.10745,1.10742,1000000,1950000
2021-06-23 14:33:42.464000,1.10746,1.10742,3190000,1950000
2021-06-23 14:33:42.566000,1.10746,1.10743,2060000,1000000
2021-06-23 14:33:45.371000,1.10746,1.10744,1000000,1000000
2021-06-23 14:33:47.377000,1.10747,1.10745,1000000,1000000
2021-06-23 14:33:47.583000,1.10747,1.10744,1120000,2250000
2021-06-23 14:33:50.831000,1.10747,1.10743,3070000,3000000
2021-06-23 14:33:53.192000,1.10745,1.10742,1950000,1000000
2021-06-23 14:33:53.293000,1.10743,1.10741,1000000,1500000
2021-06-23 14:33:55.065000,1.10743,1.1074,1500000,1690000
2021-06-23 14:33:55.217000,1.10743,1.10739,2620000,6070000
2021-06-23 14:34:00.394000,1.10741,1.10739,1000000,1500000
2021-06-23 14:34:02.647000,1.10741,1.10738,1000000,2700000
2021-06-23 14:34:03.386000,1.10741,1.10739,1000000,1000000
2021-06-23 14:34:03.488000,1.1074,1.10738,1000000,2320000
2021-06-23 14:34:05.854000,1.1074,1.10738,1000000,1500000
2021-06-23 14:34:06.672000,1.10739,1.10737,1000000,1870000
2021-06-23 14:34:06.824000,1.10737,1.10735,1000000,1100000
2021-06-23 14:34:06.925000,1.10739,1.10735,1000000,1000000
2021-06-23 14:34:07.027000,1.10739,1.10737,1000000,1000000
2021-06-23 14:34:10.661000,1.10737,1.10736,1000000,1000000
2021-06-23 14:34:10.973000,1.10739,1.10735,1000000,1870000
2021-06-23 14:34:11.075000,1.10739,1.10737,1000000,1620000
2021-06-23 14:34:11.328000,1.10738,1.10736,1000000,1000000
2021-06-23 14:34:12.100000,1.10739,1.10737,1000000,1000000
2021-06-23 14:34:13.491000,1.10741,1.10736,1500000,1870000
2021-06-23 14:34:13.593000,1.1074,1.10738,1000000,1500000
2021-06-23 14:34:15.218000,1.10743,1.1074,2620000,1250000
2021-06-23 14:34:16.275000,1.10741,1.10739,1000000,1870000
2021-06-23 14:34:23.507000,1.10744,1.10741,1200000,1000000
2021-06-23 14:34:23.608000,1.10744,1.10741,1100000,2560000
2021-06-23 14:34:24.140000,1.10744,1.10741,1000000,2060000
2021-06-23 14:34:25.582000,1.10742,1.10739,1000000,2060000
2021-06-23 14:34:26.447000,1.10742,1.10738,3200000,4140000
2021-06-23 14:34:26.548000,1.10738,1.10737,1000000,1000000
2021-06-23 14:34:26.700000,1.10739,1.10735,1000000,1000000
2021-06-23 14:34:29.716000,1.10738,1.10737,1000000,1000000
2021-06-23 14:34:29.767000,1.1074,1.10737,1500000,1000000
2021-06-23 14:34:31.381000,1.10741,1.10737,1000000,1000000
2021-06-23 14:34:33.559000,1.1074,1.10737,1000000,1120000
2021-06-23 14:34:33.610000,1.10739,1.10737,1000000,1120000
2021-06-23 14:34:33.712000,1.1074,1.10738,1000000,2250000
2021-06-23 14:34:35.179000,1.10739,1.10737,1000000,1000000
2021-06-23 14:34:35.280000,1.1074,1.10737,1000000,1200000
2021-06-23 14:34:38.176000,1.1074,1.10738,1000000,1200000
2021-06-23 14:34:38.380000,1.10741,1.10738,1000000,1200000
2021-06-23 14:34:38.482000,1.10741,1.10737,1500000,3710000
2021-06-23 14:34:38.533000,1.10739,1.10737,1000000,1120000
2021-06-23 14:34:38.786000,1.1074,1.10737,1000000,2890000
2021-06-23 14:34:42.115000,1.10742,1.1074,1000000,1000000
2021-06-23 14:34:42.167000,1.10743,1.1074,3000000,1120000
2021-06-23 14:34:45.496000,1.10742,1.10739,1000000,4840000
2021-06-23 14:34:46.281000,1.10741,1.10739,1000000,1500000
2021-06-23 14:34:46.635000,1.10741,1.10738,1500000,1310000
2021-06-23 14:34:46.737000,1.1074,1.10737,1000000,2560000
2021-06-23 14:34:46.789000,1.10738,1.10736,1500000,1700000
2021-06-23 14:34:46.840000,1.10737,1.10733,1000000,1570000
2021-06-23 14:34:46.974000,1.10737,1.10735,1000000,1500000
2021-06-23 14:34:47.075000,1.10738,1.10736,1000000,1500000
2021-06-23 14:34:47.176000,1.10739,1.10736,1000000,2140000
2021-06-23 14:34:47.277000,1.10738,1.10735,1000000,4390000
2021-06-23 14:34:49.858000,1.10741,1.10736,1500000,1000000
2021-06-23 14:34:51.210000,1.1074,1.10738,1000000,1000000
2021-06-23 14:34:53.686000,1.10741,1.10738,1000000,1000000
2021-06-23 14:34:59.713000,1.10742,1.10739,1870000,1000000
2021-06-23 14:35:00.211000,1.10741,1.10738,1000000,1000000
2021-06-23 14:35:03.153000,1.10741,1.10735,2620000,5020000
2021-06-23 14:35:04.014000,1.10741,1.10737,1870000,3070000
2021-06-23 14:35:04.115000,1.10741,1.10737,3000000,2820000
2021-06-23 14:35:05.002000,1.10741,1.10737,2620000,2320000
2021-06-23 14:35:18.918000,1.10741,1.10738,1000000,1000000
2021-06-23 14:35:19.019000,1.1074,1.10737,1000000,3070000
2021-06-23 14:35:19.070000,1.10738,1.10735,1500000,1000000
2021-06-23 14:35:19.172000,1.10737,1.10734,1500000,1000000
2021-06-23 14:35:19.273000,1.10738,1.10735,1000000,1000000
2021-06-23 14:35:19.374000,1.10739,1.10735,2320000,1500000
2021-06-23 14:35:25.931000,1.10737,1.10734,1500000,1010000
2021-06-23 14:35:44.841000,1.10735,1.10733,1000000,1690000
2021-06-23 14:35:44.942000,1.10735,1.10732,1000000,1690000
2021-06-23 14:35:46.095000,1.10734,1.10732,1000000,1000000
2021-06-23 14:35:47.004000,1.10733,1.10731,1000000,1870000
2021-06-23 14:35:47.207000,1.10733,1.1073,1000000,1000000
2021-06-23 14:35:50.187000,1.10733,1.10731,1250000,1000000
2021-06-23 14:35:50.288000,1.10731,1.10727,2250000,7320000
2021-06-23 14:35:50.823000,1.10731,1.10727,2440000,2620000
2021-06-23 14:35:51.492000,1.10731,1.10729,1690000,1000000
2021-06-23 14:35:51.594000,1.10732,1.1073,1760000,1000000
2021-06-23 14:35:57.047000,1.10734,1.1073,1500000,4570000
2021-06-23 14:35:59.108000,1.10732,1.1073,1000000,1870000
2021-06-23 14:36:00.241000,1.10733,1.1073,1000000,1870000
2021-06-23 14:36:01.315000,1.10733,1.10731,1000000,1000000
2021-06-23 14:36:04.189000,1.10734,1.10733,1000000,1000000
2021-06-23 14:36:04.240000,1.10735,1.10733,1000000,1000000
2021-06-23 14:36:04.392000,1.10734,1.10733,1000000,1000000
2021-06-23 14:36:04.518000,1.10735,1.10731,1000000,2810000
2021-06-23 14:36:04.828000,1.10736,1.10733,1000000,2620000
2021-06-23 14:36:05.060000,1.10739,1.10736,1900000,2440000
2021-06-23 14:36:05.162000,1.10739,1.10736,1000000,2250000
2021-06-23 14:36:05.263000,1.10739,1.10737,1000000,1000000
2021-06-23 14:36:06.276000,1.10741,1.10736,1500000,1000000
2021-06-23 14:36:07.304000,1.10741,1.10737,1500000,1000000
2021-06-23 14:36:11.907000,1.10741,1.10738,1000000,1120000
2021-06-23 14:36:12.212000,1.10741,1.10739,1000000,1000000
2021-06-23 14:36:17.924000,1.10741,1.10738,1000000,4870000
2021-06-23 14:36:18.076000,1.10741,1.10737,1000000,1870000
2021-06-23 14:36:21.540000,1.10742,1.1074,1000000,1120000
2021-06-23 14:36:21.591000,1.10745,1.10743,1500000,3370000
2021-06-23 14:36:21.693000,1.10746,1.10745,1000000,1000000
2021-06-23 14:36:21.795000,1.10747,1.10746,1000000,1000000
2021-06-23 14:36:21.847000,1.10748,1.10746,1500000,1000000
2021-06-23 14:36:22.100000,1.10748,1.10745,1500000,1120000
2021-06-23 14:36:22.152000,1.10749,1.10747,1000000,1000000
2021-06-23 14:36:22.254000,1.1075,1.10748,1000000,1120000
2021-06-23 14:36:22.457000,1.10749,1.10747,1000000,1870000
2021-06-23 14:36:22.560000,1.10749,1.10746,1000000,1000000
2021-06-23 14:36:22.611000,1.1075,1.10747,3000000,1000000
2021-06-23 14:36:22.662000,1.10747,1.10745,1000000,1690000
2021-06-23 14:36:29.824000,1.10746,1.10744,1000000,1120000
2021-06-23 14:36:29.925000,1.10746,1.10743,1000000,2700000
2021-06-23 14:36:32.119000,1.10748,1.10746,1000000,1000000
2021-06-23 14:36:32.221000,1.10749,1.10747,1000000,1000000
2021-06-23 14:36:32.473000,1.10749,1.10746,1120000,1000000
2021-06-23 14:36:33.846000,1.10747,1.10745,1000000,1500000
2021-06-23 14:36:35.327000,1.10747,1.10744,1000000,1500000
2021-06-23 14:36:39.979000,1.10743,1.10742,1000000,1000000
2021-06-23 14:36:40.082000,1.10742,1.10739,1000000,1000000
2021-06-23 14:36:40.704000,1.10742,1.10738,1000000,1000000
2021-06-23 14:36:40.905000,1.10738,1.10736,1000000,2620000
2021-06-23 14:36:41.007000,1.1074,1.10735,1500000,1000000
2021-06-23 14:36:44.756000,1.10739,1.10735,2250000,2620000
2021-06-23 14:36:47.908000,1.10739,1.10737,1000000,1000000
2021-06-23 14:36:48.580000,1.10741,1.10736,1500000,1000000
2021-06-23 14:36:51.046000,1.10741,1.10737,3000000,1500000
2021-06-23 14:37:00.702000,1.10743,1.1074,1120000,2620000
2021-06-23 14:37:00.804000,1.10743,1.10741,1000000,1120000
2021-06-23 14:37:00.905000,1.10744,1.10741,2620000,1120000
2021-06-23 14:37:02.254000,1.10746,1.1074,3190000,3500000
2021-06-23 14:37:03.239000,1.10745,1.10741,3370000,2810000
2021-06-23 14:37:05.834000,1.10744,1.10741,1000000,1870000
2021-06-23 14:37:05.936000,1.10743,1.1074,1120000,1500000
2021-06-23 14:37:06.321000,1.10743,1.10741,1000000,1870000
2021-06-23 14:37:06.371000,1.10745,1.10742,2060000,1120000
2021-06-23 14:37:07.194000,1.10745,1.10744,1500000,1000000
2021-06-23 14:37:07.346000,1.10746,1.10744,1090000,1000000
2021-06-23 14:37:07.397000,1.10746,1.10742,1000000,5250000
2021-06-23 14:37:07.498000,1.10746,1.10744,1000000,1000000
2021-06-23 14:37:07.650000,1.10747,1.10744,1870000,2250000
2021-06-23 14:37:07.751000,1.10748,1.10745,2940000,1000000
2021-06-23 14:37:08.719000,1.10748,1.10745,1690000,1500000
2021-06-23 14:37:21.148000,1.10746,1.10744,1000000,1870000
2021-06-23 14:37:22.165000,1.10747,1.10744,1390000,2250000
2021-06-23 14:37:24.174000,1.10748,1.10744,1690000,1500000
2021-06-23 14:37:27.437000,1.10748,1.10745,1120000,1000000
2021-06-23 14:37:32.443000,1.10749,1.10748,1000000,1500000
2021-06-23 14:37:32.545000,1.1075,1.10748,1500000,1500000
2021-06-23 14:37:33.664000,1.1075,1.10747,1500000,1120000
2021-06-23 14:37:33.816000,1.10749,1.10746,1000000,3690000
2021-06-23 14:37:34.477000,1.1075,1.10745,1120000,3190000
2021-06-23 14:37:35.365000,1.10749,1.10745,2250000,2620000
2021-06-23 14:37:36.290000,1.10749,1.10745,1870000,3500000
2021-06-23 14:37:38.210000,1.10749,1.10745,1870000,3000000
2021-06-23 14:37:38.311000,1.10748,1.10745,1120000,1000000
2021-06-23 14:37:40.692000,1.10748,1.10744,1870000,1870000
2021-06-23 14:37:40.794000,1.10747,1.10744,1000000,1120000
2021-06-23 14:37:40.895000,1.10745,1.10743,1000000,1000000
2021-06-23 14:37:41.249000,1.10745,1.10741,2060000,1500000
2021-06-23 14:37:47.633000,1.10745,1.10742,1120000,1000000
2021-06-23 14:37:47.913000,1.10744,1.10742,1000000,1000000
2021-06-23 14:37:48.480000,1.10744,1.10741,1000000,1500000
2021-06-23 14:37:48.733000,1.10743,1.10741,1000000,1250000
2021-06-23 14:37:48.986000,1.10743,1.1074,1950000,1000000
2021-06-23 14:37:49.391000,1.10742,1.10739,3750000,1250000
2021-06-23 14:37:51.296000,1.10742,1.10738,5700000,1690000
2021-06-23 14:37:55.749000,1.10738,1.10736,1000000,1370000
2021-06-23 14:37:55.850000,1.10738,1.10735,1000000,1250000
2021-06-23 14:37:55.952000,1.10739,1.10735,1870000,2500000
2021-06-23 14:37:56.255000,1.1074,1.10734,1950000,1690000
2021-06-23 14:37:56.837000,1.10739,1.10733,1870000,4000000
2021-06-23 14:37:56.938000,1.10737,1.10733,1500000,4120000
2021-06-23 14:37:57.191000,1.10736,1.10733,1000000,2500000
2021-06-23 14:37:57.427000,1.10736,1.10733,1000000,1690000
2021-06-23 14:38:04.416000,1.10737,1.10734,1000000,2500000
2021-06-23 14:38:04.517000,1.10738,1.10734,3820000,4120000
2021-06-23 14:38:05.920000,1.10736,1.10734,1500000,1250000
2021-06-23 14:38:07.030000,1.10736,1.10732,1500000,5570000
2021-06-23 14:38:08.202000,1.10735,1.10732,1000000,4000000
2021-06-23 14:38:22.978000,1.10733,1.10731,1000000,1620000
2021-06-23 14:38:23.029000,1.10733,1.1073,1000000,2060000
2021-06-23 14:38:25.421000,1.10732,1.10729,1000000,1690000
2021-06-23 14:38:26.096000,1.10731,1.10729,1000000,1690000
2021-06-23 14:38:26.197000,1.1073,1.10728,1000000,1250000
2021-06-23 14:38:26.349000,1.1073,1.10727,1500000,1250000
2021-06-23 14:38:26.551000,1.10729,1.10727,1000000,1250000
2021-06-23 14:38:32.889000,1.10729,1.10726,1000000,2510000
2021-06-23 14:38:34.466000,1.10728,1.10725,1000000,1390000
2021-06-23 14:38:34.998000,1.10727,1.10724,1000000,2140000
2021-06-23 14:38:35.100000,1.10727,1.10724,1000000,3790000
2021-06-23 14:38:38.786000,1.10728,1.10724,1870000,6470000
2021-06-23 14:38:47.458000,1.10725,1.10723,1500000,1570000
2021-06-23 14:38:47.560000,1.10725,1.10722,1870000,1200000
2021-06-23 14:38:47.663000,1.10724,1.10722,1000000,1200000
2021-06-23 14:38:58.176000,1.10724,1.10721,1500000,1390000
2021-06-23 14:38:59.818000,1.10724,1.10723,1120000,1000000
2021-06-23 14:38:59.868000,1.10726,1.10725,3450000,1000000
2021-06-23 14:38:59.970000,1.10725,1.10724,1000000,1000000
2021-06-23 14:39:00.121000,1.10725,1.10723,1000000,1570000
2021-06-23 14:39:00.535000,1.10724,1.10723,1000000,1000000
2021-06-23 14:39:00.586000,1.10724,1.10721,1000000,2890000
2021-06-23 14:39:01.564000,1.10723,1.10721,1500000,1000000
2021-06-23 14:39:01.667000,1.10723,1.1072,2250000,1570000
2021-06-23 14:39:02.238000,1.10724,1.10719,1000000,3790000
2021-06-23 14:39:02.409000,1.10725,1.10719,1870000,4540000
2021-06-23 14:39:03.046000,1.10725,1.10722,1620000,1390000
2021-06-23 14:39:03.147000,1.10725,1.10722,1120000,3410000
2021-06-23 14:39:03.353000,1.10724,1.10722,1000000,1760000
2021-06-23 14:39:04.467000,1.10725,1.10722,1000000,5720000
2021-06-23 14:39:04.568000,1.10726,1.10723,1000000,1390000
2021-06-23 14:39:04.670000,1.10725,1.10723,1000000,1390000
2021-06-23 14:39:06.355000,1.10726,1.10723,1000000,1200000
2021-06-23 14:39:06.897000,1.10727,1.10723,1870000,3790000
2021-06-23 14:39:07.050000,1.10726,1.10723,1000000,3070000
2021-06-23 14:39:07.638000,1.10726,1.10721,1000000,3410000
2021-06-23 14:39:09.094000,1.10727,1.10723,3000000,3790000
2021-06-23 14:39:12.930000,1.10728,1.10725,1870000,1000000
2021-06-23 14:39:13.032000,1.10729,1.10726,1120000,1390000
2021-06-23 14:39:15.249000,1.10729,1.10726,1620000,1200000
2021-06-23 14:39:16.219000,1.10729,1.10726,1120000,1200000
2021-06-23 14:39:23.786000,1.10729,1.10726,1500000,4910000
2021-06-23 14:39:24.803000,1.1073,1.10727,2620000,1100000
2021-06-23 14:39:24.905000,1.10731,1.1073,1200000,1000000
2021-06-23 14:39:24.956000,1.10732,1.1073,1870000,1500000
2021-06-23 14:39:25.260000,1.10733,1.10731,1000000,2140000
2021-06-23 14:39:25.361000,1.10734,1.10732,1000000,5140000
2021-06-23 14:39:26.178000,1.10735,1.10732,1000000,2890000
2021-06-23 14:39:26.291000,1.10736,1.10733,1120000,1200000
2021-06-23 14:39:26.910000,1.10735,1.10733,1000000,1000000
2021-06-23 14:39:27.314000,1.10735,1.10732,1200000,1000000
2021-06-23 14:39:27.416000,1.10733,1.1073,1000000,2140000
2021-06-23 14:39:28.354000,1.10732,1.10729,1000000,3260000
2021-06-23 14:39:28.455000,1.10731,1.10728,1000000,2700000
2021-06-23 14:39:32.469000,1.1073,1.10728,1000000,2140000
2021-06-23 14:39:34.830000,1.10729,1.10728,1000000,1000000
2021-06-23 14:39:37.550000,1.1073,1.10728,1120000,1000000
2021-06-23 14:39:39.643000,1.1073,1.10727,1120000,2890000
2021-06-23 14:39:43.001000,1.1073,1.10727,1620000,3260000
2021-06-23 14:39:43.465000,1.10731,1.10727,3220000,5660000
2021-06-23 14:39:43.618000,1.1073,1.10727,1000000,5660000
2021-06-23 14:39:44.072000,1.1073,1.10727,1000000,4010000
2021-06-23 14:39:44.529000,1.1073,1.10727,1500000,4390000
2021-06-23 14:39:45.531000,1.1073,1.10727,1620000,4010000
2021-06-23 14:39:46.598000,1.1073,1.10727,1000000,5660000
2021-06-23 14:39:46.700000,1.10731,1.10728,2600000,1100000
2021-06-23 14:39:48.442000,1.1073,1.10727,1500000,4390000
2021-06-23 14:39:48.746000,1.1073,1.10727,1620000,3260000
2021-06-23 14:39:59.743000,1.1073,1.10727,1500000,4010000
2021-06-23 14:40:00.316000,1.1073,1.10727,2560000,1500000
2021-06-23 14:40:00.468000,1.10729,1.10727,2000000,1500000
2021-06-23 14:40:00.887000,1.10729,1.10726,2000000,1950000
2021-06-23 14:40:01.494000,1.1073,1.10725,1500000,1950000
2021-06-23 14:40:10.151000,1.10727,1.10723,2620000,4460000
2021-06-23 14:40:10.253000,1.10727,1.10724,3000000,1000000
2021-06-23 14:40:16.525000,1.10728,1.10725,1870000,1950000
2021-06-23 14:40:18.663000,1.10728,1.10726,1120000,1000000
2021-06-23 14:40:38.722000,1.10729,1.10726,3000000,1200000
2021-06-23 14:40:48.038000,1.10726,1.10724,2250000,1500000
2021-06-23 14:40:48.140000,1.10723,1.1072,1500000,2890000
2021-06-23 14:40:48.242000,1.10722,1.1072,1500000,1200000
2021-06-23 14:40:48.655000,1.10721,1.10718,1000000,3600000
2021-06-23 14:41:00.598000,1.10719,1.10716,1500000,3010000
2021-06-23 14:41:00.700000,1.10719,1.10716,1500000,2140000
2021-06-23 14:41:01.301000,1.1072,1.10717,1580000,3600000
2021-06-23 14:41:01.403000,1.10721,1.10717,2620000,1950000
2021-06-23 14:41:03.891000,1.10722,1.10719,1500000,1950000
2021-06-23 14:41:03.993000,1.10723,1.10719,3070000,4540000
2021-06-23 14:41:19.522000,1.10722,1.10719,1000000,3790000
2021-06-23 14:41:24.620000,1.10723,1.10719,2620000,4540000
2021-06-23 14:41:26.263000,1.10723,1.10719,4250000,4350000
2021-06-23 14:41:28.441000,1.10722,1.10719,1870000,1200000
2021-06-23 14:41:28.562000,1.1072,1.10717,1500000,1200000
2021-06-23 14:41:28.664000,1.10719,1.10717,1000000,1200000
2021-06-23 14:41:29.249000,1.1072,1.10716,2700000,3040000
2021-06-23 14:41:31.512000,1.10718,1.10716,1000000,2890000
2021-06-23 14:41:38.814000,1.10718,1.10716,1000000,3040000
2021-06-23 14:41:38.883000,1.1072,1.10716,2700000,3040000
2021-06-23 14:41:38.934000,1.10718,1.10716,1000000,3040000
2021-06-23 14:41:39.035000,1.10721,1.10715,2700000,3040000
2021-06-23 14:41:43.838000,1.10718,1.10716,1000000,3640000
2021-06-23 14:41:44.090000,1.10721,1.10718,1580000,2470000
2021-06-23 14:41:48.146000,1.10719,1.10717,1500000,1200000
2021-06-23 14:41:48.248000,1.10718,1.10716,1000000,1000000
2021-06-23 14:41:48.349000,1.10718,1.10715,1000000,1950000
2021-06-23 14:41:48.501000,1.10717,1.10715,1000000,1950000
2021-06-23 14:41:49.974000,1.10716,1.10712,1500000,1000000
2021-06-23 14:41:50.075000,1.10714,1.10711,1000000,4240000
2021-06-23 14:41:50.279000,1.10715,1.10713,1000000,1200000
2021-06-23 14:41:50.381000,1.10717,1.10712,1000000,2320000
2021-06-23 14:41:51.497000,1.1072,1.10718,1620000,2140000
2021-06-23 14:41:51.548000,1.10721,1.10718,1200000,1760000
2021-06-23 14:41:51.599000,1.10724,1.10723,1500000,1000000
2021-06-23 14:41:51.701000,1.10726,1.1072,1570000,3790000
2021-06-23 14:41:53.547000,1.10724,1.10721,1000000,3040000
2021-06-23 14:41:53.598000,1.10727,1.10725,2370000,2700000
2021-06-23 14:41:53.697000,1.10729,1.10726,3310000,1000000
2021-06-23 14:41:53.798000,1.10729,1.10726,1120000,4200000
2021-06-23 14:41:54.001000,1.1073,1.10726,1000000,4760000
2021-06-23 14:41:58.659000,1.10729,1.10726,1000000,3450000
2021-06-23 14:42:01.138000,1.10728,1.10726,1000000,1000000
2021-06-23 14:42:01.443000,1.10726,1.10724,1000000,1500000
2021-06-23 14:42:05.348000,1.10726,1.10723,1000000,2250000
2021-06-23 14:42:05.551000,1.10725,1.10722,1500000,4010000
2021-06-23 14:42:08.203000,1.10726,1.10723,1500000,3260000
2021-06-23 14:42:08.305000,1.10727,1.10724,1120000,2700000
2021-06-23 14:42:08.592000,1.10727,1.10723,3370000,7650000
2021-06-23 14:42:08.957000,1.10726,1.10723,1000000,3450000
2021-06-23 14:42:09.058000,1.10729,1.10726,1870000,2890000
2021-06-23 14:42:12.404000,1.10729,1.10726,2370000,1000000
2021-06-23 14:42:13.392000,1.1073,1.10725,1870000,1000000
2021-06-23 14:42:14.064000,1.10729,1.10725,2250000,4200000
2021-06-23 14:42:14.316000,1.10726,1.10725,1000000,1000000
2021-06-23 14:42:14.367000,1.10726,1.10723,1500000,4200000
2021-06-23 14:42:15.006000,1.10726,1.10722,3370000,3450000
2021-06-23 14:42:16.569000,1.10726,1.10723,2250000,1950000
2021-06-23 14:42:17.447000,1.10725,1.10722,1000000,4570000
2021-06-23 14:42:18.311000,1.10726,1.10723,1000000,3820000
2021-06-23 14:42:18.412000,1.10726,1.10724,1000000,1000000
2021-06-23 14:42:18.513000,1.10727,1.10724,1500000,1000000
2021-06-23 14:42:18.614000,1.10728,1.10724,2620000,4950000
2021-06-23 14:42:20.508000,1.10728,1.10724,3120000,4200000
2021-06-23 14:42:25.718000,1.10728,1.10725,3120000,1000000
2021-06-23 14:42:26.592000,1.10728,1.10725,2620000,2700000
2021-06-23 14:42:27.668000,1.10728,1.10726,1000000,3450000
2021-06-23 14:42:28.402000,1.10727,1.10725,1000000,2700000
2021-06-23 14:42:31.539000,1.10727,1.10723,3750000,3450000
2021-06-23 14:42:31.640000,1.10726,1.10723,1000000,3450000
2021-06-23 14:42:31.793000,1.10727,1.10725,1950000,1500000
2021-06-23 14:42:31.946000,1.10728,1.10725,1870000,1500000
2021-06-23 14:42:32.779000,1.10729,1.10725,1870000,4570000
2021-06-23 14:42:34.808000,1.10729,1.10725,2370000,4570000
2021-06-23 14:42:35.199000,1.10726,1.10723,1000000,3370000
2021-06-23 14:42:35.350000,1.10727,1.10723,4200000,2250000
2021-06-23 14:42:35.452000,1.10727,1.10724,1120000,4760000
2021-06-23 14:42:35.604000,1.10728,1.10725,1620000,1000000
2021-06-23 14:42:36.459000,1.10729,1.10725,3500000,1500000
2021-06-23 14:42:41.154000,1.10729,1.10726,3500000,1000000
2021-06-23 14:42:41.415000,1.1073,1.10725,3000000,1000000
2021-06-23 14:42:43.146000,1.1073,1.10727,3000000,2140000
2021-06-23 14:42:43.248000,1.10729,1.10726,1120000,2250000
2021-06-23 14:42:46.179000,1.10729,1.10726,2370000,3450000
2021-06-23 14:42:47.212000,1.10729,1.10726,1870000,3450000
2021-06-23 14:42:53.086000,1.10729,1.10726,1000000,1500000
2021-06-23 14:42:54.097000,1.1073,1.10726,4700000,1500000
2021-06-23 14:42:59.088000,1.10729,1.10726,1620000,3450000
2021-06-23 14:42:59.240000,1.1073,1.10726,3310000,5140000
2021-06-23 14:42:59.341000,1.10729,1.10727,1000000,2700000
2021-06-23 14:43:04.269000,1.10729,1.10726,1000000,4760000
2021-06-23 14:43:07.635000,1.10728,1.10726,1500000,1120000
2021-06-23 14:43:07.737000,1.10728,1.10725,3000000,1000000
2021-06-23 14:43:07.838000,1.10727,1.10724,1000000,4200000
2021-06-23 14:43:10.715000,1.10727,1.10723,1870000,4010000
2021-06-23 14:43:14.652000,1.10726,1.10723,1000000,4390000
2021-06-23 14:43:14.803000,1.10725,1.10722,1000000,4760000
2021-06-23 14:43:15.157000,1.10724,1.10722,1000000,1950000
2021-06-23 14:43:15.310000,1.10724,1.10721,1000000,4570000
2021-06-23 14:43:16.510000,1.10725,1.10722,2250000,1000000
2021-06-23 14:43:20.020000,1.10726,1.10723,1120000,1500000
2021-06-23 14:43:23.121000,1.10728,1.10724,1120000,2060000
2021-06-23 14:43:23.222000,1.10728,1.10725,1000000,4010000
2021-06-23 14:43:23.332000,1.10729,1.10725,1870000,5140000
2021-06-23 14:43:24.352000,1.10729,1.10726,1120000,2510000
2021-06-23 14:43:42.985000,1.1073,1.10727,2370000,1760000
2021-06-23 14:43:43.694000,1.1073,1.10726,3190000,3450000
2021-06-23 14:43:43.796000,1.10729,1.10726,1000000,1500000
2021-06-23 14:43:50.806000,1.10729,1.10726,1500000,1000000
2021-06-23 14:43:51.835000,1.10729,1.10726,1500000,1000000
2021-06-23 14:43:54.752000,1.10727,1.10725,1120000,3750000
2021-06-23 14:43:54.802000,1.10727,1.10723,3370000,6450000
2021-06-23 14:43:54.853000,1.10728,1.10725,3120000,1000000
2021-06-23 14:43:55.005000,1.10728,1.10725,3000000,1000000
2021-06-23 14:44:08.066000,1.10728,1.10725,2000000,1000000
2021-06-23 14:44:08.217000,1.10726,1.10724,1000000,1500000
2021-06-23 14:44:08.319000,1.10725,1.10722,1000000,1200000
2021-06-23 14:44:08.990000,1.10726,1.10722,3560000,1000000
2021-06-23 14:44:09.909000,1.10725,1.10721,1000000,6070000
2021-06-23 14:44:10.590000,1.10724,1.10721,1500000,1200000
2021-06-23 14:44:11.577000,1.10724,1.10721,2750000,1000000
2021-06-23 14:44:13.073000,1.10725,1.1072,2250000,1200000
2021-06-23 14:44:18.945000,1.10726,1.10723,1200000,1500000
2021-06-23 14:44:19.046000,1.10727,1.10724,3190000,1000000
2021-06-23 14:44:19.148000,1.10726,1.10723,1420000,1500000
2021-06-23 14:44:19.249000,1.10725,1.10722,1250000,1500000
2021-06-23 14:44:19.350000,1.10725,1.10722,4190000,1000000
2021-06-23 14:44:19.452000,1.10725,1.10721,4940000,1000000
2021-06-23 14:44:19.863000,1.10724,1.10721,1250000,1000000
2021-06-23 14:44:20.167000,1.10725,1.10721,4500000,1200000
2021-06-23 14:44:20.274000,1.10725,1.10721,3190000,1200000
2021-06-23 14:44:21.356000,1.10725,1.10722,2060000,1000000
2021-06-23 14:44:23.553000,1.10725,1.1072,1250000,1500000
2021-06-23 14:44:23.656000,1.10724,1.10721,1810000,1000000
2021-06-23 14:44:28.606000,1.10724,1.10721,1500000,1200000
2021-06-23 14:44:28.708000,1.10725,1.10721,3190000,1200000
2021-06-23 14:44:28.809000,1.10724,1.10721,1000000,1200000
2021-06-23 14:44:33.431000,1.10723,1.1072,1690000,1000000
2021-06-23 14:44:33.532000,1.10722,1.1072,1000000,1000000
2021-06-23 14:44:33.633000,1.10723,1.1072,1690000,1000000
2021-06-23 14:44:45.919000,1.10724,1.10721,1870000,1200000
2021-06-23 14:44:47.111000,1.10725,1.10719,2060000,2700000
2021-06-23 14:44:48.142000,1.10724,1.1072,2560000,2700000
2021-06-23 14:44:49.192000,1.10724,1.10721,2060000,1000000
2021-06-23 14:44:53.670000,1.10724,1.10722,1310000,1000000
2021-06-23 14:44:53.771000,1.10726,1.10723,3190000,1500000
2021-06-23 14:44:53.873000,1.10725,1.10723,1000000,1000000
2021-06-23 14:44:55.768000,1.10725,1.10722,1120000,1950000
2021-06-23 14:44:55.870000,1.10726,1.10725,1000000,1000000
2021-06-23 14:44:56.072000,1.10726,1.10724,1000000,4570000
2021-06-23 14:44:57.238000,1.10727,1.10724,1000000,1950000
2021-06-23 14:44:57.541000,1.10729,1.10727,1120000,1200000
2021-06-23 14:45:03.445000,1.1073,1.10727,1000000,4950000
