time,ask,bid,ask_volume,bid_volume
2019-11-05 14:55:00.101000,1.08832,1.0883,1690000,1000000
2019-11-05 14:55:00.203000,1.08832,1.08829,2510000,1250000
2019-11-05 14:55:01.544000,1.0883,1.08828,1000000,4450000
2019-11-05 14:55:02.259000,1.0883,1.08828,1000000,3710000
2019-11-05 14:55:02.360000,1.08829,1.08828,1500000,1000000
2019-11-05 14:55:02.471000,1.08828,1.08827,1000000,3070000
2019-11-05 14:55:03.005000,1.08827,1.08826,1000000,1760000
2019-11-05 14:55:03.143000,1.08827,1.08825,1690000,1700000
2019-11-05 14:55:03.246000,1.08826,1.08825,1000000,1120000
2019-11-05 14:55:03.348000,1.08826,1.08824,2500000,2890000
2019-11-05 14:55:03.449000,1.08825,1.08823,1000000,4390000
2019-11-05 14:55:05.474000,1.08828,1.08826,4790000,1250000
2019-11-05 14:55:05.575000,1.08828,1.08826,1500000,3450000
2019-11-05 14:55:06.966000,1.08829,1.08827,1690000,2140000
2019-11-05 14:55:11.045000,1.08827,1.08826,1000000,1100000
2019-11-05 14:55:11.146000,1.08827,1.08825,1500000,1250000
2019-11-05 14:55:11.247000,1.08826,1.08825,1000000,1250000
2019-11-05 14:55:12.051000,1.08825,1.08824,1000000,1120000
2019-11-05 14:55:13.146000,1.08825,1.08823,1000000,2890000
2019-11-05 14:55:18.058000,1.08824,1.08822,1250000,3640000
2019-11-05 14:55:18.312000,1.08823,1.08822,1000000,1250000
2019-11-05 14:55:19.005000,1.08824,1.08822,2440000,2890000
2019-11-05 14:55:19.106000,1.08824,1.08822,1500000,4450000
2019-11-05 14:55:20.099000,1.08824,1.08822,1500000,3900000
2019-11-05 14:55:20.201000,1.08824,1.08822,1500000,4020000
2019-11-05 14:55:21.079000,1.08824,1.08822,1500000,2770000
2019-11-05 14:55:21.266000,1.08825,1.08824,1000000,1000000
2019-11-05 14:55:21.317000,1.08826,1.08825,1100000,1250000
2019-11-05 14:55:21.885000,1.08826,1.08823,1690000,5770000
2019-11-05 14:55:22.048000,1.08826,1.08824,1000000,1350000
2019-11-05 14:55:22.149000,1.08827,1.08824,1250000,1900000
2019-11-05 14:55:22.403000,1.08825,1.08824,1000000,1570000
2019-11-05 14:55:22.607000,1.08824,1.08822,1690000,3900000
2019-11-05 14:55:22.724000,1.08823,1.08822,1500000,1950000
2019-11-05 14:55:22.777000,1.08821,1.0882,1500000,1570000
2019-11-05 14:55:22.879000,1.0882,1.08818,1000000,4110000
2019-11-05 14:55:22.980000,1.0882,1.08818,1000000,2890000
2019-11-05 14:55:29.863000,1.0882,1.08818,1000000,2520000
2019-11-05 14:55:29.966000,1.0882,1.08818,1000000,3520000
2019-11-05 14:55:31.383000,1.08822,1.0882,1000000,3320000
2019-11-05 14:55:31.636000,1.08823,1.08821,1250000,1760000
2019-11-05 14:55:33.431000,1.08822,1.0882,1500000,4900000
2019-11-05 14:55:33.584000,1.08823,1.0882,2440000,5650000
2019-11-05 14:55:41.598000,1.0882,1.08819,1120000,1200000
2019-11-05 14:55:41.700000,1.08819,1.08817,1250000,3150000
2019-11-05 14:55:41.852000,1.0882,1.08817,1370000,1770000
2019-11-05 14:55:42.428000,1.08822,1.08819,2590000,3850000
2019-11-05 14:55:42.617000,1.08822,1.08819,2510000,2140000
2019-11-05 14:55:44.704000,1.08821,1.08819,1000000,1120000
2019-11-05 14:55:46.668000,1.08822,1.08819,1890000,2940000
2019-11-05 14:55:46.807000,1.08823,1.08821,1750000,1000000
2019-11-05 14:55:46.908000,1.08823,1.0882,2070000,3000000
2019-11-05 14:55:48.558000,1.08822,1.08819,2440000,2320000
2019-11-05 14:55:48.609000,1.0882,1.08818,1000000,3470000
2019-11-05 14:55:48.750000,1.0882,1.08817,1000000,3390000
2019-11-05 14:55:48.902000,1.08819,1.08817,1000000,2820000
2019-11-05 14:55:49.004000,1.08819,1.08817,2440000,1120000
2019-11-05 14:55:54.335000,1.08819,1.08816,2510000,5140000
2019-11-05 14:55:54.537000,1.08819,1.08816,2440000,5360000
2019-11-05 14:55:59.028000,1.08819,1.08818,1000000,1000000
2019-11-05 14:55:59.896000,1.0882,1.08818,1500000,2140000
2019-11-05 14:56:00.533000,1.08821,1.08819,1250000,2850000
2019-11-05 14:56:00.663000,1.08823,1.0882,2500000,2140000
2019-11-05 14:56:01.263000,1.08823,1.0882,2570000,3010000
2019-11-05 14:56:01.415000,1.08823,1.0882,2570000,2890000
2019-11-05 14:56:04.065000,1.08822,1.0882,1250000,1200000
2019-11-05 14:56:04.167000,1.08821,1.08819,1250000,1390000
2019-11-05 14:56:04.632000,1.08821,1.08819,1250000,1000000
2019-11-05 14:56:05.131000,1.08819,1.08817,1250000,4460000
2019-11-05 14:56:05.384000,1.08818,1.08816,1000000,3150000
2019-11-05 14:56:06.274000,1.08819,1.08816,1390000,3320000
2019-11-05 14:56:06.909000,1.08817,1.08815,1000000,4390000
2019-11-05 14:56:07.011000,1.08817,1.08816,1000000,1250000
2019-11-05 14:56:12.263000,1.08816,1.08815,1000000,1120000
2019-11-05 14:56:12.526000,1.08816,1.08814,1000000,3090000
2019-11-05 14:56:12.994000,1.08816,1.08814,1000000,2140000
2019-11-05 14:56:15.965000,1.08815,1.08814,1250000,1000000
2019-11-05 14:56:16.017000,1.08813,1.08811,1500000,5950000
2019-11-05 14:56:16.170000,1.08814,1.08811,2810000,2290000
2019-11-05 14:56:19.473000,1.08814,1.08812,2250000,3250000
2019-11-05 14:56:19.575000,1.08816,1.08813,3300000,4010000
2019-11-05 14:56:19.728000,1.08816,1.08814,1690000,1000000
2019-11-05 14:56:20.062000,1.08816,1.08814,1000000,3310000
2019-11-05 14:56:20.296000,1.08816,1.08814,1000000,1690000
2019-11-05 14:56:20.650000,1.08816,1.08813,2510000,2510000
2019-11-05 14:56:22.305000,1.08816,1.08814,1760000,1000000
2019-11-05 14:56:27.643000,1.08815,1.08814,1120000,1000000
2019-11-05 14:56:28.859000,1.08816,1.08814,2890000,1000000
2019-11-05 14:56:34.184000,1.08815,1.08813,1000000,1500000
2019-11-05 14:56:34.454000,1.08813,1.08812,1000000,1000000
2019-11-05 14:56:34.556000,1.08813,1.08811,1000000,4010000
2019-11-05 14:56:37.739000,1.08812,1.0881,1000000,4840000
2019-11-05 14:56:41.141000,1.08811,1.0881,1000000,1570000
2019-11-05 14:56:41.293000,1.08812,1.0881,2440000,1600000
2019-11-05 14:56:41.793000,1.08812,1.0881,1000000,2510000
2019-11-05 14:56:42.716000,1.08811,1.08809,1000000,2450000
2019-11-05 14:56:42.842000,1.08812,1.0881,2700000,1820000
2019-11-05 14:56:46.246000,1.08812,1.0881,1500000,2200000
2019-11-05 14:56:48.750000,1.08813,1.08811,4310000,1690000
2019-11-05 14:56:48.852000,1.08813,1.08812,1250000,1000000
2019-11-05 14:56:54.703000,1.08813,1.0881,1690000,5320000
2019-11-05 14:57:06.504000,1.08814,1.08812,2700000,1000000
2019-11-05 14:57:15.011000,1.08815,1.08813,3290000,1000000
2019-11-05 14:57:15.062000,1.08816,1.08814,1500000,2060000
2019-11-05 14:57:16.240000,1.08816,1.08813,3190000,2890000
2019-11-05 14:57:18.122000,1.08816,1.08814,1250000,1000000
2019-11-05 14:57:21.727000,1.08816,1.08814,1000000,3090000
2019-11-05 14:57:22.437000,1.08817,1.08816,1000000,1250000
2019-11-05 14:57:24.864000,1.08817,1.08815,1000000,2620000
2019-11-05 14:57:26.620000,1.08817,1.08816,1000000,1690000
2019-11-05 14:57:27.876000,1.08818,1.08816,2060000,2440000
2019-11-05 14:57:31.220000,1.08818,1.08817,1250000,1000000
2019-11-05 14:57:35.445000,1.0882,1.08819,1570000,1120000
2019-11-05 14:57:35.547000,1.08822,1.0882,1870000,1000000
2019-11-05 14:57:37.475000,1.08823,1.0882,2890000,2060000
2019-11-05 14:57:39.019000,1.08823,1.0882,3700000,1500000
2019-11-05 14:57:40.047000,1.08823,1.08822,2510000,1000000
2019-11-05 14:57:40.098000,1.08822,1.0882,1690000,3000000
2019-11-05 14:57:40.149000,1.08823,1.08821,2260000,1250000
2019-11-05 14:57:40.398000,1.08823,1.08822,1120000,1000000
2019-11-05 14:57:40.499000,1.08823,1.0882,1870000,4150000
2019-11-05 14:57:42.390000,1.08824,1.08822,1950000,1000000
2019-11-05 14:57:43.590000,1.08825,1.08823,3700000,1000000
2019-11-05 14:57:45.983000,1.08825,1.08823,1100000,1500000
2019-11-05 14:57:49.345000,1.08826,1.08823,3320000,1620000
2019-11-05 14:57:49.723000,1.08826,1.08823,4070000,1120000
2019-11-05 14:57:52.289000,1.08828,1.08825,6040000,2250000
2019-11-05 14:57:53.305000,1.08828,1.08825,4310000,2870000
2019-11-05 14:57:54.912000,1.08829,1.08827,5830000,1690000
2019-11-05 14:57:55.114000,1.08829,1.08827,2060000,1690000
2019-11-05 14:57:56.695000,1.08829,1.08828,1690000,1000000
2019-11-05 14:57:58.457000,1.0883,1.08828,2060000,1000000
2019-11-05 14:57:58.558000,1.08831,1.08829,3950000,1000000
2019-11-05 14:58:00.464000,1.08831,1.08829,2140000,1870000
2019-11-05 14:58:01.080000,1.08833,1.0883,5640000,1750000
2019-11-05 14:58:01.181000,1.08833,1.0883,4310000,3620000
2019-11-05 14:58:01.567000,1.08833,1.0883,4890000,2250000
2019-11-05 14:58:03.814000,1.08833,1.0883,2810000,3620000
2019-11-05 14:58:04.149000,1.08832,1.08831,1000000,1000000
2019-11-05 14:58:05.925000,1.08833,1.08831,2060000,1690000
2019-11-05 14:58:06.312000,1.08833,1.08831,1450000,1000000
2019-11-05 14:58:06.413000,1.08831,1.0883,1000000,1500000
2019-11-05 14:58:06.565000,1.08831,1.0883,1000000,1000000
2019-11-05 14:58:06.754000,1.08831,1.08829,1000000,3940000
2019-11-05 14:58:06.855000,1.08832,1.08829,2810000,3940000
2019-11-05 14:58:07.715000,1.08832,1.0883,1310000,1000000
2019-11-05 14:58:08.335000,1.08831,1.0883,1000000,1000000
2019-11-05 14:58:09.294000,1.08832,1.0883,2060000,1000000
2019-11-05 14:58:10.783000,1.08834,1.08831,3320000,3190000
2019-11-05 14:58:10.988000,1.08835,1.08833,4200000,1000000
2019-11-05 14:58:11.685000,1.08836,1.08833,4600000,1310000
2019-11-05 14:58:12.207000,1.08835,1.08833,1450000,1120000
2019-11-05 14:58:12.419000,1.08836,1.08833,3070000,3190000
2019-11-05 14:58:13.382000,1.08837,1.08834,3350000,2250000
2019-11-05 14:58:13.483000,1.08837,1.08834,1310000,1690000
2019-11-05 14:58:13.534000,1.08838,1.08836,2700000,1250000
2019-11-05 14:58:13.635000,1.08839,1.08837,3560000,1250000
2019-11-05 14:58:14.648000,1.08838,1.08837,1000000,1250000
2019-11-05 14:58:16.301000,1.08838,1.08836,1000000,2440000
2019-11-05 14:58:16.454000,1.08838,1.08837,1000000,1250000
2019-11-05 14:58:22.591000,1.08839,1.08837,2060000,1250000
2019-11-05 14:58:27.605000,1.08839,1.08838,2060000,1000000
2019-11-05 14:58:29.039000,1.08838,1.08837,1000000,1690000
2019-11-05 14:58:29.152000,1.0884,1.08839,1310000,1000000
2019-11-05 14:58:29.253000,1.0884,1.08838,3620000,1000000
2019-11-05 14:58:29.506000,1.08842,1.08839,8350000,1690000
2019-11-05 14:58:29.658000,1.0884,1.08838,1750000,1870000
2019-11-05 14:58:29.709000,1.0884,1.08837,2870000,2440000
2019-11-05 14:58:30.244000,1.0884,1.08837,2500000,1750000
2019-11-05 14:58:38.892000,1.08839,1.08837,2060000,1250000
2019-11-05 14:58:39.875000,1.0884,1.08838,1500000,2500000
2019-11-05 14:58:39.977000,1.0884,1.08838,1750000,1120000
2019-11-05 14:58:41.847000,1.08839,1.08837,1310000,1250000
2019-11-05 14:58:44.036000,1.08839,1.08837,1310000,1250000
2019-11-05 14:58:46.561000,1.08839,1.08836,2060000,4120000
2019-11-05 14:59:00.669000,1.08838,1.08837,1000000,1250000
2019-11-05 14:59:01.082000,1.08839,1.08837,1690000,1250000
2019-11-05 14:59:02.829000,1.08838,1.08837,1000000,1250000
2019-11-05 14:59:03.031000,1.08839,1.08837,1690000,1250000
2019-11-05 14:59:04.023000,1.0884,1.08838,2870000,1120000
2019-11-05 14:59:04.125000,1.0884,1.08837,2500000,2060000
2019-11-05 14:59:05.633000,1.0884,1.08837,2810000,2500000
2019-11-05 14:59:05.786000,1.0884,1.08837,2810000,2250000
2019-11-05 14:59:06.461000,1.08838,1.08837,1000000,1500000
2019-11-05 14:59:06.562000,1.08839,1.08837,1000000,1000000
2019-11-05 14:59:06.722000,1.08838,1.08836,1690000,1500000
2019-11-05 14:59:07.752000,1.08839,1.08836,1870000,3190000
2019-11-05 14:59:08.139000,1.0884,1.08838,3070000,1250000
2019-11-05 14:59:08.240000,1.0884,1.08837,1120000,4070000
2019-11-05 14:59:08.594000,1.08841,1.08839,2250000,1250000
2019-11-05 14:59:08.695000,1.08842,1.0884,4310000,1250000
2019-11-05 14:59:08.845000,1.0884,1.08838,3190000,1000000
2019-11-05 14:59:08.946000,1.08839,1.08837,1000000,1690000
2019-11-05 14:59:09.098000,1.0884,1.08837,4310000,1910000
2019-11-05 14:59:09.805000,1.08839,1.08837,1250000,1000000
2019-11-05 14:59:09.952000,1.08839,1.08836,1250000,4570000
2019-11-05 14:59:12.966000,1.08839,1.08836,1390000,3500000
2019-11-05 14:59:13.344000,1.0884,1.08838,1870000,1000000
2019-11-05 14:59:13.496000,1.0884,1.08837,2500000,3310000
2019-11-05 14:59:13.666000,1.0884,1.08839,1690000,1000000
2019-11-05 14:59:13.783000,1.0884,1.08838,1750000,1870000
2019-11-05 14:59:14.191000,1.08841,1.08839,1250000,2250000
2019-11-05 14:59:14.293000,1.08841,1.08838,2590000,4370000
2019-11-05 14:59:14.444000,1.08841,1.08838,3320000,2250000
2019-11-05 14:59:14.922000,1.08841,1.08837,3400000,3690000
2019-11-05 14:59:15.423000,1.08841,1.08837,2320000,4440000
2019-11-05 14:59:16.068000,1.08842,1.0884,2060000,1000000
2019-11-05 14:59:16.169000,1.08842,1.08841,1000000,1250000
2019-11-05 14:59:16.271000,1.08843,1.08841,1310000,2810000
2019-11-05 14:59:19.700000,1.08843,1.0884,1810000,1690000
2019-11-05 14:59:20.039000,1.08844,1.0884,6470000,1310000
2019-11-05 14:59:20.535000,1.08842,1.0884,1000000,2060000
2019-11-05 14:59:20.636000,1.08843,1.0884,4760000,1690000
2019-11-05 14:59:22.946000,1.08843,1.08839,1890000,3370000
2019-11-05 14:59:23.048000,1.08843,1.0884,1120000,1000000
2019-11-05 14:59:27.347000,1.08843,1.08841,1100000,1000000
2019-11-05 14:59:27.449000,1.08845,1.08842,4460000,1250000
2019-11-05 14:59:29.451000,1.08845,1.08842,1750000,2190000
2019-11-05 14:59:30.068000,1.08843,1.08842,1000000,1310000
2019-11-05 14:59:30.170000,1.08844,1.08841,2560000,2500000
2019-11-05 14:59:30.480000,1.08844,1.08841,2060000,3250000
2019-11-05 14:59:30.581000,1.08845,1.08843,4760000,1000000
2019-11-05 14:59:30.682000,1.08845,1.08843,4450000,1000000
2019-11-05 14:59:30.784000,1.08845,1.08841,3620000,4000000
2019-11-05 14:59:31.434000,1.08845,1.08842,1250000,1750000
2019-11-05 14:59:31.764000,1.08845,1.08842,1250000,3190000
2019-11-05 14:59:32.441000,1.08844,1.0884,2440000,4370000
2019-11-05 14:59:32.948000,1.08845,1.0884,3070000,3940000
2019-11-05 14:59:37.482000,1.08844,1.08842,1370000,1500000
2019-11-05 14:59:38.493000,1.08844,1.08841,1250000,1310000
2019-11-05 14:59:39.944000,1.08844,1.08842,1250000,1000000
2019-11-05 14:59:40.693000,1.08845,1.08841,2120000,2440000
2019-11-05 14:59:43.097000,1.08845,1.08841,2500000,1510000
2019-11-05 14:59:45.276000,1.08845,1.08843,1250000,1750000
2019-11-05 14:59:45.377000,1.08849,1.08846,4010000,2250000
2019-11-05 14:59:45.696000,1.0885,1.08847,2140000,1750000
2019-11-05 14:59:45.798000,1.08853,1.08849,1250000,2000000
2019-11-05 14:59:46,1.08854,1.08849,2120000,3690000
2019-11-05 14:59:46.103000,1.08854,1.0885,1950000,1120000
2019-11-05 14:59:46.205000,1.08852,1.08848,3500000,2170000
2019-11-05 14:59:46.357000,1.08852,1.08848,2820000,1000000
2019-11-05 14:59:46.459000,1.08851,1.08847,1500000,3100000
2019-11-05 14:59:46.560000,1.08852,1.08849,1500000,1120000
2019-11-05 14:59:46.708000,1.08852,1.08849,1120000,1000000
2019-11-05 14:59:46.810000,1.08852,1.08848,1500000,1700000
2019-11-05 14:59:46.860000,1.08852,1.08847,1570000,2820000
2019-11-05 14:59:46.962000,1.08853,1.08848,4570000,1600000
2019-11-05 14:59:47.064000,1.08853,1.0885,1200000,1000000
2019-11-05 14:59:47.167000,1.08852,1.08849,1570000,1120000
2019-11-05 14:59:47.263000,1.0885,1.08847,1000000,1570000
2019-11-05 14:59:47.379000,1.08852,1.08847,2820000,3450000
2019-11-05 14:59:47.480000,1.08851,1.08847,1870000,1970000
2019-11-05 14:59:47.581000,1.08851,1.08847,1870000,1000000
2019-11-05 14:59:48.568000,1.08851,1.08846,1500000,7200000
2019-11-05 14:59:49.533000,1.08848,1.08846,1500000,1220000
2019-11-05 14:59:49.635000,1.08848,1.08845,1500000,1000000
2019-11-05 14:59:50.071000,1.08848,1.08844,1500000,1870000
2019-11-05 14:59:50.122000,1.0885,1.08846,1120000,1500000
2019-11-05 14:59:50.269000,1.08851,1.08846,1000000,1620000
2019-11-05 14:59:52.305000,1.08851,1.08847,1000000,1500000
2019-11-05 14:59:52.407000,1.08851,1.08847,1000000,1500000
2019-11-05 14:59:52.647000,1.08852,1.08847,1000000,1500000
2019-11-05 14:59:52.749000,1.08852,1.08846,1500000,1000000
2019-11-05 14:59:53.083000,1.08851,1.08845,1000000,1620000
2019-11-05 14:59:54.052000,1.08851,1.08845,1000000,1870000
2019-11-05 14:59:54.103000,1.08848,1.08844,1000000,1500000
2019-11-05 14:59:54.154000,1.08851,1.08845,1120000,1000000
2019-11-05 14:59:55.015000,1.08852,1.08845,1500000,1500000
2019-11-05 14:59:55.364000,1.08854,1.08847,2000000,1500000
2019-11-05 14:59:55.569000,1.08852,1.08848,1120000,1500000
2019-11-05 14:59:55.724000,1.08852,1.08849,1000000,1500000
2019-11-05 14:59:55.826000,1.08852,1.08846,1500000,1000000
2019-11-05 14:59:56.028000,1.08853,1.08845,3370000,1620000
2019-11-05 14:59:56.188000,1.08852,1.08845,1500000,1620000
2019-11-05 14:59:56.797000,1.08853,1.08847,1620000,1500000
2019-11-05 14:59:57.234000,1.08853,1.08848,2000000,1000000
2019-11-05 14:59:57.491000,1.08853,1.08847,1620000,1500000
2019-11-05 14:59:58.222000,1.08853,1.08848,1620000,1000000
2019-11-05 14:59:58.323000,1.08853,1.0885,1500000,1000000
2019-11-05 14:59:58.429000,1.08855,1.08852,1500000,1000000
2019-11-05 14:59:58.530000,1.08855,1.08851,1500000,1500000
2019-11-05 14:59:58.632000,1.08855,1.08852,1500000,1000000
2019-11-05 14:59:58.734000,1.08854,1.08853,1500000,1000000
2019-11-05 14:59:58.882000,1.08854,1.08852,1500000,1000000
2019-11-05 14:59:58.983000,1.08858,1.08852,1500000,1000000
2019-11-05 14:59:59.168000,1.0886,1.08855,1500000,1000000
2019-11-05 14:59:59.336000,1.08861,1.08855,1870000,1000000
2019-11-05 14:59:59.437000,1.08861,1.08854,1500000,1000000
2019-11-05 14:59:59.684000,1.08861,1.08854,3000000,1000000
2019-11-05 15:00:00.023000,1.0886,1.08854,1500000,1000000
2019-11-05 15:00:00.074000,1.08874,1.08863,1000000,1000000
2019-11-05 15:00:00.150000,1.08921,1.0891,1000000,750000
2019-11-05 15:00:00.205000,1.08939,1.08935,1000000,1000000
2019-11-05 15:00:00.256000,1.08936,1.08932,1250000,1000000
2019-11-05 15:00:00.317000,1.08949,1.08943,1500000,1000000
2019-11-05 15:00:00.458000,1.08955,1.08939,2250000,1000000
2019-11-05 15:00:00.509000,1.08954,1.08946,1000000,1500000
2019-11-05 15:00:00.672000,1.08955,1.08946,1000000,1000000
2019-11-05 15:00:00.773000,1.0895,1.08946,1000000,1250000
2019-11-05 15:00:00.874000,1.08948,1.08945,1500000,1000000
2019-11-05 15:00:00.976000,1.08947,1.08941,1000000,1500000
2019-11-05 15:00:01.027000,1.08949,1.08946,1000000,1000000
2019-11-05 15:00:01.153000,1.08956,1.08954,1000000,1120000
2019-11-05 15:00:01.205000,1.08956,1.08951,1000000,1000000
2019-11-05 15:00:01.320000,1.08956,1.0895,1000000,1000000
2019-11-05 15:00:01.385000,1.08958,1.08947,1500000,1000000
2019-11-05 15:00:01.436000,1.08957,1.08945,1500000,1120000
2019-11-05 15:00:01.487000,1.08957,1.08944,1500000,1500000
2019-11-05 15:00:01.601000,1.08957,1.08947,1000000,1000000
2019-11-05 15:00:01.652000,1.08957,1.08945,1500000,3370000
2019-11-05 15:00:01.703000,1.08949,1.08944,1400000,1000000
2019-11-05 15:00:01.854000,1.08949,1.08944,1750000,1000000
2019-11-05 15:00:01.919000,1.08954,1.08948,1000000,1000000
2019-11-05 15:00:02.021000,1.08952,1.08949,1000000,1250000
2019-11-05 15:00:02.072000,1.08952,1.08947,1000000,1000000
2019-11-05 15:00:02.155000,1.08952,1.08943,1000000,1690000
2019-11-05 15:00:02.206000,1.08944,1.08943,1000000,1250000
2019-11-05 15:00:02.509000,1.08946,1.08944,1000000,1000000
2019-11-05 15:00:02.564000,1.08948,1.08943,1870000,1000000
2019-11-05 15:00:02.615000,1.08946,1.08936,1000000,2820000
2019-11-05 15:00:02.666000,1.08945,1.08941,1000000,1000000
2019-11-05 15:00:02.767000,1.08945,1.08942,1250000,1000000
2019-11-05 15:00:02.850000,1.08953,1.08942,1950000,1750000
2019-11-05 15:00:02.952000,1.08948,1.08944,1000000,1000000
2019-11-05 15:00:03.004000,1.08949,1.08944,1000000,1120000
2019-11-05 15:00:03.195000,1.0895,1.08942,1000000,1000000
2019-11-05 15:00:03.259000,1.08946,1.08939,1000000,1810000
2019-11-05 15:00:03.361000,1.08946,1.08938,1000000,1120000
2019-11-05 15:00:03.411000,1.08943,1.08939,1000000,1000000
2019-11-05 15:00:03.462000,1.0895,1.08939,1000000,1500000
2019-11-05 15:00:03.527000,1.08951,1.08938,1500000,1000000
2019-11-05 15:00:03.679000,1.08951,1.08938,1690000,1000000
2019-11-05 15:00:03.731000,1.0895,1.08938,1690000,1000000
2019-11-05 15:00:03.834000,1.0895,1.0894,1000000,1000000
2019-11-05 15:00:03.938000,1.08949,1.08937,1500000,2940000
2019-11-05 15:00:04.090000,1.08948,1.08935,1000000,1000000
2019-11-05 15:00:04.191000,1.08947,1.08934,3000000,1620000
2019-11-05 15:00:04.242000,1.08939,1.08934,1000000,1000000
2019-11-05 15:00:04.360000,1.0894,1.08929,1000000,1810000
2019-11-05 15:00:04.410000,1.08945,1.08931,4120000,1500000
2019-11-05 15:00:04.614000,1.08948,1.08934,1500000,2000000
2019-11-05 15:00:04.767000,1.0895,1.08938,1620000,1000000
2019-11-05 15:00:04.817000,1.08946,1.08942,1000000,1000000
2019-11-05 15:00:04.869000,1.08951,1.08944,1500000,1000000
2019-11-05 15:00:04.971000,1.08949,1.08943,1500000,1000000
2019-11-05 15:00:05.022000,1.08949,1.08943,1500000,1000000
2019-11-05 15:00:05.165000,1.08949,1.08942,1500000,1000000
2019-11-05 15:00:05.216000,1.08949,1.08947,1000000,1000000
2019-11-05 15:00:05.317000,1.08951,1.08947,1000000,1000000
2019-11-05 15:00:05.418000,1.08952,1.08947,2250000,1000000
2019-11-05 15:00:05.520000,1.08951,1.08943,1500000,1500000
2019-11-05 15:00:05.688000,1.08951,1.08945,1120000,1000000
2019-11-05 15:00:05.790000,1.08952,1.08947,1500000,1500000
2019-11-05 15:00:06.090000,1.08951,1.08945,1500000,3250000
2019-11-05 15:00:06.272000,1.08951,1.08944,1500000,1370000
2019-11-05 15:00:06.333000,1.08961,1.08958,1500000,1690000
2019-11-05 15:00:06.385000,1.08967,1.08958,1690000,1690000
2019-11-05 15:00:06.435000,1.08967,1.08958,2250000,2500000
2019-11-05 15:00:06.537000,1.08969,1.0896,1750000,1120000
2019-11-05 15:00:06.641000,1.08968,1.0896,1370000,1120000
2019-11-05 15:00:06.742000,1.08969,1.08957,1750000,1250000
2019-11-05 15:00:06.793000,1.08968,1.08959,1500000,1250000
2019-11-05 15:00:06.894000,1.08969,1.08961,1500000,1250000
2019-11-05 15:00:07.097000,1.08968,1.08959,1500000,3000000
2019-11-05 15:00:07.199000,1.08969,1.08958,3370000,1750000
2019-11-05 15:00:07.249000,1.08967,1.08958,1500000,1750000
2019-11-05 15:00:07.300000,1.08966,1.08957,1750000,1250000
2019-11-05 15:00:07.351000,1.08965,1.08956,1250000,1690000
2019-11-05 15:00:07.429000,1.08967,1.08956,1750000,1750000
2019-11-05 15:00:07.536000,1.08951,1.08945,1750000,1750000
2019-11-05 15:00:07.587000,1.08951,1.08945,1250000,2500000
2019-11-05 15:00:07.639000,1.08946,1.0894,1250000,1000000
2019-11-05 15:00:07.741000,1.08946,1.08937,1250000,1370000
2019-11-05 15:00:07.842000,1.08947,1.08938,1000000,2500000
2019-11-05 15:00:07.955000,1.08945,1.08938,1500000,1370000
2019-11-05 15:00:08.006000,1.08945,1.08938,1500000,1120000
2019-11-05 15:00:08.107000,1.08945,1.08938,1500000,1750000
2019-11-05 15:00:08.208000,1.08947,1.08941,1100000,1000000
2019-11-05 15:00:08.309000,1.08949,1.08944,1500000,1250000
2019-11-05 15:00:08.410000,1.08953,1.08949,3920000,1000000
2019-11-05 15:00:08.511000,1.08953,1.0895,2050000,1000000
2019-11-05 15:00:08.714000,1.08951,1.08947,1750000,1250000
2019-11-05 15:00:08.855000,1.08954,1.08947,1050000,1750000
2019-11-05 15:00:08.956000,1.08952,1.08945,1500000,3620000
2019-11-05 15:00:09.057000,1.08952,1.08945,1750000,1310000
2019-11-05 15:00:09.108000,1.08955,1.08947,3270000,1750000
2019-11-05 15:00:09.210000,1.08954,1.08949,1690000,1250000
2019-11-05 15:00:09.261000,1.08954,1.08947,1750000,1250000
2019-11-05 15:00:09.362000,1.08955,1.08945,3000000,2500000
2019-11-05 15:00:09.464000,1.08953,1.08944,1300000,1750000
2019-11-05 15:00:09.565000,1.08954,1.08947,1500000,1250000
2019-11-05 15:00:09.616000,1.08954,1.08949,1000000,3250000
2019-11-05 15:00:09.667000,1.08956,1.08949,1500000,3250000
2019-11-05 15:00:09.718000,1.08956,1.08951,1310000,1250000
2019-11-05 15:00:09.823000,1.08956,1.0895,1370000,3250000
2019-11-05 15:00:09.925000,1.08956,1.08951,2620000,1250000
2019-11-05 15:00:10.026000,1.08953,1.08949,1370000,1250000
2019-11-05 15:00:10.128000,1.08955,1.08947,3750000,2440000
2019-11-05 15:00:10.257000,1.08952,1.08948,1000000,1000000
2019-11-05 15:00:10.359000,1.08953,1.08949,2500000,1250000
2019-11-05 15:00:10.460000,1.08954,1.08951,2190000,1690000
2019-11-05 15:00:10.561000,1.08954,1.08951,2060000,2060000
2019-11-05 15:00:10.672000,1.08956,1.08952,5250000,1820000
2019-11-05 15:00:10.773000,1.0896,1.08957,1000000,2510000
2019-11-05 15:00:10.824000,1.0896,1.08959,1000000,1250000
2019-11-05 15:00:10.875000,1.08964,1.08959,2060000,1310000
2019-11-05 15:00:10.976000,1.08961,1.08959,1500000,1000000
2019-11-05 15:00:11.079000,1.08961,1.08958,1500000,1810000
2019-11-05 15:00:11.180000,1.08963,1.08958,3190000,1810000
2019-11-05 15:00:11.281000,1.08963,1.08958,3370000,1000000
2019-11-05 15:00:11.534000,1.08962,1.08959,1250000,1250000
2019-11-05 15:00:11.635000,1.08963,1.0896,1250000,4220000
2019-11-05 15:00:11.686000,1.08965,1.08962,2810000,2510000
2019-11-05 15:00:11.737000,1.08967,1.08965,3000000,1250000
2019-11-05 15:00:11.840000,1.08967,1.08962,1750000,3600000
2019-11-05 15:00:11.942000,1.08965,1.08961,1160000,2660000
2019-11-05 15:00:12.145000,1.08963,1.0896,1250000,1250000
2019-11-05 15:00:12.247000,1.08962,1.08961,1000000,1250000
2019-11-05 15:00:12.350000,1.08963,1.08961,1000000,1390000
2019-11-05 15:00:12.502000,1.08962,1.08961,1000000,1390000
2019-11-05 15:00:12.755000,1.08962,1.0896,1250000,1390000
2019-11-05 15:00:12.880000,1.08962,1.0896,1250000,1850000
2019-11-05 15:00:13.089000,1.08962,1.0896,1250000,1390000
2019-11-05 15:00:13.190000,1.08963,1.08961,1870000,1250000
2019-11-05 15:00:13.241000,1.0897,1.08967,9190000,1600000
2019-11-05 15:00:13.292000,1.08973,1.0897,1000000,1450000
2019-11-05 15:00:13.432000,1.08975,1.0897,1000000,2200000
2019-11-05 15:00:13.534000,1.08974,1.0897,1000000,1850000
2019-11-05 15:00:13.586000,1.08973,1.08968,1000000,2720000
2019-11-05 15:00:13.756000,1.0897,1.08968,1000000,1350000
2019-11-05 15:00:13.899000,1.08969,1.08966,1000000,1450000
2019-11-05 15:00:14.050000,1.0897,1.08968,1120000,1750000
2019-11-05 15:00:14.152000,1.08973,1.0897,2060000,1450000
2019-11-05 15:00:14.253000,1.0897,1.08968,1000000,2890000
2019-11-05 15:00:14.354000,1.08969,1.08966,1000000,1850000
2019-11-05 15:00:14.405000,1.08972,1.08968,1500000,1450000
2019-11-05 15:00:14.607000,1.08971,1.08967,1120000,1850000
2019-11-05 15:00:14.709000,1.08971,1.08968,1000000,1850000
2019-11-05 15:00:14.851000,1.08972,1.08967,1120000,1850000
2019-11-05 15:00:14.953000,1.08977,1.08974,1120000,1350000
2019-11-05 15:00:15.054000,1.08979,1.08976,1750000,1570000
2019-11-05 15:00:15.206000,1.08979,1.08976,1250000,1010000
2019-11-05 15:00:15.309000,1.08978,1.08976,1000000,1010000
2019-11-05 15:00:15.462000,1.08976,1.08974,1120000,1250000
2019-11-05 15:00:15.564000,1.08974,1.08972,1000000,1850000
2019-11-05 15:00:15.921000,1.08975,1.08972,1120000,1970000
2019-11-05 15:00:16.023000,1.08977,1.08972,1750000,3100000
2019-11-05 15:00:16.163000,1.08977,1.08975,1120000,1250000
2019-11-05 15:00:16.265000,1.08975,1.08972,1250000,1910000
2019-11-05 15:00:16.519000,1.08978,1.08976,2000000,1000000
2019-11-05 15:00:16.663000,1.08981,1.08976,3370000,2190000
2019-11-05 15:00:16.714000,1.08977,1.08975,1000000,1000000
2019-11-05 15:00:16.765000,1.08973,1.08968,1250000,1720000
2019-11-05 15:00:16.816000,1.08971,1.08967,1000000,1850000
2019-11-05 15:00:16.917000,1.08971,1.08967,1000000,1650000
2019-11-05 15:00:17.018000,1.0897,1.08967,1000000,1100000
2019-11-05 15:00:17.120000,1.08969,1.08964,1000000,2350000
2019-11-05 15:00:17.222000,1.08969,1.08964,1250000,1850000
2019-11-05 15:00:17.325000,1.08971,1.08967,3670000,1690000
2019-11-05 15:00:17.428000,1.0897,1.08966,4750000,1250000
2019-11-05 15:00:17.529000,1.08969,1.08966,1250000,2350000
2019-11-05 15:00:17.645000,1.08965,1.08964,1000000,1250000
2019-11-05 15:00:17.696000,1.08965,1.08962,1000000,5140000
2019-11-05 15:00:17.747000,1.08965,1.08964,1000000,4570000
2019-11-05 15:00:17.797000,1.08963,1.08962,1000000,1250000
2019-11-05 15:00:17.899000,1.08964,1.08962,1000000,1310000
2019-11-05 15:00:18,1.08963,1.08959,1250000,3370000
2019-11-05 15:00:18.050000,1.08963,1.08961,1870000,1250000
2019-11-05 15:00:18.101000,1.08964,1.08962,1000000,1850000
2019-11-05 15:00:18.253000,1.08964,1.08961,1000000,1450000
2019-11-05 15:00:18.607000,1.08964,1.0896,1310000,1850000
2019-11-05 15:00:18.836000,1.08964,1.0896,1810000,1850000
2019-11-05 15:00:18.987000,1.08963,1.08961,2370000,1250000
2019-11-05 15:00:19.189000,1.08962,1.08961,1120000,1250000
2019-11-05 15:00:19.341000,1.08961,1.0896,1120000,1390000
2019-11-05 15:00:19.442000,1.08962,1.08961,1870000,1250000
2019-11-05 15:00:19.543000,1.08961,1.08959,2620000,1450000
2019-11-05 15:00:19.644000,1.08962,1.08961,1500000,1250000
2019-11-05 15:00:19.918000,1.08963,1.08961,1620000,1310000
2019-11-05 15:00:20.019000,1.08963,1.08959,1000000,2620000
2019-11-05 15:00:20.120000,1.08965,1.08961,2120000,1850000
2019-11-05 15:00:20.323000,1.08966,1.08964,1120000,1850000
2019-11-05 15:00:20.424000,1.08967,1.08964,1870000,1870000
2019-11-05 15:00:20.525000,1.08967,1.08964,1500000,1870000
2019-11-05 15:00:20.895000,1.08967,1.08964,2250000,1350000
2019-11-05 15:00:20.996000,1.08967,1.08965,1120000,1850000
2019-11-05 15:00:21.048000,1.0897,1.08966,3000000,1370000
2019-11-05 15:00:21.099000,1.0897,1.08968,1500000,1370000
2019-11-05 15:00:21.200000,1.0897,1.08968,3940000,1100000
2019-11-05 15:00:21.302000,1.08969,1.08966,1000000,1620000
2019-11-05 15:00:21.404000,1.0897,1.08967,2440000,1870000
2019-11-05 15:00:21.568000,1.08969,1.08967,1250000,2370000
2019-11-05 15:00:21.619000,1.08968,1.08965,1000000,2560000
2019-11-05 15:00:21.721000,1.08968,1.08967,1000000,1000000
2019-11-05 15:00:21.822000,1.0897,1.08967,5500000,1000000
2019-11-05 15:00:21.923000,1.08969,1.08965,1770000,2810000
2019-11-05 15:00:22.073000,1.08968,1.08966,1000000,1000000
2019-11-05 15:00:22.175000,1.08967,1.08964,1500000,1850000
2019-11-05 15:00:22.277000,1.08968,1.08965,2810000,1120000
2019-11-05 15:00:22.379000,1.08967,1.08965,2870000,2250000
2019-11-05 15:00:22.429000,1.08964,1.08962,1000000,2660000
2019-11-05 15:00:22.581000,1.08966,1.08961,1250000,3820000
2019-11-05 15:00:22.994000,1.08967,1.08964,1370000,1000000
2019-11-05 15:00:23.045000,1.08966,1.08962,1250000,1250000
2019-11-05 15:00:23.213000,1.08966,1.08962,2060000,2620000
2019-11-05 15:00:23.263000,1.08963,1.0896,1310000,1370000
2019-11-05 15:00:24.243000,1.08965,1.08964,1200000,1250000
2019-11-05 15:00:24.294000,1.0897,1.08965,2820000,2620000
2019-11-05 15:00:24.396000,1.0897,1.08967,1250000,1120000
2019-11-05 15:00:24.499000,1.08971,1.08966,1000000,3000000
2019-11-05 15:00:24.601000,1.08969,1.08965,1000000,1870000
2019-11-05 15:00:24.703000,1.08971,1.08967,1500000,2000000
2019-11-05 15:00:24.754000,1.08973,1.0897,1810000,1250000
2019-11-05 15:00:24.855000,1.08971,1.08969,1250000,1000000
2019-11-05 15:00:24.956000,1.0897,1.08967,1000000,1250000
2019-11-05 15:00:25.521000,1.08969,1.08965,1250000,3000000
2019-11-05 15:00:25.710000,1.08969,1.08965,1000000,1370000
2019-11-05 15:00:25.812000,1.0897,1.08966,1620000,2120000
2019-11-05 15:00:26.034000,1.0897,1.08966,1120000,3370000
2019-11-05 15:00:26.085000,1.0897,1.08967,1120000,1250000
2019-11-05 15:00:26.419000,1.08969,1.08966,1250000,1000000
2019-11-05 15:00:26.520000,1.08969,1.08965,4370000,1250000
2019-11-05 15:00:26.621000,1.08967,1.08965,1620000,1250000
2019-11-05 15:00:26.723000,1.08967,1.08965,1500000,1250000
2019-11-05 15:00:26.839000,1.08967,1.08965,1500000,1250000
2019-11-05 15:00:26.941000,1.08967,1.08963,1810000,1750000
2019-11-05 15:00:26.992000,1.08967,1.08965,1500000,1250000
2019-11-05 15:00:27.093000,1.08967,1.08963,1120000,1250000
2019-11-05 15:00:27.197000,1.08967,1.08963,2120000,1250000
2019-11-05 15:00:27.298000,1.08964,1.08961,1120000,2500000
2019-11-05 15:00:28.056000,1.08967,1.08966,1000000,1500000
2019-11-05 15:00:28.157000,1.08968,1.08966,1000000,1000000
2019-11-05 15:00:28.259000,1.08968,1.08965,1250000,1000000
2019-11-05 15:00:28.309000,1.08965,1.08962,1000000,2190000
2019-11-05 15:00:28.411000,1.08965,1.08961,4820000,1250000
2019-11-05 15:00:28.512000,1.08965,1.08961,1870000,1250000
2019-11-05 15:00:28.613000,1.08966,1.08962,3370000,1250000
2019-11-05 15:00:28.714000,1.08967,1.08964,1120000,2870000
2019-11-05 15:00:29.069000,1.08968,1.08965,1000000,1690000
2019-11-05 15:00:29.489000,1.08968,1.08967,1000000,1250000
2019-11-05 15:00:29.541000,1.0897,1.08969,1000000,1120000
2019-11-05 15:00:29.592000,1.08972,1.08969,1310000,1690000
2019-11-05 15:00:29.644000,1.08972,1.0897,1000000,1370000
2019-11-05 15:00:29.746000,1.08973,1.0897,1690000,1750000
2019-11-05 15:00:30.662000,1.08971,1.0897,1000000,1310000
2019-11-05 15:00:30.713000,1.0897,1.08968,2950000,1000000
2019-11-05 15:00:30.764000,1.08967,1.08965,1690000,1250000
2019-11-05 15:00:30.814000,1.08965,1.08962,1250000,2950000
2019-11-05 15:00:30.916000,1.08963,1.08961,1690000,1970000
2019-11-05 15:00:31.017000,1.08961,1.08958,1000000,1370000
2019-11-05 15:00:31.068000,1.08961,1.08957,2500000,1890000
2019-11-05 15:00:31.170000,1.08961,1.08959,2120000,1120000
2019-11-05 15:00:31.289000,1.08961,1.08959,1310000,1250000
2019-11-05 15:00:31.391000,1.08959,1.08957,1000000,1250000
2019-11-05 15:00:31.441000,1.08959,1.08956,1750000,1690000
2019-11-05 15:00:31.720000,1.0896,1.08957,1500000,1250000
2019-11-05 15:00:31.822000,1.08959,1.08955,5140000,5120000
2019-11-05 15:00:31.923000,1.08959,1.08957,1000000,1120000
2019-11-05 15:00:31.974000,1.08961,1.08959,1000000,1250000
2019-11-05 15:00:32.075000,1.08962,1.08958,1120000,3450000
2019-11-05 15:00:32.315000,1.08964,1.08962,1970000,1870000
2019-11-05 15:00:32.466000,1.08964,1.08961,1000000,1890000
2019-11-05 15:00:32.568000,1.08963,1.08961,1000000,2940000
2019-11-05 15:00:32.669000,1.08964,1.08961,1000000,1500000
2019-11-05 15:00:32.782000,1.08962,1.08959,1500000,2200000
2019-11-05 15:00:33.849000,1.08962,1.08961,1000000,1000000
2019-11-05 15:00:33.901000,1.08967,1.08965,1000000,1250000
2019-11-05 15:00:34.103000,1.08966,1.08964,1500000,1250000
2019-11-05 15:00:34.204000,1.08967,1.08965,1930000,2250000
2019-11-05 15:00:34.320000,1.08968,1.08966,1930000,1250000
2019-11-05 15:00:34.472000,1.08969,1.08966,1750000,1310000
2019-11-05 15:00:34.624000,1.08968,1.08967,1310000,1000000
2019-11-05 15:00:34.675000,1.0897,1.08967,2250000,2500000
2019-11-05 15:00:34.726000,1.08968,1.08965,1250000,3750000
2019-11-05 15:00:34.777000,1.08971,1.08968,1500000,1000000
2019-11-05 15:00:34.916000,1.08973,1.0897,2510000,1250000
2019-11-05 15:00:35.465000,1.0897,1.08968,1000000,2500000
2019-11-05 15:00:35.516000,1.0897,1.08966,3250000,4000000
2019-11-05 15:00:36.304000,1.08969,1.08965,4070000,1370000
2019-11-05 15:00:36.405000,1.08967,1.08965,1120000,1750000
2019-11-05 15:00:36.833000,1.08967,1.08964,2250000,1350000
2019-11-05 15:00:36.934000,1.08967,1.08964,1500000,2120000
2019-11-05 15:00:38.090000,1.08968,1.08965,2510000,1250000
2019-11-05 15:00:38.280000,1.08968,1.08967,1690000,3000000
2019-11-05 15:00:38.331000,1.0897,1.08968,1100000,3370000
2019-11-05 15:00:38.382000,1.08972,1.0897,1870000,1250000
2019-11-05 15:00:38.554000,1.08972,1.08969,4010000,1310000
2019-11-05 15:00:38.606000,1.08972,1.08971,1000000,1310000
2019-11-05 15:00:38.707000,1.08973,1.08971,1250000,1310000
2019-11-05 15:00:38.909000,1.08975,1.08974,1000000,1000000
2019-11-05 15:00:38.963000,1.08977,1.08974,3190000,1370000
2019-11-05 15:00:39.014000,1.08975,1.08972,1310000,2440000
2019-11-05 15:00:39.066000,1.08976,1.08975,1100000,1000000
2019-11-05 15:00:39.168000,1.08977,1.08975,1000000,1250000
2019-11-05 15:00:39.320000,1.08978,1.08975,1200000,1310000
2019-11-05 15:00:39.371000,1.08979,1.08977,2320000,1250000
2019-11-05 15:00:39.473000,1.08979,1.08977,1370000,1000000
2019-11-05 15:00:39.767000,1.08975,1.08972,1120000,1690000
2019-11-05 15:00:39.868000,1.08975,1.08972,2500000,1000000
2019-11-05 15:00:39.969000,1.08974,1.08972,1690000,1000000
2019-11-05 15:00:40.020000,1.08973,1.08971,1120000,1250000
2019-11-05 15:00:40.172000,1.08972,1.0897,1700000,1500000
2019-11-05 15:00:40.260000,1.0897,1.08968,2810000,1250000
2019-11-05 15:00:40.312000,1.08968,1.08966,1750000,1250000
2019-11-05 15:00:40.465000,1.08969,1.08967,1010000,2940000
2019-11-05 15:00:40.566000,1.08973,1.08971,2060000,1250000
2019-11-05 15:00:40.667000,1.08973,1.08971,2500000,1000000
2019-11-05 15:00:40.806000,1.08973,1.08971,1500000,3250000
2019-11-05 15:00:40.857000,1.08979,1.08977,1370000,1500000
2019-11-05 15:00:41.009000,1.08979,1.08978,1250000,1000000
2019-11-05 15:00:41.111000,1.0898,1.08978,1370000,1000000
2019-11-05 15:00:41.213000,1.08979,1.08978,1250000,1000000
2019-11-05 15:00:41.369000,1.08982,1.0898,1370000,2250000
2019-11-05 15:00:41.471000,1.0898,1.08978,1250000,1870000
2019-11-05 15:00:41.573000,1.08979,1.08977,1250000,1000000
2019-11-05 15:00:42.035000,1.08979,1.08977,1250000,1000000
2019-11-05 15:00:42.136000,1.08979,1.08975,2000000,3820000
2019-11-05 15:00:42.343000,1.08979,1.08977,2750000,1000000
2019-11-05 15:00:42.495000,1.08979,1.08976,3770000,2890000
2019-11-05 15:00:42.597000,1.08979,1.08977,3340000,1000000
2019-11-05 15:00:42.768000,1.0898,1.08978,1690000,1250000
2019-11-05 15:00:42.869000,1.08979,1.08977,1250000,2250000
2019-11-05 15:00:42.971000,1.08979,1.08976,1750000,3010000
2019-11-05 15:00:43.574000,1.08979,1.08975,2870000,5320000
2019-11-05 15:00:43.675000,1.08977,1.08975,1310000,1700000
2019-11-05 15:00:43.726000,1.08974,1.08972,2250000,4200000
2019-11-05 15:00:43.828000,1.08972,1.08971,1000000,1250000
2019-11-05 15:00:43.879000,1.08973,1.0897,1120000,1370000
2019-11-05 15:00:43.930000,1.08972,1.08969,1310000,3260000
2019-11-05 15:00:44.393000,1.08973,1.08971,1310000,1250000
2019-11-05 15:00:44.494000,1.08973,1.0897,2620000,1120000
2019-11-05 15:00:44.788000,1.08974,1.08971,1310000,1000000
2019-11-05 15:00:44.889000,1.08973,1.08972,1000000,1250000
2019-11-05 15:00:45.041000,1.08974,1.08971,1310000,1000000
2019-11-05 15:00:45.344000,1.08973,1.0897,1250000,1120000
2019-11-05 15:00:45.915000,1.08973,1.0897,1000000,4120000
2019-11-05 15:00:46.016000,1.08973,1.08971,1000000,1820000
2019-11-05 15:00:46.182000,1.08974,1.08972,1000000,2190000
2019-11-05 15:00:46.334000,1.08974,1.08972,1750000,1870000
2019-11-05 15:00:46.435000,1.08974,1.08972,1000000,1690000
2019-11-05 15:00:46.536000,1.08974,1.08973,1000000,1000000
2019-11-05 15:00:46.638000,1.08974,1.08972,1000000,2140000
2019-11-05 15:00:46.768000,1.08975,1.08972,1310000,2260000
2019-11-05 15:00:46.869000,1.08975,1.08972,1310000,2140000
2019-11-05 15:00:47.077000,1.08975,1.08972,2500000,1870000
2019-11-05 15:00:47.180000,1.08973,1.0897,1250000,4570000
2019-11-05 15:00:47.708000,1.08973,1.08971,1000000,2570000
2019-11-05 15:00:48.125000,1.08974,1.08972,1120000,1390000
2019-11-05 15:00:48.226000,1.08973,1.08971,1250000,1760000
2019-11-05 15:00:49.475000,1.08972,1.0897,1000000,1750000
2019-11-05 15:00:49.585000,1.08976,1.08975,5060000,1500000
2019-11-05 15:00:49.635000,1.08975,1.08972,1120000,5250000
2019-11-05 15:00:49.686000,1.08976,1.08975,1250000,1000000
2019-11-05 15:00:49.787000,1.08977,1.08975,1000000,2500000
2019-11-05 15:00:49.889000,1.08978,1.08975,1310000,4120000
2019-11-05 15:00:49.998000,1.08978,1.08977,1250000,1120000
2019-11-05 15:00:50.611000,1.0898,1.08978,1000000,1250000
2019-11-05 15:00:50.712000,1.0898,1.08978,1250000,2770000
2019-11-05 15:00:50.813000,1.08979,1.08976,1250000,2320000
2019-11-05 15:00:51.116000,1.0898,1.08978,1870000,1250000
2019-11-05 15:00:51.217000,1.08981,1.08978,3190000,2500000
2019-11-05 15:00:51.428000,1.08981,1.0898,2440000,1120000
2019-11-05 15:00:51.530000,1.0898,1.08979,3190000,1000000
2019-11-05 15:00:51.632000,1.0898,1.08978,1690000,4390000
2019-11-05 15:00:51.829000,1.08981,1.08979,1250000,1570000
2019-11-05 15:00:51.985000,1.0898,1.08978,1250000,3710000
2019-11-05 15:00:52.087000,1.08979,1.08977,1370000,1500000
2019-11-05 15:00:52.189000,1.08979,1.08976,1750000,2060000
2019-11-05 15:00:52.397000,1.08978,1.08977,1250000,1000000
2019-11-05 15:00:52.448000,1.08982,1.0898,1690000,3200000
2019-11-05 15:00:52.549000,1.08983,1.08982,1690000,1000000
2019-11-05 15:00:52.764000,1.08985,1.08982,2500000,1250000
2019-11-05 15:00:53.339000,1.08986,1.08985,1010000,1000000
2019-11-05 15:00:53.491000,1.08987,1.08985,1120000,2120000
2019-11-05 15:00:53.593000,1.08986,1.08984,3620000,1500000
2019-11-05 15:00:53.745000,1.08986,1.08982,3250000,2500000
2019-11-05 15:00:53.894000,1.08984,1.08982,1690000,1000000
2019-11-05 15:00:53.945000,1.08984,1.08981,1690000,5440000
2019-11-05 15:00:54.147000,1.08984,1.08983,1250000,1120000
2019-11-05 15:00:54.330000,1.08988,1.08985,4970000,1000000
2019-11-05 15:00:54.431000,1.08987,1.08984,1690000,2060000
2019-11-05 15:00:54.922000,1.08987,1.08985,1000000,1750000
2019-11-05 15:00:54.973000,1.08987,1.08984,1310000,3560000
2019-11-05 15:00:55.407000,1.08987,1.08986,1000000,1250000
2019-11-05 15:00:56.496000,1.08986,1.08984,2620000,1500000
2019-11-05 15:00:56.606000,1.08986,1.08984,1000000,3620000
2019-11-05 15:00:56.657000,1.08988,1.08985,1100000,1750000
2019-11-05 15:00:56.758000,1.08988,1.08985,1250000,1000000
2019-11-05 15:00:56.860000,1.08986,1.08983,1310000,3640000
2019-11-05 15:00:57.171000,1.08986,1.08984,1310000,1000000
2019-11-05 15:00:57.272000,1.08986,1.08983,1310000,2810000
2019-11-05 15:00:57.424000,1.08986,1.08984,1310000,1000000
2019-11-05 15:00:57.475000,1.08987,1.08985,1500000,1250000
2019-11-05 15:00:57.576000,1.08988,1.08986,1690000,1750000
2019-11-05 15:00:57.678000,1.08988,1.08987,1000000,1690000
2019-11-05 15:00:58.035000,1.08989,1.08987,2440000,2440000
2019-11-05 15:00:58.136000,1.08989,1.08987,1000000,3370000
2019-11-05 15:00:58.288000,1.0899,1.08988,1000000,1310000
2019-11-05 15:00:58.390000,1.08992,1.0899,1200000,4370000
2019-11-05 15:00:58.518000,1.08991,1.0899,1000000,1000000
2019-11-05 15:00:58.620000,1.08991,1.08989,1000000,2060000
2019-11-05 15:00:59.268000,1.0899,1.08987,1000000,1870000
2019-11-05 15:00:59.319000,1.0899,1.08989,1000000,1120000
2019-11-05 15:00:59.421000,1.08993,1.08991,1000000,2440000
2019-11-05 15:00:59.522000,1.08993,1.08992,1000000,1690000
2019-11-05 15:00:59.628000,1.08994,1.08992,2060000,1690000
2019-11-05 15:00:59.730000,1.08993,1.08991,1000000,2500000
2019-11-05 15:01:00.001000,1.08994,1.08992,2060000,1690000
2019-11-05 15:01:00.508000,1.08995,1.08994,1000000,2080000
2019-11-05 15:01:00.610000,1.08996,1.08994,1250000,1120000
2019-11-05 15:01:00.863000,1.08994,1.08992,1000000,3120000
2019-11-05 15:01:01.021000,1.08993,1.08992,1000000,2250000
2019-11-05 15:01:01.692000,1.08994,1.08993,1000000,1500000
2019-11-05 15:01:01.794000,1.08994,1.08993,1000000,2440000
2019-11-05 15:01:01.895000,1.08995,1.08994,1000000,1250000
2019-11-05 15:01:02.065000,1.08994,1.08992,1250000,1810000
2019-11-05 15:01:02.167000,1.08995,1.08994,1000000,1690000
2019-11-05 15:01:02.269000,1.08994,1.08992,1250000,1390000
2019-11-05 15:01:02.370000,1.08993,1.08991,1000000,2560000
2019-11-05 15:01:02.671000,1.0901,1.09007,1690000,1250000
2019-11-05 15:01:02.722000,1.09007,1.09004,1000000,12640000
2019-11-05 15:01:02.773000,1.0902,1.09016,1690000,1250000
2019-11-05 15:01:02.824000,1.09017,1.09016,1000000,11440000
2019-11-05 15:01:02.875000,1.09016,1.09014,1250000,1000000
2019-11-05 15:01:03.016000,1.09013,1.09012,1000000,1690000
2019-11-05 15:01:03.119000,1.09014,1.09011,3190000,1870000
2019-11-05 15:01:03.221000,1.0901,1.09008,1690000,2370000
2019-11-05 15:01:03.272000,1.09009,1.09008,1000000,1500000
2019-11-05 15:01:03.375000,1.09011,1.09007,2610000,1750000
2019-11-05 15:01:03.477000,1.09009,1.09007,1850000,1000000
2019-11-05 15:01:03.528000,1.09005,1.09003,3190000,1000000
2019-11-05 15:01:03.579000,1.09002,1.09001,3000000,1000000
2019-11-05 15:01:03.732000,1.09004,1.09003,2060000,1000000
2019-11-05 15:01:03.833000,1.09004,1.09002,1250000,1000000
2019-11-05 15:01:03.977000,1.09006,1.09002,3370000,1250000
2019-11-05 15:01:04.028000,1.09004,1.09002,1000000,1250000
2019-11-05 15:01:04.079000,1.09003,1.09,3940000,1370000
2019-11-05 15:01:04.180000,1.09002,1.08999,1250000,2250000
2019-11-05 15:01:04.281000,1.09003,1.09,5890000,1250000
2019-11-05 15:01:04.332000,1.09,1.08998,1000000,1750000
2019-11-05 15:01:04.433000,1.09,1.08997,1000000,3190000
2019-11-05 15:01:04.585000,1.09001,1.08998,2700000,1370000
2019-11-05 15:01:04.838000,1.08999,1.08997,1000000,1690000
2019-11-05 15:01:04.889000,1.08998,1.08996,1000000,1250000
2019-11-05 15:01:05.035000,1.08996,1.08994,1250000,1000000
2019-11-05 15:01:05.137000,1.08995,1.08993,1000000,1000000
2019-11-05 15:01:05.239000,1.08993,1.08992,1000000,1250000
2019-11-05 15:01:05.290000,1.08992,1.0899,1000000,2870000
2019-11-05 15:01:05.548000,1.08991,1.08988,1000000,1370000
2019-11-05 15:01:05.650000,1.08991,1.08989,1200000,1750000
2019-11-05 15:01:05.752000,1.08993,1.08992,1000000,1000000
2019-11-05 15:01:05.803000,1.08999,1.08996,1000000,1500000
2019-11-05 15:01:05.856000,1.09003,1.09001,1000000,1750000
2019-11-05 15:01:05.907000,1.09001,1.08998,1000000,1250000
2019-11-05 15:01:05.958000,1.09013,1.09002,1000000,1600000
2019-11-05 15:01:06.009000,1.09013,1.09011,1000000,1500000
2019-11-05 15:01:06.060000,1.09014,1.0901,1000000,1250000
2019-11-05 15:01:06.163000,1.09014,1.09012,1000000,1000000
2019-11-05 15:01:06.215000,1.09012,1.0901,1000000,1750000
2019-11-05 15:01:06.317000,1.09015,1.09013,1120000,1000000
2019-11-05 15:01:06.401000,1.09015,1.09011,3370000,1000000
2019-11-05 15:01:06.452000,1.09014,1.09013,1250000,1000000
2019-11-05 15:01:06.554000,1.09012,1.09011,1000000,1000000
2019-11-05 15:01:06.706000,1.09013,1.09011,2250000,1000000
2019-11-05 15:01:06.808000,1.09012,1.09011,1000000,1250000
2019-11-05 15:01:07.061000,1.09011,1.0901,3190000,1500000
2019-11-05 15:01:07.163000,1.0901,1.09008,3190000,1000000
2019-11-05 15:01:07.213000,1.09009,1.09007,3320000,1000000
2019-11-05 15:01:07.388000,1.09011,1.0901,1000000,1690000
2019-11-05 15:01:07.491000,1.09011,1.09009,1000000,2560000
2019-11-05 15:01:08.099000,1.09012,1.09011,1200000,1000000
2019-11-05 15:01:08.201000,1.09012,1.09011,1250000,1120000
2019-11-05 15:01:08.302000,1.0901,1.09009,1000000,1000000
2019-11-05 15:01:08.403000,1.09011,1.09009,3190000,1000000
2019-11-05 15:01:08.656000,1.09012,1.0901,1040000,1310000
2019-11-05 15:01:08.757000,1.09012,1.09011,3000000,1120000
2019-11-05 15:01:09.313000,1.09011,1.0901,1000000,1690000
2019-11-05 15:01:09.464000,1.09012,1.0901,1250000,1810000
2019-11-05 15:01:09.568000,1.0902,1.09018,1500000,1620000
2019-11-05 15:01:09.621000,1.09019,1.09017,2250000,1690000
2019-11-05 15:01:09.727000,1.09017,1.09016,1000000,1690000
2019-11-05 15:01:09.880000,1.09017,1.09014,1500000,1250000
2019-11-05 15:01:09.935000,1.09016,1.09014,1000000,2060000
2019-11-05 15:01:09.986000,1.09017,1.09014,4500000,2120000
2019-11-05 15:01:10.209000,1.09016,1.09014,1000000,1370000
2019-11-05 15:01:10.582000,1.09016,1.09014,1000000,1120000
2019-11-05 15:01:10.633000,1.09017,1.09015,1000000,1000000
2019-11-05 15:01:10.734000,1.09017,1.09015,1000000,2250000
2019-11-05 15:01:10.836000,1.09018,1.09017,1000000,1120000
2019-11-05 15:01:10.938000,1.09019,1.09016,3190000,1250000
2019-11-05 15:01:11.118000,1.09019,1.09016,3000000,1000000
2019-11-05 15:01:11.220000,1.09018,1.09016,1370000,1000000
2019-11-05 15:01:11.524000,1.09019,1.09016,4000000,1120000
2019-11-05 15:01:11.641000,1.0902,1.09016,2060000,1370000
2019-11-05 15:01:12.298000,1.09021,1.0902,1120000,1500000
2019-11-05 15:01:12.372000,1.09023,1.09022,1250000,1000000
2019-11-05 15:01:12.423000,1.09023,1.0902,2120000,2700000
2019-11-05 15:01:12.525000,1.09022,1.09018,3000000,1500000
2019-11-05 15:01:12.677000,1.09023,1.09021,1000000,1000000
2019-11-05 15:01:12.879000,1.09025,1.09023,2120000,1000000
2019-11-05 15:01:13.106000,1.09023,1.09021,3560000,1000000
2019-11-05 15:01:13.157000,1.09022,1.0902,1000000,1250000
2019-11-05 15:01:13.306000,1.09022,1.09019,1250000,1310000
2019-11-05 15:01:13.408000,1.09022,1.09019,2120000,1000000
2019-11-05 15:01:13.509000,1.09023,1.0902,1250000,2440000
2019-11-05 15:01:13.560000,1.09023,1.09021,1000000,1750000
2019-11-05 15:01:13.661000,1.09025,1.09021,1720000,2570000
2019-11-05 15:01:13.795000,1.09024,1.09021,1210000,2440000
2019-11-05 15:01:13.896000,1.09025,1.09021,1250000,2570000
2019-11-05 15:01:14.012000,1.09026,1.09021,3320000,4120000
2019-11-05 15:01:14.511000,1.09024,1.09021,1500000,1870000
2019-11-05 15:01:14.612000,1.09024,1.09021,5440000,1310000
2019-11-05 15:01:14.746000,1.09025,1.09021,2560000,1450000
2019-11-05 15:01:14.847000,1.09026,1.09021,1870000,3450000
2019-11-05 15:01:15.150000,1.09024,1.09021,1250000,2940000
2019-11-05 15:01:15.278000,1.09025,1.09021,1120000,3450000
2019-11-05 15:01:15.632000,1.09024,1.09021,2250000,3450000
2019-11-05 15:01:15.757000,1.09023,1.09021,3370000,1010000
2019-11-05 15:01:15.858000,1.09022,1.09019,1310000,1310000
2019-11-05 15:01:15.959000,1.0902,1.09018,2620000,1200000
2019-11-05 15:01:16.061000,1.09022,1.09019,2940000,1250000
2019-11-05 15:01:16.162000,1.09022,1.0902,1120000,1250000
2019-11-05 15:01:16.384000,1.09023,1.0902,1250000,1750000
2019-11-05 15:01:16.485000,1.09024,1.09021,1750000,1250000
2019-11-05 15:01:16.637000,1.09023,1.09021,1750000,1250000
2019-11-05 15:01:16.739000,1.09024,1.09022,1500000,1450000
2019-11-05 15:01:16.790000,1.09027,1.09025,5500000,1000000
2019-11-05 15:01:16.892000,1.09027,1.09025,1000000,1870000
2019-11-05 15:01:16.995000,1.09028,1.09024,5310000,1870000
2019-11-05 15:01:17.096000,1.09028,1.09026,1860000,1000000
2019-11-05 15:01:17.173000,1.0903,1.09028,2250000,1870000
2019-11-05 15:01:17.224000,1.09023,1.09019,2620000,1000000
2019-11-05 15:01:17.275000,1.09028,1.09026,1690000,1000000
2019-11-05 15:01:17.326000,1.0903,1.09027,11020000,1000000
2019-11-05 15:01:17.391000,1.0903,1.09028,1000000,1250000
2019-11-05 15:01:17.445000,1.09031,1.09029,2440000,1250000
2019-11-05 15:01:17.641000,1.09031,1.09029,4000000,1000000
2019-11-05 15:01:18.001000,1.09028,1.09026,2750000,1000000
2019-11-05 15:01:18.052000,1.09027,1.09025,4370000,2250000
2019-11-05 15:01:18.108000,1.09026,1.09023,1310000,1310000
2019-11-05 15:01:18.159000,1.09024,1.09021,2120000,1310000
2019-11-05 15:01:18.664000,1.09022,1.09019,1250000,3370000
2019-11-05 15:01:18.816000,1.09024,1.09021,1950000,1310000
2019-11-05 15:01:18.968000,1.09025,1.0902,2560000,3760000
2019-11-05 15:01:19.099000,1.09026,1.09022,4200000,1250000
2019-11-05 15:01:19.629000,1.09027,1.09024,3070000,1000000
2019-11-05 15:01:19.731000,1.09027,1.09024,1310000,1870000
2019-11-05 15:01:19.832000,1.09027,1.09024,1750000,1250000
2019-11-05 15:01:19.985000,1.0903,1.09027,3250000,1120000
2019-11-05 15:01:20.130000,1.09029,1.09026,1750000,1810000
2019-11-05 15:01:20.384000,1.09029,1.09026,2440000,3370000
2019-11-05 15:01:20.435000,1.0903,1.09028,1250000,1000000
2019-11-05 15:01:20.542000,1.0903,1.09028,3190000,1000000
2019-11-05 15:01:20.645000,1.09031,1.09028,1050000,1250000
2019-11-05 15:01:20.980000,1.0903,1.09028,1000000,1250000
2019-11-05 15:01:21.190000,1.09031,1.09029,1000000,1870000
2019-11-05 15:01:21.291000,1.09032,1.0903,1870000,1250000
2019-11-05 15:01:21.342000,1.09033,1.0903,1750000,2950000
2019-11-05 15:01:21.618000,1.09031,1.09029,1690000,1000000
2019-11-05 15:01:21.769000,1.09031,1.09029,1000000,1310000
2019-11-05 15:01:22.115000,1.09031,1.09029,1000000,1370000
2019-11-05 15:01:22.219000,1.09031,1.09028,2250000,1870000
2019-11-05 15:01:22.422000,1.09031,1.09028,2060000,1690000
2019-11-05 15:01:22.624000,1.09032,1.0903,1000000,1370000
2019-11-05 15:01:22.726000,1.09034,1.09031,3330000,2500000
2019-11-05 15:01:22.827000,1.09034,1.09032,1080000,1250000
2019-11-05 15:01:22.929000,1.09035,1.09033,1000000,1310000
2019-11-05 15:01:23.031000,1.09036,1.09033,2510000,1310000
2019-11-05 15:01:23.207000,1.09035,1.09032,1250000,4120000
2019-11-05 15:01:23.952000,1.09035,1.09032,2500000,1810000
2019-11-05 15:01:24.155000,1.09035,1.09032,1250000,2620000
2019-11-05 15:01:24.409000,1.09035,1.09032,1750000,2620000
2019-11-05 15:01:24.510000,1.09033,1.09031,2250000,1870000
2019-11-05 15:01:25.130000,1.09033,1.0903,4370000,1120000
2019-11-05 15:01:25.261000,1.09033,1.0903,1500000,3450000
2019-11-05 15:01:25.414000,1.09033,1.09031,1690000,1250000
2019-11-05 15:01:25.624000,1.09035,1.09033,1120000,1750000
2019-11-05 15:01:25.953000,1.09036,1.09033,1120000,2870000
2019-11-05 15:01:26.055000,1.09034,1.09032,1120000,3250000
2019-11-05 15:01:26.252000,1.09036,1.09033,4370000,1870000
2019-11-05 15:01:26.353000,1.09036,1.09033,1690000,2560000
2019-11-05 15:01:26.511000,1.09036,1.09035,1690000,1000000
2019-11-05 15:01:26.660000,1.09038,1.09036,3070000,1120000
2019-11-05 15:01:26.714000,1.09042,1.09039,4000000,3000000
2019-11-05 15:01:26.765000,1.09043,1.09041,1750000,1870000
2019-11-05 15:01:26.866000,1.09043,1.09041,1000000,1810000
2019-11-05 15:01:27.390000,1.09043,1.09041,1690000,1690000
2019-11-05 15:01:27.897000,1.09044,1.09041,3940000,1690000
2019-11-05 15:01:28.077000,1.09043,1.09041,1000000,1690000
2019-11-05 15:01:28.519000,1.09044,1.09041,4690000,1250000
2019-11-05 15:01:28.570000,1.09042,1.0904,1000000,1750000
2019-11-05 15:01:28.974000,1.09044,1.09043,1500000,1000000
2019-11-05 15:01:29.104000,1.09045,1.09042,3120000,1250000
2019-11-05 15:01:29.508000,1.09045,1.09042,3370000,1000000
2019-11-05 15:01:29.609000,1.09045,1.09042,1810000,1000000
2019-11-05 15:01:30.075000,1.09044,1.09042,2870000,1000000
2019-11-05 15:01:30.321000,1.09042,1.09041,1000000,1250000
2019-11-05 15:01:30.422000,1.09042,1.0904,1250000,1000000
2019-11-05 15:01:30.473000,1.09043,1.0904,3190000,1750000
2019-11-05 15:01:30.878000,1.09043,1.09042,1000000,1690000
2019-11-05 15:01:31.030000,1.09044,1.09042,1310000,1500000
2019-11-05 15:01:31.132000,1.09044,1.0904,2500000,5600000
2019-11-05 15:01:31.279000,1.09043,1.0904,1250000,3260000
2019-11-05 15:01:31.381000,1.09042,1.0904,3620000,1000000
2019-11-05 15:01:31.584000,1.09042,1.0904,1120000,1250000
2019-11-05 15:01:31.686000,1.09043,1.0904,2860000,1750000
2019-11-05 15:01:31.984000,1.09041,1.0904,1000000,1250000
2019-11-05 15:01:32.667000,1.0904,1.09037,2250000,3470000
2019-11-05 15:01:32.769000,1.09039,1.09037,1000000,1250000
2019-11-05 15:01:32.870000,1.0904,1.09037,2120000,1000000
2019-11-05 15:01:33.022000,1.09038,1.09036,2060000,2320000
2019-11-05 15:01:33.073000,1.09034,1.09032,2500000,2320000
2019-11-05 15:01:33.176000,1.09032,1.0903,1310000,1690000
2019-11-05 15:01:33.365000,1.0903,1.09027,2560000,2810000
2019-11-05 15:01:33.820000,1.09028,1.09026,3120000,1000000
2019-11-05 15:01:33.872000,1.09027,1.09023,2810000,1450000
2019-11-05 15:01:33.973000,1.09026,1.09022,2440000,4120000
2019-11-05 15:01:34.227000,1.09026,1.09022,3250000,3310000
2019-11-05 15:01:34.334000,1.09026,1.09022,4000000,2810000
2019-11-05 15:01:35.178000,1.09023,1.0902,3940000,1350000
2019-11-05 15:01:35.279000,1.09021,1.09019,1000000,1370000
2019-11-05 15:01:35.517000,1.09022,1.09019,1690000,1250000
2019-11-05 15:01:35.618000,1.09023,1.09021,1870000,1690000
2019-11-05 15:01:35.719000,1.09025,1.09024,1120000,2700000
2019-11-05 15:01:35.821000,1.09027,1.09024,2060000,1310000
2019-11-05 15:01:35.932000,1.09026,1.09024,1250000,1120000
2019-11-05 15:01:36.033000,1.09026,1.09022,3620000,2060000
2019-11-05 15:01:36.437000,1.09024,1.09022,1000000,1310000
2019-11-05 15:01:36.740000,1.09022,1.0902,1000000,1810000
2019-11-05 15:01:36.841000,1.09021,1.09017,4670000,2190000
2019-11-05 15:01:36.943000,1.09021,1.09017,1950000,8070000
2019-11-05 15:01:37.044000,1.09021,1.09019,1950000,1000000
2019-11-05 15:01:37.620000,1.09021,1.09018,2330000,1000000
2019-11-05 15:01:37.722000,1.09021,1.09019,2780000,1250000
2019-11-05 15:01:37.823000,1.09021,1.09019,1950000,1250000
2019-11-05 15:01:38.127000,1.09022,1.0902,1120000,1750000
2019-11-05 15:01:38.916000,1.09024,1.09021,2570000,1690000
2019-11-05 15:01:39.300000,1.09024,1.09022,1750000,1000000
2019-11-05 15:01:39.584000,1.09025,1.09022,1570000,2440000
2019-11-05 15:01:40.028000,1.09026,1.09022,1760000,2810000
2019-11-05 15:01:40.230000,1.09026,1.09023,1690000,1000000
2019-11-05 15:01:40.846000,1.09026,1.09022,1690000,2810000
2019-11-05 15:01:41.617000,1.09027,1.09025,1500000,1690000
2019-11-05 15:01:41.743000,1.09026,1.09023,2060000,1250000
2019-11-05 15:01:42.463000,1.09028,1.09026,2510000,1250000
2019-11-05 15:01:42.565000,1.09029,1.09027,1000000,1250000
2019-11-05 15:01:42.667000,1.09028,1.09026,1000000,1250000
2019-11-05 15:01:42.819000,1.09027,1.09024,1000000,2060000
2019-11-05 15:01:43.073000,1.09026,1.09023,1000000,1370000
2019-11-05 15:01:43.326000,1.09026,1.09023,1120000,1310000
2019-11-05 15:01:44.358000,1.09025,1.09023,1250000,1000000
2019-11-05 15:01:44.460000,1.09025,1.09022,1000000,1000000
2019-11-05 15:01:44.816000,1.09027,1.09025,1000000,1200000
2019-11-05 15:01:44.907000,1.0903,1.09028,2490000,1000000
2019-11-05 15:01:45.008000,1.0903,1.09028,1310000,1000000
2019-11-05 15:01:45.109000,1.09029,1.09027,1000000,1250000
2019-11-05 15:01:45.261000,1.0903,1.09029,1120000,1000000
2019-11-05 15:01:45.620000,1.0903,1.09028,1120000,1250000
2019-11-05 15:01:48.054000,1.0903,1.09027,1000000,1870000
2019-11-05 15:01:48.178000,1.0903,1.09027,1000000,1810000
2019-11-05 15:01:49.014000,1.09032,1.0903,1570000,2870000
2019-11-05 15:01:49.115000,1.09033,1.09031,1250000,1310000
2019-11-05 15:01:49.217000,1.09032,1.09031,1000000,1310000
2019-11-05 15:01:49.318000,1.09033,1.09031,1120000,1250000
2019-11-05 15:01:49.434000,1.09034,1.09031,2060000,3310000
2019-11-05 15:01:49.687000,1.09034,1.09032,1250000,2440000
2019-11-05 15:01:49.789000,1.09034,1.09033,1250000,1000000
2019-11-05 15:01:49.978000,1.09032,1.09029,1100000,1370000
2019-11-05 15:01:50.029000,1.09032,1.09028,4450000,1310000
2019-11-05 15:01:50.399000,1.0903,1.09027,1000000,2320000
2019-11-05 15:01:50.578000,1.09032,1.09029,2200000,2060000
2019-11-05 15:01:50.679000,1.09032,1.09029,1000000,1120000
2019-11-05 15:01:50.883000,1.09032,1.09028,1000000,2060000
2019-11-05 15:01:51.035000,1.09032,1.09028,2870000,1310000
2019-11-05 15:01:51.455000,1.0903,1.09027,4000000,1250000
2019-11-05 15:01:51.557000,1.09029,1.09025,1750000,4120000
2019-11-05 15:01:51.659000,1.09029,1.09027,1750000,1000000
2019-11-05 15:01:51.761000,1.09028,1.09026,1250000,1310000
2019-11-05 15:01:51.872000,1.09029,1.09027,1250000,2060000
2019-11-05 15:01:52.076000,1.0903,1.09028,2810000,1120000
2019-11-05 15:01:52.178000,1.09029,1.09026,1250000,2060000
2019-11-05 15:01:52.279000,1.09029,1.09026,1250000,2560000
2019-11-05 15:01:52.432000,1.0903,1.09028,1250000,1000000
2019-11-05 15:01:52.533000,1.0903,1.09028,2500000,1000000
2019-11-05 15:01:52.887000,1.0903,1.09028,2440000,1120000
2019-11-05 15:01:53.415000,1.09031,1.09028,1310000,1310000
2019-11-05 15:01:53.785000,1.0903,1.09028,1000000,1310000
2019-11-05 15:01:53.959000,1.0903,1.09027,4370000,3940000
2019-11-05 15:01:55.066000,1.09031,1.09028,4700000,1750000
2019-11-05 15:01:55.413000,1.09032,1.0903,3750000,1250000
2019-11-05 15:01:55.515000,1.09031,1.09029,3750000,2120000
2019-11-05 15:01:55.617000,1.09031,1.09029,4500000,1310000
2019-11-05 15:01:56.328000,1.09034,1.09032,1750000,1000000
2019-11-05 15:01:56.429000,1.09035,1.09034,1120000,1250000
2019-11-05 15:01:56.480000,1.09032,1.09031,1500000,1500000
2019-11-05 15:01:56.632000,1.09032,1.0903,3000000,2810000
2019-11-05 15:01:56.785000,1.09032,1.09029,3560000,1250000
2019-11-05 15:01:56.888000,1.09031,1.09029,2250000,1250000
2019-11-05 15:01:57.081000,1.09032,1.09029,3640000,1250000
2019-11-05 15:01:57.132000,1.09032,1.0903,3370000,1250000
2019-11-05 15:01:57.182000,1.09032,1.09029,3560000,1250000
2019-11-05 15:01:57.334000,1.09031,1.09028,1310000,1750000
2019-11-05 15:01:57.436000,1.09032,1.09028,4870000,1250000
2019-11-05 15:01:57.893000,1.09032,1.0903,3450000,1250000
2019-11-05 15:01:58.027000,1.09032,1.09029,3000000,4810000
2019-11-05 15:01:58.129000,1.09031,1.09029,1000000,2190000
2019-11-05 15:01:58.230000,1.09033,1.09031,2290000,2440000
2019-11-05 15:01:58.282000,1.09035,1.09033,5440000,1000000
2019-11-05 15:01:58.425000,1.09035,1.09033,1690000,1690000
2019-11-05 15:01:59.197000,1.09036,1.09033,3940000,2060000
2019-11-05 15:01:59.551000,1.09037,1.09036,2700000,1000000
2019-11-05 15:01:59.661000,1.09039,1.09038,1000000,1500000
2019-11-05 15:01:59.712000,1.09038,1.09036,1000000,4000000
2019-11-05 15:01:59.763000,1.09039,1.09038,1310000,1000000
2019-11-05 15:01:59.921000,1.09041,1.09039,4990000,1000000
2019-11-05 15:02:00.089000,1.0904,1.09039,1250000,1500000
2019-11-05 15:02:00.342000,1.0904,1.09038,1250000,4870000
2019-11-05 15:02:00.544000,1.09041,1.09038,4000000,3870000
2019-11-05 15:02:00.758000,1.09041,1.09038,2500000,3000000
2019-11-05 15:02:00.909000,1.09041,1.09039,1690000,1250000
2019-11-05 15:02:01.112000,1.0904,1.09039,1250000,1000000
2019-11-05 15:02:01.217000,1.0904,1.09038,1250000,3940000
2019-11-05 15:02:01.322000,1.09041,1.09038,6040000,4750000
2019-11-05 15:02:01.474000,1.09041,1.09038,2140000,5500000
2019-11-05 15:02:02.047000,1.0904,1.09039,1000000,2250000
2019-11-05 15:02:02.148000,1.09042,1.0904,1470000,1870000
2019-11-05 15:02:02.251000,1.09041,1.0904,1000000,3560000
2019-11-05 15:02:02.353000,1.09043,1.0904,5570000,1000000
2019-11-05 15:02:02.489000,1.09042,1.09039,1150000,2060000
2019-11-05 15:02:02.697000,1.09042,1.09039,1090000,2810000
2019-11-05 15:02:02.798000,1.09043,1.0904,4470000,1000000
2019-11-05 15:02:02.944000,1.09043,1.09039,4470000,2810000
2019-11-05 15:02:03.688000,1.09043,1.09039,2560000,2500000
2019-11-05 15:02:03.841000,1.09043,1.09041,1120000,1250000
2019-11-05 15:02:04.142000,1.09043,1.0904,2060000,1250000
2019-11-05 15:02:05.444000,1.09043,1.09041,1120000,1250000
2019-11-05 15:02:05.563000,1.09043,1.0904,1690000,1690000
2019-11-05 15:02:06.700000,1.0904,1.09038,2440000,1950000
2019-11-05 15:02:06.801000,1.09039,1.09036,4810000,1690000
2019-11-05 15:02:06.919000,1.09037,1.09035,1870000,1250000
2019-11-05 15:02:07.172000,1.09037,1.09034,2060000,2060000
2019-11-05 15:02:07.324000,1.09036,1.09034,3250000,1000000
2019-11-05 15:02:07.459000,1.09035,1.09033,4060000,1000000
2019-11-05 15:02:07.510000,1.09034,1.09031,1120000,1250000
2019-11-05 15:02:07.612000,1.09034,1.09031,1120000,2940000
2019-11-05 15:02:07.765000,1.09035,1.09033,2560000,1000000
2019-11-05 15:02:07.867000,1.09035,1.09032,2560000,1120000
2019-11-05 15:02:08.013000,1.09032,1.0903,1500000,1250000
2019-11-05 15:02:08.114000,1.09033,1.0903,3310000,2500000
2019-11-05 15:02:08.216000,1.09032,1.09028,2060000,2870000
2019-11-05 15:02:08.317000,1.0903,1.09027,2500000,2810000
2019-11-05 15:02:08.422000,1.09029,1.09027,1250000,1000000
2019-11-05 15:02:08.877000,1.0903,1.09027,3190000,2060000
2019-11-05 15:02:08.928000,1.0903,1.09029,1690000,1000000
2019-11-05 15:02:08.979000,1.09035,1.09033,3250000,1500000
2019-11-05 15:02:09.081000,1.09031,1.0903,1250000,1200000
2019-11-05 15:02:09.132000,1.0903,1.09029,1000000,3750000
2019-11-05 15:02:09.183000,1.09029,1.09027,3940000,1390000
2019-11-05 15:02:09.393000,1.09028,1.09026,1000000,1690000
2019-11-05 15:02:09.495000,1.09028,1.09026,1250000,1310000
2019-11-05 15:02:09.546000,1.0903,1.09027,1570000,1000000
2019-11-05 15:02:09.648000,1.09028,1.09027,1000000,1250000
2019-11-05 15:02:09.749000,1.09029,1.09026,2620000,3560000
2019-11-05 15:02:09.901000,1.09028,1.09026,1250000,2440000
2019-11-05 15:02:10.033000,1.09028,1.09026,1000000,2120000
2019-11-05 15:02:10.185000,1.09028,1.09026,1000000,3560000
2019-11-05 15:02:10.286000,1.09028,1.09026,1000000,3310000
2019-11-05 15:02:10.387000,1.09028,1.09026,1250000,1250000
2019-11-05 15:02:10.492000,1.09028,1.09026,1000000,3450000
2019-11-05 15:02:10.897000,1.0903,1.09028,3750000,2500000
2019-11-05 15:02:10.948000,1.09029,1.09027,3940000,1370000
2019-11-05 15:02:11.060000,1.09031,1.09029,1690000,2810000
2019-11-05 15:02:11.111000,1.09033,1.09031,1540000,3250000
2019-11-05 15:02:11.163000,1.09035,1.09033,3000000,1690000
2019-11-05 15:02:11.264000,1.09035,1.09032,1690000,3560000
2019-11-05 15:02:11.366000,1.09034,1.09031,3000000,1750000
2019-11-05 15:02:11.500000,1.09035,1.09032,4690000,1310000
2019-11-05 15:02:12.157000,1.09035,1.09032,1500000,1370000
2019-11-05 15:02:12.473000,1.09034,1.09032,1250000,1310000
2019-11-05 15:02:12.574000,1.09033,1.09031,1000000,2250000
2019-11-05 15:02:14.509000,1.09032,1.0903,1250000,1890000
2019-11-05 15:02:14.643000,1.09031,1.09029,1250000,1220000
2019-11-05 15:02:14.694000,1.09031,1.09028,3940000,2510000
2019-11-05 15:02:14.798000,1.0903,1.09028,1000000,2140000
2019-11-05 15:02:14.899000,1.09029,1.09028,1000000,1870000
2019-11-05 15:02:15.052000,1.09027,1.09026,1000000,1000000
2019-11-05 15:02:15.164000,1.09027,1.09025,1000000,2500000
2019-11-05 15:02:15.215000,1.09029,1.09026,5440000,1750000
2019-11-05 15:02:17.037000,1.09029,1.09026,3940000,2890000
2019-11-05 15:02:17.139000,1.09027,1.09026,3000000,1250000
2019-11-05 15:02:17.190000,1.09027,1.09024,3750000,1310000
2019-11-05 15:02:17.292000,1.09028,1.09025,1000000,2870000
2019-11-05 15:02:17.696000,1.09028,1.09027,1000000,1250000
2019-11-05 15:02:17.799000,1.09028,1.09026,1000000,1100000
2019-11-05 15:02:18.135000,1.09028,1.09027,1000000,1250000
2019-11-05 15:02:18.286000,1.09028,1.09026,1000000,1760000
2019-11-05 15:02:18.480000,1.09027,1.09025,3250000,1760000
2019-11-05 15:02:18.581000,1.09026,1.09024,1000000,1250000
2019-11-05 15:02:18.783000,1.09026,1.09023,4870000,1250000
2019-11-05 15:02:18.884000,1.09025,1.09022,2250000,1750000
2019-11-05 15:02:18.995000,1.09024,1.09022,1250000,1310000
2019-11-05 15:02:19.097000,1.09025,1.09022,3370000,3190000
2019-11-05 15:02:19.807000,1.09024,1.09022,2250000,1690000
2019-11-05 15:02:19.960000,1.09023,1.09021,3000000,1010000
2019-11-05 15:02:20.061000,1.09023,1.09022,1000000,1250000
2019-11-05 15:02:20.353000,1.09023,1.09021,1000000,1250000
2019-11-05 15:02:20.454000,1.09024,1.09022,1870000,1250000
2019-11-05 15:02:21.189000,1.09025,1.09021,3370000,1870000
2019-11-05 15:02:21.618000,1.09024,1.09021,2250000,1870000
2019-11-05 15:02:21.821000,1.09024,1.0902,3750000,1820000
2019-11-05 15:02:21.973000,1.09023,1.0902,2250000,2870000
2019-11-05 15:02:22.139000,1.09024,1.09021,3370000,1250000
2019-11-05 15:02:22.291000,1.09024,1.0902,3560000,3820000
2019-11-05 15:02:22.393000,1.09022,1.0902,1000000,1750000
2019-11-05 15:02:22.494000,1.09021,1.09018,3000000,2560000
2019-11-05 15:02:22.595000,1.0902,1.09017,1000000,2010000
2019-11-05 15:02:22.697000,1.0902,1.09017,1000000,1810000
2019-11-05 15:02:22.849000,1.09019,1.09015,2250000,5620000
2019-11-05 15:02:23.001000,1.09018,1.09016,1000000,1250000
2019-11-05 15:02:23.102000,1.09018,1.09015,1000000,2620000
2019-11-05 15:02:23.247000,1.09018,1.09015,1000000,3620000
2019-11-05 15:02:23.976000,1.09017,1.09015,1000000,2120000
2019-11-05 15:02:26.658000,1.0902,1.09018,3450000,1000000
2019-11-05 15:02:26.759000,1.0902,1.09018,5440000,1000000
2019-11-05 15:02:27.314000,1.09022,1.09019,3320000,2250000
2019-11-05 15:02:27.416000,1.09022,1.0902,1200000,1250000
2019-11-05 15:02:27.933000,1.09024,1.09022,8490000,1250000
2019-11-05 15:02:28.048000,1.0903,1.09026,11590000,1500000
2019-11-05 15:02:28.150000,1.09033,1.09031,1000000,1500000
2019-11-05 15:02:28.313000,1.09032,1.09028,1870000,4650000
2019-11-05 15:02:28.484000,1.09032,1.09028,2810000,3000000
2019-11-05 15:02:29.656000,1.09032,1.0903,2810000,1000000
2019-11-05 15:02:29.757000,1.09033,1.09032,2440000,1000000
2019-11-05 15:02:29.858000,1.09035,1.09033,3560000,1250000
2019-11-05 15:02:30.052000,1.09036,1.09033,1910000,2810000
2019-11-05 15:02:30.495000,1.09037,1.09034,3370000,1000000
2019-11-05 15:02:30.596000,1.09037,1.09035,3370000,1000000
2019-11-05 15:02:30.698000,1.09037,1.09034,1810000,1250000
2019-11-05 15:02:30.748000,1.0904,1.09039,1000000,1250000
2019-11-05 15:02:30.799000,1.09041,1.0904,1250000,1500000
2019-11-05 15:02:30.901000,1.09042,1.0904,1000000,2060000
2019-11-05 15:02:31.002000,1.09043,1.0904,3260000,1310000
2019-11-05 15:02:31.290000,1.09044,1.09041,7450000,1250000
2019-11-05 15:02:31.543000,1.09044,1.0904,5700000,1250000
2019-11-05 15:02:31.645000,1.09043,1.0904,1750000,1250000
2019-11-05 15:02:31.962000,1.09039,1.09038,1250000,1120000
2019-11-05 15:02:32.013000,1.09041,1.09038,4130000,1120000
2019-11-05 15:02:32.114000,1.09042,1.09039,1000000,1500000
2019-11-05 15:02:32.216000,1.09042,1.0904,1000000,1750000
2019-11-05 15:02:32.266000,1.09043,1.0904,3190000,1250000
2019-11-05 15:02:32.418000,1.09043,1.0904,1570000,2000000
2019-11-05 15:02:32.531000,1.09045,1.09044,1100000,1250000
2019-11-05 15:02:32.662000,1.09046,1.09043,3390000,1250000
2019-11-05 15:02:32.778000,1.09046,1.09042,2500000,3190000
2019-11-05 15:02:32.931000,1.09047,1.09044,1870000,2500000
2019-11-05 15:02:33.033000,1.09048,1.09044,3190000,2120000
2019-11-05 15:02:33.236000,1.09048,1.09045,1010000,2120000
2019-11-05 15:02:33.454000,1.09049,1.09046,2620000,1310000
2019-11-05 15:02:33.505000,1.0905,1.09048,1010000,1120000
2019-11-05 15:02:33.608000,1.09052,1.0905,1750000,1500000
2019-11-05 15:02:33.710000,1.0905,1.09048,1310000,1000000
2019-11-05 15:02:33.819000,1.09051,1.09049,1510000,1250000
2019-11-05 15:02:33.920000,1.09051,1.09049,1310000,1690000
2019-11-05 15:02:34.123000,1.09049,1.09047,1250000,1250000
2019-11-05 15:02:34.529000,1.09051,1.09048,1250000,2870000
2019-11-05 15:02:34.627000,1.09053,1.0905,1760000,3190000
2019-11-05 15:02:34.679000,1.09055,1.09054,1950000,1000000
2019-11-05 15:02:34.730000,1.09061,1.09057,12690000,2500000
2019-11-05 15:02:34.832000,1.09059,1.09058,1250000,1000000
2019-11-05 15:02:34.984000,1.09059,1.09055,4070000,4510000
2019-11-05 15:02:35.136000,1.09056,1.09055,1500000,1000000
2019-11-05 15:02:35.239000,1.09055,1.09053,4690000,1000000
2019-11-05 15:02:35.341000,1.09054,1.09052,1750000,1000000
2019-11-05 15:02:35.493000,1.09052,1.09051,1000000,1120000
2019-11-05 15:02:35.548000,1.09049,1.09047,1750000,1000000
2019-11-05 15:02:35.751000,1.09052,1.09051,1200000,1250000
2019-11-05 15:02:35.853000,1.09054,1.09051,2620000,1690000
2019-11-05 15:02:36.251000,1.09054,1.09051,1620000,2120000
2019-11-05 15:02:36.353000,1.09054,1.09052,1250000,1000000
2019-11-05 15:02:36.404000,1.09056,1.09052,2950000,1250000
2019-11-05 15:02:36.556000,1.09054,1.09052,1250000,1000000
2019-11-05 15:02:36.709000,1.09055,1.09051,5250000,2440000
2019-11-05 15:02:36.810000,1.09055,1.09051,1000000,2640000
2019-11-05 15:02:37.241000,1.09055,1.09053,1000000,1000000
2019-11-05 15:02:37.292000,1.09057,1.09054,1620000,2500000
2019-11-05 15:02:37.394000,1.09057,1.09053,2270000,4060000
2019-11-05 15:02:37.496000,1.09056,1.09053,2720000,1000000
2019-11-05 15:02:37.597000,1.09054,1.09052,1250000,1120000
2019-11-05 15:02:37.698000,1.09056,1.09054,3750000,2450000
2019-11-05 15:02:37.799000,1.09059,1.09055,2890000,1750000
2019-11-05 15:02:37.901000,1.09058,1.09056,1300000,1000000
2019-11-05 15:02:38.002000,1.09058,1.09055,2600000,1000000
2019-11-05 15:02:38.115000,1.09056,1.09054,1690000,1000000
2019-11-05 15:02:38.216000,1.09057,1.09053,1250000,2120000
2019-11-05 15:02:38.621000,1.09055,1.09053,1000000,2060000
2019-11-05 15:02:38.722000,1.09054,1.09051,1250000,1370000
2019-11-05 15:02:38.926000,1.09053,1.0905,3000000,1870000
2019-11-05 15:02:39.027000,1.0905,1.09049,1500000,1120000
2019-11-05 15:02:39.116000,1.0905,1.09047,1870000,1250000
2019-11-05 15:02:39.622000,1.09049,1.09047,1250000,1000000
2019-11-05 15:02:39.725000,1.09049,1.09046,2500000,2060000
2019-11-05 15:02:40.182000,1.09047,1.09045,2200000,2250000
2019-11-05 15:02:40.239000,1.09045,1.09043,2140000,7870000
2019-11-05 15:02:40.291000,1.09044,1.09041,2870000,1250000
2019-11-05 15:02:40.799000,1.09045,1.09043,1000000,1870000
2019-11-05 15:02:40.850000,1.09048,1.09043,3350000,2500000
2019-11-05 15:02:40.901000,1.09048,1.09045,1340000,2120000
2019-11-05 15:02:41.002000,1.09048,1.09045,1270000,3250000
2019-11-05 15:02:41.104000,1.0905,1.09046,3910000,2560000
2019-11-05 15:02:41.155000,1.09051,1.09049,1250000,1000000
2019-11-05 15:02:41.455000,1.09053,1.09051,1100000,1000000
2019-11-05 15:02:41.506000,1.09054,1.09052,1010000,1000000
2019-11-05 15:02:41.607000,1.09055,1.09053,3940000,1000000
2019-11-05 15:02:41.755000,1.09054,1.09053,1310000,1000000
2019-11-05 15:02:41.975000,1.09053,1.09051,1000000,1000000
2019-11-05 15:02:42.077000,1.09053,1.0905,1000000,1000000
2019-11-05 15:02:42.178000,1.09053,1.09051,1000000,1000000
2019-11-05 15:02:42.279000,1.09054,1.09051,3000000,1250000
2019-11-05 15:02:42.583000,1.09052,1.09049,1250000,3370000
2019-11-05 15:02:42.684000,1.09054,1.09051,2620000,1250000
2019-11-05 15:02:43.142000,1.09054,1.09052,2060000,1000000
2019-11-05 15:02:43.342000,1.09056,1.09055,1000000,1000000
2019-11-05 15:02:43.393000,1.09057,1.09055,1760000,1000000
2019-11-05 15:02:43.546000,1.09054,1.09053,1250000,1000000
2019-11-05 15:02:43.648000,1.09055,1.09054,1250000,1000000
2019-11-05 15:02:43.699000,1.09054,1.09053,1250000,1000000
2019-11-05 15:02:44.045000,1.09054,1.09052,2120000,1500000
2019-11-05 15:02:44.299000,1.09056,1.09054,1950000,1000000
2019-11-05 15:02:44.584000,1.09058,1.09056,1000000,1870000
2019-11-05 15:02:44.687000,1.0906,1.09058,5210000,2120000
2019-11-05 15:02:44.788000,1.09062,1.0906,2140000,1000000
2019-11-05 15:02:44.889000,1.09062,1.0906,4210000,1000000
2019-11-05 15:02:45.414000,1.09062,1.0906,1250000,1000000
2019-11-05 15:02:46.020000,1.09063,1.09061,3390000,1250000
2019-11-05 15:02:46.122000,1.09063,1.09061,3640000,1250000
2019-11-05 15:02:46.440000,1.09062,1.09061,1000000,1250000
2019-11-05 15:02:46.541000,1.09062,1.0906,1250000,1250000
2019-11-05 15:02:47.337000,1.09063,1.0906,3460000,1750000
2019-11-05 15:02:47.439000,1.09064,1.09061,2120000,1690000
2019-11-05 15:02:47.541000,1.09065,1.09063,3190000,1500000
2019-11-05 15:02:47.642000,1.09065,1.09064,1000000,1000000
2019-11-05 15:02:47.794000,1.09063,1.09062,1250000,1500000
2019-11-05 15:02:47.845000,1.09064,1.09061,1200000,1870000
2019-11-05 15:02:47.946000,1.09065,1.09062,6010000,1000000
2019-11-05 15:02:48.047000,1.09065,1.09063,2060000,1000000
2019-11-05 15:02:48.351000,1.09062,1.09061,1250000,1000000
2019-11-05 15:02:48.401000,1.09059,1.09057,1000000,2620000
2019-11-05 15:02:48.611000,1.09054,1.09052,1250000,1870000
2019-11-05 15:02:48.712000,1.09053,1.09052,1000000,1000000
2019-11-05 15:02:48.763000,1.09052,1.0905,1000000,1010000
2019-11-05 15:02:48.864000,1.09052,1.09051,1000000,1250000
2019-11-05 15:02:48.966000,1.09053,1.09051,1120000,1690000
2019-11-05 15:02:49.965000,1.09051,1.09048,1690000,4510000
2019-11-05 15:02:50.066000,1.09051,1.09049,1500000,1250000
2019-11-05 15:02:50.117000,1.09051,1.09048,1120000,1310000
2019-11-05 15:02:50.218000,1.09051,1.09049,1120000,1250000
2019-11-05 15:02:50.338000,1.0905,1.09048,2120000,1000000
2019-11-05 15:02:50.440000,1.09048,1.09046,1000000,1870000
2019-11-05 15:02:50.542000,1.09047,1.09045,1120000,1250000
2019-11-05 15:02:50.644000,1.09045,1.09044,1000000,1000000
2019-11-05 15:02:50.695000,1.09043,1.09042,1250000,1100000
2019-11-05 15:02:50.885000,1.09043,1.0904,1000000,1250000
2019-11-05 15:02:50.937000,1.09041,1.09039,1000000,1010000
2019-11-05 15:02:51.040000,1.0904,1.09039,1000000,1250000
2019-11-05 15:02:51.142000,1.0904,1.09036,2440000,2570000
2019-11-05 15:02:51.194000,1.09038,1.09036,1870000,1950000
2019-11-05 15:02:51.367000,1.09038,1.09035,1870000,1250000
2019-11-05 15:02:51.675000,1.09037,1.09034,1120000,1250000
2019-11-05 15:02:52.351000,1.09035,1.09033,2500000,1000000
2019-11-05 15:02:52.453000,1.09033,1.09031,2320000,3560000
2019-11-05 15:02:52.504000,1.09033,1.09029,3450000,1010000
2019-11-05 15:02:53.121000,1.09032,1.09029,1250000,1250000
2019-11-05 15:02:53.476000,1.09033,1.0903,1000000,3370000
2019-11-05 15:02:53.577000,1.09033,1.09032,1000000,1250000
2019-11-05 15:02:53.741000,1.09034,1.09033,1000000,1500000
2019-11-05 15:02:53.843000,1.09037,1.09036,1500000,1690000
2019-11-05 15:02:53.894000,1.09038,1.09035,1500000,1250000
2019-11-05 15:02:53.996000,1.09038,1.09034,2820000,2560000
2019-11-05 15:02:54.098000,1.09037,1.09034,1000000,2560000
2019-11-05 15:02:54.615000,1.09033,1.09032,1000000,2060000
2019-11-05 15:02:54.716000,1.09034,1.0903,1810000,1310000
2019-11-05 15:02:54.817000,1.09033,1.09029,1000000,1750000
2019-11-05 15:02:54.918000,1.09033,1.09029,1250000,2060000
2019-11-05 15:02:54.969000,1.09033,1.09031,1000000,2440000
2019-11-05 15:02:55.020000,1.09034,1.09032,1000000,1310000
2019-11-05 15:02:55.121000,1.09035,1.09032,2060000,3310000
2019-11-05 15:02:55.254000,1.09034,1.09032,1250000,1870000
2019-11-05 15:02:55.557000,1.09037,1.09033,1350000,2120000
2019-11-05 15:02:55.659000,1.09037,1.09033,1310000,4120000
2019-11-05 15:02:56.318000,1.09034,1.09032,1250000,1310000
2019-11-05 15:02:56.420000,1.09036,1.09033,2060000,1310000
2019-11-05 15:02:56.582000,1.09036,1.09033,1120000,2120000
2019-11-05 15:02:56.734000,1.09037,1.09035,1000000,5060000
2019-11-05 15:02:56.886000,1.09037,1.09036,1500000,1250000
2019-11-05 15:02:57.155000,1.09038,1.09036,3000000,1250000
2019-11-05 15:02:57.359000,1.09039,1.09037,1500000,2120000
2019-11-05 15:02:57.460000,1.09039,1.09036,2620000,1500000
2019-11-05 15:02:57.612000,1.0904,1.09037,2060000,1250000
2019-11-05 15:02:57.713000,1.09041,1.09039,2320000,1250000
2019-11-05 15:02:58.033000,1.09042,1.09039,2060000,1690000
2019-11-05 15:02:58.551000,1.0904,1.09037,1750000,1750000
2019-11-05 15:02:58.652000,1.0904,1.09037,2120000,1250000
2019-11-05 15:02:58.753000,1.09038,1.09035,1000000,4870000
2019-11-05 15:02:58.869000,1.09038,1.09034,1810000,3620000
2019-11-05 15:02:59.347000,1.09037,1.09036,1120000,1500000
2019-11-05 15:02:59.408000,1.09039,1.09037,1310000,1750000
2019-11-05 15:02:59.460000,1.09041,1.09038,1310000,3310000
2019-11-05 15:02:59.561000,1.09042,1.09039,1000000,2620000
2019-11-05 15:02:59.865000,1.09042,1.09041,1000000,1310000
2019-11-05 15:02:59.985000,1.09042,1.09039,2440000,1250000
2019-11-05 15:03:00.086000,1.09042,1.09038,2060000,4120000
2019-11-05 15:03:00.239000,1.09042,1.09038,2060000,3470000
2019-11-05 15:03:00.385000,1.09039,1.09038,1000000,1500000
2019-11-05 15:03:00.538000,1.09037,1.09034,1870000,1250000
2019-11-05 15:03:00.588000,1.09038,1.09037,1310000,1000000
2019-11-05 15:03:00.690000,1.0904,1.09038,1000000,2810000
2019-11-05 15:03:00.802000,1.09039,1.09037,1000000,1620000
2019-11-05 15:03:00.904000,1.09039,1.09037,2440000,1500000
2019-11-05 15:03:01.006000,1.0904,1.09038,1000000,2060000
2019-11-05 15:03:01.319000,1.09039,1.09037,1250000,1000000
2019-11-05 15:03:01.421000,1.09037,1.09034,1000000,1370000
2019-11-05 15:03:01.523000,1.09036,1.09032,1120000,3200000
2019-11-05 15:03:01.941000,1.09036,1.09034,1000000,4690000
2019-11-05 15:03:02.194000,1.09035,1.09033,1000000,2620000
2019-11-05 15:03:02.296000,1.09035,1.09033,1000000,2870000
2019-11-05 15:03:02.835000,1.09036,1.09033,1000000,2870000
2019-11-05 15:03:02.936000,1.09035,1.09032,1000000,1250000
2019-11-05 15:03:03.064000,1.09034,1.09031,3190000,1760000
2019-11-05 15:03:03.167000,1.09035,1.09033,1000000,1250000
2019-11-05 15:03:03.218000,1.09037,1.09036,1000000,1250000
2019-11-05 15:03:03.270000,1.09036,1.09033,1120000,3450000
2019-11-05 15:03:03.372000,1.09036,1.09032,1120000,3700000
2019-11-05 15:03:03.533000,1.09035,1.09032,2440000,2810000
2019-11-05 15:03:03.635000,1.09035,1.09033,2810000,1500000
2019-11-05 15:03:04.159000,1.09036,1.09033,1620000,2500000
2019-11-05 15:03:04.261000,1.09036,1.09034,1120000,1690000
2019-11-05 15:03:04.742000,1.09035,1.09033,1000000,2060000
2019-11-05 15:03:04.844000,1.09036,1.09033,1000000,2870000
2019-11-05 15:03:05.148000,1.09035,1.09032,1250000,4440000
2019-11-05 15:03:05.271000,1.09034,1.09032,1000000,2060000
2019-11-05 15:03:05.322000,1.09032,1.09029,1120000,2140000
2019-11-05 15:03:05.373000,1.09032,1.09031,1120000,1250000
2019-11-05 15:03:05.424000,1.09032,1.09029,1120000,1250000
2019-11-05 15:03:05.526000,1.09031,1.09028,1000000,2870000
2019-11-05 15:03:05.577000,1.09032,1.0903,1500000,1250000
2019-11-05 15:03:05.827000,1.0903,1.09027,1000000,1750000
2019-11-05 15:03:05.928000,1.09031,1.09026,2440000,4870000
2019-11-05 15:03:07.174000,1.09031,1.0903,1120000,1000000
2019-11-05 15:03:07.225000,1.09034,1.09032,1950000,1250000
2019-11-05 15:03:07.327000,1.09035,1.09032,2810000,1690000
2019-11-05 15:03:07.428000,1.09034,1.09032,1120000,1690000
2019-11-05 15:03:08.362000,1.09035,1.09032,2440000,3560000
2019-11-05 15:03:08.695000,1.09035,1.09033,1500000,1250000
2019-11-05 15:03:09.927000,1.09035,1.09032,2500000,3560000
2019-11-05 15:03:10.258000,1.09035,1.09033,1500000,2060000
2019-11-05 15:03:10.511000,1.09035,1.09032,2440000,4310000
2019-11-05 15:03:10.658000,1.09035,1.09033,1500000,1250000
2019-11-05 15:03:11.193000,1.09035,1.09032,2440000,5060000
2019-11-05 15:03:11.498000,1.09035,1.09033,1500000,1250000
2019-11-05 15:03:11.600000,1.09035,1.09032,1500000,3370000
2019-11-05 15:03:11.772000,1.09034,1.09031,5560000,3190000
2019-11-05 15:03:11.874000,1.0903,1.09028,1690000,3450000
2019-11-05 15:03:11.975000,1.09029,1.09027,1120000,1500000
2019-11-05 15:03:12.237000,1.09029,1.09026,2060000,3560000
2019-11-05 15:03:12.591000,1.09026,1.09025,2700000,1310000
2019-11-05 15:03:12.664000,1.09024,1.09022,1000000,2500000
2019-11-05 15:03:12.766000,1.09024,1.09021,1250000,4060000
2019-11-05 15:03:12.818000,1.09025,1.09024,2440000,1500000
2019-11-05 15:03:12.870000,1.09028,1.09026,1570000,2620000
2019-11-05 15:03:12.972000,1.09029,1.09027,1690000,1500000
2019-11-05 15:03:13.556000,1.0903,1.09027,2440000,3940000
2019-11-05 15:03:13.658000,1.0903,1.09028,1750000,1500000
2019-11-05 15:03:13.715000,1.09031,1.0903,1100000,2250000
2019-11-05 15:03:13.767000,1.09032,1.0903,1000000,1750000
2019-11-05 15:03:13.823000,1.09032,1.09028,2810000,1690000
2019-11-05 15:03:13.924000,1.09031,1.09028,1120000,1310000
2019-11-05 15:03:14.904000,1.09031,1.09029,1120000,1000000
2019-11-05 15:03:15.031000,1.0903,1.09027,1250000,1390000
2019-11-05 15:03:15.082000,1.09028,1.09026,1000000,1450000
2019-11-05 15:03:15.133000,1.09027,1.09025,1000000,1500000
2019-11-05 15:03:15.386000,1.09029,1.09027,2320000,2690000
2019-11-05 15:03:15.437000,1.0903,1.09028,1250000,1500000
2019-11-05 15:03:15.547000,1.09031,1.09028,1000000,3190000
2019-11-05 15:03:15.800000,1.09031,1.09029,1000000,1000000
2019-11-05 15:03:16.080000,1.09031,1.09028,1000000,2440000
2019-11-05 15:03:16.185000,1.09032,1.09028,1310000,2440000
2019-11-05 15:03:16.438000,1.09033,1.09032,1950000,1500000
2019-11-05 15:03:16.584000,1.09033,1.09032,1000000,1000000
2019-11-05 15:03:16.635000,1.09032,1.0903,1310000,1000000
2019-11-05 15:03:16.737000,1.09032,1.09028,2060000,3620000
2019-11-05 15:03:17.270000,1.0903,1.09027,2250000,1810000
2019-11-05 15:03:17.372000,1.09028,1.09026,1000000,1310000
2019-11-05 15:03:17.727000,1.09029,1.09027,1120000,2810000
2019-11-05 15:03:18.215000,1.09029,1.09028,1120000,1000000
2019-11-05 15:03:18.418000,1.09029,1.09027,1000000,2810000
2019-11-05 15:03:18.620000,1.0903,1.09028,2440000,1000000
2019-11-05 15:03:19.550000,1.09029,1.09026,2500000,1250000
2019-11-05 15:03:19.651000,1.09029,1.09026,1000000,1370000
2019-11-05 15:03:19.752000,1.0903,1.09027,2440000,1250000
2019-11-05 15:03:20.224000,1.0903,1.09028,1250000,1000000
2019-11-05 15:03:20.325000,1.09031,1.09028,1000000,2120000
2019-11-05 15:03:20.489000,1.09031,1.09028,1250000,2060000
2019-11-05 15:03:21.504000,1.09032,1.09029,5620000,1000000
2019-11-05 15:03:22,1.09032,1.09029,2440000,1250000
2019-11-05 15:03:22.799000,1.09031,1.09029,1000000,1250000
2019-11-05 15:03:23.001000,1.09031,1.09028,1690000,2060000
2019-11-05 15:03:23.424000,1.09033,1.0903,2260000,2500000
2019-11-05 15:03:23.526000,1.09032,1.09029,1690000,1870000
2019-11-05 15:03:23.627000,1.09032,1.09029,2870000,1870000
2019-11-05 15:03:24.072000,1.09033,1.0903,1690000,2120000
2019-11-05 15:03:24.224000,1.09033,1.09031,1000000,1750000
2019-11-05 15:03:24.344000,1.09034,1.09032,1160000,1310000
2019-11-05 15:03:24.565000,1.09035,1.09033,2810000,1250000
2019-11-05 15:03:25.122000,1.09034,1.09033,1250000,1000000
2019-11-05 15:03:25.712000,1.09035,1.09033,1310000,1250000
2019-11-05 15:03:26.236000,1.09034,1.09033,1250000,1000000
2019-11-05 15:03:27.169000,1.09035,1.09033,1250000,1310000
2019-11-05 15:03:27.524000,1.09035,1.09033,2120000,1120000
2019-11-05 15:03:27.693000,1.09035,1.09033,1310000,1250000
2019-11-05 15:03:28.910000,1.09033,1.09031,1690000,1310000
2019-11-05 15:03:29.561000,1.09033,1.09029,1250000,3620000
2019-11-05 15:03:29.969000,1.09032,1.0903,1500000,1250000
2019-11-05 15:03:30.223000,1.09033,1.09031,1690000,1690000
2019-11-05 15:03:30.679000,1.09034,1.09032,1250000,2060000
2019-11-05 15:03:30.858000,1.09035,1.09033,1250000,1250000
2019-11-05 15:03:33.282000,1.09034,1.09033,1250000,1000000
2019-11-05 15:03:33.585000,1.09035,1.09033,1310000,1250000
2019-11-05 15:03:33.838000,1.09034,1.09033,1250000,1120000
2019-11-05 15:03:34.041000,1.09035,1.09033,1250000,1310000
2019-11-05 15:03:34.174000,1.09034,1.09033,1250000,1120000
2019-11-05 15:03:34.541000,1.09034,1.09032,1250000,2510000
2019-11-05 15:03:35.228000,1.09034,1.09032,1250000,4810000
2019-11-05 15:03:35.657000,1.09035,1.09032,1250000,6450000
2019-11-05 15:03:35.708000,1.09038,1.09037,2440000,1500000
2019-11-05 15:03:35.827000,1.09038,1.09037,1250000,1120000
2019-11-05 15:03:36.777000,1.09039,1.09036,2120000,3560000
2019-11-05 15:03:37.533000,1.0904,1.09038,1120000,1690000
2019-11-05 15:03:37.736000,1.09041,1.09039,1100000,1250000
2019-11-05 15:03:37.837000,1.09042,1.09039,1120000,3370000
2019-11-05 15:03:37.939000,1.09042,1.09041,1000000,1250000
2019-11-05 15:03:38.040000,1.09043,1.09042,1000000,1000000
2019-11-05 15:03:38.142000,1.09043,1.09041,1000000,4810000
2019-11-05 15:03:38.294000,1.09044,1.09043,1000000,1250000
2019-11-05 15:03:38.400000,1.09044,1.09042,1310000,2250000
2019-11-05 15:03:39.057000,1.09046,1.09042,3450000,2060000
2019-11-05 15:03:39.261000,1.09044,1.09041,1690000,5940000
2019-11-05 15:03:39.362000,1.09044,1.09041,2060000,5440000
2019-11-05 15:03:40.924000,1.09044,1.09042,1120000,1250000
2019-11-05 15:03:41.025000,1.09044,1.09041,2060000,4310000
2019-11-05 15:03:41.545000,1.09044,1.09041,4060000,1690000
2019-11-05 15:03:41.697000,1.09042,1.09041,1000000,1690000
2019-11-05 15:03:41.748000,1.09041,1.09039,1000000,3560000
2019-11-05 15:03:41.974000,1.0904,1.09037,1000000,4870000
2019-11-05 15:03:42.079000,1.09041,1.09038,2810000,1310000
2019-11-05 15:03:42.181000,1.09041,1.09038,1120000,2870000
2019-11-05 15:03:42.384000,1.0904,1.09038,1000000,1810000
2019-11-05 15:03:42.515000,1.09041,1.09038,2060000,2060000
2019-11-05 15:03:42.818000,1.09041,1.09038,1000000,2870000
2019-11-05 15:03:42.970000,1.09041,1.09038,1310000,2060000
2019-11-05 15:03:43.072000,1.09041,1.09038,1370000,1870000
2019-11-05 15:03:43.398000,1.09039,1.09037,2440000,1500000
2019-11-05 15:03:43.500000,1.09038,1.09035,3560000,1690000
2019-11-05 15:03:43.550000,1.09039,1.09036,4620000,2500000
2019-11-05 15:03:43.601000,1.0904,1.09038,1760000,1000000
2019-11-05 15:03:43.754000,1.09042,1.09039,2950000,1120000
2019-11-05 15:03:43.874000,1.09042,1.09039,1260000,2620000
2019-11-05 15:03:43.976000,1.09044,1.0904,4440000,1250000
2019-11-05 15:03:44.027000,1.09041,1.0904,1000000,1000000
2019-11-05 15:03:44.078000,1.09041,1.09039,1000000,3190000
2019-11-05 15:03:44.351000,1.09042,1.09039,1500000,1310000
2019-11-05 15:03:44.604000,1.09041,1.09038,1000000,3190000
2019-11-05 15:03:44.655000,1.09039,1.09037,1000000,1250000
2019-11-05 15:03:44.757000,1.09038,1.09036,1000000,3370000
2019-11-05 15:03:45.073000,1.09038,1.09035,1870000,2440000
2019-11-05 15:03:45.174000,1.09038,1.09035,2000000,1000000
2019-11-05 15:03:46.027000,1.09038,1.09035,2060000,1310000
2019-11-05 15:03:46.582000,1.09038,1.09035,1310000,2120000
2019-11-05 15:03:46.715000,1.09038,1.09035,2870000,1120000
2019-11-05 15:03:47.147000,1.09038,1.09035,2060000,1310000
2019-11-05 15:03:48.471000,1.09039,1.09037,1310000,3190000
2019-11-05 15:03:48.572000,1.09039,1.09037,1250000,3690000
2019-11-05 15:03:48.786000,1.09039,1.09037,1750000,3370000
2019-11-05 15:03:48.837000,1.09039,1.09036,3620000,1690000
2019-11-05 15:03:49.943000,1.09037,1.09035,1500000,1250000
2019-11-05 15:03:50.105000,1.09037,1.09035,1000000,1370000
2019-11-05 15:03:50.257000,1.09039,1.09036,3620000,2060000
2019-11-05 15:03:50.359000,1.09039,1.09037,1120000,1000000
2019-11-05 15:03:50.410000,1.09037,1.09035,1750000,1000000
2019-11-05 15:03:50.461000,1.09036,1.09033,1000000,2870000
2019-11-05 15:03:50.528000,1.09033,1.09032,1500000,1250000
2019-11-05 15:03:50.579000,1.09032,1.09029,2250000,2500000
2019-11-05 15:03:50.630000,1.0903,1.09028,1870000,1500000
2019-11-05 15:03:50.681000,1.09029,1.09027,1250000,2060000
2019-11-05 15:03:51.569000,1.09027,1.09026,1000000,1250000
2019-11-05 15:03:51.669000,1.09023,1.09021,1000000,3320000
2019-11-05 15:03:53.605000,1.09023,1.0902,1120000,2500000
2019-11-05 15:03:53.656000,1.09021,1.0902,1500000,1690000
2019-11-05 15:03:53.858000,1.09023,1.0902,1120000,1870000
2019-11-05 15:03:54.167000,1.09023,1.0902,2440000,1250000
2019-11-05 15:03:54.471000,1.09023,1.0902,1690000,3370000
2019-11-05 15:03:55.362000,1.09024,1.09021,2810000,2440000
2019-11-05 15:03:55.464000,1.09024,1.09021,2060000,3310000
2019-11-05 15:03:55.619000,1.09024,1.09022,1250000,2750000
2019-11-05 15:03:55.872000,1.09025,1.09024,1690000,1000000
2019-11-05 15:03:55.923000,1.09027,1.09025,11620000,1250000
2019-11-05 15:03:55.973000,1.09029,1.09027,1250000,1120000
2019-11-05 15:03:56.279000,1.0903,1.09027,3260000,2560000
2019-11-05 15:03:57.144000,1.09027,1.09025,1250000,2810000
2019-11-05 15:03:57.586000,1.09028,1.09026,1120000,1120000
2019-11-05 15:03:57.687000,1.09029,1.09027,2250000,1000000
2019-11-05 15:03:58.854000,1.09029,1.09028,1000000,1000000
2019-11-05 15:03:58.955000,1.0903,1.09028,4310000,1000000
2019-11-05 15:03:59.096000,1.09031,1.0903,1000000,1120000
2019-11-05 15:03:59.147000,1.09032,1.0903,1950000,2370000
2019-11-05 15:03:59.248000,1.09032,1.0903,1000000,1870000
2019-11-05 15:03:59.350000,1.09031,1.0903,1000000,1000000
2019-11-05 15:03:59.400000,1.09029,1.09028,1250000,1000000
2019-11-05 15:03:59.513000,1.09028,1.09027,1000000,1690000
2019-11-05 15:03:59.614000,1.09029,1.09028,1250000,1000000
2019-11-05 15:03:59.990000,1.09029,1.09027,1690000,1690000
2019-11-05 15:04:00.619000,1.09029,1.09027,2560000,1250000
2019-11-05 15:04:00.720000,1.09027,1.09026,1000000,1690000
2019-11-05 15:04:00.821000,1.09028,1.09026,1870000,2120000
2019-11-05 15:04:00.975000,1.09027,1.09026,1000000,1690000
2019-11-05 15:04:01.077000,1.09028,1.09026,1120000,1750000
2019-11-05 15:04:01.412000,1.09027,1.09026,1000000,2440000
2019-11-05 15:04:01.463000,1.09025,1.09024,1250000,1500000
2019-11-05 15:04:01.514000,1.09024,1.09022,2440000,2250000
2019-11-05 15:04:02.901000,1.09023,1.0902,1870000,2940000
2019-11-05 15:04:02.951000,1.09021,1.09019,1250000,4500000
2019-11-05 15:04:03.104000,1.0902,1.09018,1250000,3000000
2019-11-05 15:04:03.255000,1.09018,1.09017,1000000,1500000
2019-11-05 15:04:03.357000,1.09019,1.09017,2440000,1500000
2019-11-05 15:04:03.584000,1.0902,1.09018,1500000,2810000
2019-11-05 15:04:03.686000,1.09019,1.09018,1250000,1000000
2019-11-05 15:04:03.889000,1.0902,1.09019,1000000,1690000
2019-11-05 15:04:03.991000,1.0902,1.09019,1690000,1000000
2019-11-05 15:04:04.105000,1.0902,1.09018,3250000,1500000
2019-11-05 15:04:04.206000,1.09019,1.09017,2440000,1250000
2019-11-05 15:04:04.573000,1.09018,1.09016,2250000,2500000
2019-11-05 15:04:04.681000,1.09019,1.09016,2060000,2500000
2019-11-05 15:04:06.513000,1.09018,1.09016,1000000,2870000
2019-11-05 15:04:06.665000,1.09019,1.09017,1690000,1310000
2019-11-05 15:04:06.788000,1.0902,1.09018,3620000,1000000
2019-11-05 15:04:06.940000,1.09018,1.09017,1000000,2060000
2019-11-05 15:04:07.042000,1.09018,1.09016,1000000,3370000
2019-11-05 15:04:07.143000,1.09019,1.09016,1690000,4870000
2019-11-05 15:04:08.656000,1.0902,1.09018,4120000,1000000
2019-11-05 15:04:09.213000,1.09017,1.09016,1250000,1120000
2019-11-05 15:04:09.264000,1.09018,1.09015,2810000,1250000
2019-11-05 15:04:09.617000,1.09018,1.09016,1500000,1250000
2019-11-05 15:04:09.719000,1.09019,1.09017,1690000,1870000
2019-11-05 15:04:09.820000,1.09021,1.09019,1310000,1750000
2019-11-05 15:04:10.023000,1.09023,1.0902,3070000,1310000
2019-11-05 15:04:10.124000,1.09021,1.09019,1250000,2250000
2019-11-05 15:04:10.660000,1.0902,1.09019,1690000,1000000
2019-11-05 15:04:11.550000,1.09019,1.09017,1250000,1870000
2019-11-05 15:04:12.108000,1.09018,1.09016,1000000,2560000
2019-11-05 15:04:12.159000,1.09018,1.09015,1250000,1690000
2019-11-05 15:04:12.563000,1.09019,1.09015,4890000,2060000
2019-11-05 15:04:12.868000,1.09019,1.09015,4620000,2870000
2019-11-05 15:04:13.070000,1.09019,1.09015,4870000,2060000
2019-11-05 15:04:13.398000,1.09017,1.09015,1250000,1120000
2019-11-05 15:04:16.117000,1.09017,1.09015,1000000,2120000
2019-11-05 15:04:16.925000,1.09017,1.09015,1000000,2060000
2019-11-05 15:04:17.389000,1.09015,1.09013,2440000,1750000
2019-11-05 15:04:17.490000,1.09015,1.09013,1690000,1000000
2019-11-05 15:04:17.965000,1.09014,1.09012,1250000,1870000
2019-11-05 15:04:18.434000,1.09014,1.09013,1250000,1000000
2019-11-05 15:04:18.889000,1.09014,1.09012,1250000,1500000
2019-11-05 15:04:19.268000,1.09014,1.09012,1250000,1620000
2019-11-05 15:04:19.420000,1.09014,1.09012,1250000,1120000
2019-11-05 15:04:20.809000,1.09015,1.09013,1500000,1250000
2019-11-05 15:04:20.860000,1.09018,1.09014,3010000,2810000
2019-11-05 15:04:20.961000,1.09018,1.09014,2810000,4060000
2019-11-05 15:04:21.113000,1.09017,1.09014,1000000,4060000
2019-11-05 15:04:21.315000,1.09017,1.09014,1120000,2440000
2019-11-05 15:04:21.551000,1.09017,1.09014,1120000,2940000
2019-11-05 15:04:21.703000,1.09018,1.09014,1810000,3560000
2019-11-05 15:04:21.804000,1.09018,1.09014,1120000,4500000
2019-11-05 15:04:22.236000,1.09018,1.09016,1120000,1000000
2019-11-05 15:04:23.655000,1.09019,1.09017,3560000,1000000
2019-11-05 15:04:23.757000,1.09021,1.09019,3640000,1000000
2019-11-05 15:04:23.860000,1.09022,1.09021,1250000,1500000
2019-11-05 15:04:23.961000,1.09021,1.0902,1100000,1120000
2019-11-05 15:04:24.063000,1.09021,1.09019,1750000,1000000
2019-11-05 15:04:24.164000,1.09021,1.09018,2200000,1250000
2019-11-05 15:04:24.467000,1.09019,1.09018,1250000,1000000
2019-11-05 15:04:24.720000,1.09019,1.09017,1750000,1870000
2019-11-05 15:04:24.871000,1.09019,1.09018,1310000,2250000
2019-11-05 15:04:24.999000,1.0902,1.09019,1000000,1500000
2019-11-05 15:04:25.050000,1.09022,1.09021,1000000,3190000
2019-11-05 15:04:25.102000,1.09024,1.09022,2060000,1500000
2019-11-05 15:04:26.524000,1.09025,1.09023,1870000,1000000
2019-11-05 15:04:26.625000,1.09025,1.09023,2870000,1000000
2019-11-05 15:04:26.779000,1.09025,1.09023,1000000,2810000
2019-11-05 15:04:26.880000,1.09027,1.09024,2120000,1120000
2019-11-05 15:04:26.982000,1.09027,1.09024,1690000,1000000
2019-11-05 15:04:27.083000,1.09028,1.09027,1000000,1000000
2019-11-05 15:04:27.134000,1.09029,1.09027,1690000,1000000
2019-11-05 15:04:27.381000,1.09027,1.09025,1500000,2620000
2019-11-05 15:04:27.483000,1.09026,1.09023,1870000,2440000
2019-11-05 15:04:27.533000,1.09028,1.09025,5260000,1750000
2019-11-05 15:04:27.685000,1.09028,1.09025,1310000,1750000
2019-11-05 15:04:28.238000,1.09028,1.09027,1870000,1000000
2019-11-05 15:04:28.467000,1.09029,1.09027,1310000,1500000
2019-11-05 15:04:28.568000,1.09029,1.09027,1250000,1500000
2019-11-05 15:04:28.670000,1.0903,1.09028,1500000,1310000
2019-11-05 15:04:29.176000,1.0903,1.09029,2440000,1500000
2019-11-05 15:04:29.580000,1.09033,1.09031,4390000,1250000
2019-11-05 15:04:29.789000,1.09033,1.0903,1310000,1250000
2019-11-05 15:04:29.890000,1.09034,1.0903,2620000,1750000
2019-11-05 15:04:29.992000,1.09033,1.0903,1310000,1310000
2019-11-05 15:04:30.162000,1.09034,1.09031,4890000,1250000
2019-11-05 15:04:30.864000,1.09033,1.09031,4870000,1000000
2019-11-05 15:04:30.965000,1.09032,1.0903,1310000,1000000
2019-11-05 15:04:32.675000,1.09034,1.09032,1760000,2250000
2019-11-05 15:04:32.776000,1.09037,1.09034,1690000,1690000
2019-11-05 15:04:32.893000,1.09038,1.09034,1950000,2190000
2019-11-05 15:04:32.995000,1.09038,1.09036,1200000,1250000
2019-11-05 15:04:33.096000,1.09039,1.09038,1000000,1000000
2019-11-05 15:04:33.197000,1.09041,1.09038,2440000,1250000
2019-11-05 15:04:33.516000,1.09039,1.09037,1250000,1120000
2019-11-05 15:04:33.618000,1.09041,1.0904,1500000,1000000
2019-11-05 15:04:33.669000,1.09043,1.0904,3070000,1000000
2019-11-05 15:04:34.653000,1.09043,1.0904,1870000,1120000
2019-11-05 15:04:34.856000,1.09042,1.09039,3000000,1000000
2019-11-05 15:04:34.907000,1.09039,1.09037,2120000,1000000
2019-11-05 15:04:35.019000,1.09039,1.09037,3370000,1000000
2019-11-05 15:04:35.120000,1.09037,1.09035,1000000,1000000
2019-11-05 15:04:35.579000,1.09036,1.09034,1000000,1690000
2019-11-05 15:04:35.629000,1.09037,1.09035,1120000,1000000
2019-11-05 15:04:35.882000,1.09037,1.09033,2810000,2250000
2019-11-05 15:04:35.984000,1.09035,1.09033,1000000,1370000
2019-11-05 15:04:36.109000,1.09032,1.09031,1500000,1390000
2019-11-05 15:04:36.160000,1.09031,1.09028,2810000,1310000
2019-11-05 15:04:36.414000,1.09033,1.09032,2440000,1000000
2019-11-05 15:04:36.515000,1.09035,1.09033,2870000,1000000
2019-11-05 15:04:36.566000,1.09036,1.09033,2810000,2060000
2019-11-05 15:04:36.668000,1.09036,1.09034,1000000,1120000
2019-11-05 15:04:37.174000,1.09037,1.09034,2250000,1870000
2019-11-05 15:04:37.275000,1.09038,1.09035,2440000,1370000
2019-11-05 15:04:37.478000,1.09039,1.09036,1690000,3310000
2019-11-05 15:04:37.615000,1.0904,1.09038,1310000,1120000
2019-11-05 15:04:38.071000,1.09041,1.09038,2060000,1310000
2019-11-05 15:04:38.324000,1.09041,1.09038,4370000,1120000
2019-11-05 15:04:38.582000,1.0904,1.09038,1750000,1120000
2019-11-05 15:04:38.684000,1.0904,1.09038,1250000,1120000
2019-11-05 15:04:38.850000,1.0904,1.09038,2500000,1120000
2019-11-05 15:04:39.924000,1.09038,1.09036,1250000,2440000
2019-11-05 15:04:40.616000,1.09037,1.09034,2810000,1250000
2019-11-05 15:04:42.375000,1.09035,1.09034,1000000,1000000
2019-11-05 15:04:42.480000,1.09036,1.09034,1500000,1250000
2019-11-05 15:04:43.180000,1.09037,1.09035,1120000,2120000
2019-11-05 15:04:43.281000,1.09038,1.09035,2060000,2870000
2019-11-05 15:04:43.584000,1.09038,1.09037,1310000,1000000
2019-11-05 15:04:43.736000,1.0904,1.09037,4370000,1310000
2019-11-05 15:04:43.887000,1.09039,1.09037,1250000,2620000
2019-11-05 15:04:43.989000,1.0904,1.09037,2120000,2810000
2019-11-05 15:04:44.165000,1.0904,1.09039,1250000,1000000
2019-11-05 15:04:44.367000,1.0904,1.09038,3190000,1000000
2019-11-05 15:04:44.469000,1.09039,1.09037,3370000,1000000
2019-11-05 15:04:44.842000,1.0904,1.09038,2620000,2500000
2019-11-05 15:04:44.944000,1.09042,1.0904,1870000,1250000
2019-11-05 15:04:45.599000,1.09043,1.0904,2060000,2060000
2019-11-05 15:04:45.765000,1.09043,1.0904,2440000,1810000
2019-11-05 15:04:46.700000,1.09043,1.0904,1310000,1310000
2019-11-05 15:04:47.055000,1.09042,1.09039,1000000,3370000
2019-11-05 15:04:48.350000,1.09041,1.09039,1250000,1120000
2019-11-05 15:04:48.451000,1.09041,1.09039,1000000,1310000
2019-11-05 15:04:48.594000,1.09042,1.09041,1000000,1690000
2019-11-05 15:04:48.695000,1.09044,1.09041,2500000,2560000
2019-11-05 15:04:48.796000,1.09043,1.0904,1500000,2370000
2019-11-05 15:04:48.898000,1.09043,1.0904,1870000,1120000
2019-11-05 15:04:49.848000,1.09043,1.0904,1690000,2120000
2019-11-05 15:04:53.817000,1.09042,1.09039,1000000,2700000
2019-11-05 15:04:53.918000,1.09042,1.09039,3190000,1390000
2019-11-05 15:04:54.019000,1.09042,1.09038,1870000,4120000
2019-11-05 15:04:55.326000,1.09043,1.0904,1310000,4820000
2019-11-05 15:04:55.478000,1.09042,1.0904,1000000,1000000
2019-11-05 15:04:55.679000,1.09042,1.09039,2810000,2060000
2019-11-05 15:04:55.731000,1.09039,1.09037,1000000,3400000
2019-11-05 15:04:55.832000,1.09037,1.09034,1690000,5210000
2019-11-05 15:04:55.934000,1.09035,1.09033,1690000,1310000
2019-11-05 15:04:56.036000,1.09034,1.09032,1370000,1000000
2019-11-05 15:04:56.431000,1.09035,1.09032,4620000,1250000
2019-11-05 15:04:56.693000,1.09035,1.09032,3190000,1000000
2019-11-05 15:04:57.340000,1.09034,1.09032,1250000,1000000
2019-11-05 15:04:57.442000,1.09034,1.09031,1750000,3850000
2019-11-05 15:04:58.074000,1.09032,1.09029,1000000,2370000
2019-11-05 15:04:58.176000,1.09031,1.09028,1000000,3310000
2019-11-05 15:04:58.277000,1.09031,1.09028,1120000,2810000
2019-11-05 15:04:58.378000,1.09033,1.0903,1120000,4390000
2019-11-05 15:04:58.628000,1.09033,1.09031,1000000,1120000
2019-11-05 15:04:58.780000,1.09034,1.09031,1120000,1950000
2019-11-05 15:04:59.145000,1.09035,1.09032,2810000,3370000
2019-11-05 15:04:59.247000,1.09035,1.09033,2620000,1250000
2019-11-05 15:04:59.651000,1.09035,1.09034,1870000,1250000
2019-11-05 15:04:59.806000,1.09034,1.09032,1250000,1620000
2019-11-05 15:05:00.061000,1.09035,1.09033,1870000,1310000
2019-11-05 15:05:00.471000,1.09035,1.09034,1870000,1250000
