time,ask,bid,ask_volume,bid_volume
2017-01-13 13:25:00.077000,1.14385,1.14383,1000000,1120000
2017-01-13 13:25:00.584000,1.14385,1.14381,2810000,4390000
2017-01-13 13:25:00.888000,1.14379,1.14378,1000000,4120000
2017-01-13 13:25:00.989000,1.14379,1.14376,1500000,9560000
2017-01-13 13:25:01.516000,1.14378,1.14374,1500000,7120000
2017-01-13 13:25:01.669000,1.14374,1.14373,1000000,1500000
2017-01-13 13:25:01.872000,1.14371,1.14369,1500000,1500000
2017-01-13 13:25:02.393000,1.14371,1.14368,1500000,18600000
2017-01-13 13:25:03.370000,1.1437,1.14368,1000000,5250000
2017-01-13 13:25:03.676000,1.14367,1.14366,1500000,3820000
2017-01-13 13:25:04.182000,1.14367,1.14364,1500000,3750000
2017-01-13 13:25:04.933000,1.14366,1.14364,1690000,3000000
2017-01-13 13:25:05.035000,1.14362,1.14361,1500000,1500000
2017-01-13 13:25:05.137000,1.14364,1.14361,1000000,2250000
2017-01-13 13:25:05.289000,1.14367,1.14366,1120000,5250000
2017-01-13 13:25:05.442000,1.14371,1.1437,1000000,1000000
2017-01-13 13:25:05.945000,1.14372,1.14369,1000000,2250000
2017-01-13 13:25:06.473000,1.14373,1.14369,1500000,2250000
2017-01-13 13:25:06.997000,1.14371,1.14369,1690000,1500000
2017-01-13 13:25:07.049000,1.14368,1.14367,1000000,1000000
2017-01-13 13:25:07.151000,1.14366,1.14365,1500000,1120000
2017-01-13 13:25:07.202000,1.14366,1.14364,1500000,1120000
2017-01-13 13:25:07.742000,1.14364,1.14362,1500000,1500000
2017-01-13 13:25:08.046000,1.1437,1.14368,1120000,1120000
2017-01-13 13:25:08.098000,1.1437,1.14368,1000000,1120000
2017-01-13 13:25:08.452000,1.14372,1.14368,1500000,4160000
2017-01-13 13:25:10.655000,1.14371,1.14367,1000000,2440000
2017-01-13 13:25:10.858000,1.14371,1.14367,1070000,2440000
2017-01-13 13:25:11.820000,1.14367,1.14366,1250000,1500000
2017-01-13 13:25:11.922000,1.14366,1.14364,1000000,1500000
2017-01-13 13:25:12.437000,1.14365,1.14361,1000000,9890000
2017-01-13 13:25:12.640000,1.14366,1.14365,1000000,2250000
2017-01-13 13:25:12.691000,1.14367,1.14365,2620000,1870000
2017-01-13 13:25:12.742000,1.1437,1.14367,2140000,1000000
2017-01-13 13:25:12.945000,1.14372,1.14368,3940000,1160000
2017-01-13 13:25:13.456000,1.1437,1.14367,1250000,1500000
2017-01-13 13:25:14.213000,1.1437,1.14367,1250000,1000000
2017-01-13 13:25:14.730000,1.14368,1.14365,1000000,1560000
2017-01-13 13:25:14.832000,1.14366,1.14363,3940000,1000000
2017-01-13 13:25:14.987000,1.14365,1.14361,1000000,8390000
2017-01-13 13:25:15.878000,1.14366,1.14361,2440000,10490000
2017-01-13 13:25:15.980000,1.14366,1.14363,1500000,1000000
2017-01-13 13:25:16.183000,1.14366,1.14361,1120000,9890000
2017-01-13 13:25:16.697000,1.14366,1.14362,1120000,1000000
2017-01-13 13:25:17.212000,1.14366,1.14361,1870000,9460000
2017-01-13 13:25:18.930000,1.14366,1.14361,4870000,9460000
2017-01-13 13:25:19.335000,1.14366,1.14365,4120000,1350000
2017-01-13 13:25:19.640000,1.14373,1.14372,6190000,1000000
2017-01-13 13:25:19.945000,1.14378,1.14377,1870000,2250000
2017-01-13 13:25:20.111000,1.14382,1.14378,2810000,2850000
2017-01-13 13:25:20.162000,1.14381,1.1438,1000000,1000000
2017-01-13 13:25:20.264000,1.14383,1.14381,1370000,1350000
2017-01-13 13:25:20.366000,1.14384,1.14383,1870000,1000000
2017-01-13 13:25:20.417000,1.14384,1.14383,1870000,1500000
2017-01-13 13:25:20.924000,1.14385,1.14382,1500000,1120000
2017-01-13 13:25:21.295000,1.14379,1.14378,1500000,1000000
2017-01-13 13:25:21.801000,1.1438,1.14377,1250000,2620000
2017-01-13 13:25:21.903000,1.14381,1.14379,1250000,1500000
2017-01-13 13:25:21.954000,1.14382,1.14379,1250000,1500000
2017-01-13 13:25:22.056000,1.14382,1.14381,1250000,1000000
2017-01-13 13:25:22.107000,1.14385,1.14381,3190000,2470000
2017-01-13 13:25:22.208000,1.14385,1.14383,1310000,1000000
2017-01-13 13:25:22.782000,1.14385,1.14382,1250000,1870000
2017-01-13 13:25:23.390000,1.14388,1.14383,4310000,2250000
2017-01-13 13:25:23.894000,1.14388,1.14384,2250000,1000000
2017-01-13 13:25:24.411000,1.14388,1.14384,2250000,1250000
2017-01-13 13:25:24.923000,1.14388,1.14384,2250000,1330000
2017-01-13 13:25:25.635000,1.14385,1.14381,1250000,2120000
2017-01-13 13:25:25.871000,1.14383,1.14378,1500000,2310000
2017-01-13 13:25:25.922000,1.14383,1.14378,3000000,4560000
2017-01-13 13:25:26.429000,1.14384,1.14379,4690000,1330000
2017-01-13 13:25:26.851000,1.14384,1.14383,1000000,1000000
2017-01-13 13:25:26.902000,1.14385,1.14382,1310000,1330000
2017-01-13 13:25:27.737000,1.14385,1.14381,1250000,2250000
2017-01-13 13:25:28.633000,1.14385,1.14379,3940000,3430000
2017-01-13 13:25:29.140000,1.14384,1.14378,1310000,13490000
2017-01-13 13:25:29.661000,1.14385,1.1438,1690000,1120000
2017-01-13 13:25:30.262000,1.14385,1.14383,1310000,1000000
2017-01-13 13:25:30.522000,1.14387,1.14383,4120000,1500000
2017-01-13 13:25:30.776000,1.14385,1.14382,1250000,1000000
2017-01-13 13:25:31.282000,1.14385,1.14381,1250000,1000000
2017-01-13 13:25:31.899000,1.14385,1.1438,3190000,1120000
2017-01-13 13:25:34.292000,1.14386,1.14381,7010000,1120000
2017-01-13 13:25:35.043000,1.14385,1.14381,2250000,1120000
2017-01-13 13:25:35.567000,1.14383,1.14379,1250000,2250000
2017-01-13 13:25:37.591000,1.14383,1.14379,1690000,1000000
2017-01-13 13:25:37.895000,1.1438,1.14375,1690000,2620000
2017-01-13 13:25:38.151000,1.14381,1.14377,1870000,1500000
2017-01-13 13:25:39.179000,1.14383,1.14382,3150000,1500000
2017-01-13 13:25:39.483000,1.14386,1.14384,1100000,1000000
2017-01-13 13:25:40.104000,1.14386,1.14382,1100000,1500000
2017-01-13 13:25:41.725000,1.14387,1.14383,3190000,1000000
2017-01-13 13:25:42.254000,1.14387,1.14382,4760000,1000000
2017-01-13 13:25:42.305000,1.14387,1.14384,4760000,1000000
2017-01-13 13:25:42.897000,1.14387,1.14383,4760000,1000000
2017-01-13 13:25:44.238000,1.14387,1.14382,2920000,1250000
2017-01-13 13:25:44.823000,1.14387,1.14383,2920000,1500000
2017-01-13 13:25:45.146000,1.14384,1.14381,2250000,1870000
2017-01-13 13:25:45.450000,1.1439,1.14389,1120000,1120000
2017-01-13 13:25:45.800000,1.14395,1.14394,2850000,3370000
2017-01-13 13:25:46.011000,1.14399,1.14393,1500000,4870000
2017-01-13 13:25:46.528000,1.14397,1.14392,1000000,1120000
2017-01-13 13:25:46.934000,1.14396,1.14391,2440000,4030000
2017-01-13 13:25:49.430000,1.14393,1.14389,1250000,1370000
2017-01-13 13:25:49.481000,1.14393,1.14388,1310000,1500000
2017-01-13 13:25:49.735000,1.14394,1.14393,1000000,1000000
2017-01-13 13:25:49.787000,1.14396,1.14394,2620000,2100000
2017-01-13 13:25:50.243000,1.14397,1.14393,3190000,1500000
2017-01-13 13:25:50.761000,1.14397,1.14392,1310000,1120000
2017-01-13 13:25:51.120000,1.14397,1.14394,1250000,1000000
2017-01-13 13:25:51.222000,1.14399,1.14395,2170000,1000000
2017-01-13 13:25:51.796000,1.14398,1.14395,1310000,1000000
2017-01-13 13:25:51.847000,1.14398,1.14393,1310000,2250000
2017-01-13 13:25:52.013000,1.14395,1.14393,3040000,1120000
2017-01-13 13:25:52.064000,1.14395,1.14389,4540000,1000000
2017-01-13 13:25:52.622000,1.14393,1.14391,1310000,1000000
2017-01-13 13:25:53.219000,1.14396,1.14391,4690000,1500000
2017-01-13 13:25:53.524000,1.14396,1.14393,1910000,1000000
2017-01-13 13:25:54.240000,1.14398,1.14394,3190000,1000000
2017-01-13 13:25:54.291000,1.14398,1.14393,2060000,1120000
2017-01-13 13:25:55.315000,1.14398,1.14393,1250000,4120000
2017-01-13 13:25:55.693000,1.14395,1.14394,2100000,1120000
2017-01-13 13:25:56.013000,1.14392,1.14389,1000000,1750000
2017-01-13 13:25:56.063000,1.14392,1.14388,1000000,4690000
2017-01-13 13:25:56.580000,1.14392,1.14388,1000000,2060000
2017-01-13 13:25:58.324000,1.14393,1.1439,2100000,1000000
2017-01-13 13:25:58.679000,1.14393,1.14388,2100000,3940000
2017-01-13 13:26:00.622000,1.14388,1.14387,2100000,3000000
2017-01-13 13:26:00.723000,1.14389,1.14385,1690000,1500000
2017-01-13 13:26:01.247000,1.1439,1.14385,4690000,1000000
2017-01-13 13:26:01.754000,1.1439,1.14384,3940000,2810000
2017-01-13 13:26:02.574000,1.14389,1.14383,1690000,3610000
2017-01-13 13:26:03.537000,1.14387,1.14383,1250000,1220000
2017-01-13 13:26:04.427000,1.14387,1.14384,1310000,1000000
2017-01-13 13:26:04.934000,1.14387,1.14382,2510000,1070000
2017-01-13 13:26:05.866000,1.14387,1.14382,2890000,1690000
2017-01-13 13:26:06.658000,1.14387,1.14384,2890000,1000000
2017-01-13 13:26:07.190000,1.14387,1.14384,2510000,1690000
2017-01-13 13:26:07.624000,1.14387,1.14382,2510000,1500000
2017-01-13 13:26:09.123000,1.14387,1.14382,3260000,1820000
2017-01-13 13:26:11.110000,1.14387,1.14382,3260000,1120000
2017-01-13 13:26:11.664000,1.14387,1.14382,3640000,1000000
2017-01-13 13:26:12.371000,1.14387,1.14381,3640000,2250000
2017-01-13 13:26:13.359000,1.14387,1.14384,1570000,1000000
2017-01-13 13:26:13.815000,1.14387,1.14382,1200000,2810000
2017-01-13 13:26:15.133000,1.14387,1.14383,1200000,1000000
2017-01-13 13:26:15.184000,1.14387,1.14385,1100000,1000000
2017-01-13 13:26:16.177000,1.14387,1.14383,1120000,1120000
2017-01-13 13:26:16.623000,1.14387,1.14385,1120000,1000000
2017-01-13 13:26:17.542000,1.14387,1.14386,1120000,1000000
2017-01-13 13:26:17.644000,1.14391,1.14387,1500000,1250000
2017-01-13 13:26:18.151000,1.14392,1.14387,1300000,1690000
2017-01-13 13:26:18.872000,1.14388,1.14386,5100000,1120000
2017-01-13 13:26:18.923000,1.14388,1.14385,2850000,1000000
2017-01-13 13:26:19.077000,1.14387,1.14382,1310000,1500000
2017-01-13 13:26:20.247000,1.14388,1.14383,4310000,1120000
2017-01-13 13:26:21.482000,1.14387,1.14383,1250000,1870000
2017-01-13 13:26:21.955000,1.14388,1.14385,1000000,1500000
2017-01-13 13:26:22.461000,1.14388,1.14383,1120000,3370000
2017-01-13 13:26:23.324000,1.14389,1.14383,3790000,3370000
2017-01-13 13:26:24.040000,1.14389,1.14386,1120000,1000000
2017-01-13 13:26:24.591000,1.1439,1.14386,2360000,1250000
2017-01-13 13:26:26.584000,1.1439,1.14387,1610000,1000000
2017-01-13 13:26:28.892000,1.14393,1.14387,3940000,4870000
2017-01-13 13:26:29.399000,1.14393,1.14387,2620000,3370000
2017-01-13 13:26:30.159000,1.14393,1.14387,3750000,6370000
2017-01-13 13:26:31.036000,1.14393,1.14387,3370000,4120000
2017-01-13 13:26:31.537000,1.14392,1.14389,2620000,1000000
2017-01-13 13:26:32.051000,1.14392,1.14388,2620000,1120000
2017-01-13 13:26:32.934000,1.14392,1.14387,4500000,1000000
2017-01-13 13:26:33.036000,1.1439,1.14387,1000000,1000000
2017-01-13 13:26:33.740000,1.14391,1.14387,1000000,1000000
2017-01-13 13:26:34.265000,1.14392,1.14387,3750000,1000000
2017-01-13 13:26:36.676000,1.14391,1.14387,2620000,1000000
2017-01-13 13:26:37.820000,1.14388,1.14386,2100000,2440000
2017-01-13 13:26:37.871000,1.14388,1.14384,2850000,2250000
2017-01-13 13:26:38.326000,1.14387,1.14381,4690000,4310000
2017-01-13 13:26:39.732000,1.14384,1.14381,1250000,1870000
2017-01-13 13:26:40.281000,1.14384,1.1438,3560000,1500000
2017-01-13 13:26:40.991000,1.14384,1.14379,4690000,1000000
2017-01-13 13:26:42.061000,1.14383,1.14379,2620000,1950000
2017-01-13 13:26:42.902000,1.14383,1.14379,2620000,1370000
2017-01-13 13:26:44.001000,1.14383,1.14379,2620000,1000000
2017-01-13 13:26:45.174000,1.14384,1.14379,3940000,2700000
2017-01-13 13:26:45.275000,1.14384,1.1438,3940000,1370000
2017-01-13 13:26:46.135000,1.14384,1.14378,4390000,11810000
2017-01-13 13:26:47.963000,1.14384,1.1438,1760000,1000000
2017-01-13 13:26:48.653000,1.14384,1.1438,1010000,3000000
2017-01-13 13:26:49.415000,1.14384,1.1438,1010000,1500000
2017-01-13 13:26:53.797000,1.14384,1.14382,1010000,1000000
2017-01-13 13:26:53.949000,1.14387,1.14386,4200000,1000000
2017-01-13 13:26:54,1.14388,1.14386,1000000,1870000
2017-01-13 13:26:54.051000,1.14389,1.14386,3560000,3000000
2017-01-13 13:26:54.585000,1.14389,1.14386,1250000,2620000
2017-01-13 13:26:57.391000,1.14388,1.14385,1690000,1870000
2017-01-13 13:26:57.442000,1.14388,1.14384,3560000,1870000
2017-01-13 13:26:57.626000,1.14387,1.14383,3370000,2620000
2017-01-13 13:26:58.144000,1.14388,1.14383,5440000,2620000
2017-01-13 13:26:58.501000,1.14385,1.14382,1250000,6840000
2017-01-13 13:27:00.414000,1.14385,1.14381,1250000,10310000
2017-01-13 13:27:01.575000,1.14386,1.14381,3560000,10160000
2017-01-13 13:27:02.518000,1.14385,1.14381,1250000,10160000
2017-01-13 13:27:03.259000,1.14385,1.14381,1250000,9560000
2017-01-13 13:27:04.591000,1.14385,1.14381,1250000,9940000
2017-01-13 13:27:10.036000,1.14385,1.14384,1250000,1500000
2017-01-13 13:27:10.240000,1.14387,1.14383,1690000,1000000
2017-01-13 13:27:12.049000,1.14386,1.14382,1250000,1870000
2017-01-13 13:27:13.410000,1.14386,1.14381,4310000,5240000
2017-01-13 13:27:14.366000,1.14386,1.14381,4460000,2770000
2017-01-13 13:27:14.417000,1.14382,1.14381,1000000,1120000
2017-01-13 13:27:14.519000,1.14381,1.14378,1250000,4870000
2017-01-13 13:27:15.026000,1.14383,1.14378,7310000,5620000
2017-01-13 13:27:15.952000,1.14383,1.14378,3370000,4990000
2017-01-13 13:27:16.053000,1.14383,1.14378,2620000,7310000
2017-01-13 13:27:16.644000,1.14384,1.14378,2440000,8810000
2017-01-13 13:27:17.165000,1.14384,1.14378,2060000,7310000
2017-01-13 13:27:19.225000,1.14384,1.1438,1910000,1000000
2017-01-13 13:27:19.762000,1.14384,1.14378,1910000,7310000
2017-01-13 13:27:20.683000,1.14384,1.1438,1910000,1000000
2017-01-13 13:27:21.152000,1.14384,1.14382,1160000,1000000
2017-01-13 13:27:21.253000,1.14385,1.14383,1870000,1000000
2017-01-13 13:27:21.355000,1.14385,1.14381,1610000,1870000
2017-01-13 13:27:21.861000,1.14384,1.1438,1250000,1870000
2017-01-13 13:27:24.413000,1.14384,1.14381,1250000,4400000
2017-01-13 13:27:24.920000,1.14386,1.14381,2890000,2620000
2017-01-13 13:27:25.443000,1.14386,1.14381,2810000,2470000
2017-01-13 13:27:25.963000,1.14386,1.14381,1250000,2990000
2017-01-13 13:27:29.532000,1.14386,1.14381,1310000,7490000
2017-01-13 13:27:31.535000,1.14386,1.14382,1310000,2100000
2017-01-13 13:27:34.619000,1.14387,1.14382,1120000,3220000
2017-01-13 13:27:34.923000,1.14388,1.14386,1500000,3600000
2017-01-13 13:27:35.025000,1.1439,1.14388,1120000,2100000
2017-01-13 13:27:35.329000,1.14392,1.14388,1690000,1120000
2017-01-13 13:27:38.212000,1.14392,1.14389,1250000,2100000
2017-01-13 13:27:38.364000,1.14395,1.14389,5060000,4720000
2017-01-13 13:27:39.347000,1.14395,1.14389,3190000,5850000
2017-01-13 13:27:41.654000,1.14395,1.14389,3560000,5100000
2017-01-13 13:27:44.307000,1.14393,1.14389,1000000,2850000
2017-01-13 13:27:50.472000,1.14394,1.14388,3000000,6560000
2017-01-13 13:27:51.029000,1.14393,1.14388,1000000,6190000
2017-01-13 13:27:51.437000,1.14393,1.1439,1310000,1120000
2017-01-13 13:27:53.169000,1.14396,1.14391,2620000,2850000
2017-01-13 13:27:53.272000,1.14397,1.14394,2810000,1030000
2017-01-13 13:27:53.425000,1.14397,1.14394,1250000,2160000
2017-01-13 13:27:53.476000,1.14399,1.14394,1010000,2910000
2017-01-13 13:27:54.682000,1.14397,1.14394,1000000,1870000
2017-01-13 13:27:54.784000,1.14395,1.14393,1000000,1000000
2017-01-13 13:27:54.886000,1.14395,1.14389,3000000,9190000
2017-01-13 13:27:54.987000,1.14395,1.14389,3370000,5060000
2017-01-13 13:27:56.814000,1.14395,1.1439,3370000,1000000
2017-01-13 13:27:58.452000,1.1439,1.14389,1000000,3190000
2017-01-13 13:27:58.792000,1.14381,1.14377,2250000,1000000
2017-01-13 13:27:59.298000,1.14382,1.14376,3940000,6230000
2017-01-13 13:27:59.817000,1.14382,1.14376,3940000,7730000
2017-01-13 13:28:00.344000,1.14382,1.14377,3560000,1300000
2017-01-13 13:28:02.146000,1.14375,1.14371,1500000,4870000
2017-01-13 13:28:02.198000,1.14374,1.14371,1000000,1000000
2017-01-13 13:28:02.656000,1.1437,1.14367,1000000,1120000
2017-01-13 13:28:02.911000,1.14368,1.14364,1000000,1120000
2017-01-13 13:28:03.559000,1.14367,1.14362,1250000,1120000
2017-01-13 13:28:04.066000,1.14367,1.14361,1250000,2810000
2017-01-13 13:28:04.613000,1.14365,1.14361,1690000,1870000
2017-01-13 13:28:04.665000,1.14365,1.14361,1690000,1000000
2017-01-13 13:28:05.225000,1.14365,1.1436,1760000,1750000
2017-01-13 13:28:07.502000,1.14365,1.14359,1390000,7310000
2017-01-13 13:28:11.588000,1.14364,1.14359,1250000,3000000
2017-01-13 13:28:12.234000,1.14366,1.14361,2060000,1870000
2017-01-13 13:28:12.387000,1.14369,1.14368,5060000,1000000
2017-01-13 13:28:12.489000,1.14371,1.14369,1310000,1000000
2017-01-13 13:28:12.742000,1.14373,1.14369,1000000,1000000
2017-01-13 13:28:13.285000,1.14374,1.14369,1310000,1000000
2017-01-13 13:28:16.324000,1.14374,1.14369,1250000,1870000
2017-01-13 13:28:19.181000,1.14375,1.14371,1120000,2250000
2017-01-13 13:28:19.717000,1.14376,1.14369,4690000,5060000
2017-01-13 13:28:20.241000,1.14376,1.14371,4870000,1250000
2017-01-13 13:28:21.052000,1.14377,1.14371,3940000,4310000
2017-01-13 13:28:21.598000,1.14377,1.14372,1250000,3370000
2017-01-13 13:28:21.810000,1.14379,1.14373,1310000,2860000
2017-01-13 13:28:22.344000,1.14381,1.14375,4310000,1310000
2017-01-13 13:28:24.148000,1.14381,1.14375,1310000,3940000
2017-01-13 13:28:24.662000,1.14381,1.14376,1310000,2620000
2017-01-13 13:28:25.072000,1.14383,1.1438,1370000,1500000
2017-01-13 13:28:25.123000,1.14384,1.1438,1310000,2250000
2017-01-13 13:28:26.425000,1.14384,1.1438,1250000,1370000
2017-01-13 13:28:27.351000,1.14387,1.14381,5060000,1310000
2017-01-13 13:28:27.614000,1.14387,1.14381,1690000,9660000
2017-01-13 13:28:28.150000,1.14387,1.14381,1310000,10780000
2017-01-13 13:28:28.657000,1.14387,1.14381,1310000,8630000
2017-01-13 13:28:29.063000,1.14386,1.14382,2060000,1370000
2017-01-13 13:28:29.165000,1.14386,1.14381,1310000,3710000
2017-01-13 13:28:29.317000,1.14385,1.1438,2250000,2000000
2017-01-13 13:28:29.860000,1.14386,1.1438,1250000,2810000
2017-01-13 13:28:30.393000,1.14386,1.1438,2440000,2000000
2017-01-13 13:28:31.776000,1.14379,1.14378,3190000,7720000
2017-01-13 13:28:31.827000,1.14379,1.14378,1690000,4720000
2017-01-13 13:28:31.907000,1.14378,1.14376,2620000,5500000
2017-01-13 13:28:32.008000,1.14379,1.14373,2210000,1690000
2017-01-13 13:28:32.060000,1.14374,1.14373,1000000,1310000
2017-01-13 13:28:32.111000,1.14375,1.14371,1250000,1120000
2017-01-13 13:28:32.162000,1.14375,1.14369,3190000,6190000
2017-01-13 13:28:32.727000,1.14375,1.14369,2440000,1690000
2017-01-13 13:28:33.059000,1.14373,1.14369,2250000,1690000
2017-01-13 13:28:33.161000,1.14373,1.14368,3560000,1000000
2017-01-13 13:28:34.694000,1.14373,1.14367,4690000,1250000
2017-01-13 13:28:36.574000,1.14372,1.14366,2440000,1690000
2017-01-13 13:28:39.106000,1.14371,1.14366,1250000,1370000
2017-01-13 13:28:39.653000,1.14371,1.14365,1310000,1870000
2017-01-13 13:28:40.704000,1.14369,1.14364,1250000,1750000
2017-01-13 13:28:41.251000,1.14369,1.14364,1310000,1370000
2017-01-13 13:28:46.915000,1.14369,1.14363,1370000,1310000
2017-01-13 13:28:47.081000,1.14362,1.1436,2500000,7800000
2017-01-13 13:28:47.133000,1.14362,1.14359,2620000,1750000
2017-01-13 13:28:47.235000,1.14361,1.14359,1000000,1000000
2017-01-13 13:28:47.779000,1.14361,1.14358,1000000,1250000
2017-01-13 13:28:48.273000,1.1436,1.14355,1120000,1690000
2017-01-13 13:28:48.537000,1.14358,1.14355,1500000,1690000
2017-01-13 13:28:48.740000,1.14357,1.14351,3190000,1690000
2017-01-13 13:28:49.419000,1.14357,1.14351,3190000,1250000
2017-01-13 13:28:50.417000,1.14357,1.14351,1690000,1310000
2017-01-13 13:28:51.181000,1.14357,1.14351,1310000,2060000
2017-01-13 13:28:52.027000,1.14359,1.14353,3940000,1250000
2017-01-13 13:28:52.180000,1.14356,1.1435,1690000,4690000
2017-01-13 13:28:53.142000,1.14356,1.14354,1690000,1000000
2017-01-13 13:28:53.295000,1.1436,1.14354,3560000,1500000
2017-01-13 13:28:53.801000,1.1436,1.14354,3670000,4690000
2017-01-13 13:28:54.413000,1.1436,1.14355,1420000,2250000
2017-01-13 13:28:54.923000,1.14359,1.14354,1120000,1870000
2017-01-13 13:28:58.619000,1.14357,1.14354,1000000,1370000
2017-01-13 13:28:58.721000,1.14356,1.14351,4870000,1370000
2017-01-13 13:28:58.772000,1.14355,1.1435,1120000,3240000
2017-01-13 13:28:58.874000,1.14355,1.14349,1500000,2620000
2017-01-13 13:29:05.532000,1.1435,1.14348,2440000,1600000
2017-01-13 13:29:05.633000,1.14348,1.14346,1310000,1500000
2017-01-13 13:29:05.684000,1.14344,1.14342,1000000,7500000
2017-01-13 13:29:05.786000,1.14344,1.1434,1000000,1870000
2017-01-13 13:29:05.888000,1.14342,1.14341,1250000,1000000
2017-01-13 13:29:05.991000,1.14342,1.14337,3560000,1870000
2017-01-13 13:29:06.540000,1.14341,1.14336,2250000,2440000
2017-01-13 13:29:08.259000,1.14341,1.14336,1120000,3370000
2017-01-13 13:29:08.310000,1.14341,1.14338,1120000,2250000
2017-01-13 13:29:08.827000,1.14341,1.14337,1000000,1870000
2017-01-13 13:29:09.106000,1.14341,1.14335,2620000,2620000
2017-01-13 13:29:09.574000,1.14341,1.14337,2620000,2250000
2017-01-13 13:29:09.879000,1.14344,1.14341,1000000,2250000
2017-01-13 13:29:10.581000,1.14344,1.14339,1120000,1500000
2017-01-13 13:29:11.087000,1.14344,1.14337,1500000,3000000
2017-01-13 13:29:11.770000,1.14343,1.14339,1120000,1000000
2017-01-13 13:29:11.821000,1.14351,1.14349,1000000,1000000
2017-01-13 13:29:12.078000,1.14353,1.14347,1760000,3370000
2017-01-13 13:29:12.180000,1.14354,1.14349,1000000,1310000
2017-01-13 13:29:12.688000,1.14356,1.14349,1690000,2060000
2017-01-13 13:29:13.223000,1.14358,1.14351,2440000,1000000
2017-01-13 13:29:14.756000,1.14356,1.14351,1250000,1000000
2017-01-13 13:29:15.319000,1.14356,1.1435,1310000,1120000
2017-01-13 13:29:15.847000,1.14356,1.14351,1310000,1500000
2017-01-13 13:29:16.391000,1.14356,1.14348,1690000,3750000
2017-01-13 13:29:16.929000,1.14356,1.14349,1690000,1000000
2017-01-13 13:29:17.630000,1.14353,1.14349,1500000,1870000
2017-01-13 13:29:17.833000,1.1435,1.14344,1500000,1000000
2017-01-13 13:29:18.340000,1.14351,1.14343,2810000,2620000
2017-01-13 13:29:20.093000,1.14351,1.14344,3190000,1500000
2017-01-13 13:29:20.245000,1.14351,1.14346,1310000,1500000
2017-01-13 13:29:20.550000,1.14355,1.14348,5810000,3750000
2017-01-13 13:29:20.905000,1.14355,1.14348,1690000,2620000
2017-01-13 13:29:25.925000,1.14354,1.14351,1500000,1000000
2017-01-13 13:29:25.976000,1.14355,1.14349,1310000,1500000
2017-01-13 13:29:28.420000,1.14351,1.14348,1250000,2100000
2017-01-13 13:29:28.522000,1.14351,1.14347,1250000,1120000
2017-01-13 13:29:28.726000,1.14353,1.14347,1310000,3970000
2017-01-13 13:29:29.250000,1.14353,1.14347,1250000,4350000
2017-01-13 13:29:29.971000,1.14354,1.14347,1000000,4540000
2017-01-13 13:29:31.908000,1.14355,1.14347,1870000,3220000
2017-01-13 13:29:32.432000,1.14355,1.14349,1120000,1000000
2017-01-13 13:29:33.528000,1.14355,1.14349,1000000,1870000
2017-01-13 13:29:34.093000,1.14355,1.14351,1000000,1000000
2017-01-13 13:29:35.101000,1.14355,1.14353,1000000,1500000
2017-01-13 13:29:35.406000,1.14358,1.14355,1000000,1500000
2017-01-13 13:29:35.458000,1.14362,1.14356,2250000,1000000
2017-01-13 13:29:35.711000,1.1436,1.14356,1000000,1000000
2017-01-13 13:29:35.887000,1.14362,1.14356,3000000,1000000
2017-01-13 13:29:36.634000,1.14363,1.14357,1870000,1000000
2017-01-13 13:29:37.040000,1.14365,1.14361,1200000,1000000
2017-01-13 13:29:37.142000,1.14365,1.14358,2700000,1870000
2017-01-13 13:29:37.564000,1.14363,1.14356,2250000,1370000
2017-01-13 13:29:40.162000,1.14365,1.14356,4500000,1750000
2017-01-13 13:29:40.365000,1.14362,1.14354,1370000,1370000
2017-01-13 13:29:41.441000,1.1436,1.14356,4870000,1000000
2017-01-13 13:29:41.493000,1.1436,1.14358,5400000,2250000
2017-01-13 13:29:41.544000,1.14365,1.14364,3750000,1120000
2017-01-13 13:29:41.646000,1.14363,1.1436,7740000,1500000
2017-01-13 13:29:41.748000,1.14366,1.14364,1500000,1500000
2017-01-13 13:29:41.799000,1.14367,1.14366,1120000,1000000
2017-01-13 13:29:42.101000,1.1437,1.14368,1000000,1120000
2017-01-13 13:29:42.203000,1.14372,1.14371,1120000,1000000
2017-01-13 13:29:42.254000,1.14374,1.14371,1870000,1450000
2017-01-13 13:29:42.559000,1.14374,1.14372,1000000,1000000
2017-01-13 13:29:42.610000,1.1438,1.14379,2320000,1000000
2017-01-13 13:29:42.661000,1.14388,1.14384,12000000,1450000
2017-01-13 13:29:42.763000,1.14397,1.14387,1600000,1000000
2017-01-13 13:29:42.977000,1.14396,1.14386,5470000,1100000
2017-01-13 13:29:43.282000,1.14389,1.14384,1000000,2620000
2017-01-13 13:29:43.688000,1.14395,1.14388,2100000,1000000
2017-01-13 13:29:43.739000,1.1439,1.14388,1000000,1000000
2017-01-13 13:29:43.943000,1.14394,1.14388,1370000,1000000
2017-01-13 13:29:43.994000,1.1439,1.14383,1000000,2620000
2017-01-13 13:29:44.146000,1.14391,1.14383,5620000,1120000
2017-01-13 13:29:44.587000,1.14393,1.14383,1870000,1120000
2017-01-13 13:29:45.247000,1.14395,1.14384,1120000,1370000
2017-01-13 13:29:45.802000,1.14396,1.14383,1950000,6450000
2017-01-13 13:29:46.117000,1.14395,1.1439,1370000,1000000
2017-01-13 13:29:46.271000,1.14389,1.14382,1000000,1000000
2017-01-13 13:29:46.322000,1.14388,1.14382,1870000,1000000
2017-01-13 13:29:46.579000,1.1439,1.14381,1670000,1000000
2017-01-13 13:29:47.191000,1.14385,1.14381,1500000,1000000
2017-01-13 13:29:47.554000,1.14378,1.14374,1100000,3750000
2017-01-13 13:29:48.062000,1.1438,1.14377,1370000,1000000
2017-01-13 13:29:48.574000,1.1438,1.14376,1750000,1000000
2017-01-13 13:29:48.778000,1.14381,1.14377,1670000,1000000
2017-01-13 13:29:48.830000,1.14382,1.14375,4350000,1000000
2017-01-13 13:29:48.934000,1.14384,1.14375,2250000,1000000
2017-01-13 13:29:49.340000,1.14384,1.14372,2250000,1570000
2017-01-13 13:29:50.167000,1.14383,1.14372,4870000,1450000
2017-01-13 13:29:50.220000,1.14383,1.14379,4120000,1000000
2017-01-13 13:29:50.271000,1.14383,1.14377,4120000,1000000
2017-01-13 13:29:50.322000,1.14383,1.14379,4120000,1000000
2017-01-13 13:29:50.374000,1.14384,1.14375,4120000,1950000
2017-01-13 13:29:50.476000,1.14389,1.14377,5620000,1100000
2017-01-13 13:29:53.868000,1.14389,1.14381,4870000,1000000
2017-01-13 13:29:54.174000,1.14383,1.14375,1120000,1000000
2017-01-13 13:29:54.276000,1.14383,1.14375,1870000,1000000
2017-01-13 13:29:55.016000,1.14383,1.14374,1870000,1000000
2017-01-13 13:29:55.068000,1.14388,1.14374,1370000,1500000
2017-01-13 13:29:55.119000,1.14388,1.14376,1000000,1000000
2017-01-13 13:29:55.271000,1.14391,1.14376,1000000,1000000
2017-01-13 13:29:55.475000,1.14392,1.1438,1000000,1000000
2017-01-13 13:29:55.780000,1.14404,1.14396,1000000,1000000
2017-01-13 13:29:55.831000,1.14401,1.14393,1000000,3000000
2017-01-13 13:29:55.934000,1.14404,1.14398,1000000,1000000
2017-01-13 13:29:55.985000,1.14414,1.14401,1450000,1000000
2017-01-13 13:29:56.112000,1.14414,1.14397,1450000,1000000
2017-01-13 13:29:56.163000,1.14406,1.14396,1000000,1450000
2017-01-13 13:29:56.468000,1.14413,1.14397,1120000,1450000
2017-01-13 13:29:56.571000,1.14406,1.14397,1500000,1450000
2017-01-13 13:29:56.825000,1.14401,1.14391,1120000,1000000
2017-01-13 13:29:56.876000,1.14405,1.1439,2250000,1000000
2017-01-13 13:29:56.927000,1.14407,1.1439,1000000,1000000
2017-01-13 13:29:57.233000,1.14407,1.14378,1000000,1500000
2017-01-13 13:29:58.048000,1.14407,1.1438,1000000,1000000
2017-01-13 13:29:58.101000,1.14407,1.14378,1000000,1500000
2017-01-13 13:29:58.254000,1.14411,1.14389,1450000,1450000
2017-01-13 13:29:58.594000,1.14406,1.14389,1120000,1650000
2017-01-13 13:29:58.898000,1.14395,1.14378,1000000,1450000
2017-01-13 13:29:58.950000,1.14393,1.14378,1000000,1000000
2017-01-13 13:29:59.102000,1.14397,1.14378,3750000,1000000
2017-01-13 13:29:59.153000,1.14402,1.14378,1000000,1000000
2017-01-13 13:29:59.760000,1.14402,1.14374,1000000,1000000
2017-01-13 13:29:59.964000,1.14378,1.14374,1500000,1000000
2017-01-13 13:30:00.301000,1.14261,1.14248,1000000,1000000
2017-01-13 13:30:00.649000,1.14245,1.14224,1000000,1000000
2017-01-13 13:30:00.849000,1.14242,1.14222,1120000,1000000
2017-01-13 13:30:01.075000,1.14229,1.14203,1000000,1870000
2017-01-13 13:30:01.215000,1.14229,1.14216,1000000,1000000
2017-01-13 13:30:01.563000,1.14224,1.1422,750000,750000
2017-01-13 13:30:01.614000,1.14223,1.14208,1000000,1000000
2017-01-13 13:30:01.666000,1.14215,1.14213,1120000,1000000
2017-01-13 13:30:01.996000,1.14215,1.14208,1000000,1000000
2017-01-13 13:30:02.048000,1.14177,1.14168,1000000,2850000
2017-01-13 13:30:02.099000,1.1421,1.14168,750000,1500000
2017-01-13 13:30:02.151000,1.14207,1.14169,1500000,1000000
2017-01-13 13:30:02.514000,1.14199,1.14189,1500000,530000
2017-01-13 13:30:02.566000,1.14206,1.14191,1000000,1000000
2017-01-13 13:30:02.620000,1.14212,1.1419,1000000,1000000
2017-01-13 13:30:02.672000,1.14201,1.14198,1000000,1000000
2017-01-13 13:30:02.724000,1.14205,1.14196,1000000,1000000
2017-01-13 13:30:02.775000,1.14208,1.14201,1000000,1000000
2017-01-13 13:30:02.826000,1.14212,1.14203,1000000,1000000
2017-01-13 13:30:02.878000,1.14217,1.14203,1000000,1000000
2017-01-13 13:30:02.929000,1.14222,1.14201,1000000,1000000
2017-01-13 13:30:02.980000,1.14213,1.14199,1500000,1000000
2017-01-13 13:30:03.032000,1.14213,1.14197,1000000,1120000
2017-01-13 13:30:03.083000,1.14212,1.14199,1500000,1000000
2017-01-13 13:30:03.422000,1.14235,1.14208,1950000,1120000
2017-01-13 13:30:03.473000,1.14232,1.14207,1000000,1870000
2017-01-13 13:30:03.575000,1.14229,1.14209,1450000,1650000
2017-01-13 13:30:03.881000,1.14239,1.1422,1000000,1000000
2017-01-13 13:30:03.983000,1.14244,1.14211,1000000,1370000
2017-01-13 13:30:04.034000,1.14249,1.14216,1450000,1370000
2017-01-13 13:30:04.254000,1.14244,1.14225,1000000,1000000
2017-01-13 13:30:04.509000,1.14259,1.14235,4500000,1500000
2017-01-13 13:30:04.560000,1.14262,1.14235,1570000,1500000
2017-01-13 13:30:04.677000,1.14256,1.14238,1000000,1000000
2017-01-13 13:30:04.778000,1.14257,1.1424,1000000,1000000
2017-01-13 13:30:05.125000,1.14287,1.14277,1000000,1000000
2017-01-13 13:30:05.279000,1.14306,1.14295,1000000,1200000
2017-01-13 13:30:05.381000,1.14315,1.14313,3750000,1000000
2017-01-13 13:30:05.484000,1.14315,1.14313,1000000,750000
2017-01-13 13:30:05.942000,1.14334,1.14321,1500000,3370000
2017-01-13 13:30:05.993000,1.14333,1.14321,1500000,3670000
2017-01-13 13:30:06.095000,1.14338,1.14328,1500000,2620000
2017-01-13 13:30:06.248000,1.14355,1.14351,1370000,1500000
2017-01-13 13:30:06.299000,1.1436,1.14349,1000000,1000000
2017-01-13 13:30:06.350000,1.1436,1.14347,1000000,4500000
2017-01-13 13:30:06.402000,1.14362,1.14345,1270000,1150000
2017-01-13 13:30:06.504000,1.14362,1.14347,2250000,1950000
2017-01-13 13:30:06.606000,1.14362,1.14356,1500000,1000000
2017-01-13 13:30:06.658000,1.14362,1.14355,1500000,1000000
2017-01-13 13:30:06.710000,1.14363,1.14361,1000000,1000000
2017-01-13 13:30:06.841000,1.14365,1.1436,1000000,1000000
2017-01-13 13:30:06.892000,1.14361,1.14355,1000000,1000000
2017-01-13 13:30:06.945000,1.14368,1.1435,1370000,1000000
2017-01-13 13:30:06.997000,1.14366,1.14347,1000000,1870000
2017-01-13 13:30:07.100000,1.14366,1.14352,1000000,1000000
2017-01-13 13:30:07.406000,1.14357,1.14352,1120000,1500000
2017-01-13 13:30:07.458000,1.14368,1.14357,1000000,1500000
2017-01-13 13:30:07.538000,1.14368,1.14365,1000000,1250000
2017-01-13 13:30:07.782000,1.14403,1.14397,1000000,1000000
2017-01-13 13:30:07.833000,1.14423,1.1442,3370000,1690000
2017-01-13 13:30:07.885000,1.14423,1.1442,1000000,1000000
2017-01-13 13:30:07.937000,1.14428,1.14419,1000000,1000000
2017-01-13 13:30:07.988000,1.14432,1.1442,1500000,1000000
2017-01-13 13:30:08.090000,1.14429,1.14415,2060000,1000000
2017-01-13 13:30:08.294000,1.14441,1.14425,1000000,1120000
2017-01-13 13:30:08.547000,1.14447,1.14433,1870000,1690000
2017-01-13 13:30:08.851000,1.14446,1.14428,1500000,1370000
2017-01-13 13:30:09.156000,1.14434,1.14427,1120000,1120000
2017-01-13 13:30:09.312000,1.14396,1.14389,1250000,1250000
2017-01-13 13:30:09.363000,1.14394,1.14384,1250000,1250000
2017-01-13 13:30:09.498000,1.14393,1.14387,1250000,1000000
2017-01-13 13:30:09.550000,1.14395,1.14381,1120000,1690000
2017-01-13 13:30:09.604000,1.14391,1.14381,1250000,1000000
2017-01-13 13:30:09.768000,1.14388,1.14377,1000000,1250000
2017-01-13 13:30:09.820000,1.14389,1.14371,1000000,1500000
2017-01-13 13:30:09.922000,1.14388,1.14375,1000000,1500000
2017-01-13 13:30:10.229000,1.14389,1.14379,1250000,1000000
2017-01-13 13:30:10.538000,1.14384,1.14374,1250000,1000000
2017-01-13 13:30:10.589000,1.14386,1.14374,1690000,1000000
2017-01-13 13:30:10.640000,1.14379,1.14375,1000000,1000000
2017-01-13 13:30:10.792000,1.14371,1.14365,1000000,3560000
2017-01-13 13:30:10.844000,1.14369,1.14364,1000000,2620000
2017-01-13 13:30:10.996000,1.14364,1.14358,1120000,1120000
2017-01-13 13:30:11.098000,1.14365,1.14355,1250000,1120000
2017-01-13 13:30:11.200000,1.14365,1.14357,1250000,1120000
2017-01-13 13:30:11.536000,1.14369,1.14361,1500000,1000000
2017-01-13 13:30:11.689000,1.14382,1.14372,1500000,1870000
2017-01-13 13:30:11.741000,1.14385,1.14372,1250000,1870000
2017-01-13 13:30:11.792000,1.14385,1.14373,1250000,1370000
2017-01-13 13:30:12.100000,1.14388,1.14381,1250000,1000000
2017-01-13 13:30:12.151000,1.14391,1.14381,1250000,1000000
2017-01-13 13:30:12.202000,1.14384,1.14381,1000000,1000000
2017-01-13 13:30:12.253000,1.14389,1.14381,1690000,1000000
2017-01-13 13:30:12.304000,1.14388,1.14382,1690000,1370000
2017-01-13 13:30:12.355000,1.14391,1.14382,1690000,1370000
2017-01-13 13:30:12.406000,1.14393,1.14382,1000000,1370000
2017-01-13 13:30:12.607000,1.14394,1.14389,1120000,1250000
2017-01-13 13:30:12.658000,1.14401,1.1439,1120000,1120000
2017-01-13 13:30:12.710000,1.14402,1.14394,1870000,1690000
2017-01-13 13:30:12.996000,1.14413,1.14404,1000000,1120000
2017-01-13 13:30:13.048000,1.14419,1.14408,1000000,1190000
2017-01-13 13:30:13.099000,1.14415,1.14412,1000000,1000000
2017-01-13 13:30:13.150000,1.1442,1.14414,1000000,1000000
2017-01-13 13:30:13.201000,1.14415,1.14412,1000000,2120000
2017-01-13 13:30:13.404000,1.1442,1.14416,1000000,1690000
2017-01-13 13:30:13.455000,1.14423,1.14421,2120000,1250000
2017-01-13 13:30:13.600000,1.14422,1.14419,1000000,1000000
2017-01-13 13:30:13.746000,1.14436,1.14432,1000000,1000000
2017-01-13 13:30:13.797000,1.14444,1.14438,1750000,1870000
2017-01-13 13:30:13.848000,1.14444,1.14439,1000000,1190000
2017-01-13 13:30:14.102000,1.14441,1.14439,1000000,1000000
2017-01-13 13:30:14.153000,1.14447,1.14439,1000000,1000000
2017-01-13 13:30:14.609000,1.14449,1.1444,2440000,2620000
2017-01-13 13:30:14.660000,1.14447,1.14438,1000000,2620000
2017-01-13 13:30:14.995000,1.14443,1.14434,1120000,3370000
2017-01-13 13:30:15.299000,1.14445,1.14439,1000000,1000000
2017-01-13 13:30:15.705000,1.14448,1.14438,1690000,1370000
2017-01-13 13:30:15.943000,1.14451,1.1444,1310000,3000000
2017-01-13 13:30:15.994000,1.14451,1.14441,2810000,2060000
2017-01-13 13:30:16.299000,1.14448,1.14446,1250000,1500000
2017-01-13 13:30:16.604000,1.14471,1.14464,1000000,1500000
2017-01-13 13:30:16.655000,1.14476,1.14465,1000000,1000000
2017-01-13 13:30:16.706000,1.14478,1.14465,1000000,1000000
2017-01-13 13:30:16.757000,1.14482,1.14466,1870000,1000000
2017-01-13 13:30:16.808000,1.14483,1.14469,1000000,1500000
2017-01-13 13:30:17.065000,1.1448,1.14464,4500000,1500000
2017-01-13 13:30:17.121000,1.14477,1.14461,1120000,3750000
2017-01-13 13:30:17.223000,1.1448,1.14465,1120000,1120000
2017-01-13 13:30:17.328000,1.14483,1.14474,3370000,1000000
2017-01-13 13:30:17.533000,1.14481,1.14472,1000000,1000000
2017-01-13 13:30:17.705000,1.14481,1.14476,1000000,1000000
2017-01-13 13:30:17.837000,1.1449,1.14477,1500000,3970000
2017-01-13 13:30:17.991000,1.14492,1.14481,1000000,1000000
2017-01-13 13:30:18.094000,1.14496,1.1449,1370000,1000000
2017-01-13 13:30:18.197000,1.14501,1.14492,1120000,1000000
2017-01-13 13:30:18.350000,1.14501,1.14494,1000000,1500000
2017-01-13 13:30:18.668000,1.14488,1.14484,1500000,2250000
2017-01-13 13:30:18.771000,1.1449,1.14484,1870000,1000000
2017-01-13 13:30:18.924000,1.14487,1.14483,1000000,1000000
2017-01-13 13:30:19.077000,1.14497,1.1449,1000000,1250000
2017-01-13 13:30:19.147000,1.14497,1.14492,1000000,1250000
2017-01-13 13:30:19.299000,1.14499,1.14493,1500000,1250000
2017-01-13 13:30:19.351000,1.14494,1.1449,1000000,1000000
2017-01-13 13:30:19.505000,1.14495,1.14487,1000000,1000000
2017-01-13 13:30:19.556000,1.14495,1.14489,3750000,1250000
2017-01-13 13:30:19.658000,1.14496,1.1449,1750000,1190000
2017-01-13 13:30:19.861000,1.1449,1.14485,2250000,5620000
2017-01-13 13:30:20.167000,1.14477,1.14475,1000000,3000000
2017-01-13 13:30:20.219000,1.14475,1.14472,1120000,1000000
2017-01-13 13:30:20.270000,1.14468,1.14466,1000000,9750000
2017-01-13 13:30:20.437000,1.14464,1.14461,1000000,1370000
2017-01-13 13:30:20.488000,1.14465,1.14457,1120000,1690000
2017-01-13 13:30:20.539000,1.14465,1.14457,1120000,1310000
2017-01-13 13:30:20.846000,1.14459,1.14452,1750000,4870000
2017-01-13 13:30:21.150000,1.14446,1.14444,1000000,1000000
2017-01-13 13:30:21.201000,1.14452,1.14449,1500000,2620000
2017-01-13 13:30:21.402000,1.14458,1.1445,1870000,1250000
2017-01-13 13:30:21.504000,1.14459,1.1445,1050000,1310000
2017-01-13 13:30:21.606000,1.14461,1.14452,4420000,1120000
2017-01-13 13:30:21.860000,1.14455,1.14448,1420000,1370000
2017-01-13 13:30:22.063000,1.14458,1.14451,1670000,1120000
2017-01-13 13:30:22.225000,1.14461,1.14454,1420000,1310000
2017-01-13 13:30:22.429000,1.14464,1.14457,5170000,1250000
2017-01-13 13:30:22.531000,1.14466,1.14457,1870000,1250000
2017-01-13 13:30:22.633000,1.14468,1.1446,4500000,1250000
2017-01-13 13:30:22.836000,1.14471,1.14465,1000000,1310000
2017-01-13 13:30:22.887000,1.14472,1.14467,1500000,1250000
2017-01-13 13:30:23.090000,1.14475,1.1447,1120000,1310000
2017-01-13 13:30:23.379000,1.14479,1.14476,1120000,1250000
2017-01-13 13:30:23.685000,1.14509,1.14504,7120000,1690000
2017-01-13 13:30:23.736000,1.1451,1.14509,1000000,1250000
2017-01-13 13:30:23.788000,1.14514,1.14513,1000000,1000000
2017-01-13 13:30:23.839000,1.14522,1.14518,1310000,1000000
2017-01-13 13:30:23.890000,1.14528,1.14527,8250000,1000000
2017-01-13 13:30:24.043000,1.14542,1.14536,5250000,1500000
2017-01-13 13:30:24.202000,1.14548,1.14543,1750000,1000000
2017-01-13 13:30:24.253000,1.14548,1.14545,1750000,1690000
2017-01-13 13:30:24.585000,1.14564,1.14562,1000000,1250000
2017-01-13 13:30:24.688000,1.14564,1.1456,1000000,1250000
2017-01-13 13:30:25.024000,1.14566,1.14562,1000000,1250000
2017-01-13 13:30:25.401000,1.14568,1.14565,1000000,1250000
2017-01-13 13:30:25.452000,1.14569,1.14565,1000000,1000000
2017-01-13 13:30:25.503000,1.14571,1.14568,1000000,1000000
2017-01-13 13:30:25.605000,1.1457,1.14566,1000000,1250000
2017-01-13 13:30:25.815000,1.1457,1.14566,1870000,1250000
2017-01-13 13:30:25.866000,1.1457,1.14564,1120000,2440000
2017-01-13 13:30:25.917000,1.14568,1.14565,1000000,1250000
2017-01-13 13:30:26.019000,1.14567,1.14559,1370000,1690000
2017-01-13 13:30:26.071000,1.14565,1.14561,1120000,1690000
2017-01-13 13:30:26.421000,1.14564,1.14561,1370000,1250000
2017-01-13 13:30:26.752000,1.14574,1.14573,2620000,1000000
2017-01-13 13:30:26.854000,1.14577,1.14575,1500000,1000000
2017-01-13 13:30:26.905000,1.14582,1.14576,5060000,1000000
2017-01-13 13:30:27.029000,1.14581,1.1458,5250000,1000000
2017-01-13 13:30:27.212000,1.14584,1.14578,1000000,1690000
2017-01-13 13:30:27.269000,1.1458,1.14578,1000000,1690000
2017-01-13 13:30:27.564000,1.14578,1.14573,1500000,2440000
2017-01-13 13:30:27.615000,1.14576,1.14575,1000000,1250000
2017-01-13 13:30:27.666000,1.14578,1.14575,1500000,2440000
2017-01-13 13:30:27.870000,1.14578,1.14577,1870000,1250000
2017-01-13 13:30:27.921000,1.14575,1.14573,1000000,1250000
2017-01-13 13:30:28.111000,1.14581,1.1458,1000000,1250000
2017-01-13 13:30:28.162000,1.1458,1.14573,1000000,5440000
2017-01-13 13:30:28.265000,1.1458,1.14574,1000000,1690000
2017-01-13 13:30:28.368000,1.14577,1.14574,1000000,1250000
2017-01-13 13:30:28.521000,1.14574,1.14567,1500000,2440000
2017-01-13 13:30:28.572000,1.14574,1.1457,1750000,1250000
2017-01-13 13:30:28.878000,1.14579,1.14574,1120000,2060000
2017-01-13 13:30:29.023000,1.14583,1.14577,1500000,1310000
2017-01-13 13:30:29.328000,1.14565,1.14563,1000000,3750000
2017-01-13 13:30:29.740000,1.14538,1.14537,1000000,2250000
2017-01-13 13:30:29.995000,1.1454,1.14536,1000000,1000000
2017-01-13 13:30:30.046000,1.14536,1.14533,1000000,1750000
2017-01-13 13:30:30.250000,1.14539,1.14538,1500000,1250000
2017-01-13 13:30:30.301000,1.1454,1.14538,1370000,1500000
2017-01-13 13:30:30.403000,1.14541,1.14536,1120000,1000000
2017-01-13 13:30:30.454000,1.14541,1.14534,1750000,1000000
2017-01-13 13:30:30.800000,1.14521,1.14519,1120000,4500000
2017-01-13 13:30:30.851000,1.1452,1.14518,1120000,1500000
2017-01-13 13:30:31.003000,1.14521,1.14514,1500000,1250000
2017-01-13 13:30:31.055000,1.14521,1.14512,1500000,1310000
2017-01-13 13:30:31.107000,1.14521,1.14514,1870000,1250000
2017-01-13 13:30:31.158000,1.1452,1.14512,1370000,1310000
2017-01-13 13:30:31.211000,1.14524,1.14521,1120000,1500000
2017-01-13 13:30:31.263000,1.14526,1.14525,1000000,1500000
2017-01-13 13:30:31.314000,1.14528,1.14526,3750000,1620000
2017-01-13 13:30:31.366000,1.14533,1.14526,1120000,1310000
2017-01-13 13:30:31.563000,1.14532,1.14525,1120000,1690000
2017-01-13 13:30:31.665000,1.14532,1.14525,4870000,1250000
2017-01-13 13:30:32.123000,1.14531,1.14529,1000000,1000000
2017-01-13 13:30:32.174000,1.14533,1.14528,1500000,1690000
2017-01-13 13:30:32.225000,1.14532,1.14526,1120000,1000000
2017-01-13 13:30:32.327000,1.14531,1.14525,1750000,1250000
2017-01-13 13:30:32.649000,1.14538,1.14537,9000000,1000000
2017-01-13 13:30:32.853000,1.14548,1.14547,1000000,1000000
2017-01-13 13:30:32.956000,1.14551,1.14546,1120000,1250000
2017-01-13 13:30:33.008000,1.14551,1.14548,1120000,1250000
2017-01-13 13:30:33.313000,1.14562,1.14558,1120000,1250000
2017-01-13 13:30:33.614000,1.14568,1.14567,4120000,1250000
2017-01-13 13:30:33.691000,1.14569,1.14568,1000000,1000000
2017-01-13 13:30:33.743000,1.14573,1.14565,4870000,4310000
2017-01-13 13:30:33.794000,1.14565,1.14563,2620000,1250000
2017-01-13 13:30:33.845000,1.14565,1.14562,3000000,1120000
2017-01-13 13:30:33.896000,1.14568,1.1456,1120000,1250000
2017-01-13 13:30:33.947000,1.14567,1.1456,3750000,1690000
2017-01-13 13:30:34.151000,1.14569,1.14562,1370000,1310000
2017-01-13 13:30:34.304000,1.14574,1.14571,1370000,1690000
2017-01-13 13:30:34.472000,1.14575,1.14571,5250000,1690000
2017-01-13 13:30:34.523000,1.14578,1.14577,6000000,1000000
2017-01-13 13:30:34.677000,1.14576,1.14573,1000000,1250000
2017-01-13 13:30:34.728000,1.14565,1.14564,1000000,12150000
2017-01-13 13:30:34.779000,1.14573,1.14571,4120000,2250000
2017-01-13 13:30:34.831000,1.1457,1.14568,1000000,1120000
2017-01-13 13:30:34.882000,1.1457,1.14566,1750000,2060000
2017-01-13 13:30:35.035000,1.14568,1.14563,1120000,1250000
2017-01-13 13:30:35.188000,1.14568,1.14566,1120000,1250000
2017-01-13 13:30:35.239000,1.14568,1.14566,1370000,1690000
2017-01-13 13:30:35.450000,1.1457,1.14568,1000000,1000000
2017-01-13 13:30:35.502000,1.1457,1.14569,1000000,1690000
2017-01-13 13:30:35.812000,1.14579,1.14575,1000000,1000000
2017-01-13 13:30:35.864000,1.14585,1.14576,3750000,1000000
2017-01-13 13:30:35.915000,1.14578,1.14575,1000000,1000000
2017-01-13 13:30:36.227000,1.14583,1.14582,1000000,1000000
2017-01-13 13:30:36.279000,1.14586,1.14584,1000000,1250000
2017-01-13 13:30:36.330000,1.1459,1.14585,1870000,1250000
2017-01-13 13:30:36.431000,1.14591,1.14584,4690000,1000000
2017-01-13 13:30:36.533000,1.14593,1.14585,1750000,1250000
2017-01-13 13:30:36.840000,1.14591,1.14584,5620000,1120000
2017-01-13 13:30:36.942000,1.14589,1.1458,1750000,1690000
2017-01-13 13:30:37.281000,1.14586,1.14578,2000000,1500000
2017-01-13 13:30:37.586000,1.14579,1.14573,1750000,4120000
2017-01-13 13:30:37.789000,1.14578,1.14571,3750000,2060000
2017-01-13 13:30:38.194000,1.14573,1.14568,1750000,1120000
2017-01-13 13:30:38.651000,1.14566,1.14564,1000000,1500000
2017-01-13 13:30:38.753000,1.14566,1.14562,1500000,1690000
2017-01-13 13:30:38.804000,1.14563,1.14561,1000000,1120000
2017-01-13 13:30:39.119000,1.14562,1.14558,1370000,1000000
2017-01-13 13:30:39.322000,1.14563,1.1456,3370000,1000000
2017-01-13 13:30:39.830000,1.14566,1.14562,1870000,1500000
2017-01-13 13:30:39.965000,1.14573,1.14571,9740000,6750000
2017-01-13 13:30:40.068000,1.14582,1.14579,1500000,1500000
2017-01-13 13:30:40.273000,1.14587,1.14583,1000000,2590000
2017-01-13 13:30:40.579000,1.14592,1.14585,1870000,2550000
2017-01-13 13:30:40.725000,1.14586,1.14585,2440000,1120000
2017-01-13 13:30:40.982000,1.14577,1.14576,1000000,1000000
2017-01-13 13:30:41.236000,1.14576,1.14569,1250000,2250000
2017-01-13 13:30:41.288000,1.14573,1.14569,1000000,1500000
2017-01-13 13:30:41.390000,1.14572,1.14565,1690000,2250000
2017-01-13 13:30:41.441000,1.14571,1.1457,1000000,1000000
2017-01-13 13:30:41.594000,1.14575,1.14569,2440000,1000000
2017-01-13 13:30:42.118000,1.14573,1.14568,3190000,1000000
2017-01-13 13:30:42.220000,1.14572,1.14566,1750000,1120000
2017-01-13 13:30:42.474000,1.14572,1.14568,1120000,1000000
2017-01-13 13:30:42.729000,1.14582,1.14578,3370000,1220000
2017-01-13 13:30:42.780000,1.14585,1.14579,1370000,1000000
2017-01-13 13:30:42.929000,1.14583,1.14579,1250000,1870000
2017-01-13 13:30:43.237000,1.14573,1.1457,1500000,1000000
2017-01-13 13:30:43.340000,1.14577,1.14572,1690000,1000000
2017-01-13 13:30:43.595000,1.14577,1.14571,3340000,2440000
2017-01-13 13:30:43.909000,1.14586,1.14584,1500000,1250000
2017-01-13 13:30:44.010000,1.14587,1.14584,1500000,1250000
2017-01-13 13:30:44.316000,1.14584,1.14582,1000000,3100000
2017-01-13 13:30:44.367000,1.14589,1.14587,1500000,1500000
2017-01-13 13:30:44.418000,1.14589,1.14587,1000000,1250000
2017-01-13 13:30:44.470000,1.14591,1.14587,1000000,1600000
2017-01-13 13:30:44.521000,1.14595,1.14589,1120000,1120000
2017-01-13 13:30:44.936000,1.14598,1.14589,2250000,3750000
2017-01-13 13:30:45.088000,1.14596,1.14588,1120000,1000000
2017-01-13 13:30:45.190000,1.14597,1.14588,2620000,2620000
2017-01-13 13:30:45.494000,1.14594,1.14588,1750000,2250000
2017-01-13 13:30:45.803000,1.14592,1.14587,1500000,1870000
2017-01-13 13:30:46.006000,1.14594,1.1459,1120000,1370000
2017-01-13 13:30:46.412000,1.14596,1.14593,1000000,1870000
2017-01-13 13:30:46.615000,1.146,1.14594,1870000,1500000
2017-01-13 13:30:46.666000,1.14602,1.14596,1000000,1000000
2017-01-13 13:30:46.717000,1.14602,1.14601,1120000,1000000
2017-01-13 13:30:47.026000,1.14608,1.14606,1500000,2060000
2017-01-13 13:30:47.078000,1.14612,1.14609,2250000,1000000
2017-01-13 13:30:47.129000,1.14621,1.1462,3000000,2620000
2017-01-13 13:30:47.181000,1.14631,1.14628,13120000,1000000
2017-01-13 13:30:47.232000,1.14631,1.14628,3750000,1000000
2017-01-13 13:30:47.533000,1.14638,1.14637,1500000,1000000
2017-01-13 13:30:47.741000,1.14628,1.14627,1500000,9370000
2017-01-13 13:30:47.843000,1.14621,1.14618,1000000,2440000
2017-01-13 13:30:47.894000,1.14621,1.1462,1000000,1000000
2017-01-13 13:30:48.053000,1.14638,1.14634,4120000,1000000
2017-01-13 13:30:48.104000,1.14634,1.1463,1000000,1690000
2017-01-13 13:30:48.156000,1.14637,1.14631,1500000,1000000
2017-01-13 13:30:48.258000,1.14639,1.14633,2250000,1000000
2017-01-13 13:30:48.448000,1.1464,1.14634,1000000,1000000
2017-01-13 13:30:48.499000,1.14638,1.14633,1000000,1690000
2017-01-13 13:30:48.863000,1.14638,1.14631,1000000,1000000
2017-01-13 13:30:49.016000,1.14638,1.14633,1000000,1000000
2017-01-13 13:30:49.067000,1.14637,1.14629,1150000,2060000
2017-01-13 13:30:49.580000,1.14638,1.1463,1870000,1250000
2017-01-13 13:30:49.936000,1.14631,1.1463,1500000,1000000
2017-01-13 13:30:49.988000,1.14629,1.14628,2250000,1500000
2017-01-13 13:30:50.040000,1.14631,1.14628,3000000,1000000
2017-01-13 13:30:50.146000,1.14632,1.14631,2250000,1250000
2017-01-13 13:30:50.198000,1.14634,1.14631,1750000,2440000
2017-01-13 13:30:50.301000,1.14642,1.14633,3150000,1690000
2017-01-13 13:30:50.469000,1.14639,1.14635,1500000,1250000
2017-01-13 13:30:50.572000,1.14643,1.14636,4870000,1000000
2017-01-13 13:30:50.624000,1.14637,1.14634,1000000,1000000
2017-01-13 13:30:50.829000,1.14639,1.14632,1750000,1690000
2017-01-13 13:30:51.033000,1.14641,1.14634,2000000,1000000
2017-01-13 13:30:51.353000,1.14643,1.14639,1750000,2440000
2017-01-13 13:30:51.405000,1.14643,1.1464,1000000,1000000
2017-01-13 13:30:51.506000,1.14642,1.14639,1500000,2810000
2017-01-13 13:30:51.608000,1.14642,1.14637,2020000,1250000
2017-01-13 13:30:51.659000,1.14641,1.14635,2000000,1690000
2017-01-13 13:30:51.710000,1.14641,1.14635,2000000,1250000
2017-01-13 13:30:52.015000,1.14636,1.14632,1120000,2440000
2017-01-13 13:30:52.337000,1.14635,1.1463,1120000,3940000
2017-01-13 13:30:52.389000,1.14635,1.14633,1000000,1620000
2017-01-13 13:30:52.542000,1.14641,1.1464,7870000,1250000
2017-01-13 13:30:52.595000,1.14641,1.1464,1000000,1250000
2017-01-13 13:30:52.752000,1.14645,1.14638,2810000,1000000
2017-01-13 13:30:52.905000,1.14643,1.14637,1120000,1000000
2017-01-13 13:30:53.315000,1.14642,1.14633,1120000,4310000
2017-01-13 13:30:53.366000,1.1464,1.14634,1120000,1120000
2017-01-13 13:30:53.671000,1.14638,1.14633,1750000,1000000
2017-01-13 13:30:53.976000,1.14638,1.14636,10690000,2100000
2017-01-13 13:30:54.423000,1.14649,1.14643,2500000,14290000
2017-01-13 13:30:54.475000,1.14655,1.14652,1000000,1370000
2017-01-13 13:30:54.781000,1.14654,1.14652,1500000,1250000
2017-01-13 13:30:54.833000,1.14654,1.14652,1000000,1250000
2017-01-13 13:30:54.936000,1.14658,1.14652,1120000,1250000
2017-01-13 13:30:54.987000,1.14654,1.1465,1000000,4310000
2017-01-13 13:30:55.197000,1.14652,1.1465,1000000,3560000
2017-01-13 13:30:55.714000,1.14657,1.14651,1840000,1000000
2017-01-13 13:30:55.765000,1.14651,1.14649,1000000,2170000
2017-01-13 13:30:56.174000,1.14651,1.14647,1870000,1500000
2017-01-13 13:30:56.339000,1.14651,1.14648,1120000,1250000
2017-01-13 13:30:56.390000,1.14651,1.14649,1120000,1250000
2017-01-13 13:30:56.695000,1.14657,1.14655,1000000,1000000
2017-01-13 13:30:57.001000,1.14672,1.1467,1000000,2440000
2017-01-13 13:30:57.103000,1.14676,1.1467,1870000,1310000
2017-01-13 13:30:57.320000,1.14673,1.1467,1120000,1250000
2017-01-13 13:30:57.776000,1.14674,1.14672,1120000,1250000
2017-01-13 13:30:57.827000,1.14675,1.14674,1000000,1000000
2017-01-13 13:30:57.879000,1.14679,1.14676,1370000,1250000
2017-01-13 13:30:57.930000,1.14682,1.14681,1500000,1000000
2017-01-13 13:30:58.031000,1.14679,1.14676,1000000,1370000
2017-01-13 13:30:58.405000,1.14677,1.14672,1120000,3560000
2017-01-13 13:30:58.557000,1.14676,1.14673,1500000,1250000
2017-01-13 13:30:58.761000,1.14677,1.14671,1870000,1000000
2017-01-13 13:30:58.812000,1.14676,1.14673,1870000,1250000
2017-01-13 13:30:59.313000,1.14677,1.14673,1870000,1250000
2017-01-13 13:30:59.415000,1.14675,1.14671,1000000,1690000
2017-01-13 13:31:00.023000,1.14676,1.14674,1120000,1250000
2017-01-13 13:31:00.126000,1.1468,1.14675,1120000,1000000
2017-01-13 13:31:00.379000,1.14679,1.14678,1000000,1000000
2017-01-13 13:31:00.633000,1.14684,1.1468,1120000,1250000
2017-01-13 13:31:01.146000,1.14685,1.1468,1750000,1250000
2017-01-13 13:31:01.197000,1.14685,1.1468,2250000,1250000
2017-01-13 13:31:01.248000,1.14685,1.14678,3560000,1000000
2017-01-13 13:31:01.552000,1.14683,1.14676,2440000,1870000
2017-01-13 13:31:01.603000,1.14681,1.14675,1940000,1370000
2017-01-13 13:31:01.705000,1.1468,1.14672,2000000,1000000
2017-01-13 13:31:01.858000,1.14679,1.14674,1370000,1000000
2017-01-13 13:31:02.256000,1.1469,1.14688,1000000,1120000
2017-01-13 13:31:02.349000,1.14689,1.14686,1000000,1370000
2017-01-13 13:31:02.401000,1.14689,1.14684,1000000,1500000
2017-01-13 13:31:02.503000,1.14689,1.14687,1000000,1000000
2017-01-13 13:31:02.604000,1.1469,1.14684,1120000,1120000
2017-01-13 13:31:02.707000,1.14688,1.14684,1000000,1000000
2017-01-13 13:31:02.860000,1.14686,1.1468,1000000,2250000
2017-01-13 13:31:02.912000,1.14687,1.1468,1500000,1870000
2017-01-13 13:31:03.421000,1.14687,1.1468,1120000,1500000
2017-01-13 13:31:03.725000,1.14687,1.14679,1120000,5620000
2017-01-13 13:31:04.462000,1.14684,1.1468,1000000,1500000
2017-01-13 13:31:04.969000,1.14683,1.14679,1000000,2440000
2017-01-13 13:31:05.021000,1.14682,1.14679,2500000,1690000
2017-01-13 13:31:05.122000,1.14681,1.14677,1000000,1620000
2017-01-13 13:31:05.224000,1.14679,1.14677,1000000,1250000
2017-01-13 13:31:05.377000,1.14677,1.14672,1690000,1870000
2017-01-13 13:31:05.479000,1.14677,1.14671,1310000,1500000
2017-01-13 13:31:05.985000,1.14677,1.14671,1370000,1000000
2017-01-13 13:31:06.189000,1.14674,1.14672,2250000,1000000
2017-01-13 13:31:06.497000,1.14678,1.14676,18370001,1000000
2017-01-13 13:31:06.655000,1.14682,1.1468,5250000,1000000
2017-01-13 13:31:06.706000,1.14682,1.1468,4120000,1000000
2017-01-13 13:31:06.758000,1.14681,1.14676,1000000,1500000
2017-01-13 13:31:06.809000,1.1468,1.14672,1000000,1870000
2017-01-13 13:31:06.912000,1.14677,1.1467,1000000,2440000
2017-01-13 13:31:07.218000,1.14676,1.14671,1370000,1250000
2017-01-13 13:31:07.475000,1.14674,1.14667,1120000,1690000
2017-01-13 13:31:07.728000,1.14676,1.14675,5620000,1250000
2017-01-13 13:31:07.779000,1.14676,1.14675,1500000,1000000
2017-01-13 13:31:07.932000,1.1468,1.14675,1370000,2440000
2017-01-13 13:31:08.136000,1.14677,1.14672,1750000,1000000
2017-01-13 13:31:08.239000,1.14674,1.14667,1870000,1250000
2017-01-13 13:31:08.462000,1.14665,1.14664,1000000,1250000
2017-01-13 13:31:08.565000,1.14665,1.14661,1500000,1370000
2017-01-13 13:31:08.718000,1.14665,1.14659,1750000,1250000
2017-01-13 13:31:08.820000,1.14664,1.14661,1370000,1250000
2017-01-13 13:31:08.922000,1.14665,1.14662,1000000,1250000
2017-01-13 13:31:08.973000,1.14665,1.1466,1000000,1250000
2017-01-13 13:31:09.024000,1.14665,1.14658,1750000,2250000
2017-01-13 13:31:09.353000,1.14661,1.14657,1750000,1000000
2017-01-13 13:31:09.710000,1.14659,1.14654,1750000,1250000
2017-01-13 13:31:09.761000,1.14657,1.14654,1870000,1250000
2017-01-13 13:31:10.070000,1.14654,1.14651,1750000,2440000
2017-01-13 13:31:10.122000,1.14654,1.14651,1750000,1690000
2017-01-13 13:31:10.378000,1.14648,1.14646,2060000,3000000
2017-01-13 13:31:10.685000,1.14625,1.14622,2250000,12000000
2017-01-13 13:31:10.850000,1.14631,1.14628,1310000,6740000
2017-01-13 13:31:10.902000,1.14639,1.14638,9370000,2250000
2017-01-13 13:31:10.953000,1.14638,1.14636,4120000,1500000
2017-01-13 13:31:11.004000,1.14638,1.14635,1120000,3750000
2017-01-13 13:31:11.056000,1.1463,1.14626,2000000,12370000
2017-01-13 13:31:11.360000,1.14628,1.14626,1000000,1500000
2017-01-13 13:31:11.512000,1.14627,1.14623,2810000,1000000
2017-01-13 13:31:11.563000,1.14624,1.14621,1250000,4000000
2017-01-13 13:31:11.748000,1.14623,1.14617,1250000,4120000
2017-01-13 13:31:11.951000,1.14616,1.14615,1250000,3750000
2017-01-13 13:31:12.003000,1.14618,1.14615,1690000,1000000
2017-01-13 13:31:12.104000,1.14613,1.14611,1250000,3370000
2017-01-13 13:31:12.310000,1.14612,1.14607,1690000,3370000
2017-01-13 13:31:12.514000,1.14607,1.14603,1750000,1000000
2017-01-13 13:31:12.565000,1.14607,1.14605,1000000,1000000
2017-01-13 13:31:12.754000,1.14614,1.14611,1250000,1000000
2017-01-13 13:31:12.957000,1.14619,1.14617,1370000,1120000
2017-01-13 13:31:13.109000,1.14629,1.14627,1000000,1000000
2017-01-13 13:31:13.211000,1.14627,1.14624,1750000,2250000
2017-01-13 13:31:13.312000,1.14631,1.14627,1120000,1000000
2017-01-13 13:31:13.643000,1.14628,1.14624,2000000,3370000
2017-01-13 13:31:13.897000,1.1462,1.14616,1500000,2620000
2017-01-13 13:31:13.948000,1.14619,1.14617,11160000,1000000
2017-01-13 13:31:13.999000,1.14606,1.146,2250000,1870000
2017-01-13 13:31:14.218000,1.14617,1.14615,2250000,3000000
2017-01-13 13:31:14.269000,1.14615,1.14613,4120000,1500000
2017-01-13 13:31:14.346000,1.14615,1.1461,2620000,5620000
2017-01-13 13:31:14.397000,1.14619,1.14614,6190000,4750000
2017-01-13 13:31:14.510000,1.14619,1.14616,11440000,1000000
2017-01-13 13:31:14.561000,1.14611,1.14609,1000000,1000000
2017-01-13 13:31:14.613000,1.14615,1.14608,2810000,1000000
2017-01-13 13:31:14.869000,1.14606,1.14605,1000000,1000000
2017-01-13 13:31:14.971000,1.146,1.14597,1250000,1370000
2017-01-13 13:31:15.023000,1.14599,1.14598,3000000,1120000
2017-01-13 13:31:15.529000,1.14603,1.14598,3370000,1870000
2017-01-13 13:31:15.835000,1.146,1.14596,2620000,1870000
2017-01-13 13:31:15.937000,1.14604,1.146,1500000,1120000
2017-01-13 13:31:16.040000,1.14607,1.146,2440000,1120000
2017-01-13 13:31:16.142000,1.14604,1.146,1310000,1120000
2017-01-13 13:31:16.458000,1.14598,1.14594,1690000,1000000
2017-01-13 13:31:16.714000,1.14593,1.1459,1870000,1500000
2017-01-13 13:31:16.817000,1.14598,1.1459,1120000,3370000
2017-01-13 13:31:16.869000,1.146,1.14592,2060000,1370000
2017-01-13 13:31:17.022000,1.146,1.14591,5750000,3370000
2017-01-13 13:31:17.175000,1.146,1.14593,1750000,1870000
2017-01-13 13:31:17.388000,1.146,1.14594,1690000,1000000
2017-01-13 13:31:17.633000,1.146,1.14592,1690000,3750000
2017-01-13 13:31:17.838000,1.146,1.14594,1690000,1000000
2017-01-13 13:31:17.940000,1.14601,1.14594,1690000,3750000
2017-01-13 13:31:18.244000,1.14599,1.14593,1500000,1870000
2017-01-13 13:31:18.498000,1.14605,1.14596,1120000,1500000
2017-01-13 13:31:18.630000,1.14604,1.14595,1870000,3000000
2017-01-13 13:31:18.935000,1.14601,1.14592,1870000,3000000
2017-01-13 13:31:19.242000,1.14593,1.14586,1690000,2250000
2017-01-13 13:31:19.598000,1.14595,1.14589,1750000,1000000
2017-01-13 13:31:19.650000,1.14611,1.14606,1250000,1000000
2017-01-13 13:31:19.701000,1.14603,1.14602,1000000,2250000
2017-01-13 13:31:19.752000,1.14606,1.14605,1500000,1000000
2017-01-13 13:31:19.804000,1.1461,1.14606,1690000,1000000
2017-01-13 13:31:19.855000,1.14608,1.14607,1120000,1000000
2017-01-13 13:31:19.906000,1.14609,1.14607,1120000,1000000
2017-01-13 13:31:20.008000,1.14611,1.14607,1000000,4500000
2017-01-13 13:31:20.112000,1.14612,1.14611,1000000,2250000
2017-01-13 13:31:20.417000,1.14604,1.14603,1000000,5250000
2017-01-13 13:31:20.469000,1.14605,1.14604,1870000,2620000
2017-01-13 13:31:20.634000,1.14608,1.14606,1250000,1000000
2017-01-13 13:31:20.686000,1.14609,1.14605,1500000,1000000
2017-01-13 13:31:20.737000,1.14605,1.14603,1000000,1000000
2017-01-13 13:31:21.042000,1.14605,1.146,2000000,1000000
2017-01-13 13:31:21.346000,1.14605,1.14603,1690000,1000000
2017-01-13 13:31:21.448000,1.14606,1.14603,1310000,1000000
2017-01-13 13:31:21.550000,1.14606,1.146,1310000,2060000
2017-01-13 13:31:21.601000,1.14602,1.14599,1250000,1370000
2017-01-13 13:31:21.948000,1.14588,1.14585,1690000,1000000
2017-01-13 13:31:22.102000,1.14584,1.14577,1120000,1850000
2017-01-13 13:31:22.154000,1.14584,1.14582,1120000,1000000
2017-01-13 13:31:22.307000,1.14586,1.14585,1000000,1000000
2017-01-13 13:31:22.358000,1.1459,1.14587,1750000,1000000
2017-01-13 13:31:22.410000,1.14592,1.1459,1500000,1000000
2017-01-13 13:31:22.779000,1.14595,1.14592,1870000,1250000
2017-01-13 13:31:23.286000,1.14595,1.14591,1500000,1000000
2017-01-13 13:31:23.641000,1.14595,1.14593,1500000,1250000
2017-01-13 13:31:23.793000,1.14595,1.14591,2250000,1000000
2017-01-13 13:31:24.032000,1.14591,1.1459,1500000,1000000
2017-01-13 13:31:24.135000,1.14588,1.14583,1370000,1000000
2017-01-13 13:31:24.236000,1.14586,1.14578,2250000,1000000
2017-01-13 13:31:24.540000,1.1458,1.14577,1000000,1870000
2017-01-13 13:31:24.591000,1.14585,1.1458,1000000,1000000
2017-01-13 13:31:25.098000,1.14588,1.1458,2000000,1000000
2017-01-13 13:31:25.555000,1.14581,1.1458,1000000,3000000
2017-01-13 13:31:25.607000,1.14579,1.14578,1000000,1000000
2017-01-13 13:31:25.729000,1.14582,1.14578,1310000,1000000
2017-01-13 13:31:25.833000,1.14568,1.14567,1500000,1250000
2017-01-13 13:31:25.886000,1.14567,1.14565,3190000,1870000
2017-01-13 13:31:25.937000,1.14562,1.14558,1000000,1000000
2017-01-13 13:31:26.039000,1.14564,1.14555,1870000,1000000
2017-01-13 13:31:26.192000,1.14563,1.14555,1120000,1000000
2017-01-13 13:31:26.339000,1.14563,1.14553,1750000,1500000
2017-01-13 13:31:26.390000,1.14563,1.14558,1750000,1000000
2017-01-13 13:31:26.745000,1.14561,1.14553,1750000,1690000
2017-01-13 13:31:26.948000,1.14563,1.14556,2620000,1250000
2017-01-13 13:31:27.295000,1.14562,1.14553,2250000,1000000
2017-01-13 13:31:27.632000,1.14562,1.14555,1870000,1500000
2017-01-13 13:31:27.734000,1.14563,1.14553,2620000,4120000
2017-01-13 13:31:28.353000,1.14563,1.14553,2620000,2250000
2017-01-13 13:31:28.405000,1.14562,1.14553,2000000,1000000
2017-01-13 13:31:28.911000,1.14556,1.1455,1000000,2440000
2017-01-13 13:31:29.216000,1.14554,1.14549,1500000,1310000
2017-01-13 13:31:29.275000,1.14555,1.14549,1250000,3190000
2017-01-13 13:31:29.399000,1.14557,1.14551,1690000,1250000
2017-01-13 13:31:29.709000,1.14559,1.14554,2250000,1000000
2017-01-13 13:31:29.811000,1.14562,1.14554,1690000,3940000
2017-01-13 13:31:29.862000,1.14564,1.14557,2440000,1000000
2017-01-13 13:31:30.014000,1.14561,1.14553,2000000,1500000
2017-01-13 13:31:30.116000,1.1456,1.14552,1500000,1120000
2017-01-13 13:31:30.268000,1.1456,1.14552,1500000,2100000
2017-01-13 13:31:30.421000,1.14558,1.14551,1000000,2060000
2017-01-13 13:31:30.472000,1.14557,1.14551,1500000,1250000
2017-01-13 13:31:30.887000,1.14557,1.14552,1000000,1500000
2017-01-13 13:31:31.343000,1.14557,1.1455,2440000,1670000
2017-01-13 13:31:31.852000,1.14556,1.14549,1120000,1370000
2017-01-13 13:31:31.953000,1.14552,1.14549,1000000,1370000
2017-01-13 13:31:32.056000,1.14551,1.14548,1120000,1540000
2017-01-13 13:31:32.208000,1.14554,1.14549,1690000,2470000
2017-01-13 13:31:32.313000,1.14556,1.14551,1870000,1250000
2017-01-13 13:31:32.364000,1.14556,1.14553,1120000,1250000
2017-01-13 13:31:32.517000,1.14558,1.1455,2250000,2290000
2017-01-13 13:31:32.771000,1.1456,1.14555,1120000,1250000
2017-01-13 13:31:33.098000,1.14562,1.14556,1250000,2440000
2017-01-13 13:31:33.200000,1.14562,1.14554,1690000,2530000
2017-01-13 13:31:33.354000,1.14561,1.14559,1120000,2100000
2017-01-13 13:31:33.510000,1.14569,1.14567,1120000,1500000
2017-01-13 13:31:33.562000,1.14571,1.14568,3750000,5620000
2017-01-13 13:31:33.715000,1.14572,1.1457,1000000,1310000
2017-01-13 13:31:33.868000,1.14577,1.14571,1870000,1250000
2017-01-13 13:31:33.920000,1.14573,1.14571,1000000,1000000
2017-01-13 13:31:34.161000,1.14575,1.14572,1120000,1000000
2017-01-13 13:31:34.479000,1.14576,1.14574,1000000,1000000
2017-01-13 13:31:34.735000,1.14577,1.14573,1500000,1000000
2017-01-13 13:31:34.887000,1.14579,1.14575,2620000,1000000
2017-01-13 13:31:35.288000,1.1458,1.14575,1690000,1000000
2017-01-13 13:31:35.340000,1.1458,1.14578,1690000,1000000
2017-01-13 13:31:35.493000,1.14582,1.14578,1120000,1000000
2017-01-13 13:31:35.649000,1.1458,1.14576,1000000,1120000
2017-01-13 13:31:35.953000,1.14576,1.14574,1500000,1130000
2017-01-13 13:31:36.106000,1.14581,1.14577,2810000,2850000
2017-01-13 13:31:36.157000,1.14581,1.1458,1000000,1000000
2017-01-13 13:31:36.625000,1.14583,1.14579,1120000,1000000
2017-01-13 13:31:36.726000,1.14583,1.14576,1270000,2910000
2017-01-13 13:31:36.828000,1.14581,1.14573,2000000,3660000
2017-01-13 13:31:37.185000,1.14575,1.14571,1000000,1780000
2017-01-13 13:31:37.241000,1.14578,1.1457,2060000,4600000
2017-01-13 13:31:37.398000,1.14583,1.14577,2250000,1130000
2017-01-13 13:31:37.449000,1.14583,1.14575,3190000,2810000
2017-01-13 13:31:37.753000,1.14582,1.14577,1500000,1000000
2017-01-13 13:31:37.856000,1.14582,1.14574,1500000,1600000
2017-01-13 13:31:37.958000,1.1458,1.14572,1500000,1970000
2017-01-13 13:31:38.319000,1.14576,1.1457,1500000,2250000
2017-01-13 13:31:38.624000,1.14579,1.14573,2250000,1250000
2017-01-13 13:31:38.726000,1.1458,1.14575,1870000,1250000
2017-01-13 13:31:38.827000,1.14583,1.14573,3000000,7220000
2017-01-13 13:31:39.734000,1.14583,1.14576,1870000,1500000
2017-01-13 13:31:39.785000,1.14584,1.14578,1370000,1690000
2017-01-13 13:31:39.990000,1.14582,1.14574,1310000,2910000
2017-01-13 13:31:40.245000,1.14583,1.1458,1000000,3380000
2017-01-13 13:31:40.784000,1.14586,1.1458,3370000,6380000
2017-01-13 13:31:40.936000,1.14584,1.14578,2440000,1120000
2017-01-13 13:31:41.442000,1.14582,1.14576,2250000,2440000
2017-01-13 13:31:41.594000,1.14586,1.14584,2620000,2250000
2017-01-13 13:31:41.927000,1.14596,1.14592,8250000,2250000
2017-01-13 13:31:41.978000,1.14599,1.14595,4500000,2850000
2017-01-13 13:31:42.080000,1.14601,1.14597,1000000,1350000
2017-01-13 13:31:42.182000,1.14599,1.14597,1000000,1000000
2017-01-13 13:31:42.283000,1.14601,1.14597,1120000,4540000
2017-01-13 13:31:42.639000,1.14605,1.14602,1000000,2440000
2017-01-13 13:31:42.690000,1.14607,1.14606,1000000,1250000
2017-01-13 13:31:42.792000,1.14608,1.14605,1500000,1120000
2017-01-13 13:31:42.843000,1.14607,1.14605,1000000,1120000
2017-01-13 13:31:43.250000,1.14608,1.14604,1000000,2440000
2017-01-13 13:31:43.301000,1.14611,1.14604,3370000,2440000
2017-01-13 13:31:43.403000,1.14609,1.14604,1000000,1690000
2017-01-13 13:31:43.710000,1.14612,1.14611,1870000,1250000
2017-01-13 13:31:43.762000,1.14613,1.14611,1000000,1250000
2017-01-13 13:31:43.865000,1.14617,1.14611,1000000,2000000
2017-01-13 13:31:44.271000,1.14616,1.14609,1000000,2440000
2017-01-13 13:31:44.735000,1.14613,1.1461,1500000,1120000
2017-01-13 13:31:44.888000,1.14609,1.14608,1000000,1000000
2017-01-13 13:31:45.091000,1.14609,1.14606,1000000,1120000
2017-01-13 13:31:45.551000,1.1461,1.14608,1000000,1000000
2017-01-13 13:31:45.653000,1.1461,1.14605,1000000,1690000
2017-01-13 13:31:45.704000,1.14607,1.14605,1000000,1690000
2017-01-13 13:31:46.110000,1.14602,1.14601,2620000,3370000
2017-01-13 13:31:46.161000,1.14602,1.14601,1000000,1690000
2017-01-13 13:31:46.263000,1.14606,1.14603,1500000,1000000
2017-01-13 13:31:46.415000,1.14606,1.14604,1000000,1690000
2017-01-13 13:31:46.727000,1.14602,1.14601,1000000,1250000
2017-01-13 13:31:47.031000,1.14604,1.14602,1120000,1250000
2017-01-13 13:31:47.184000,1.14607,1.14602,3000000,1690000
2017-01-13 13:31:47.235000,1.14608,1.14607,1500000,2250000
2017-01-13 13:31:47.396000,1.14614,1.1461,1000000,1120000
2017-01-13 13:31:47.447000,1.14612,1.1461,1000000,1120000
2017-01-13 13:31:47.600000,1.14609,1.14605,2620000,1500000
2017-01-13 13:31:47.809000,1.14612,1.14608,1120000,2060000
2017-01-13 13:31:48.114000,1.14619,1.14617,1000000,1870000
2017-01-13 13:31:48.268000,1.14619,1.14617,3000000,3000000
2017-01-13 13:31:48.370000,1.14617,1.14614,1000000,1500000
2017-01-13 13:31:48.471000,1.14619,1.14617,1000000,1250000
2017-01-13 13:31:48.816000,1.14627,1.14622,1120000,1500000
2017-01-13 13:31:48.918000,1.14629,1.14623,1000000,1750000
2017-01-13 13:31:49.221000,1.14633,1.1463,1500000,1000000
2017-01-13 13:31:49.629000,1.14623,1.14621,1690000,13130000
2017-01-13 13:31:49.680000,1.14624,1.14622,1000000,1000000
2017-01-13 13:31:49.846000,1.14623,1.14619,1250000,1120000
2017-01-13 13:31:49.916000,1.14624,1.14614,1750000,4690000
2017-01-13 13:31:50.119000,1.14623,1.14615,1750000,1120000
2017-01-13 13:31:50.423000,1.14617,1.1461,1000000,2440000
2017-01-13 13:31:50.777000,1.14617,1.14614,1000000,1000000
2017-01-13 13:31:50.979000,1.1462,1.14612,3560000,1310000
2017-01-13 13:31:51.347000,1.14615,1.14609,1250000,1750000
2017-01-13 13:31:51.448000,1.14615,1.14609,1690000,1120000
2017-01-13 13:31:51.702000,1.14614,1.14609,2440000,1000000
2017-01-13 13:31:51.905000,1.14613,1.14607,1870000,1310000
2017-01-13 13:31:52.411000,1.14613,1.14607,1300000,2440000
2017-01-13 13:31:52.526000,1.14611,1.14606,1250000,1750000
2017-01-13 13:31:52.578000,1.1461,1.14604,1310000,1690000
2017-01-13 13:31:52.883000,1.1461,1.14608,1310000,1000000
2017-01-13 13:31:53.392000,1.1461,1.14608,1690000,1000000
2017-01-13 13:31:53.898000,1.14611,1.14609,1310000,1000000
2017-01-13 13:31:54.203000,1.14614,1.14612,1500000,1000000
2017-01-13 13:31:54.457000,1.14617,1.14615,1000000,1120000
2017-01-13 13:31:54.660000,1.14616,1.14614,1120000,1000000
2017-01-13 13:31:54.711000,1.14616,1.14615,1120000,1500000
2017-01-13 13:31:54.762000,1.14618,1.14616,1000000,1690000
2017-01-13 13:31:54.864000,1.14617,1.14616,1000000,1000000
2017-01-13 13:31:55.162000,1.14617,1.14616,1690000,1000000
2017-01-13 13:31:55.213000,1.14618,1.14617,2250000,1250000
2017-01-13 13:31:55.415000,1.14619,1.14618,1000000,1000000
2017-01-13 13:31:56.124000,1.14617,1.14615,1000000,1000000
2017-01-13 13:31:56.175000,1.14616,1.14611,5810000,1870000
2017-01-13 13:31:56.309000,1.14613,1.14608,4120000,8440000
2017-01-13 13:31:56.512000,1.14609,1.14608,1500000,1500000
2017-01-13 13:31:57.019000,1.14608,1.14607,1000000,1000000
2017-01-13 13:31:57.323000,1.14602,1.14601,1870000,1000000
2017-01-13 13:31:57.374000,1.146,1.14599,1000000,1120000
2017-01-13 13:31:57.690000,1.14604,1.14602,1690000,1000000
2017-01-13 13:31:57.945000,1.14609,1.14607,1500000,1000000
2017-01-13 13:31:58.048000,1.14609,1.14605,1150000,1120000
2017-01-13 13:31:58.151000,1.14606,1.14604,1870000,1000000
2017-01-13 13:31:58.660000,1.14606,1.14604,1120000,1000000
2017-01-13 13:31:59.166000,1.14609,1.14605,2590000,1000000
2017-01-13 13:31:59.422000,1.14606,1.14603,1120000,1000000
2017-01-13 13:31:59.676000,1.14606,1.146,1120000,2440000
2017-01-13 13:31:59.927000,1.14605,1.14601,2440000,1000000
2017-01-13 13:32:00.534000,1.146,1.14598,1350000,2250000
2017-01-13 13:32:00.585000,1.14596,1.14594,3120000,1120000
2017-01-13 13:32:00.789000,1.14593,1.14588,6530000,9750000
2017-01-13 13:32:00.891000,1.14587,1.14586,1000000,1000000
2017-01-13 13:32:01.049000,1.14582,1.1458,1120000,1000000
2017-01-13 13:32:01.354000,1.14579,1.14576,1120000,1000000
2017-01-13 13:32:01.456000,1.14579,1.14573,1120000,1500000
2017-01-13 13:32:01.508000,1.14576,1.14573,1000000,1500000
2017-01-13 13:32:01.559000,1.14574,1.14568,1000000,1000000
2017-01-13 13:32:01.660000,1.14576,1.14568,1690000,1720000
2017-01-13 13:32:02.186000,1.14574,1.1457,1000000,1250000
2017-01-13 13:32:02.242000,1.14574,1.14568,1500000,1310000
2017-01-13 13:32:02.315000,1.14571,1.14568,1000000,1250000
2017-01-13 13:32:02.467000,1.1457,1.14565,1000000,1690000
2017-01-13 13:32:02.569000,1.14569,1.14568,1000000,1250000
2017-01-13 13:32:02.619000,1.14569,1.14565,1000000,1500000
2017-01-13 13:32:02.671000,1.14572,1.14566,1120000,1540000
2017-01-13 13:32:02.772000,1.14573,1.14567,1690000,2850000
2017-01-13 13:32:02.824000,1.14571,1.14565,1250000,2250000
2017-01-13 13:32:02.926000,1.14567,1.14564,1500000,1000000
2017-01-13 13:32:03.106000,1.1456,1.14553,1690000,1870000
2017-01-13 13:32:03.208000,1.14557,1.14554,1250000,1000000
2017-01-13 13:32:03.411000,1.14558,1.14551,1250000,1350000
2017-01-13 13:32:03.463000,1.14559,1.14554,1000000,1000000
2017-01-13 13:32:03.514000,1.14561,1.14552,1120000,2290000
2017-01-13 13:32:03.616000,1.14563,1.14553,1120000,1500000
2017-01-13 13:32:04.022000,1.14566,1.14556,4120000,1250000
2017-01-13 13:32:04.337000,1.14569,1.14563,1000000,1000000
2017-01-13 13:32:04.439000,1.14573,1.14565,2250000,1000000
2017-01-13 13:32:04.542000,1.1457,1.14566,1000000,1120000
2017-01-13 13:32:04.593000,1.14574,1.14565,2440000,4120000
2017-01-13 13:32:04.694000,1.1457,1.14565,1000000,4120000
2017-01-13 13:32:04.796000,1.1457,1.14562,2060000,5620000
2017-01-13 13:32:05.302000,1.1457,1.14563,2060000,4120000
2017-01-13 13:32:05.660000,1.1457,1.14564,2250000,1250000
2017-01-13 13:32:06.170000,1.14568,1.14561,1310000,2060000
2017-01-13 13:32:06.626000,1.14565,1.14561,1120000,1310000
2017-01-13 13:32:06.931000,1.14563,1.14558,1310000,1500000
2017-01-13 13:32:07.450000,1.14563,1.14556,2060000,2440000
2017-01-13 13:32:07.755000,1.14565,1.1456,1500000,2060000
2017-01-13 13:32:07.856000,1.14567,1.1456,3190000,1690000
2017-01-13 13:32:07.958000,1.14567,1.14563,1000000,1870000
2017-01-13 13:32:08.274000,1.14571,1.14565,1120000,2060000
2017-01-13 13:32:08.326000,1.14572,1.14566,1250000,1120000
2017-01-13 13:32:08.630000,1.14574,1.14567,2060000,2000000
2017-01-13 13:32:08.732000,1.14574,1.14569,1000000,2440000
2017-01-13 13:32:09.137000,1.14577,1.14572,1500000,1690000
2017-01-13 13:32:09.189000,1.14577,1.14573,2250000,1250000
2017-01-13 13:32:09.490000,1.14578,1.14576,1000000,1000000
2017-01-13 13:32:09.541000,1.1458,1.14577,1370000,1250000
2017-01-13 13:32:09.592000,1.14579,1.14578,1000000,1250000
2017-01-13 13:32:09.745000,1.14584,1.1458,1370000,1250000
2017-01-13 13:32:10.360000,1.14584,1.14581,1000000,1310000
2017-01-13 13:32:10.631000,1.14588,1.14581,2000000,3560000
2017-01-13 13:32:10.758000,1.14589,1.14587,1000000,1000000
2017-01-13 13:32:10.810000,1.14591,1.1459,1500000,1000000
2017-01-13 13:32:10.964000,1.14594,1.14593,4500000,1000000
2017-01-13 13:32:11.015000,1.14595,1.14593,2240000,4310000
2017-01-13 13:32:11.067000,1.14599,1.14597,7370000,1500000
2017-01-13 13:32:11.372000,1.14605,1.14602,1000000,1250000
2017-01-13 13:32:11.424000,1.14604,1.14598,6740000,6000000
2017-01-13 13:32:11.475000,1.14606,1.14601,1000000,2250000
2017-01-13 13:32:11.610000,1.14605,1.146,1000000,2250000
2017-01-13 13:32:11.712000,1.14606,1.14605,1000000,1000000
2017-01-13 13:32:11.967000,1.1461,1.14607,1120000,1000000
2017-01-13 13:32:12.069000,1.14613,1.14607,1000000,1000000
2017-01-13 13:32:12.171000,1.14613,1.14605,1000000,2440000
2017-01-13 13:32:12.272000,1.14613,1.14607,1000000,1000000
2017-01-13 13:32:12.493000,1.14624,1.14616,1500000,1250000
2017-01-13 13:32:12.645000,1.14626,1.14618,2250000,1250000
2017-01-13 13:32:13.179000,1.14623,1.14616,1250000,3370000
2017-01-13 13:32:13.497000,1.14618,1.14615,1000000,1370000
2017-01-13 13:32:13.802000,1.14608,1.14607,1000000,1500000
2017-01-13 13:32:13.904000,1.14608,1.14605,1000000,1000000
2017-01-13 13:32:14.112000,1.1461,1.14603,1000000,4500000
2017-01-13 13:32:14.459000,1.14608,1.14604,1000000,1750000
2017-01-13 13:32:14.562000,1.14606,1.14602,1000000,3000000
2017-01-13 13:32:15.141000,1.14606,1.14603,1000000,1120000
2017-01-13 13:32:15.337000,1.14602,1.14601,1000000,1120000
2017-01-13 13:32:15.441000,1.14602,1.14598,1000000,1500000
2017-01-13 13:32:15.543000,1.14606,1.14602,4310000,1000000
2017-01-13 13:32:15.847000,1.14602,1.146,1690000,1000000
2017-01-13 13:32:16,1.14601,1.14598,1690000,1120000
2017-01-13 13:32:16.715000,1.146,1.14598,1000000,1350000
2017-01-13 13:32:16.766000,1.14601,1.14598,1690000,1000000
2017-01-13 13:32:16.868000,1.14599,1.14596,1000000,1500000
2017-01-13 13:32:16.919000,1.14599,1.14597,2060000,1000000
2017-01-13 13:32:16.970000,1.14598,1.14596,1000000,1000000
2017-01-13 13:32:17.022000,1.14594,1.14592,1000000,3560000
2017-01-13 13:32:17.073000,1.14595,1.14592,1000000,2060000
2017-01-13 13:32:18.034000,1.14594,1.14592,1000000,1500000
2017-01-13 13:32:18.541000,1.14595,1.14591,1690000,4500000
2017-01-13 13:32:18.794000,1.14599,1.14597,1870000,1000000
2017-01-13 13:32:19.098000,1.14603,1.14599,1690000,1750000
2017-01-13 13:32:19.375000,1.14601,1.14596,1690000,4500000
2017-01-13 13:32:19.679000,1.14599,1.14595,1690000,1870000
2017-01-13 13:32:19.731000,1.146,1.14595,1000000,1870000
2017-01-13 13:32:19.782000,1.146,1.14595,1000000,1870000
2017-01-13 13:32:19.884000,1.14601,1.14596,1690000,3750000
2017-01-13 13:32:20.188000,1.14597,1.14593,3190000,4120000
2017-01-13 13:32:20.291000,1.14592,1.14591,1000000,2620000
2017-01-13 13:32:20.342000,1.14592,1.1459,1000000,3370000
2017-01-13 13:32:20.393000,1.14595,1.14593,1870000,1000000
2017-01-13 13:32:20.508000,1.14594,1.14593,1500000,1690000
2017-01-13 13:32:20.560000,1.14598,1.14594,4120000,7690000
2017-01-13 13:32:20.662000,1.14601,1.14598,1120000,1720000
2017-01-13 13:32:21.169000,1.14602,1.14598,1000000,1500000
2017-01-13 13:32:21.555000,1.14603,1.14601,1000000,2440000
2017-01-13 13:32:21.913000,1.14602,1.146,1500000,1370000
2017-01-13 13:32:21.964000,1.14601,1.14598,1500000,3410000
2017-01-13 13:32:22.319000,1.14603,1.14598,1310000,1720000
2017-01-13 13:32:22.825000,1.14601,1.14597,1250000,1500000
2017-01-13 13:32:23.269000,1.14609,1.14607,30559999,1000000
2017-01-13 13:32:23.321000,1.14604,1.14602,1370000,2250000
2017-01-13 13:32:23.372000,1.14605,1.14603,1000000,3190000
2017-01-13 13:32:23.424000,1.14607,1.14604,4500000,1000000
2017-01-13 13:32:23.475000,1.14608,1.14603,2060000,3560000
2017-01-13 13:32:23.982000,1.14608,1.14603,1310000,1120000
2017-01-13 13:32:24.084000,1.14606,1.14603,1250000,1370000
2017-01-13 13:32:24.464000,1.14606,1.14602,1250000,1500000
2017-01-13 13:32:24.971000,1.14605,1.146,1310000,1000000
2017-01-13 13:32:25.592000,1.14603,1.146,1690000,1000000
2017-01-13 13:32:25.871000,1.14603,1.14596,2810000,2810000
2017-01-13 13:32:26.380000,1.146,1.14596,1250000,1120000
2017-01-13 13:32:26.532000,1.14603,1.14597,2810000,1500000
2017-01-13 13:32:26.583000,1.14603,1.146,1370000,1000000
2017-01-13 13:32:26.685000,1.14604,1.14601,1000000,1120000
2017-01-13 13:32:26.910000,1.14607,1.14601,1690000,1370000
2017-01-13 13:32:27.011000,1.14603,1.14601,1000000,1370000
2017-01-13 13:32:27.214000,1.14602,1.14598,1250000,1870000
2017-01-13 13:32:27.367000,1.14602,1.14598,1690000,1870000
2017-01-13 13:32:27.773000,1.146,1.14597,1690000,1370000
2017-01-13 13:32:27.875000,1.14599,1.14595,1000000,1370000
2017-01-13 13:32:28.056000,1.14597,1.14593,1120000,2060000
2017-01-13 13:32:28.586000,1.14597,1.14593,1250000,1000000
2017-01-13 13:32:28.738000,1.14599,1.14594,1870000,1000000
2017-01-13 13:32:29.390000,1.14599,1.14593,2620000,3560000
2017-01-13 13:32:29.441000,1.14595,1.14592,1000000,4870000
2017-01-13 13:32:29.748000,1.1459,1.14589,11440000,1120000
2017-01-13 13:32:29.799000,1.1459,1.14589,10690000,1120000
2017-01-13 13:32:29.901000,1.14587,1.14585,1120000,2500000
2017-01-13 13:32:29.952000,1.14587,1.1458,2060000,2850000
2017-01-13 13:32:30.003000,1.14587,1.14584,2060000,1000000
2017-01-13 13:32:30.324000,1.14583,1.14581,1120000,1000000
2017-01-13 13:32:30.375000,1.14578,1.14577,1690000,1000000
2017-01-13 13:32:30.477000,1.14579,1.14575,2810000,3000000
2017-01-13 13:32:30.732000,1.14579,1.14577,1870000,5500000
2017-01-13 13:32:30.884000,1.14581,1.14575,1250000,3000000
2017-01-13 13:32:31.137000,1.14583,1.14577,1620000,3750000
2017-01-13 13:32:31.687000,1.14583,1.14579,1250000,1670000
2017-01-13 13:32:32.196000,1.14586,1.14584,2440000,2100000
2017-01-13 13:32:32.247000,1.14587,1.14583,1370000,1310000
2017-01-13 13:32:32.309000,1.1459,1.14588,12370000,1000000
2017-01-13 13:32:32.387000,1.14591,1.14589,1000000,1870000
2017-01-13 13:32:32.438000,1.14592,1.14589,1120000,3000000
2017-01-13 13:32:32.645000,1.14594,1.14589,5440000,3370000
2017-01-13 13:32:32.697000,1.14593,1.14589,1250000,1000000
2017-01-13 13:32:32.954000,1.14591,1.14589,1250000,1000000
2017-01-13 13:32:33.209000,1.14595,1.14589,1690000,4870000
2017-01-13 13:32:33.362000,1.14596,1.14594,1690000,1000000
2017-01-13 13:32:33.413000,1.146,1.14595,2440000,3370000
2017-01-13 13:32:33.465000,1.146,1.14597,1310000,3000000
2017-01-13 13:32:33.516000,1.146,1.14598,1690000,1600000
2017-01-13 13:32:33.813000,1.14602,1.14596,1690000,6940000
2017-01-13 13:32:33.978000,1.14602,1.14596,2440000,2440000
2017-01-13 13:32:34.182000,1.146,1.14596,1250000,1500000
2017-01-13 13:32:34.436000,1.14602,1.14596,1690000,1500000
2017-01-13 13:32:34.842000,1.14605,1.14603,4500000,1250000
2017-01-13 13:32:35.149000,1.14617,1.14615,11250000,1000000
2017-01-13 13:32:35.201000,1.14616,1.14612,8990000,6750000
2017-01-13 13:32:35.303000,1.1462,1.14618,2250000,1000000
2017-01-13 13:32:35.405000,1.14625,1.14621,2060000,1000000
2017-01-13 13:32:35.456000,1.14625,1.14623,1370000,1000000
2017-01-13 13:32:35.766000,1.1464,1.14639,3750000,1000000
2017-01-13 13:32:35.818000,1.14647,1.14643,19870001,2850000
2017-01-13 13:32:35.870000,1.14642,1.14641,1120000,10910000
2017-01-13 13:32:36.027000,1.14648,1.14645,4500000,2250000
2017-01-13 13:32:36.079000,1.14652,1.14649,4500000,1720000
2017-01-13 13:32:36.130000,1.14654,1.14652,1370000,1350000
2017-01-13 13:32:36.436000,1.14652,1.1465,1500000,1500000
2017-01-13 13:32:36.487000,1.14651,1.1465,1310000,1500000
2017-01-13 13:32:36.538000,1.1465,1.14648,1500000,3750000
2017-01-13 13:32:36.590000,1.14649,1.14645,1000000,1870000
2017-01-13 13:32:36.691000,1.14649,1.14648,1000000,1000000
2017-01-13 13:32:36.743000,1.14651,1.14646,1000000,1000000
2017-01-13 13:32:36.845000,1.14649,1.14645,1250000,1370000
2017-01-13 13:32:37.162000,1.14644,1.1464,1370000,1500000
2017-01-13 13:32:37.466000,1.14642,1.14638,1250000,1120000
2017-01-13 13:32:37.618000,1.14637,1.14633,2000000,1500000
2017-01-13 13:32:37.720000,1.14644,1.14643,7120000,3000000
2017-01-13 13:32:38.058000,1.14652,1.1465,4120000,1000000
2017-01-13 13:32:38.110000,1.14655,1.1465,2000000,2100000
2017-01-13 13:32:38.628000,1.14655,1.1465,2440000,1350000
2017-01-13 13:32:38.933000,1.14652,1.14648,1000000,1460000
2017-01-13 13:32:39.030000,1.14648,1.14646,1120000,1370000
2017-01-13 13:32:39.363000,1.14642,1.14637,2000000,1310000
2017-01-13 13:32:39.718000,1.14639,1.14635,1250000,1120000
2017-01-13 13:32:40.317000,1.14641,1.14638,2440000,2500000
2017-01-13 13:32:40.420000,1.14644,1.14642,1500000,1200000
2017-01-13 13:32:40.523000,1.14645,1.14642,1000000,1500000
2017-01-13 13:32:40.627000,1.14652,1.14651,15370000,1690000
2017-01-13 13:32:40.838000,1.14656,1.14654,1120000,1000000
2017-01-13 13:32:40.890000,1.14658,1.14653,1000000,1500000
2017-01-13 13:32:41.045000,1.14658,1.14652,1000000,3370000
2017-01-13 13:32:41.351000,1.14663,1.14656,5120000,2250000
2017-01-13 13:32:41.657000,1.14674,1.1467,1250000,1500000
2017-01-13 13:32:41.760000,1.14672,1.1467,1000000,1120000
2017-01-13 13:32:42.024000,1.14667,1.14663,1310000,3750000
2017-01-13 13:32:42.127000,1.14667,1.14665,1250000,1000000
2017-01-13 13:32:42.431000,1.14668,1.14665,1250000,1120000
2017-01-13 13:32:42.482000,1.14666,1.14664,1250000,1500000
2017-01-13 13:32:42.788000,1.14668,1.14666,9560000,1500000
2017-01-13 13:32:42.941000,1.14672,1.14671,1120000,1000000
2017-01-13 13:32:42.992000,1.14673,1.14671,1500000,1500000
2017-01-13 13:32:43.149000,1.14674,1.14671,1310000,1500000
2017-01-13 13:32:43.301000,1.14673,1.14672,1000000,1000000
2017-01-13 13:32:43.403000,1.14677,1.14676,1500000,1000000
2017-01-13 13:32:43.455000,1.1468,1.14678,7870000,1000000
2017-01-13 13:32:43.557000,1.14682,1.14677,4120000,1500000
2017-01-13 13:32:43.659000,1.14683,1.14677,2060000,1750000
2017-01-13 13:32:43.863000,1.1468,1.14679,1250000,1000000
2017-01-13 13:32:43.915000,1.14682,1.1468,1310000,1000000
2017-01-13 13:32:44.428000,1.14683,1.1468,1250000,2250000
2017-01-13 13:32:44.530000,1.14686,1.14681,3190000,2470000
2017-01-13 13:32:44.735000,1.14689,1.14685,1250000,1500000
2017-01-13 13:32:45.243000,1.14687,1.14685,1250000,1000000
2017-01-13 13:32:45.461000,1.14687,1.14683,1310000,1000000
2017-01-13 13:32:45.535000,1.14685,1.14682,1250000,1500000
2017-01-13 13:32:45.849000,1.1468,1.14677,2060000,1500000
2017-01-13 13:32:46.154000,1.14676,1.14674,1690000,3370000
2017-01-13 13:32:46.205000,1.14675,1.14673,1250000,1000000
2017-01-13 13:32:46.307000,1.14677,1.14675,1000000,1000000
2017-01-13 13:32:46.410000,1.14679,1.14675,4310000,1750000
2017-01-13 13:32:46.462000,1.14681,1.14677,1690000,1500000
2017-01-13 13:32:46.513000,1.14681,1.14675,1690000,3750000
2017-01-13 13:32:46.564000,1.14677,1.14675,1250000,1000000
2017-01-13 13:32:46.870000,1.14673,1.14671,1250000,1370000
2017-01-13 13:32:46.921000,1.14673,1.14671,1250000,1370000
2017-01-13 13:32:47.023000,1.14671,1.1467,1250000,1000000
2017-01-13 13:32:47.430000,1.14668,1.14666,1000000,1000000
2017-01-13 13:32:47.648000,1.14671,1.14668,3940000,2250000
2017-01-13 13:32:47.699000,1.14672,1.14669,1370000,2250000
2017-01-13 13:32:47.902000,1.14673,1.14669,1000000,2620000
2017-01-13 13:32:48.206000,1.14671,1.1467,1690000,1000000
2017-01-13 13:32:48.257000,1.14671,1.14669,1690000,1120000
2017-01-13 13:32:48.308000,1.1467,1.14669,2250000,1000000
2017-01-13 13:32:48.698000,1.14668,1.14664,1310000,1500000
2017-01-13 13:32:49.226000,1.14668,1.14663,1310000,1500000
2017-01-13 13:32:49.735000,1.14668,1.14665,2060000,1000000
2017-01-13 13:32:50.138000,1.1467,1.14667,2810000,1750000
2017-01-13 13:32:50.492000,1.14671,1.14669,1310000,3970000
2017-01-13 13:32:50.543000,1.14674,1.14672,3190000,1000000
2017-01-13 13:32:50.752000,1.14677,1.14676,1000000,1870000
2017-01-13 13:32:50.854000,1.14678,1.14676,2060000,1870000
2017-01-13 13:32:50.905000,1.14679,1.14678,1000000,1120000
2017-01-13 13:32:51.186000,1.1468,1.14678,1250000,1500000
2017-01-13 13:32:51.703000,1.14684,1.14681,2060000,1120000
2017-01-13 13:32:51.754000,1.14684,1.14683,1310000,1000000
2017-01-13 13:32:52.058000,1.14687,1.14684,1250000,1870000
2017-01-13 13:32:52.921000,1.14687,1.14684,2960000,1000000
2017-01-13 13:32:53.074000,1.14684,1.14683,1250000,1000000
2017-01-13 13:32:53.378000,1.14676,1.14672,3560000,1120000
2017-01-13 13:32:53.429000,1.14676,1.14672,4310000,1370000
2017-01-13 13:32:53.480000,1.14673,1.14672,1250000,1000000
2017-01-13 13:32:53.865000,1.14669,1.14668,1250000,3750000
2017-01-13 13:32:53.916000,1.14672,1.14668,2810000,1500000
2017-01-13 13:32:54.119000,1.14672,1.14668,1310000,1120000
2017-01-13 13:32:54.428000,1.14676,1.14673,5060000,1500000
2017-01-13 13:32:54.479000,1.14676,1.14674,1250000,1500000
2017-01-13 13:32:54.913000,1.14679,1.14677,1310000,1000000
2017-01-13 13:32:55.015000,1.14679,1.14676,1250000,1870000
2017-01-13 13:32:55.269000,1.14679,1.14674,1690000,3750000
2017-01-13 13:32:55.776000,1.14678,1.14673,3560000,4870000
2017-01-13 13:32:56.567000,1.14679,1.14677,3560000,1120000
2017-01-13 13:32:57.394000,1.14679,1.14676,3560000,8020000
2017-01-13 13:32:57.546000,1.14682,1.14678,3560000,1750000
2017-01-13 13:32:57.598000,1.14681,1.1468,2620000,1000000
2017-01-13 13:32:57.751000,1.14683,1.1468,2620000,3000000
2017-01-13 13:32:57.802000,1.14685,1.1468,1310000,2850000
2017-01-13 13:32:58.106000,1.14681,1.1468,1690000,1000000
2017-01-13 13:32:58.157000,1.14681,1.1468,1690000,1000000
2017-01-13 13:32:58.309000,1.14683,1.14681,2060000,1870000
2017-01-13 13:32:58.638000,1.14687,1.14686,2810000,1870000
2017-01-13 13:32:58.942000,1.14694,1.14692,9560000,1370000
2017-01-13 13:32:59.044000,1.1469,1.14688,1310000,4120000
2017-01-13 13:32:59.518000,1.1469,1.14688,3940000,1870000
2017-01-13 13:32:59.569000,1.1469,1.14687,3940000,1120000
2017-01-13 13:32:59.721000,1.14692,1.1469,8440000,1600000
2017-01-13 13:33:00.026000,1.14698,1.14697,1690000,1000000
2017-01-13 13:33:00.077000,1.14696,1.14695,1000000,2620000
2017-01-13 13:33:00.229000,1.14698,1.14697,1000000,2250000
2017-01-13 13:33:00.280000,1.14701,1.14699,1120000,1870000
2017-01-13 13:33:00.599000,1.14704,1.14701,2060000,1500000
2017-01-13 13:33:00.802000,1.14706,1.14701,1250000,1750000
2017-01-13 13:33:00.853000,1.14704,1.14702,1250000,1000000
2017-01-13 13:33:00.904000,1.14707,1.14704,2060000,1000000
2017-01-13 13:33:00.955000,1.14711,1.14709,6190000,2850000
2017-01-13 13:33:01.355000,1.14718,1.14715,4500000,1120000
2017-01-13 13:33:01.460000,1.14717,1.14714,4870000,1000000
2017-01-13 13:33:01.563000,1.14718,1.14715,4500000,1870000
2017-01-13 13:33:01.614000,1.14715,1.14713,1000000,4500000
2017-01-13 13:33:01.918000,1.14716,1.1471,5810000,3750000
2017-01-13 13:33:01.969000,1.14715,1.14713,1620000,1000000
2017-01-13 13:33:02.122000,1.14715,1.14709,1620000,1870000
2017-01-13 13:33:02.293000,1.14711,1.1471,1120000,1120000
2017-01-13 13:33:02.597000,1.14713,1.1471,1250000,2250000
2017-01-13 13:33:02.700000,1.14712,1.14707,1310000,1750000
2017-01-13 13:33:03.005000,1.14716,1.14711,1620000,2000000
2017-01-13 13:33:03.107000,1.14717,1.14712,1000000,1750000
2017-01-13 13:33:03.361000,1.14716,1.14712,1250000,1750000
2017-01-13 13:33:03.880000,1.14719,1.14714,1250000,1750000
2017-01-13 13:33:04.082000,1.14721,1.14715,1250000,2620000
2017-01-13 13:33:04.134000,1.14721,1.14716,1250000,1750000
2017-01-13 13:33:04.459000,1.14726,1.1472,11960000,3750000
2017-01-13 13:33:04.510000,1.14728,1.14723,2440000,1750000
2017-01-13 13:33:04.562000,1.14728,1.14723,1690000,1750000
2017-01-13 13:33:04.917000,1.14732,1.14728,1000000,2000000
2017-01-13 13:33:05.020000,1.14732,1.14727,1250000,1750000
2017-01-13 13:33:05.071000,1.1473,1.14728,1250000,1000000
2017-01-13 13:33:05.225000,1.14732,1.14728,1690000,1500000
2017-01-13 13:33:05.277000,1.14727,1.14725,1000000,1500000
2017-01-13 13:33:05.329000,1.14729,1.14726,3000000,2060000
2017-01-13 13:33:05.380000,1.14731,1.14726,2440000,1310000
2017-01-13 13:33:05.641000,1.14732,1.14727,1310000,2850000
2017-01-13 13:33:05.946000,1.14741,1.14739,2250000,1000000
2017-01-13 13:33:06.099000,1.14742,1.14739,1000000,1500000
2017-01-13 13:33:06.504000,1.14749,1.14741,3100000,1870000
2017-01-13 13:33:06.793000,1.14744,1.14739,1500000,2250000
2017-01-13 13:33:06.895000,1.14744,1.14737,2240000,1500000
2017-01-13 13:33:06.947000,1.14745,1.14741,2620000,1000000
2017-01-13 13:33:07.049000,1.14747,1.14741,2620000,1000000
2017-01-13 13:33:07.112000,1.14747,1.14738,1740000,6220000
2017-01-13 13:33:07.169000,1.14749,1.14743,3000000,1000000
2017-01-13 13:33:07.276000,1.14749,1.14743,1500000,1500000
2017-01-13 13:33:07.330000,1.1475,1.14745,1500000,3600000
2017-01-13 13:33:07.534000,1.14753,1.14747,1500000,1720000
2017-01-13 13:33:07.637000,1.14756,1.1475,1370000,1000000
2017-01-13 13:33:07.943000,1.14758,1.14753,2250000,1500000
2017-01-13 13:33:08.449000,1.14757,1.14751,2440000,1870000
2017-01-13 13:33:08.704000,1.14761,1.14755,1310000,1300000
2017-01-13 13:33:08.958000,1.14757,1.14752,1000000,3370000
2017-01-13 13:33:09.306000,1.14774,1.14772,1870000,1000000
2017-01-13 13:33:09.408000,1.14776,1.14773,1000000,1720000
2017-01-13 13:33:09.459000,1.1478,1.14775,1500000,1870000
2017-01-13 13:33:09.510000,1.14783,1.14782,1140000,1350000
2017-01-13 13:33:09.611000,1.14793,1.14789,1870000,2250000
2017-01-13 13:33:09.663000,1.14789,1.14788,1000000,1120000
2017-01-13 13:33:09.715000,1.14788,1.14785,1000000,1500000
2017-01-13 13:33:09.818000,1.14789,1.14783,3370000,1500000
2017-01-13 13:33:09.971000,1.1479,1.14787,1110000,1000000
2017-01-13 13:33:10.222000,1.14796,1.14791,1000000,1500000
2017-01-13 13:33:10.324000,1.14799,1.14794,1640000,1000000
2017-01-13 13:33:10.406000,1.148,1.14792,1860000,2810000
2017-01-13 13:33:10.471000,1.14796,1.14791,1500000,1750000
2017-01-13 13:33:10.522000,1.14796,1.14791,1000000,1500000
2017-01-13 13:33:10.623000,1.14798,1.14791,1000000,2440000
2017-01-13 13:33:10.965000,1.14803,1.14799,1000000,1120000
2017-01-13 13:33:11.050000,1.14805,1.14803,1250000,1300000
2017-01-13 13:33:11.101000,1.14808,1.14804,1000000,1000000
2017-01-13 13:33:11.152000,1.14808,1.14806,1000000,2250000
2017-01-13 13:33:11.408000,1.14821,1.14816,1500000,4500000
2017-01-13 13:33:11.459000,1.14821,1.14817,1120000,1250000
2017-01-13 13:33:11.562000,1.14818,1.14813,2250000,4120000
2017-01-13 13:33:11.879000,1.14812,1.14809,1000000,1500000
2017-01-13 13:33:12.184000,1.14807,1.14803,1690000,3750000
2017-01-13 13:33:12.286000,1.14804,1.14801,1000000,1500000
2017-01-13 13:33:12.337000,1.14806,1.14801,1690000,1500000
2017-01-13 13:33:12.388000,1.14801,1.148,2440000,1000000
2017-01-13 13:33:12.564000,1.14795,1.1479,1000000,1750000
2017-01-13 13:33:12.615000,1.14796,1.1479,1000000,2100000
2017-01-13 13:33:12.716000,1.14798,1.14791,1690000,1500000
2017-01-13 13:33:12.768000,1.148,1.14795,1750000,1250000
2017-01-13 13:33:13.072000,1.14797,1.14796,2250000,1120000
2017-01-13 13:33:13.123000,1.14794,1.14792,3000000,1310000
2017-01-13 13:33:13.377000,1.14792,1.14791,1000000,1310000
2017-01-13 13:33:13.829000,1.14792,1.14787,1120000,1000000
2017-01-13 13:33:13.932000,1.14793,1.14788,1000000,2620000
2017-01-13 13:33:14.186000,1.14795,1.14794,1000000,1000000
2017-01-13 13:33:14.288000,1.14803,1.14798,2250000,1250000
2017-01-13 13:33:14.503000,1.14803,1.14802,1000000,1250000
2017-01-13 13:33:14.554000,1.14805,1.148,1120000,1120000
2017-01-13 13:33:14.716000,1.14803,1.14799,1000000,2250000
2017-01-13 13:33:14.768000,1.14801,1.14796,1000000,1870000
2017-01-13 13:33:14.972000,1.14798,1.14796,1000000,1120000
2017-01-13 13:33:15.278000,1.14814,1.1481,1690000,1370000
2017-01-13 13:33:15.330000,1.14812,1.14809,1500000,3970000
2017-01-13 13:33:15.381000,1.14812,1.14809,1000000,3750000
2017-01-13 13:33:15.432000,1.14811,1.14807,3940000,1120000
2017-01-13 13:33:15.484000,1.14809,1.14805,1500000,1250000
2017-01-13 13:33:15.535000,1.14808,1.14802,2060000,1310000
2017-01-13 13:33:15.696000,1.14805,1.148,1120000,2250000
2017-01-13 13:33:16.001000,1.14813,1.14806,2250000,1000000
2017-01-13 13:33:16.154000,1.14814,1.14809,1120000,1500000
2017-01-13 13:33:16.206000,1.14815,1.14811,1000000,1500000
2017-01-13 13:33:16.512000,1.14809,1.14808,1000000,3750000
2017-01-13 13:33:16.958000,1.14814,1.14812,4500000,2100000
2017-01-13 13:33:17.009000,1.14815,1.14811,1750000,2100000
2017-01-13 13:33:17.229000,1.14815,1.14811,1000000,2100000
2017-01-13 13:33:17.330000,1.14815,1.14808,1500000,3970000
2017-01-13 13:33:17.381000,1.14815,1.14809,1500000,2100000
2017-01-13 13:33:17.703000,1.14809,1.14808,1000000,5290000
2017-01-13 13:33:17.856000,1.1482,1.14819,1120000,1120000
2017-01-13 13:33:18.129000,1.14828,1.14825,1000000,1000000
2017-01-13 13:33:18.436000,1.14832,1.1483,1000000,1120000
2017-01-13 13:33:18.609000,1.14831,1.14828,1000000,1500000
2017-01-13 13:33:18.661000,1.14836,1.14833,2000000,3600000
2017-01-13 13:33:18.763000,1.14837,1.14833,1250000,1120000
2017-01-13 13:33:18.819000,1.1483,1.14829,1000000,3000000
2017-01-13 13:33:18.922000,1.14827,1.14825,1250000,1000000
2017-01-13 13:33:18.974000,1.14828,1.14821,1250000,1750000
2017-01-13 13:33:19.329000,1.14823,1.14822,1250000,1350000
2017-01-13 13:33:19.482000,1.14816,1.14813,1000000,1750000
2017-01-13 13:33:19.657000,1.14819,1.14813,2440000,1350000
2017-01-13 13:33:19.809000,1.14821,1.1482,1870000,1000000
2017-01-13 13:33:19.860000,1.14823,1.1482,2810000,1000000
2017-01-13 13:33:19.913000,1.14822,1.14818,1000000,2250000
2017-01-13 13:33:19.964000,1.14823,1.14817,4500000,5250000
2017-01-13 13:33:20.065000,1.14823,1.14819,1750000,1000000
2017-01-13 13:33:20.167000,1.14825,1.1482,1690000,1500000
2017-01-13 13:33:20.421000,1.14822,1.1482,1250000,1000000
2017-01-13 13:33:20.605000,1.14822,1.14817,1250000,1500000
2017-01-13 13:33:20.670000,1.14813,1.14811,1250000,3000000
2017-01-13 13:33:20.722000,1.14814,1.14811,4310000,1000000
2017-01-13 13:33:20.774000,1.14814,1.1481,1310000,1870000
2017-01-13 13:33:20.875000,1.14809,1.14808,1250000,1500000
2017-01-13 13:33:20.977000,1.14811,1.14809,1120000,1000000
2017-01-13 13:33:21.028000,1.14809,1.14805,1500000,1750000
2017-01-13 13:33:21.079000,1.14808,1.14806,1000000,1000000
2017-01-13 13:33:21.152000,1.14803,1.14801,1500000,1000000
2017-01-13 13:33:21.494000,1.14786,1.14785,1000000,2250000
2017-01-13 13:33:21.646000,1.14781,1.14778,3000000,1000000
2017-01-13 13:33:21.697000,1.14781,1.14775,2250000,1750000
2017-01-13 13:33:21.748000,1.14771,1.1477,1120000,1000000
2017-01-13 13:33:21.850000,1.14767,1.14765,1500000,4500000
2017-01-13 13:33:21.951000,1.14768,1.14764,1000000,1310000
2017-01-13 13:33:22.002000,1.14768,1.14766,1000000,1000000
2017-01-13 13:33:22.053000,1.14769,1.14764,1500000,1310000
2017-01-13 13:33:22.265000,1.14771,1.14765,2620000,2000000
2017-01-13 13:33:22.570000,1.14771,1.14769,1500000,1250000
2017-01-13 13:33:22.688000,1.1477,1.14767,1370000,1540000
2017-01-13 13:33:22.791000,1.14772,1.14765,1750000,1250000
2017-01-13 13:33:22.842000,1.14771,1.14765,2620000,1250000
2017-01-13 13:33:23.146000,1.14777,1.14775,4500000,3000000
2017-01-13 13:33:23.197000,1.14778,1.14775,1000000,2440000
2017-01-13 13:33:23.299000,1.14784,1.14782,1000000,1000000
2017-01-13 13:33:23.350000,1.14784,1.14777,1870000,1690000
2017-01-13 13:33:23.604000,1.14788,1.14785,7500000,1000000
2017-01-13 13:33:23.657000,1.14789,1.14785,1870000,1000000
2017-01-13 13:33:23.708000,1.14789,1.14785,1000000,1000000
2017-01-13 13:33:23.860000,1.14792,1.14788,1120000,1000000
2017-01-13 13:33:23.912000,1.14794,1.1479,1120000,1000000
2017-01-13 13:33:24.014000,1.14794,1.1479,1010000,1000000
2017-01-13 13:33:24.185000,1.14792,1.14785,3000000,4120000
2017-01-13 13:33:24.236000,1.14797,1.14792,2620000,1000000
2017-01-13 13:33:24.694000,1.14797,1.14791,1000000,1120000
2017-01-13 13:33:24.745000,1.14797,1.14795,1000000,1250000
2017-01-13 13:33:24.849000,1.148,1.14793,1370000,2060000
2017-01-13 13:33:25.267000,1.14797,1.14792,1000000,3370000
2017-01-13 13:33:25.571000,1.14795,1.14789,4500000,1000000
2017-01-13 13:33:26.028000,1.14795,1.14794,4500000,1250000
2017-01-13 13:33:26.130000,1.14798,1.14797,5620000,1250000
2017-01-13 13:33:26.393000,1.14797,1.14795,1000000,1250000
2017-01-13 13:33:26.444000,1.14797,1.14792,2060000,4310000
2017-01-13 13:33:26.546000,1.14796,1.14792,1750000,1250000
2017-01-13 13:33:26.649000,1.14795,1.1479,1120000,1500000
2017-01-13 13:33:26.751000,1.14795,1.14787,4500000,1870000
2017-01-13 13:33:26.802000,1.14794,1.14787,1750000,1310000
2017-01-13 13:33:27.107000,1.14794,1.14792,1370000,1540000
2017-01-13 13:33:27.393000,1.14797,1.14795,1120000,2250000
2017-01-13 13:33:27.496000,1.148,1.14797,1500000,2100000
2017-01-13 13:33:28.005000,1.148,1.14798,1120000,1250000
2017-01-13 13:33:28.159000,1.14797,1.14793,1000000,1690000
2017-01-13 13:33:28.211000,1.14796,1.14791,1750000,8440000
2017-01-13 13:33:28.520000,1.1479,1.14789,1000000,1250000
2017-01-13 13:33:28.977000,1.14793,1.14789,4120000,1250000
2017-01-13 13:33:29.180000,1.14792,1.14787,4310000,1310000
2017-01-13 13:33:29.403000,1.14786,1.14785,1000000,1690000
2017-01-13 13:33:29.478000,1.14781,1.1478,1120000,1120000
2017-01-13 13:33:29.530000,1.14781,1.14778,1120000,1310000
2017-01-13 13:33:29.581000,1.14782,1.1478,1120000,1250000
2017-01-13 13:33:29.632000,1.14782,1.14778,1500000,1000000
2017-01-13 13:33:29.684000,1.14785,1.14784,4120000,1250000
2017-01-13 13:33:29.735000,1.14785,1.14783,3370000,1540000
2017-01-13 13:33:29.837000,1.14788,1.14783,2620000,1310000
2017-01-13 13:33:30.311000,1.14787,1.14781,3370000,1000000
2017-01-13 13:33:30.766000,1.14786,1.1478,2060000,1500000
2017-01-13 13:33:31.171000,1.14784,1.14778,4690000,4120000
2017-01-13 13:33:31.273000,1.14784,1.14778,4120000,1310000
2017-01-13 13:33:31.420000,1.14784,1.14778,2620000,2060000
2017-01-13 13:33:31.524000,1.14785,1.1478,1120000,2250000
2017-01-13 13:33:31.833000,1.1479,1.14783,2250000,3940000
2017-01-13 13:33:32.340000,1.1479,1.14783,2250000,3190000
2017-01-13 13:33:32.681000,1.14788,1.14787,1000000,1250000
2017-01-13 13:33:32.732000,1.14791,1.14787,1500000,1250000
2017-01-13 13:33:32.783000,1.14792,1.1479,1370000,1250000
2017-01-13 13:33:32.834000,1.14795,1.14792,1870000,1250000
2017-01-13 13:33:32.936000,1.14795,1.14793,1250000,2250000
2017-01-13 13:33:32.987000,1.14798,1.14795,1370000,2250000
2017-01-13 13:33:33.242000,1.14801,1.14793,3000000,2250000
2017-01-13 13:33:33.703000,1.14798,1.14791,2250000,1500000
2017-01-13 13:33:33.910000,1.14795,1.14789,1500000,5620000
2017-01-13 13:33:33.961000,1.14795,1.14789,1500000,1120000
2017-01-13 13:33:34.368000,1.14793,1.14788,1500000,1250000
2017-01-13 13:33:34.520000,1.14793,1.14786,1500000,2810000
2017-01-13 13:33:34.621000,1.14794,1.14788,1750000,1000000
2017-01-13 13:33:34.953000,1.148,1.14793,1370000,3750000
2017-01-13 13:33:35.460000,1.14796,1.14792,1000000,1250000
2017-01-13 13:33:35.794000,1.14794,1.14793,1000000,1870000
2017-01-13 13:33:35.846000,1.14801,1.14799,1000000,1500000
2017-01-13 13:33:35.897000,1.14804,1.14801,1500000,1690000
2017-01-13 13:33:36.151000,1.14808,1.14802,1750000,4500000
2017-01-13 13:33:36.202000,1.14808,1.14804,1750000,1000000
2017-01-13 13:33:36.557000,1.14807,1.14804,1000000,1000000
2017-01-13 13:33:36.609000,1.14811,1.14807,1120000,3750000
2017-01-13 13:33:36.660000,1.14814,1.1481,1000000,1870000
2017-01-13 13:33:37.174000,1.14816,1.14811,1690000,3370000
2017-01-13 13:33:37.276000,1.14818,1.14817,1120000,1000000
2017-01-13 13:33:37.327000,1.14819,1.14817,1690000,1000000
2017-01-13 13:33:37.485000,1.14823,1.1482,1310000,1500000
2017-01-13 13:33:37.586000,1.14823,1.14817,1690000,1370000
2017-01-13 13:33:37.891000,1.14821,1.14815,1690000,1000000
2017-01-13 13:33:38.248000,1.14827,1.14825,15560000,1000000
2017-01-13 13:33:38.393000,1.14835,1.14832,7500000,1120000
2017-01-13 13:33:38.445000,1.14837,1.14832,1120000,1310000
2017-01-13 13:33:38.498000,1.14836,1.14831,2060000,3750000
2017-01-13 13:33:38.600000,1.14838,1.14831,2060000,2620000
2017-01-13 13:33:39.007000,1.14836,1.14833,1250000,1500000
2017-01-13 13:33:39.109000,1.1484,1.14837,1690000,1000000
2017-01-13 13:33:39.537000,1.14841,1.14833,2440000,1750000
2017-01-13 13:33:39.790000,1.14839,1.14832,1250000,4500000
2017-01-13 13:33:39.892000,1.14837,1.14831,1690000,1000000
2017-01-13 13:33:40.095000,1.1484,1.14832,2440000,5440000
2017-01-13 13:33:40.242000,1.14836,1.14832,1690000,1000000
2017-01-13 13:33:40.294000,1.14836,1.14829,2440000,2620000
2017-01-13 13:33:40.609000,1.14836,1.14834,1500000,1000000
2017-01-13 13:33:40.675000,1.1484,1.14835,5440000,1250000
2017-01-13 13:33:40.726000,1.14843,1.14841,2250000,2440000
2017-01-13 13:33:40.777000,1.14843,1.14842,2250000,3750000
2017-01-13 13:33:40.828000,1.14847,1.14844,9370000,5290000
2017-01-13 13:33:40.880000,1.14851,1.14848,1750000,3600000
2017-01-13 13:33:40.982000,1.14853,1.14852,1000000,2250000
2017-01-13 13:33:41.033000,1.14852,1.1485,1000000,1000000
2017-01-13 13:33:41.084000,1.1485,1.14848,1000000,2620000
