time,ask,bid,ask_volume,bid_volume
2020-11-13 15:25:00.640000,1.04735,1.04734,1000000,1500000
2020-11-13 15:25:01.494000,1.04735,1.04733,1000000,5890000
2020-11-13 15:25:07.421000,1.04735,1.04734,1000000,1000000
2020-11-13 15:25:07.748000,1.04735,1.04733,1000000,2320000
2020-11-13 15:25:09.419000,1.04734,1.04733,1250000,1000000
2020-11-13 15:25:09.520000,1.04735,1.04731,5440000,1120000
2020-11-13 15:25:09.621000,1.04731,1.0473,1000000,1000000
2020-11-13 15:25:09.723000,1.04733,1.0473,1000000,1000000
2020-11-13 15:25:10.077000,1.04732,1.0473,1500000,1000000
2020-11-13 15:25:11.747000,1.04732,1.04731,1000000,1000000
2020-11-13 15:25:11.849000,1.04733,1.04732,1690000,1000000
2020-11-13 15:25:12.394000,1.04734,1.04732,1950000,1120000
2020-11-13 15:25:17.876000,1.04735,1.04733,3190000,1100000
2020-11-13 15:25:17.977000,1.04736,1.04734,4690000,1000000
2020-11-13 15:25:18.078000,1.04735,1.04733,1000000,5700000
2020-11-13 15:25:18.524000,1.04736,1.04734,1690000,1000000
2020-11-13 15:25:18.874000,1.04735,1.04733,1000000,5700000
2020-11-13 15:25:19.026000,1.04735,1.04734,1000000,1000000
2020-11-13 15:25:19.182000,1.04737,1.04735,2440000,5700000
2020-11-13 15:25:19.283000,1.04737,1.04736,2440000,1000000
2020-11-13 15:25:20.604000,1.04738,1.04737,1690000,1000000
2020-11-13 15:25:21.188000,1.04739,1.04737,3260000,1000000
2020-11-13 15:25:21.289000,1.04739,1.04738,1500000,1000000
2020-11-13 15:25:28.153000,1.0474,1.04739,4120000,1000000
2020-11-13 15:25:28.204000,1.04743,1.04742,1760000,1000000
2020-11-13 15:25:28.305000,1.04743,1.04742,1010000,1000000
2020-11-13 15:25:28.411000,1.04743,1.04741,1760000,4870000
2020-11-13 15:25:28.791000,1.04743,1.04742,1250000,1000000
2020-11-13 15:25:28.894000,1.04743,1.04741,1690000,1950000
2020-11-13 15:25:29.097000,1.04743,1.04742,1000000,1000000
2020-11-13 15:25:29.431000,1.04743,1.04741,1000000,4950000
2020-11-13 15:25:29.686000,1.04743,1.04742,1000000,1000000
2020-11-13 15:25:30.041000,1.04743,1.04741,1000000,4950000
2020-11-13 15:25:30.668000,1.04743,1.04742,1000000,1000000
2020-11-13 15:25:31.071000,1.04743,1.04741,1000000,4950000
2020-11-13 15:25:31.225000,1.04744,1.04742,3260000,1000000
2020-11-13 15:25:31.467000,1.04744,1.04743,1000000,1000000
2020-11-13 15:25:33.251000,1.04743,1.04742,1000000,1000000
2020-11-13 15:25:33.302000,1.04742,1.0474,1000000,5320000
2020-11-13 15:25:33.403000,1.04743,1.04742,1120000,1000000
2020-11-13 15:25:33.504000,1.04743,1.04741,1870000,4500000
2020-11-13 15:25:33.606000,1.04743,1.04742,1120000,1000000
2020-11-13 15:25:33.707000,1.04743,1.04741,2810000,4500000
2020-11-13 15:25:34.265000,1.04742,1.04741,1000000,1500000
2020-11-13 15:25:34.366000,1.04741,1.04739,1000000,2620000
2020-11-13 15:25:34.468000,1.04742,1.0474,2890000,1000000
2020-11-13 15:25:34.813000,1.04741,1.04739,1000000,4500000
2020-11-13 15:25:35.016000,1.04742,1.0474,5890000,1000000
2020-11-13 15:25:35.359000,1.04741,1.04739,1000000,4500000
2020-11-13 15:25:37.011000,1.0474,1.04738,1000000,1000000
2020-11-13 15:25:37.112000,1.0474,1.04739,1000000,1000000
2020-11-13 15:25:37.444000,1.0474,1.04738,1000000,5620000
2020-11-13 15:25:37.575000,1.0474,1.04739,1000000,1000000
2020-11-13 15:25:37.677000,1.04741,1.04739,1760000,1000000
2020-11-13 15:25:37.906000,1.0474,1.04739,1000000,1000000
2020-11-13 15:25:38.109000,1.04741,1.04739,1760000,1000000
2020-11-13 15:25:38.469000,1.0474,1.04739,1000000,1000000
2020-11-13 15:25:38.584000,1.04741,1.04739,1760000,1000000
2020-11-13 15:25:38.685000,1.04742,1.0474,5510000,1000000
2020-11-13 15:25:38.954000,1.04741,1.04739,1000000,4870000
2020-11-13 15:25:39.055000,1.0474,1.04739,1000000,4870000
2020-11-13 15:25:39.157000,1.04741,1.04739,1000000,2320000
2020-11-13 15:25:39.607000,1.04742,1.04739,1100000,1000000
2020-11-13 15:25:39.976000,1.04741,1.04739,1100000,1500000
2020-11-13 15:25:40.662000,1.04741,1.0474,1100000,1000000
2020-11-13 15:25:40.985000,1.04742,1.04738,1100000,1500000
2020-11-13 15:25:41.141000,1.04741,1.0474,1100000,1000000
2020-11-13 15:25:41.293000,1.04742,1.0474,6260000,1000000
2020-11-13 15:25:42.065000,1.04741,1.0474,1000000,1000000
2020-11-13 15:25:42.218000,1.0474,1.04739,1000000,1500000
2020-11-13 15:25:42.714000,1.04741,1.04739,4010000,1000000
2020-11-13 15:25:43.107000,1.0474,1.04739,1000000,1500000
2020-11-13 15:25:43.360000,1.04742,1.0474,7100000,1000000
2020-11-13 15:25:43.715000,1.04741,1.04739,1010000,1500000
2020-11-13 15:25:43.867000,1.04741,1.0474,1010000,1000000
2020-11-13 15:25:44.095000,1.04742,1.0474,5890000,1000000
2020-11-13 15:25:44.247000,1.04741,1.0474,1250000,1000000
2020-11-13 15:25:44.449000,1.04742,1.0474,1500000,1200000
2020-11-13 15:25:44.922000,1.04743,1.04741,2890000,1000000
2020-11-13 15:25:45.077000,1.04743,1.04741,3350000,1000000
2020-11-13 15:25:45.249000,1.04742,1.0474,1010000,4500000
2020-11-13 15:25:45.351000,1.04741,1.0474,1250000,1500000
2020-11-13 15:25:45.453000,1.04742,1.0474,4390000,1000000
2020-11-13 15:25:45.810000,1.04741,1.0474,1250000,1500000
2020-11-13 15:25:45.963000,1.04742,1.0474,5810000,1000000
2020-11-13 15:25:46.309000,1.0474,1.04739,1250000,1500000
2020-11-13 15:25:47.016000,1.04741,1.04739,1760000,1000000
2020-11-13 15:25:47.118000,1.04742,1.0474,4070000,1000000
2020-11-13 15:25:47.409000,1.04741,1.04739,1250000,4570000
2020-11-13 15:25:47.561000,1.04742,1.0474,6320000,1000000
2020-11-13 15:25:48.499000,1.04741,1.04739,1250000,1570000
2020-11-13 15:25:49.035000,1.04741,1.04739,1000000,4570000
2020-11-13 15:25:49.136000,1.04741,1.0474,1250000,1000000
2020-11-13 15:25:49.988000,1.0474,1.04739,1000000,1570000
2020-11-13 15:25:50.732000,1.04742,1.0474,6320000,1000000
2020-11-13 15:25:51.310000,1.04743,1.04741,1000000,1500000
2020-11-13 15:25:51.411000,1.04743,1.04742,1000000,1000000
2020-11-13 15:25:51.760000,1.04744,1.04742,3640000,1500000
2020-11-13 15:25:52.124000,1.04743,1.04742,1000000,1000000
2020-11-13 15:25:52.633000,1.04743,1.04741,1000000,4870000
2020-11-13 15:25:52.734000,1.04743,1.04742,1000000,1000000
2020-11-13 15:25:53.186000,1.04743,1.04741,1000000,4870000
2020-11-13 15:25:53.288000,1.04744,1.04742,3760000,1500000
2020-11-13 15:25:53.390000,1.04744,1.04742,2810000,1500000
2020-11-13 15:25:53.713000,1.04743,1.04741,1000000,5250000
2020-11-13 15:25:53.814000,1.04743,1.04742,1120000,1000000
2020-11-13 15:25:54.275000,1.04741,1.0474,1000000,4500000
2020-11-13 15:25:54.377000,1.04741,1.04739,1100000,1500000
2020-11-13 15:25:54.478000,1.04742,1.0474,5890000,1000000
2020-11-13 15:25:54.781000,1.04741,1.04739,1100000,4500000
2020-11-13 15:25:55.983000,1.04742,1.0474,5890000,1000000
2020-11-13 15:25:56.389000,1.04741,1.04739,1000000,4500000
2020-11-13 15:25:56.541000,1.04743,1.04739,4760000,1000000
2020-11-13 15:25:56.891000,1.04741,1.04739,1100000,4500000
2020-11-13 15:25:57.017000,1.04742,1.0474,2160000,1000000
2020-11-13 15:25:57.133000,1.04742,1.0474,4760000,1000000
2020-11-13 15:25:57.423000,1.04741,1.0474,1000000,1500000
2020-11-13 15:25:57.575000,1.04742,1.0474,5140000,1500000
2020-11-13 15:25:57.926000,1.04741,1.04739,1100000,4500000
2020-11-13 15:25:58.080000,1.04742,1.0474,5540000,1000000
2020-11-13 15:25:58.323000,1.04742,1.0474,5140000,1000000
2020-11-13 15:25:58.457000,1.04741,1.0474,1100000,1000000
2020-11-13 15:25:58.954000,1.04741,1.04739,1100000,4500000
2020-11-13 15:25:59.068000,1.04741,1.0474,1100000,1000000
2020-11-13 15:25:59.436000,1.04741,1.04738,1000000,1500000
2020-11-13 15:25:59.588000,1.04741,1.04739,1760000,1500000
2020-11-13 15:25:59.936000,1.0474,1.04739,1000000,1500000
2020-11-13 15:26:00.088000,1.0474,1.04737,1250000,3750000
2020-11-13 15:26:00.139000,1.04737,1.04736,1100000,3750000
2020-11-13 15:26:00.240000,1.04738,1.04734,1200000,1500000
2020-11-13 15:26:00.666000,1.04736,1.04735,1000000,1000000
2020-11-13 15:26:00.767000,1.04735,1.04734,1000000,2440000
2020-11-13 15:26:05.433000,1.04736,1.04734,1100000,5440000
2020-11-13 15:26:07.358000,1.04736,1.04735,1000000,1950000
2020-11-13 15:26:07.459000,1.04737,1.04735,1000000,5320000
2020-11-13 15:26:07.669000,1.04738,1.04736,1690000,1000000
2020-11-13 15:26:08.028000,1.04737,1.04736,1000000,1500000
2020-11-13 15:26:08.129000,1.04738,1.04736,1690000,1500000
2020-11-13 15:26:08.718000,1.04738,1.04737,1690000,1000000
2020-11-13 15:26:09.158000,1.04737,1.04735,1000000,4870000
2020-11-13 15:26:09.260000,1.04739,1.04737,6820000,1000000
2020-11-13 15:26:09.629000,1.04737,1.04736,1690000,3370000
2020-11-13 15:26:09.781000,1.04739,1.04736,1310000,1000000
2020-11-13 15:26:10.710000,1.04738,1.04736,1250000,1120000
2020-11-13 15:26:10.862000,1.04739,1.04736,1250000,1000000
2020-11-13 15:26:11.218000,1.04737,1.04736,1000000,1000000
2020-11-13 15:26:11.320000,1.04737,1.04735,1000000,2620000
2020-11-13 15:26:11.422000,1.04738,1.04736,1250000,1000000
2020-11-13 15:26:11.523000,1.04739,1.04735,1250000,1000000
2020-11-13 15:26:11.700000,1.04737,1.04735,1000000,6540000
2020-11-13 15:26:11.862000,1.04738,1.04736,1250000,1000000
2020-11-13 15:26:12.212000,1.04737,1.04735,1000000,6540000
2020-11-13 15:26:12.739000,1.04737,1.04736,1000000,1000000
2020-11-13 15:26:12.841000,1.04737,1.04735,1000000,6090000
2020-11-13 15:26:12.969000,1.04737,1.04735,1000000,6090000
2020-11-13 15:26:13.309000,1.04737,1.04736,1000000,1000000
2020-11-13 15:26:16.013000,1.04737,1.04735,1250000,4500000
2020-11-13 15:26:16.298000,1.04737,1.04736,1250000,1000000
2020-11-13 15:26:16.535000,1.04737,1.04735,1250000,6070000
2020-11-13 15:26:16.738000,1.04738,1.04736,1120000,1000000
2020-11-13 15:26:17.052000,1.04737,1.04736,1000000,1000000
2020-11-13 15:26:17.272000,1.04738,1.04736,1120000,1000000
2020-11-13 15:26:17.569000,1.04738,1.04735,1000000,1000000
2020-11-13 15:26:17.671000,1.04736,1.04735,1000000,1500000
2020-11-13 15:26:17.773000,1.04737,1.04735,1000000,1500000
2020-11-13 15:26:18.635000,1.04736,1.04734,1000000,4950000
2020-11-13 15:26:18.787000,1.04737,1.04735,2060000,1000000
2020-11-13 15:26:19.089000,1.04736,1.04735,1000000,1000000
2020-11-13 15:26:19.666000,1.04735,1.04734,1000000,4500000
2020-11-13 15:26:19.791000,1.04736,1.04734,1000000,4500000
2020-11-13 15:26:20.337000,1.04737,1.04735,2510000,1000000
2020-11-13 15:26:20.680000,1.04736,1.04734,1000000,4500000
2020-11-13 15:26:20.984000,1.04737,1.04735,5510000,1000000
2020-11-13 15:26:21.350000,1.04736,1.04734,1000000,3750000
2020-11-13 15:26:21.452000,1.04735,1.04733,1000000,2720000
2020-11-13 15:26:21.553000,1.04737,1.04735,2510000,1000000
2020-11-13 15:26:21.857000,1.04736,1.04734,1000000,4570000
2020-11-13 15:26:22.059000,1.04736,1.04735,1000000,1000000
2020-11-13 15:26:23.601000,1.04734,1.04733,1000000,1500000
2020-11-13 15:26:23.703000,1.04734,1.04733,1000000,1000000
2020-11-13 15:26:24.193000,1.04732,1.04731,1100000,1250000
2020-11-13 15:26:24.396000,1.04734,1.04732,4500000,1690000
2020-11-13 15:26:24.497000,1.04734,1.04733,1250000,1000000
2020-11-13 15:26:24.750000,1.04734,1.04732,1250000,1870000
2020-11-13 15:26:25.253000,1.04731,1.0473,1000000,2620000
2020-11-13 15:26:25.354000,1.04731,1.0473,1000000,1500000
2020-11-13 15:26:25.455000,1.04732,1.04731,1010000,1000000
2020-11-13 15:26:25.557000,1.04732,1.0473,1390000,1500000
2020-11-13 15:26:26.289000,1.04731,1.0473,1000000,1500000
2020-11-13 15:26:26.606000,1.04732,1.0473,1250000,1500000
2020-11-13 15:26:28.446000,1.04731,1.0473,1000000,1000000
2020-11-13 15:26:28.648000,1.04732,1.0473,1250000,1000000
2020-11-13 15:26:31.576000,1.04731,1.0473,1000000,1000000
2020-11-13 15:26:31.735000,1.04732,1.0473,1250000,1000000
2020-11-13 15:26:32.080000,1.04731,1.0473,1000000,1000000
2020-11-13 15:26:32.287000,1.04732,1.0473,1250000,1000000
2020-11-13 15:26:32.641000,1.04731,1.0473,1000000,1690000
2020-11-13 15:26:32.793000,1.04732,1.0473,1120000,1690000
2020-11-13 15:26:33.318000,1.04733,1.04731,1950000,1500000
2020-11-13 15:26:33.419000,1.04734,1.04732,1000000,5510000
2020-11-13 15:26:33.814000,1.04735,1.04733,1000000,1000000
2020-11-13 15:26:34.202000,1.04734,1.04732,1000000,6760000
2020-11-13 15:26:34.330000,1.04735,1.04733,1000000,1120000
2020-11-13 15:26:34.732000,1.04734,1.04732,1000000,6760000
2020-11-13 15:26:34.833000,1.04734,1.04732,1000000,6260000
2020-11-13 15:26:34.954000,1.04736,1.04732,1000000,1000000
2020-11-13 15:26:35.246000,1.04734,1.04732,1000000,6260000
2020-11-13 15:26:35.398000,1.04735,1.04733,1000000,1000000
2020-11-13 15:26:35.715000,1.04734,1.04732,1000000,6260000
2020-11-13 15:26:35.817000,1.04733,1.04732,1000000,1500000
2020-11-13 15:26:35.918000,1.04735,1.04731,4950000,1500000
2020-11-13 15:26:36.019000,1.04732,1.04731,1000000,1000000
2020-11-13 15:26:36.121000,1.04731,1.04729,1000000,2250000
2020-11-13 15:26:36.223000,1.04732,1.0473,2140000,1000000
2020-11-13 15:26:36.425000,1.04732,1.0473,1390000,1000000
2020-11-13 15:26:36.527000,1.04733,1.04729,1760000,1000000
2020-11-13 15:26:37.224000,1.04731,1.0473,1000000,1000000
2020-11-13 15:26:37.688000,1.04731,1.04729,1200000,4500000
2020-11-13 15:26:37.790000,1.0473,1.04729,1000000,1000000
2020-11-13 15:26:38.042000,1.04731,1.04729,1200000,1500000
2020-11-13 15:26:39.383000,1.04731,1.0473,1200000,1000000
2020-11-13 15:26:39.733000,1.04731,1.04729,1200000,1500000
2020-11-13 15:26:40.087000,1.04728,1.04727,1000000,2060000
2020-11-13 15:26:40.138000,1.04728,1.04726,1000000,4690000
2020-11-13 15:26:40.189000,1.04729,1.04728,1000000,1310000
2020-11-13 15:26:40.291000,1.0473,1.04729,1000000,1690000
2020-11-13 15:26:43.777000,1.0473,1.04728,1000000,4500000
2020-11-13 15:26:44.449000,1.0473,1.04728,4500000,1000000
2020-11-13 15:26:46.100000,1.04729,1.04728,1000000,1000000
2020-11-13 15:26:46.907000,1.04731,1.04727,1500000,1000000
2020-11-13 15:26:47.567000,1.04729,1.04728,1000000,1000000
2020-11-13 15:26:48.273000,1.0473,1.04728,1500000,1000000
2020-11-13 15:26:50.317000,1.0473,1.04727,1000000,1000000
2020-11-13 15:26:50.671000,1.04729,1.04727,1000000,3190000
2020-11-13 15:26:50.829000,1.0473,1.04728,4950000,1000000
2020-11-13 15:26:54.407000,1.04729,1.04727,1000000,6560000
2020-11-13 15:26:54.958000,1.04729,1.04728,1000000,1000000
2020-11-13 15:26:56.142000,1.0473,1.04728,1580000,1000000
2020-11-13 15:26:59.152000,1.0473,1.04727,1000000,1000000
2020-11-13 15:26:59.726000,1.04729,1.04727,1000000,1870000
2020-11-13 15:26:59.777000,1.04726,1.04725,1250000,3370000
2020-11-13 15:26:59.878000,1.04724,1.04723,1000000,1000000
2020-11-13 15:26:59.980000,1.0472,1.04719,1500000,1250000
2020-11-13 15:27:00.082000,1.04719,1.04718,1000000,1250000
2020-11-13 15:27:00.238000,1.0472,1.04718,1500000,1820000
2020-11-13 15:27:00.340000,1.04719,1.04717,1500000,1000000
2020-11-13 15:27:00.442000,1.04718,1.04716,1120000,2260000
2020-11-13 15:27:00.645000,1.04714,1.04713,1000000,2060000
2020-11-13 15:27:00.696000,1.04717,1.04716,2250000,1000000
2020-11-13 15:27:00.798000,1.04718,1.04716,4500000,1250000
2020-11-13 15:27:01.438000,1.04718,1.04715,1000000,1000000
2020-11-13 15:27:01.696000,1.04718,1.04716,3750000,1250000
2020-11-13 15:27:02.148000,1.04718,1.04716,1000000,1490000
2020-11-13 15:27:02.603000,1.04718,1.04716,1000000,1390000
2020-11-13 15:27:05.427000,1.04718,1.04717,1000000,1000000
2020-11-13 15:27:09.687000,1.04716,1.04715,1000000,1690000
2020-11-13 15:27:09.839000,1.04715,1.04714,1000000,1500000
2020-11-13 15:27:09.940000,1.04714,1.04712,3450000,1310000
2020-11-13 15:27:09.991000,1.04713,1.04711,1000000,2890000
2020-11-13 15:27:10.142000,1.04713,1.04711,1000000,2950000
2020-11-13 15:27:10.294000,1.04711,1.0471,1000000,1250000
2020-11-13 15:27:10.396000,1.04712,1.0471,4950000,2750000
2020-11-13 15:27:10.497000,1.04712,1.0471,4950000,1000000
2020-11-13 15:27:12.222000,1.04711,1.04709,1000000,4690000
2020-11-13 15:27:15.419000,1.04709,1.04708,1000000,4500000
2020-11-13 15:27:15.560000,1.04707,1.04705,1000000,5910000
2020-11-13 15:27:15.904000,1.04707,1.04705,1000000,2060000
2020-11-13 15:27:16.231000,1.04704,1.04703,1000000,1250000
2020-11-13 15:27:16.434000,1.04703,1.04702,1000000,1690000
2020-11-13 15:27:16.486000,1.04702,1.047,4000000,4010000
2020-11-13 15:27:16.588000,1.04702,1.04701,1000000,1250000
2020-11-13 15:27:17.485000,1.04701,1.047,1000000,2440000
2020-11-13 15:27:17.586000,1.04701,1.047,1000000,1870000
2020-11-13 15:27:17.748000,1.04702,1.047,1000000,1870000
2020-11-13 15:27:18.120000,1.04702,1.04701,1000000,1000000
2020-11-13 15:27:18.423000,1.04702,1.047,1000000,2060000
2020-11-13 15:27:18.525000,1.047,1.04699,1000000,2060000
2020-11-13 15:27:18.626000,1.04701,1.04699,1000000,1690000
2020-11-13 15:27:20.882000,1.04702,1.04699,1690000,1000000
2020-11-13 15:27:23.597000,1.04702,1.047,1000000,5140000
2020-11-13 15:27:23.698000,1.04702,1.047,1000000,3010000
2020-11-13 15:27:24.608000,1.04702,1.047,1010000,1500000
2020-11-13 15:27:24.759000,1.04701,1.047,1000000,1500000
2020-11-13 15:27:25.986000,1.04703,1.04699,1000000,2140000
2020-11-13 15:27:31.137000,1.04703,1.04701,1120000,1000000
2020-11-13 15:27:31.188000,1.04705,1.04704,1000000,1000000
2020-11-13 15:27:31.239000,1.04708,1.04707,1690000,1000000
2020-11-13 15:27:31.340000,1.04709,1.04708,1000000,1870000
2020-11-13 15:27:31.442000,1.04709,1.04706,1000000,2340000
2020-11-13 15:27:31.543000,1.04709,1.04707,1000000,2790000
2020-11-13 15:27:31.695000,1.04709,1.04708,1000000,1000000
2020-11-13 15:27:31.746000,1.04711,1.04709,1100000,1000000
2020-11-13 15:27:31.898000,1.04711,1.04709,1100000,1000000
2020-11-13 15:27:32.086000,1.04712,1.0471,4760000,1000000
2020-11-13 15:27:32.582000,1.04712,1.04711,1000000,1000000
2020-11-13 15:27:33.637000,1.04713,1.04712,1000000,1000000
2020-11-13 15:27:36.777000,1.04711,1.0471,1000000,4870000
2020-11-13 15:27:36.827000,1.04709,1.04706,1000000,2320000
2020-11-13 15:27:36.929000,1.0471,1.04708,4570000,1000000
2020-11-13 15:27:37.031000,1.04709,1.04708,1000000,1000000
2020-11-13 15:27:37.283000,1.04708,1.04707,1000000,3000000
2020-11-13 15:27:37.384000,1.04708,1.04706,1000000,1590000
2020-11-13 15:27:38.346000,1.04708,1.04707,1000000,1000000
2020-11-13 15:27:40.150000,1.04707,1.04706,1000000,1000000
2020-11-13 15:27:40.302000,1.04709,1.04708,1500000,1000000
2020-11-13 15:27:41.376000,1.0471,1.04708,1000000,1000000
2020-11-13 15:27:42.466000,1.04709,1.04708,1000000,1000000
2020-11-13 15:27:42.567000,1.0471,1.04708,3750000,1000000
2020-11-13 15:27:42.778000,1.0471,1.04708,1100000,1000000
2020-11-13 15:27:43.035000,1.04709,1.04708,1000000,1000000
2020-11-13 15:27:43.136000,1.04709,1.04707,1000000,2250000
2020-11-13 15:27:44.149000,1.04708,1.04707,1000000,1000000
2020-11-13 15:27:44.250000,1.04709,1.04705,1000000,1500000
2020-11-13 15:27:44.751000,1.04709,1.04707,1000000,2320000
2020-11-13 15:27:46.430000,1.04708,1.04706,1000000,1500000
2020-11-13 15:27:49.111000,1.04708,1.04707,1000000,1000000
2020-11-13 15:27:49.264000,1.04708,1.04706,1000000,1000000
2020-11-13 15:27:49.469000,1.04709,1.04707,2320000,1000000
2020-11-13 15:27:49.570000,1.04709,1.04708,1000000,1000000
2020-11-13 15:27:52.918000,1.04709,1.04707,1500000,1000000
2020-11-13 15:27:53.154000,1.04703,1.04701,4500000,2120000
2020-11-13 15:27:53.256000,1.04698,1.04696,4500000,2310000
2020-11-13 15:27:53.357000,1.04696,1.04692,1000000,6320000
2020-11-13 15:27:53.459000,1.04694,1.04692,1500000,3940000
2020-11-13 15:27:53.560000,1.04696,1.04693,1870000,1000000
2020-11-13 15:27:53.763000,1.04696,1.04695,1870000,1250000
2020-11-13 15:27:55.349000,1.04698,1.04697,4500000,1000000
2020-11-13 15:27:55.451000,1.04698,1.04696,4500000,1000000
2020-11-13 15:27:57.232000,1.047,1.04699,3000000,1000000
2020-11-13 15:27:57.340000,1.04701,1.04699,1570000,1000000
2020-11-13 15:28:00.102000,1.04701,1.04697,1570000,3000000
2020-11-13 15:28:01.168000,1.04696,1.04695,1000000,3750000
2020-11-13 15:28:01.271000,1.04695,1.04693,1000000,2800000
2020-11-13 15:28:01.474000,1.04694,1.04692,1000000,1010000
2020-11-13 15:28:01.577000,1.04695,1.04693,1120000,1000000
2020-11-13 15:28:01.730000,1.04696,1.04693,1000000,1000000
2020-11-13 15:28:01.941000,1.04695,1.04693,3750000,1000000
2020-11-13 15:28:02.194000,1.04695,1.04694,1000000,1000000
2020-11-13 15:28:02.648000,1.04696,1.04694,4950000,1000000
2020-11-13 15:28:03.570000,1.04696,1.04695,1500000,1000000
2020-11-13 15:28:03.671000,1.04697,1.04696,1500000,1000000
2020-11-13 15:28:03.899000,1.04696,1.04695,1000000,1000000
2020-11-13 15:28:04.705000,1.04697,1.04695,3000000,1120000
2020-11-13 15:28:04.756000,1.04698,1.04696,1690000,4320000
2020-11-13 15:28:06.458000,1.04698,1.04696,1690000,1000000
2020-11-13 15:28:07.620000,1.04694,1.04692,1000000,6190000
2020-11-13 15:28:07.721000,1.04694,1.04693,1760000,1000000
2020-11-13 15:28:08.772000,1.04696,1.04694,2440000,1000000
2020-11-13 15:28:09.237000,1.04696,1.04694,1500000,2750000
2020-11-13 15:28:09.693000,1.04697,1.04696,2440000,1000000
2020-11-13 15:28:09.744000,1.04699,1.04697,2060000,1000000
2020-11-13 15:28:09.845000,1.04698,1.04697,1000000,1000000
2020-11-13 15:28:09.998000,1.04697,1.04696,1000000,1000000
2020-11-13 15:28:10.150000,1.04697,1.04695,1500000,1250000
2020-11-13 15:28:10.532000,1.04697,1.04696,1000000,1000000
2020-11-13 15:28:10.994000,1.047,1.04699,1310000,1000000
2020-11-13 15:28:11.725000,1.04701,1.04699,1760000,1000000
2020-11-13 15:28:13.611000,1.04701,1.047,3750000,1000000
2020-11-13 15:28:18.897000,1.04705,1.04703,1870000,1000000
2020-11-13 15:28:18.998000,1.04706,1.04705,1690000,1000000
2020-11-13 15:28:19.100000,1.04707,1.04705,1690000,1120000
2020-11-13 15:28:19.565000,1.04708,1.04706,1250000,1500000
2020-11-13 15:28:19.617000,1.04711,1.04709,3570000,1000000
2020-11-13 15:28:19.718000,1.04711,1.0471,2510000,1000000
2020-11-13 15:28:19.820000,1.04711,1.04709,2200000,1120000
2020-11-13 15:28:19.872000,1.0471,1.04707,1000000,1870000
2020-11-13 15:28:19.923000,1.04708,1.04706,1000000,6450000
2020-11-13 15:28:20.153000,1.04709,1.04707,1690000,1000000
2020-11-13 15:28:20.255000,1.04708,1.04707,1000000,1000000
2020-11-13 15:28:20.307000,1.04707,1.04705,1000000,3940000
2020-11-13 15:28:21.714000,1.04707,1.04706,1000000,1010000
2020-11-13 15:28:23.687000,1.04704,1.04703,1250000,1500000
2020-11-13 15:28:23.789000,1.04705,1.04704,2440000,1000000
2020-11-13 15:28:23.890000,1.04703,1.04702,1000000,1000000
2020-11-13 15:28:24.143000,1.04704,1.04702,2440000,1000000
2020-11-13 15:28:24.244000,1.04705,1.04704,1000000,1000000
2020-11-13 15:28:24.346000,1.04707,1.04704,1500000,1000000
2020-11-13 15:28:24.860000,1.04707,1.04705,1500000,1000000
2020-11-13 15:28:26.515000,1.04706,1.04704,1000000,4120000
2020-11-13 15:28:26.616000,1.04704,1.04701,1000000,1100000
2020-11-13 15:28:26.718000,1.04704,1.04703,1250000,1000000
2020-11-13 15:28:26.869000,1.04703,1.04702,2440000,1000000
2020-11-13 15:28:26.971000,1.04702,1.04701,1500000,1000000
2020-11-13 15:28:27.072000,1.04702,1.047,1500000,1500000
2020-11-13 15:28:27.596000,1.04701,1.04699,1690000,1120000
2020-11-13 15:28:28.227000,1.04703,1.04701,6450000,1000000
2020-11-13 15:28:28.329000,1.04703,1.047,1000000,1000000
2020-11-13 15:28:29.568000,1.04703,1.04702,1500000,1000000
2020-11-13 15:28:29.850000,1.04706,1.04702,1870000,1000000
2020-11-13 15:28:30.177000,1.04705,1.04704,1000000,1000000
2020-11-13 15:28:30.597000,1.04706,1.04704,5250000,1380000
2020-11-13 15:28:30.648000,1.04707,1.04706,1000000,1000000
2020-11-13 15:28:34.905000,1.0471,1.04709,4310000,1120000
2020-11-13 15:28:35.006000,1.04713,1.04709,1750000,4120000
2020-11-13 15:28:37.554000,1.04709,1.04708,11140000,1250000
2020-11-13 15:28:37.605000,1.04706,1.04705,1000000,1190000
2020-11-13 15:28:37.783000,1.04707,1.04705,5140000,1000000
2020-11-13 15:28:38.035000,1.04706,1.04704,1500000,1500000
2020-11-13 15:28:38.238000,1.04706,1.04705,1500000,1000000
2020-11-13 15:28:39.880000,1.04708,1.04706,1950000,1000000
2020-11-13 15:28:40.544000,1.04705,1.04704,1000000,1120000
2020-11-13 15:28:40.646000,1.04706,1.04705,4500000,1000000
2020-11-13 15:28:42.131000,1.04709,1.04708,1310000,1000000
2020-11-13 15:28:42.233000,1.04709,1.04707,1500000,1000000
2020-11-13 15:28:42.386000,1.04708,1.04707,1000000,1000000
2020-11-13 15:28:45.193000,1.04711,1.0471,1120000,1090000
2020-11-13 15:28:45.295000,1.04712,1.04711,1100000,1000000
2020-11-13 15:28:47.052000,1.04713,1.04711,1690000,1000000
2020-11-13 15:28:50.478000,1.04718,1.04717,2060000,1000000
2020-11-13 15:28:50.681000,1.04718,1.04716,5140000,1870000
2020-11-13 15:28:50.782000,1.04719,1.04715,5950000,1120000
2020-11-13 15:28:50.884000,1.04717,1.04715,1250000,1120000
2020-11-13 15:28:53.085000,1.04714,1.04713,1000000,1120000
2020-11-13 15:28:53.186000,1.04715,1.04711,1000000,1310000
2020-11-13 15:28:55.759000,1.04713,1.04712,1000000,1000000
2020-11-13 15:28:56.297000,1.04714,1.04712,1500000,1200000
2020-11-13 15:28:56.613000,1.04714,1.04713,1500000,1000000
2020-11-13 15:28:57.307000,1.04713,1.04712,1000000,1120000
2020-11-13 15:28:58.133000,1.04715,1.04714,3750000,1000000
2020-11-13 15:28:58.234000,1.04715,1.04713,4500000,1120000
2020-11-13 15:29:03.980000,1.04716,1.04714,4500000,1000000
2020-11-13 15:29:04.187000,1.04716,1.04715,1000000,1000000
2020-11-13 15:29:04.544000,1.04717,1.04716,1500000,1000000
2020-11-13 15:29:04.595000,1.0472,1.04719,1870000,1000000
2020-11-13 15:29:07.730000,1.04718,1.04716,1000000,3120000
2020-11-13 15:29:07.831000,1.04718,1.04716,1000000,2620000
2020-11-13 15:29:08.306000,1.04715,1.04714,1690000,1000000
2020-11-13 15:29:09.017000,1.04715,1.04713,1000000,1250000
2020-11-13 15:29:18.488000,1.04714,1.04712,1000000,3370000
2020-11-13 15:29:19.873000,1.04712,1.0471,4950000,1820000
2020-11-13 15:29:19.975000,1.04711,1.04709,1000000,3920000
2020-11-13 15:29:21.137000,1.04709,1.04707,1000000,2060000
2020-11-13 15:29:21.289000,1.04707,1.04706,1000000,3560000
2020-11-13 15:29:23.536000,1.04707,1.04705,4200000,1250000
2020-11-13 15:29:24.583000,1.04707,1.04705,1000000,4450000
2020-11-13 15:29:25.194000,1.04707,1.04704,1600000,5620000
2020-11-13 15:29:25.296000,1.04706,1.04704,5320000,1250000
2020-11-13 15:29:32.662000,1.04705,1.04704,1000000,1000000
2020-11-13 15:29:32.763000,1.04702,1.04701,1500000,5250000
2020-11-13 15:29:32.814000,1.047,1.04698,6190000,1500000
2020-11-13 15:29:32.916000,1.04701,1.04699,2700000,1500000
2020-11-13 15:29:33.017000,1.04701,1.047,1500000,1000000
2020-11-13 15:29:33.321000,1.04701,1.04698,1000000,1000000
2020-11-13 15:29:36.670000,1.04702,1.04699,1000000,1950000
2020-11-13 15:29:36.721000,1.04703,1.04701,1200000,1000000
2020-11-13 15:29:37.176000,1.04702,1.04698,5890000,5820000
2020-11-13 15:29:37.581000,1.047,1.04698,1000000,3570000
2020-11-13 15:29:37.899000,1.04701,1.047,1000000,1000000
2020-11-13 15:29:38,1.04701,1.04698,1000000,1120000
2020-11-13 15:29:40.302000,1.04698,1.04696,1500000,1250000
2020-11-13 15:29:40.403000,1.04698,1.04696,4500000,1250000
2020-11-13 15:29:40.505000,1.047,1.04698,1500000,1310000
2020-11-13 15:29:48.366000,1.047,1.04699,1500000,1000000
2020-11-13 15:29:49.296000,1.04699,1.04698,1000000,1310000
2020-11-13 15:29:50.615000,1.04699,1.04698,1000000,1120000
2020-11-13 15:29:50.717000,1.047,1.04696,1500000,1390000
2020-11-13 15:29:50.818000,1.04699,1.04698,1000000,4120000
2020-11-13 15:29:50.920000,1.04697,1.04696,1500000,1120000
2020-11-13 15:29:51.122000,1.04697,1.04696,1000000,1120000
2020-11-13 15:29:52.002000,1.04694,1.04693,1500000,1410000
2020-11-13 15:29:57.097000,1.04697,1.04695,4950000,1690000
2020-11-13 15:29:57.148000,1.04698,1.04697,1500000,1120000
2020-11-13 15:29:57.757000,1.04699,1.04697,1500000,1120000
2020-11-13 15:29:57.808000,1.04702,1.047,7310000,1000000
2020-11-13 15:29:57.910000,1.04703,1.04701,2510000,1790000
2020-11-13 15:29:58.112000,1.04703,1.04701,1500000,1290000
2020-11-13 15:29:58.214000,1.04704,1.04701,3940000,5190000
2020-11-13 15:29:58.365000,1.04705,1.04703,5440000,1000000
2020-11-13 15:29:58.416000,1.04707,1.04704,4310000,1000000
2020-11-13 15:29:58.467000,1.04708,1.04706,1760000,1000000
2020-11-13 15:29:58.568000,1.04707,1.04706,1000000,1000000
2020-11-13 15:29:59.226000,1.04707,1.04705,1000000,4200000
2020-11-13 15:29:59.632000,1.04707,1.04706,1000000,1000000
2020-11-13 15:30:01.487000,1.04707,1.04705,1000000,4200000
2020-11-13 15:30:01.690000,1.04706,1.04705,1000000,1000000
2020-11-13 15:30:02.157000,1.04704,1.04702,1000000,3000000
2020-11-13 15:30:02.209000,1.04705,1.04704,1690000,1000000
2020-11-13 15:30:02.311000,1.04706,1.04704,6260000,1000000
2020-11-13 15:30:05.466000,1.04703,1.04702,1000000,1120000
2020-11-13 15:30:05.568000,1.04702,1.04701,1000000,1000000
2020-11-13 15:30:05.669000,1.04701,1.047,1000000,1000000
2020-11-13 15:30:05.771000,1.04701,1.04699,1000000,3840000
2020-11-13 15:30:10.169000,1.04702,1.047,4500000,1100000
2020-11-13 15:30:10.272000,1.04701,1.047,1000000,1000000
2020-11-13 15:30:10.746000,1.04701,1.04699,1000000,4220000
2020-11-13 15:30:12.333000,1.04701,1.047,1000000,1000000
2020-11-13 15:30:14.262000,1.04701,1.04699,1000000,3840000
2020-11-13 15:30:16.482000,1.047,1.04699,1000000,1120000
2020-11-13 15:30:16.973000,1.04701,1.04699,1500000,1120000
2020-11-13 15:30:17.125000,1.047,1.04699,1000000,1120000
2020-11-13 15:30:20.158000,1.04701,1.04699,1500000,1000000
2020-11-13 15:30:23.851000,1.047,1.04699,1000000,1000000
2020-11-13 15:30:31.896000,1.047,1.04698,1000000,4210000
2020-11-13 15:30:31.947000,1.04696,1.04695,1000000,3000000
2020-11-13 15:30:32.048000,1.04696,1.04695,1500000,1000000
2020-11-13 15:30:32.251000,1.04697,1.04696,1000000,1200000
2020-11-13 15:30:32.302000,1.04699,1.04698,1500000,1120000
2020-11-13 15:30:32.816000,1.047,1.04698,5440000,1000000
2020-11-13 15:30:34.217000,1.04698,1.04697,1000000,3460000
2020-11-13 15:30:34.319000,1.04698,1.04696,1000000,1120000
2020-11-13 15:30:35.554000,1.04696,1.04694,1000000,2370000
2020-11-13 15:30:35.655000,1.04696,1.04694,1000000,1500000
2020-11-13 15:30:37.240000,1.04695,1.04693,1000000,2900000
2020-11-13 15:30:37.342000,1.04696,1.04693,1000000,1000000
2020-11-13 15:30:37.443000,1.04695,1.04693,1500000,2150000
2020-11-13 15:30:37.544000,1.04694,1.04693,1000000,1590000
2020-11-13 15:30:38.191000,1.04695,1.04693,4500000,1780000
2020-11-13 15:30:38.738000,1.04695,1.04694,1500000,1000000
2020-11-13 15:30:38.940000,1.04697,1.04696,1500000,1120000
2020-11-13 15:30:38.991000,1.047,1.04698,3250000,1000000
2020-11-13 15:30:40.090000,1.04701,1.047,1690000,1000000
2020-11-13 15:30:43.698000,1.04703,1.04701,5440000,1000000
2020-11-13 15:30:44.183000,1.04702,1.04701,1000000,1000000
2020-11-13 15:30:44.288000,1.04703,1.04702,1690000,1000000
2020-11-13 15:30:44.389000,1.04705,1.04704,1000000,1000000
2020-11-13 15:30:44.541000,1.04706,1.04704,5510000,1000000
2020-11-13 15:30:45.079000,1.04709,1.04708,1690000,1000000
2020-11-13 15:30:45.130000,1.04711,1.04709,4390000,1000000
2020-11-13 15:30:46.724000,1.0471,1.04709,2140000,1000000
2020-11-13 15:30:46.876000,1.04711,1.0471,3940000,1000000
2020-11-13 15:30:47.688000,1.0471,1.04708,1250000,1120000
2020-11-13 15:30:47.797000,1.04709,1.04707,1690000,1620000
2020-11-13 15:30:48,1.04708,1.04707,1000000,1000000
2020-11-13 15:30:48.359000,1.04709,1.04707,1690000,1000000
2020-11-13 15:30:50.060000,1.04708,1.04706,1000000,4500000
2020-11-13 15:30:54.428000,1.04705,1.04702,1000000,1620000
2020-11-13 15:30:55.258000,1.04703,1.04701,1000000,1500000
2020-11-13 15:30:55.359000,1.04703,1.04702,1000000,1000000
2020-11-13 15:31:04.556000,1.04703,1.04701,4870000,1000000
2020-11-13 15:31:04.657000,1.04701,1.047,1000000,1690000
2020-11-13 15:31:05.628000,1.04703,1.04701,1870000,1000000
2020-11-13 15:31:05.730000,1.04703,1.04701,4500000,1620000
2020-11-13 15:31:05.831000,1.04702,1.047,1500000,1250000
2020-11-13 15:31:06.034000,1.04701,1.04699,1000000,4310000
2020-11-13 15:31:06.477000,1.047,1.04699,1000000,1000000
2020-11-13 15:31:06.578000,1.047,1.04698,1690000,1570000
2020-11-13 15:31:06.841000,1.047,1.04699,1690000,1000000
2020-11-13 15:31:10.520000,1.04701,1.04699,1250000,1000000
2020-11-13 15:31:11.370000,1.04701,1.04698,1000000,1000000
2020-11-13 15:31:15.496000,1.04701,1.04699,1390000,1000000
2020-11-13 15:31:20.138000,1.04701,1.04699,1000000,2290000
2020-11-13 15:31:20.240000,1.04706,1.04702,1620000,3070000
2020-11-13 15:31:20.341000,1.04706,1.04705,1690000,1000000
2020-11-13 15:31:21.388000,1.04707,1.04706,4500000,1000000
2020-11-13 15:31:23.244000,1.04707,1.04705,1000000,1390000
2020-11-13 15:31:23.549000,1.04707,1.04706,1000000,1000000
2020-11-13 15:31:27.328000,1.04706,1.04704,1000000,4120000
2020-11-13 15:31:40.985000,1.04705,1.04704,1000000,1000000
2020-11-13 15:31:46.377000,1.04706,1.04704,3750000,1000000
2020-11-13 15:31:51.077000,1.04704,1.04702,1000000,2530000
2020-11-13 15:31:51.179000,1.04705,1.04704,1000000,1000000
2020-11-13 15:31:51.705000,1.04704,1.04702,1000000,6820000
2020-11-13 15:31:51.907000,1.04705,1.04704,1500000,1000000
2020-11-13 15:32:01.201000,1.04708,1.04707,1500000,1000000
2020-11-13 15:32:01.302000,1.04709,1.04707,2440000,1000000
2020-11-13 15:32:01.404000,1.04708,1.04706,1000000,3290000
2020-11-13 15:32:02.471000,1.04708,1.04706,1000000,3640000
2020-11-13 15:32:02.572000,1.04708,1.04706,1000000,3760000
2020-11-13 15:32:03.939000,1.04709,1.04707,4500000,1200000
2020-11-13 15:32:04.040000,1.04708,1.04707,1000000,1200000
2020-11-13 15:32:04.729000,1.04709,1.04707,1500000,1120000
2020-11-13 15:32:05.087000,1.04708,1.04707,1000000,1120000
2020-11-13 15:32:05.219000,1.0471,1.04706,1500000,1120000
2020-11-13 15:32:08.316000,1.04708,1.04707,1000000,1120000
2020-11-13 15:32:08.417000,1.04709,1.04707,1500000,1120000
2020-11-13 15:32:08.766000,1.04708,1.04707,1000000,1120000
2020-11-13 15:32:08.918000,1.04709,1.04707,1500000,1120000
2020-11-13 15:32:09.268000,1.04708,1.04707,1000000,1120000
2020-11-13 15:32:09.416000,1.04709,1.04707,1500000,1120000
2020-11-13 15:32:09.797000,1.04708,1.04707,1000000,1120000
2020-11-13 15:32:09.912000,1.04709,1.04707,1500000,1120000
2020-11-13 15:32:10.433000,1.0471,1.04707,1500000,1000000
2020-11-13 15:32:10.775000,1.04708,1.04707,1000000,1120000
2020-11-13 15:32:11.084000,1.04709,1.04708,1000000,1000000
2020-11-13 15:32:11.434000,1.04709,1.04707,1500000,4120000
2020-11-13 15:32:11.586000,1.0471,1.04708,4570000,1000000
2020-11-13 15:32:11.688000,1.04711,1.0471,1000000,1000000
2020-11-13 15:32:13.725000,1.04712,1.0471,5890000,1000000
2020-11-13 15:32:14.074000,1.04713,1.04709,2890000,1000000
2020-11-13 15:32:14.227000,1.04712,1.0471,2890000,1000000
2020-11-13 15:32:14.558000,1.04712,1.0471,2890000,1000000
2020-11-13 15:32:14.734000,1.04713,1.0471,2890000,1000000
2020-11-13 15:32:16.278000,1.04713,1.04711,7010000,1000000
2020-11-13 15:32:16.729000,1.04712,1.04711,1000000,1000000
2020-11-13 15:32:17.393000,1.04713,1.04711,4390000,1000000
2020-11-13 15:32:17.717000,1.04712,1.04711,1000000,1000000
2020-11-13 15:32:17.901000,1.04713,1.04711,4390000,1000000
2020-11-13 15:32:18.252000,1.04712,1.04711,1000000,1000000
2020-11-13 15:32:18.408000,1.04713,1.04711,4390000,1000000
2020-11-13 15:32:18.769000,1.04712,1.04711,1000000,1000000
2020-11-13 15:32:18.946000,1.04713,1.04711,4390000,1000000
2020-11-13 15:32:19.268000,1.04712,1.04711,1000000,1000000
2020-11-13 15:32:19.486000,1.04714,1.0471,4390000,1000000
2020-11-13 15:32:19.816000,1.04712,1.04711,1000000,1000000
2020-11-13 15:32:19.970000,1.04713,1.04711,4390000,1000000
2020-11-13 15:32:20.330000,1.04712,1.04711,1000000,1000000
2020-11-13 15:32:20.483000,1.04713,1.04711,4390000,1000000
2020-11-13 15:32:20.856000,1.04712,1.04711,1000000,1000000
2020-11-13 15:32:21.021000,1.04713,1.04711,4390000,1000000
2020-11-13 15:32:21.372000,1.04712,1.04711,1000000,1000000
2020-11-13 15:32:21.523000,1.04713,1.04711,4390000,1000000
2020-11-13 15:32:21.870000,1.04712,1.04711,1000000,1000000
2020-11-13 15:32:22.031000,1.04713,1.04711,4390000,1000000
2020-11-13 15:32:22.382000,1.04712,1.04711,1000000,1000000
2020-11-13 15:32:22.609000,1.04713,1.04711,4390000,1000000
2020-11-13 15:32:23.361000,1.04718,1.04716,10460000,1500000
2020-11-13 15:32:23.463000,1.04717,1.04716,1010000,1000000
2020-11-13 15:32:23.616000,1.04718,1.04717,3940000,1000000
2020-11-13 15:32:23.929000,1.04718,1.04716,1250000,5320000
2020-11-13 15:32:24.030000,1.04718,1.04717,1250000,1000000
2020-11-13 15:32:24.522000,1.04722,1.0472,4390000,1000000
2020-11-13 15:32:25.210000,1.04722,1.0472,1820000,3000000
2020-11-13 15:32:25.311000,1.04722,1.04719,1010000,7500000
2020-11-13 15:32:25.412000,1.04723,1.04721,3640000,1000000
2020-11-13 15:32:25.577000,1.04722,1.04721,1250000,1000000
2020-11-13 15:32:27.708000,1.04724,1.0472,2140000,1000000
2020-11-13 15:32:29.138000,1.04723,1.04722,1000000,1000000
2020-11-13 15:32:29.240000,1.04723,1.04721,1000000,3450000
2020-11-13 15:32:30.952000,1.04722,1.04721,3820000,1500000
2020-11-13 15:32:31.053000,1.0472,1.04717,1000000,1870000
2020-11-13 15:32:31.155000,1.0472,1.04718,1000000,1870000
2020-11-13 15:32:31.464000,1.04719,1.04718,1000000,1120000
2020-11-13 15:32:32.004000,1.04718,1.04717,1000000,3000000
2020-11-13 15:32:32.055000,1.04718,1.04716,1000000,6070000
2020-11-13 15:32:32.157000,1.04718,1.04716,1000000,2320000
2020-11-13 15:32:34.153000,1.0472,1.04716,1000000,4200000
2020-11-13 15:32:35.257000,1.04721,1.04718,1000000,1000000
2020-11-13 15:32:35.409000,1.0472,1.04718,1000000,1000000
2020-11-13 15:32:36.596000,1.04721,1.04719,5510000,1000000
2020-11-13 15:32:36.698000,1.04722,1.04718,1760000,1000000
2020-11-13 15:32:40.030000,1.0472,1.04718,1000000,4500000
2020-11-13 15:32:40.354000,1.04719,1.04717,1000000,4570000
2020-11-13 15:32:40.455000,1.0472,1.04716,2440000,4570000
2020-11-13 15:32:40.708000,1.04719,1.04718,2440000,1000000
2020-11-13 15:32:40.810000,1.04719,1.04717,2810000,4570000
2020-11-13 15:32:40.911000,1.04718,1.04717,1000000,1570000
2020-11-13 15:32:42.595000,1.04719,1.04717,2440000,1570000
2020-11-13 15:32:42.879000,1.04718,1.04717,1000000,1000000
2020-11-13 15:32:44.610000,1.04717,1.04716,1000000,4500000
2020-11-13 15:32:44.862000,1.04718,1.04716,2510000,1500000
2020-11-13 15:32:45.014000,1.04715,1.04714,1000000,1870000
2020-11-13 15:32:45.268000,1.04716,1.04714,1690000,1500000
2020-11-13 15:32:46.331000,1.04716,1.04715,1000000,1000000
2020-11-13 15:32:46.432000,1.04717,1.04715,3260000,1000000
2020-11-13 15:32:46.928000,1.04719,1.04715,7140000,1000000
2020-11-13 15:32:48.253000,1.04718,1.04716,3560000,1100000
2020-11-13 15:32:48.988000,1.04718,1.04717,1000000,1000000
2020-11-13 15:32:49.090000,1.04719,1.04718,1000000,1000000
2020-11-13 15:32:49.293000,1.04719,1.04717,1250000,5700000
2020-11-13 15:32:49.747000,1.04718,1.04717,1000000,2620000
2020-11-13 15:32:49.798000,1.04716,1.04713,5850000,1750000
2020-11-13 15:32:49.849000,1.04714,1.04712,4200000,1250000
2020-11-13 15:32:49.950000,1.04714,1.04712,5140000,1000000
2020-11-13 15:32:50.001000,1.04713,1.04711,1000000,6370000
2020-11-13 15:32:50.103000,1.04709,1.04706,1600000,1690000
2020-11-13 15:32:50.204000,1.0471,1.04708,1120000,5250000
2020-11-13 15:32:50.306000,1.04712,1.04708,6010000,6190000
2020-11-13 15:32:50.407000,1.04712,1.04708,6010000,6310000
2020-11-13 15:32:50.509000,1.04711,1.04708,4760000,1500000
2020-11-13 15:32:51.349000,1.04709,1.04708,1000000,1120000
2020-11-13 15:32:51.399000,1.04711,1.04709,5140000,1000000
2020-11-13 15:32:51.450000,1.0471,1.04708,1000000,1120000
2020-11-13 15:32:53.545000,1.04711,1.04708,4690000,1960000
2020-11-13 15:32:53.648000,1.04712,1.04709,4500000,1760000
2020-11-13 15:32:55.585000,1.04712,1.04711,1500000,1000000
2020-11-13 15:32:56.636000,1.04713,1.04712,1000000,1000000
2020-11-13 15:32:56.738000,1.04714,1.04712,6190000,1000000
2020-11-13 15:32:56.839000,1.04716,1.04714,5440000,1000000
2020-11-13 15:32:58.434000,1.04717,1.04716,2440000,1000000
2020-11-13 15:32:58.540000,1.04716,1.04715,1250000,1500000
2020-11-13 15:33:05.035000,1.04717,1.04716,1000000,1000000
2020-11-13 15:33:05.439000,1.04718,1.04717,1000000,1000000
2020-11-13 15:33:05.490000,1.04722,1.04721,5440000,1500000
2020-11-13 15:33:05.592000,1.04723,1.04722,1690000,1000000
2020-11-13 15:33:07.174000,1.04724,1.04722,4690000,5720000
2020-11-13 15:33:07.225000,1.04727,1.04726,2140000,1500000
2020-11-13 15:33:07.275000,1.04728,1.04726,5810000,2500000
2020-11-13 15:33:07.478000,1.04724,1.04723,1500000,2700000
2020-11-13 15:33:07.731000,1.04723,1.04721,1250000,3000000
2020-11-13 15:33:07.782000,1.0472,1.04718,1950000,3940000
2020-11-13 15:33:07.884000,1.0472,1.04719,1120000,1250000
2020-11-13 15:33:07.985000,1.04721,1.04719,5320000,1250000
2020-11-13 15:33:08.086000,1.0472,1.04719,1000000,1250000
2020-11-13 15:33:12.500000,1.0472,1.04718,1390000,1500000
2020-11-13 15:33:15.062000,1.0472,1.04719,1000000,1000000
2020-11-13 15:33:18.434000,1.0472,1.04718,1000000,1870000
2020-11-13 15:33:18.536000,1.0472,1.04716,1000000,7440000
2020-11-13 15:33:19.160000,1.04718,1.04716,1000000,1500000
2020-11-13 15:33:19.262000,1.04717,1.04715,1000000,1500000
2020-11-13 15:33:19.363000,1.04716,1.04715,3940000,1000000
2020-11-13 15:33:19.466000,1.04715,1.04714,1000000,1000000
2020-11-13 15:33:20.270000,1.04716,1.04712,1000000,1500000
2020-11-13 15:33:24.221000,1.04713,1.0471,1000000,2060000
2020-11-13 15:33:24.323000,1.04711,1.0471,1000000,2550000
2020-11-13 15:33:25.227000,1.04711,1.04709,1000000,1500000
2020-11-13 15:33:25.378000,1.0471,1.04709,1000000,1500000
2020-11-13 15:33:25.530000,1.04711,1.04709,4870000,1500000
2020-11-13 15:33:25.732000,1.0471,1.04709,1000000,1000000
2020-11-13 15:33:26.042000,1.04711,1.04709,4500000,1000000
2020-11-13 15:33:27.847000,1.04712,1.0471,3750000,1250000
2020-11-13 15:33:27.898000,1.04717,1.04715,4120000,1000000
2020-11-13 15:33:27.949000,1.04719,1.04716,5140000,1000000
2020-11-13 15:33:28.155000,1.04721,1.04718,1250000,1000000
2020-11-13 15:33:28.256000,1.04721,1.0472,1690000,1500000
2020-11-13 15:33:28.358000,1.04721,1.0472,1250000,1500000
2020-11-13 15:33:28.712000,1.04722,1.0472,1250000,3640000
2020-11-13 15:33:28.979000,1.04723,1.04722,1250000,1000000
2020-11-13 15:33:31.628000,1.04723,1.04721,7070000,1500000
2020-11-13 15:33:31.730000,1.04723,1.04719,4500000,1000000
2020-11-13 15:33:32.293000,1.04721,1.0472,3000000,1000000
2020-11-13 15:33:33.777000,1.04719,1.04718,1000000,1000000
2020-11-13 15:33:33.879000,1.04719,1.04717,1000000,2250000
2020-11-13 15:33:35.576000,1.04717,1.04716,1000000,1000000
2020-11-13 15:33:36.167000,1.04718,1.04716,5250000,1000000
2020-11-13 15:33:38.320000,1.04717,1.04716,1000000,1000000
2020-11-13 15:33:38.422000,1.04716,1.04713,4500000,2190000
2020-11-13 15:33:38.523000,1.04714,1.04713,1000000,1250000
2020-11-13 15:33:39.289000,1.04715,1.04713,1500000,1250000
2020-11-13 15:33:43.362000,1.04714,1.04712,1000000,3940000
2020-11-13 15:33:43.621000,1.04714,1.04713,1000000,1000000
2020-11-13 15:33:45.405000,1.04709,1.04708,1500000,1100000
2020-11-13 15:33:45.557000,1.04712,1.04708,7450000,1000000
2020-11-13 15:33:45.659000,1.04709,1.04708,1000000,1000000
2020-11-13 15:33:46.635000,1.04708,1.04707,1000000,1000000
2020-11-13 15:33:46.736000,1.04707,1.04706,1000000,1000000
2020-11-13 15:33:46.989000,1.04704,1.04703,1500000,1120000
2020-11-13 15:33:47.091000,1.04705,1.04703,1000000,1000000
2020-11-13 15:33:47.192000,1.04705,1.04704,1000000,1000000
2020-11-13 15:33:47.344000,1.04706,1.04704,2060000,1000000
2020-11-13 15:33:48.343000,1.04707,1.04705,7390000,1000000
2020-11-13 15:33:48.394000,1.04708,1.04706,1690000,1000000
2020-11-13 15:33:51.150000,1.04706,1.04705,1000000,1570000
2020-11-13 15:33:51.252000,1.04706,1.04704,3940000,1000000
2020-11-13 15:33:51.353000,1.04702,1.04701,1500000,1010000
2020-11-13 15:33:51.404000,1.04702,1.047,2700000,1690000
2020-11-13 15:33:51.557000,1.04701,1.047,1950000,1000000
2020-11-13 15:33:52.163000,1.047,1.04699,1000000,1690000
2020-11-13 15:33:52.981000,1.04702,1.04701,1000000,1760000
2020-11-13 15:33:53.083000,1.04703,1.04701,1500000,3260000
2020-11-13 15:33:53.185000,1.04703,1.04701,1500000,3390000
2020-11-13 15:33:53.287000,1.04703,1.04701,1500000,3260000
2020-11-13 15:33:53.439000,1.04704,1.047,1500000,6290000
2020-11-13 15:33:53.540000,1.04703,1.04701,1500000,2320000
2020-11-13 15:33:55.466000,1.04703,1.04702,1000000,1000000
2020-11-13 15:33:56.038000,1.04703,1.04701,1000000,2250000
2020-11-13 15:34:02.284000,1.04702,1.04701,1000000,1500000
2020-11-13 15:34:02.968000,1.04699,1.04698,1000000,2700000
2020-11-13 15:34:03.069000,1.04699,1.04698,1000000,1500000
2020-11-13 15:34:03.853000,1.047,1.04698,1000000,1000000
2020-11-13 15:34:04.308000,1.047,1.04699,3000000,1000000
2020-11-13 15:34:04.409000,1.04696,1.04695,1000000,3190000
2020-11-13 15:34:04.511000,1.04695,1.04694,1000000,1000000
2020-11-13 15:34:04.612000,1.04695,1.04693,1000000,1500000
2020-11-13 15:34:04.814000,1.04696,1.04694,3190000,1000000
2020-11-13 15:34:05.072000,1.04696,1.04695,1000000,1250000
2020-11-13 15:34:05.174000,1.04696,1.04694,1500000,1570000
2020-11-13 15:34:05.276000,1.04695,1.04694,1000000,1120000
2020-11-13 15:34:05.818000,1.04696,1.04695,1500000,1000000
2020-11-13 15:34:05.869000,1.04699,1.04697,1120000,1390000
2020-11-13 15:34:06.021000,1.04697,1.04696,3450000,1500000
2020-11-13 15:34:06.071000,1.04696,1.04694,1000000,4870000
2020-11-13 15:34:06.397000,1.04694,1.04693,1000000,1870000
2020-11-13 15:34:06.499000,1.04695,1.04693,1000000,1120000
2020-11-13 15:34:07.148000,1.04695,1.04694,1000000,1000000
2020-11-13 15:34:07.249000,1.04697,1.04695,2250000,1390000
2020-11-13 15:34:07.351000,1.04696,1.04694,1000000,1250000
2020-11-13 15:34:09.267000,1.04695,1.04693,1000000,5890000
2020-11-13 15:34:09.536000,1.04694,1.04693,1000000,1000000
2020-11-13 15:34:09.637000,1.04692,1.04691,1000000,1500000
2020-11-13 15:34:09.739000,1.04693,1.04691,3750000,1950000
2020-11-13 15:34:09.890000,1.04692,1.0469,1000000,5320000
2020-11-13 15:34:10.614000,1.04692,1.0469,1000000,2140000
2020-11-13 15:34:12.756000,1.04693,1.04691,1100000,1000000
2020-11-13 15:34:13.781000,1.04692,1.0469,1100000,4120000
2020-11-13 15:34:14.136000,1.04693,1.04691,3750000,1000000
2020-11-13 15:34:14.340000,1.04694,1.04692,3750000,1950000
2020-11-13 15:34:15.404000,1.04694,1.04693,1000000,3000000
2020-11-13 15:34:15.578000,1.04694,1.04692,1000000,3000000
2020-11-13 15:34:15.679000,1.04694,1.04693,1000000,3000000
2020-11-13 15:34:15.781000,1.04694,1.04692,1000000,2250000
2020-11-13 15:34:16.673000,1.04694,1.04693,1000000,3000000
2020-11-13 15:34:16.914000,1.04694,1.04692,1000000,2700000
2020-11-13 15:34:17.064000,1.04695,1.04692,1000000,3000000
2020-11-13 15:34:17.665000,1.04694,1.04692,1000000,2700000
2020-11-13 15:34:18.481000,1.04695,1.04693,4500000,1000000
2020-11-13 15:34:18.582000,1.04695,1.04693,1000000,1890000
2020-11-13 15:34:19.911000,1.04698,1.04696,3370000,1010000
2020-11-13 15:34:19.962000,1.047,1.04698,1690000,4570000
2020-11-13 15:34:20.144000,1.04699,1.04697,1000000,2320000
2020-11-13 15:34:20.245000,1.04698,1.04697,1000000,1570000
2020-11-13 15:34:20.347000,1.04698,1.04696,1690000,1000000
2020-11-13 15:34:20.549000,1.04697,1.04695,1690000,1870000
2020-11-13 15:34:20.651000,1.04696,1.04695,1000000,1000000
2020-11-13 15:34:20.802000,1.04696,1.04694,1000000,2250000
2020-11-13 15:34:21.213000,1.04696,1.04695,1000000,1000000
2020-11-13 15:34:21.415000,1.04697,1.04693,1000000,3000000
2020-11-13 15:34:22.599000,1.04699,1.04697,2140000,1000000
2020-11-13 15:34:22.701000,1.04696,1.04694,1250000,5320000
2020-11-13 15:34:22.853000,1.04695,1.04694,1000000,1000000
2020-11-13 15:34:22.955000,1.04695,1.04693,1000000,4870000
2020-11-13 15:34:23.158000,1.04695,1.04693,1000000,4120000
2020-11-13 15:34:24.377000,1.04696,1.04695,1500000,1000000
2020-11-13 15:34:24.480000,1.04696,1.04694,1500000,1760000
2020-11-13 15:34:25.872000,1.04697,1.04696,3000000,1000000
2020-11-13 15:34:25.923000,1.04699,1.04698,1010000,1000000
2020-11-13 15:34:27.438000,1.047,1.04699,2440000,1000000
2020-11-13 15:34:28.868000,1.04701,1.04699,2620000,1100000
2020-11-13 15:34:31.152000,1.047,1.04699,1250000,1100000
2020-11-13 15:34:33.997000,1.04701,1.04699,2500000,4200000
2020-11-13 15:34:34.264000,1.04701,1.047,1690000,1000000
2020-11-13 15:34:34.315000,1.04702,1.04701,1250000,1950000
2020-11-13 15:34:34.416000,1.04705,1.04703,3450000,1000000
2020-11-13 15:34:35.148000,1.04704,1.04702,1690000,1950000
2020-11-13 15:34:35.377000,1.04703,1.04702,1000000,1200000
2020-11-13 15:34:35.479000,1.04703,1.04701,1000000,1950000
2020-11-13 15:34:36.290000,1.04704,1.04702,4690000,1200000
2020-11-13 15:34:36.546000,1.04703,1.04701,1000000,1950000
2020-11-13 15:34:40.025000,1.04704,1.04702,2810000,1000000
2020-11-13 15:34:40.920000,1.04703,1.04701,1000000,4200000
2020-11-13 15:34:41.189000,1.04703,1.04701,1000000,1700000
2020-11-13 15:34:42.190000,1.04703,1.04701,1000000,1200000
2020-11-13 15:34:43.840000,1.04705,1.04703,3640000,1000000
2020-11-13 15:34:49.966000,1.04705,1.04703,5890000,1000000
2020-11-13 15:34:52.942000,1.04705,1.04703,5120000,1570000
2020-11-13 15:34:55.963000,1.04707,1.04706,1690000,1000000
2020-11-13 15:34:56.014000,1.0471,1.04709,2810000,1000000
2020-11-13 15:34:56.217000,1.04709,1.04708,1000000,1950000
2020-11-13 15:34:57.599000,1.04711,1.04709,1250000,1000000
2020-11-13 15:34:57.752000,1.04712,1.0471,1500000,1100000
2020-11-13 15:34:57.955000,1.04705,1.04704,1000000,1250000
2020-11-13 15:34:58.007000,1.04704,1.04703,1000000,1000000
2020-11-13 15:34:58.109000,1.04704,1.04702,1870000,1000000
2020-11-13 15:34:58.212000,1.04703,1.04701,1000000,1390000
2020-11-13 15:34:58.263000,1.04702,1.047,1000000,2140000
2020-11-13 15:34:58.415000,1.04701,1.047,1000000,1000000
2020-11-13 15:34:58.618000,1.04701,1.04699,1000000,1250000
2020-11-13 15:34:59.045000,1.04701,1.047,1000000,1000000
2020-11-13 15:34:59.596000,1.04702,1.04701,1500000,1000000
2020-11-13 15:34:59.697000,1.04703,1.04701,1500000,1100000
2020-11-13 15:35:03.515000,1.04705,1.04702,1000000,1250000
2020-11-13 15:35:03.566000,1.04711,1.04709,4270000,2310000
2020-11-13 15:35:03.668000,1.04711,1.04709,1570000,2060000
2020-11-13 15:35:04.123000,1.04711,1.0471,1500000,3000000
2020-11-13 15:35:04.350000,1.04711,1.04709,1000000,1000000
2020-11-13 15:35:05.447000,1.04709,1.04708,1000000,1000000
2020-11-13 15:35:13.976000,1.04707,1.04704,2700000,7010000
2020-11-13 15:35:14.027000,1.04704,1.04703,1500000,1570000
2020-11-13 15:35:14.130000,1.04703,1.04701,2250000,1820000
2020-11-13 15:35:15.051000,1.04705,1.04702,1000000,1000000
2020-11-13 15:35:15.405000,1.04704,1.04702,1500000,1000000
2020-11-13 15:35:15.556000,1.04704,1.04703,1500000,1000000
2020-11-13 15:35:16.676000,1.04704,1.04702,1500000,3750000
2020-11-13 15:35:16.879000,1.04703,1.04702,1000000,1000000
2020-11-13 15:35:18.563000,1.04704,1.04703,1000000,1000000
2020-11-13 15:35:18.665000,1.04704,1.04702,1500000,1100000
2020-11-13 15:35:18.867000,1.04703,1.04702,1000000,1100000
2020-11-13 15:35:19.596000,1.04702,1.04699,2890000,4620000
2020-11-13 15:35:19.697000,1.04701,1.047,1010000,1000000
2020-11-13 15:35:23.799000,1.04702,1.047,1500000,1390000
2020-11-13 15:35:23.901000,1.047,1.04698,1390000,3940000
2020-11-13 15:35:24.003000,1.04702,1.04699,1570000,1000000
2020-11-13 15:35:26.801000,1.047,1.04699,1000000,3750000
2020-11-13 15:35:26.852000,1.04698,1.04696,1950000,1620000
2020-11-13 15:35:26.902000,1.04697,1.04695,1500000,1000000
2020-11-13 15:35:27.004000,1.04696,1.04695,1000000,1000000
2020-11-13 15:35:29.274000,1.04695,1.04693,1200000,1250000
2020-11-13 15:35:30.404000,1.04696,1.04694,1500000,1200000
2020-11-13 15:35:30.455000,1.04697,1.04695,4870000,2200000
2020-11-13 15:35:30.506000,1.04698,1.04697,1000000,1000000
2020-11-13 15:35:30.861000,1.04697,1.04696,1000000,1250000
2020-11-13 15:35:34.201000,1.04698,1.04697,1500000,1000000
2020-11-13 15:35:34.621000,1.04698,1.04696,1500000,1250000
2020-11-13 15:35:34.931000,1.04698,1.04696,1500000,1250000
2020-11-13 15:35:34.982000,1.04694,1.04692,1000000,4950000
2020-11-13 15:35:35.083000,1.04694,1.04693,1250000,1000000
2020-11-13 15:35:35.235000,1.04694,1.04692,2440000,3750000
2020-11-13 15:35:35.795000,1.04693,1.04692,1000000,3750000
2020-11-13 15:35:36.122000,1.04693,1.04691,1500000,1250000
2020-11-13 15:35:36.426000,1.04693,1.04692,1500000,1000000
2020-11-13 15:35:36.879000,1.04693,1.04691,1500000,1250000
2020-11-13 15:35:36.981000,1.04693,1.04692,1500000,1000000
2020-11-13 15:35:37.133000,1.04692,1.04691,1000000,1000000
2020-11-13 15:35:37.234000,1.04692,1.0469,1500000,1250000
2020-11-13 15:35:37.460000,1.04692,1.04688,1000000,1310000
2020-11-13 15:35:37.579000,1.0469,1.04689,1000000,1310000
2020-11-13 15:35:38.455000,1.04689,1.04688,1500000,1000000
2020-11-13 15:35:38.557000,1.0469,1.04689,2250000,1000000
2020-11-13 15:35:39.921000,1.0469,1.04688,1000000,1000000
2020-11-13 15:35:41.578000,1.04689,1.04688,1000000,1000000
2020-11-13 15:35:43.045000,1.0469,1.04688,4760000,1000000
2020-11-13 15:35:43.450000,1.0469,1.04689,1500000,1000000
2020-11-13 15:35:44.594000,1.0469,1.04688,1500000,1120000
2020-11-13 15:35:45.199000,1.04692,1.0469,5250000,1000000
2020-11-13 15:35:45.301000,1.04691,1.0469,1000000,1120000
2020-11-13 15:35:45.686000,1.0469,1.04689,1000000,2810000
2020-11-13 15:35:45.839000,1.0469,1.04688,1500000,1950000
2020-11-13 15:35:46.484000,1.0469,1.04689,1000000,1100000
2020-11-13 15:35:46.535000,1.04692,1.0469,2250000,1010000
2020-11-13 15:35:46.637000,1.04691,1.0469,1000000,1120000
2020-11-13 15:35:46.746000,1.04692,1.0469,5320000,1120000
2020-11-13 15:35:46.948000,1.04691,1.0469,1000000,1000000
2020-11-13 15:35:47.100000,1.04692,1.0469,5250000,1000000
2020-11-13 15:35:47.900000,1.04691,1.0469,1000000,1310000
2020-11-13 15:35:48.102000,1.0469,1.04689,1000000,1500000
2020-11-13 15:35:48.205000,1.0469,1.04688,1000000,1120000
2020-11-13 15:35:49.334000,1.0469,1.04689,1000000,1000000
2020-11-13 15:35:49.436000,1.04692,1.04688,1500000,1000000
2020-11-13 15:35:49.556000,1.0469,1.04689,1000000,1000000
2020-11-13 15:35:50.100000,1.04691,1.04689,1500000,1000000
2020-11-13 15:35:50.726000,1.04692,1.04691,4500000,1000000
2020-11-13 15:35:50.828000,1.04692,1.0469,1500000,1120000
2020-11-13 15:35:51.721000,1.0469,1.04689,1000000,1000000
2020-11-13 15:35:52.088000,1.04692,1.0469,5250000,1000000
2020-11-13 15:35:52.189000,1.04691,1.0469,1000000,1000000
2020-11-13 15:35:53.402000,1.04692,1.04691,3750000,1000000
2020-11-13 15:35:53.504000,1.04692,1.0469,1000000,1120000
2020-11-13 15:35:54.706000,1.04692,1.04689,1000000,1120000
2020-11-13 15:35:55.785000,1.04691,1.04689,1000000,1500000
2020-11-13 15:35:55.836000,1.04689,1.04688,1000000,1000000
2020-11-13 15:35:55.887000,1.04688,1.04686,1950000,4310000
2020-11-13 15:35:55.988000,1.04688,1.04686,4570000,1000000
2020-11-13 15:35:56.089000,1.04689,1.04687,1500000,1000000
2020-11-13 15:35:56.398000,1.04688,1.04687,1000000,1000000
2020-11-13 15:35:57.142000,1.04688,1.04686,1000000,1120000
2020-11-13 15:35:58.025000,1.04687,1.04686,3750000,1000000
2020-11-13 15:35:58.127000,1.04687,1.04685,3750000,1000000
2020-11-13 15:35:58.229000,1.04686,1.04684,1000000,1310000
2020-11-13 15:35:59.888000,1.04686,1.04682,1000000,5170000
2020-11-13 15:35:59.990000,1.04683,1.04682,1000000,1120000
2020-11-13 15:36:00.092000,1.04685,1.04681,1200000,1000000
2020-11-13 15:36:00.350000,1.04684,1.04683,1000000,1000000
2020-11-13 15:36:00.574000,1.04686,1.04685,4500000,1250000
2020-11-13 15:36:00.625000,1.04685,1.04683,1000000,5700000
2020-11-13 15:36:00.778000,1.04683,1.04682,1000000,2250000
2020-11-13 15:36:00.881000,1.04682,1.04681,1000000,3940000
2020-11-13 15:36:01.769000,1.04684,1.04681,2250000,1000000
2020-11-13 15:36:02.593000,1.04682,1.04681,1000000,1250000
2020-11-13 15:36:02.745000,1.04683,1.04681,1500000,1250000
2020-11-13 15:36:03.572000,1.04682,1.0468,1000000,3190000
2020-11-13 15:36:03.624000,1.0468,1.04678,1000000,1760000
2020-11-13 15:36:03.725000,1.04679,1.04677,5250000,1750000
2020-11-13 15:36:03.827000,1.04678,1.04677,1000000,1250000
2020-11-13 15:36:04.556000,1.04679,1.04677,1500000,2500000
2020-11-13 15:36:05.944000,1.04677,1.04676,1500000,4120000
2020-11-13 15:36:05.995000,1.04674,1.04673,1000000,1310000
2020-11-13 15:36:06.299000,1.04678,1.04676,4020000,1000000
2020-11-13 15:36:06.401000,1.04678,1.04676,2700000,1000000
2020-11-13 15:36:06.505000,1.04677,1.04675,1950000,4310000
2020-11-13 15:36:06.978000,1.04676,1.04675,1000000,1250000
2020-11-13 15:36:07.329000,1.04677,1.04675,1500000,1250000
2020-11-13 15:36:07.531000,1.04676,1.04675,1000000,1250000
2020-11-13 15:36:07.683000,1.04676,1.04674,1500000,5140000
2020-11-13 15:36:07.885000,1.04676,1.04675,1500000,1000000
2020-11-13 15:36:08.579000,1.04678,1.04675,1000000,1000000
2020-11-13 15:36:08.681000,1.04677,1.04675,1500000,1250000
2020-11-13 15:36:08.890000,1.04673,1.04672,4690000,1000000
2020-11-13 15:36:08.942000,1.04671,1.04669,2250000,3190000
2020-11-13 15:36:09.045000,1.04671,1.0467,1500000,1250000
2020-11-13 15:36:09.147000,1.04672,1.04671,1950000,1000000
2020-11-13 15:36:09.450000,1.04673,1.04671,1500000,1000000
2020-11-13 15:36:09.602000,1.04674,1.04673,3750000,1000000
2020-11-13 15:36:10.026000,1.04675,1.04671,1690000,1000000
2020-11-13 15:36:10.128000,1.04674,1.04672,2140000,1000000
2020-11-13 15:36:10.179000,1.04671,1.04669,1390000,1000000
2020-11-13 15:36:10.280000,1.04669,1.04667,1000000,1690000
2020-11-13 15:36:11.054000,1.0467,1.04669,3750000,1250000
2020-11-13 15:36:11.105000,1.04672,1.04671,1120000,1000000
2020-11-13 15:36:11.208000,1.04673,1.04671,1950000,1000000
2020-11-13 15:36:11.309000,1.04672,1.04671,1000000,1000000
2020-11-13 15:36:11.410000,1.04672,1.0467,1000000,1500000
2020-11-13 15:36:12.854000,1.04672,1.04671,1500000,1000000
2020-11-13 15:36:16.526000,1.04676,1.04674,1600000,4310000
2020-11-13 15:36:16.577000,1.04679,1.04677,2140000,1000000
2020-11-13 15:36:16.679000,1.0468,1.04678,1200000,1000000
2020-11-13 15:36:16.780000,1.04682,1.0468,1950000,1000000
2020-11-13 15:36:16.881000,1.04683,1.04681,1950000,1000000
2020-11-13 15:36:16.983000,1.04684,1.04682,4950000,1000000
2020-11-13 15:36:17.085000,1.04683,1.04682,1000000,1000000
2020-11-13 15:36:17.483000,1.04685,1.04682,1200000,1000000
2020-11-13 15:36:17.798000,1.04682,1.04681,1000000,1000000
2020-11-13 15:36:18.613000,1.04684,1.04681,1000000,3750000
2020-11-13 15:36:18.714000,1.04684,1.04682,1000000,1000000
2020-11-13 15:36:19.298000,1.04684,1.04683,1000000,1000000
2020-11-13 15:36:24.497000,1.04686,1.04684,2440000,1000000
2020-11-13 15:36:24.832000,1.04686,1.04684,2440000,1000000
2020-11-13 15:36:26.290000,1.04689,1.04687,3010000,1500000
2020-11-13 15:36:26.646000,1.04689,1.04687,4570000,1000000
2020-11-13 15:36:26.848000,1.04687,1.04686,1000000,1000000
2020-11-13 15:36:28.494000,1.04687,1.04685,1000000,1100000
2020-11-13 15:36:29.707000,1.04688,1.04687,3750000,1000000
2020-11-13 15:36:29.859000,1.04689,1.04685,1000000,4500000
2020-11-13 15:36:31.234000,1.04689,1.04687,4880000,1000000
2020-11-13 15:36:31.335000,1.0469,1.04686,4870000,1000000
2020-11-13 15:36:31.437000,1.04688,1.04686,1000000,4500000
2020-11-13 15:36:32.849000,1.0469,1.04686,1000000,4970000
2020-11-13 15:36:37.142000,1.0469,1.04688,1000000,1910000
2020-11-13 15:36:37.446000,1.0469,1.04688,1000000,1390000
2020-11-13 15:36:38.572000,1.0469,1.04688,1000000,4790000
2020-11-13 15:36:39.853000,1.04691,1.04687,1000000,4390000
2020-11-13 15:36:41.424000,1.0469,1.04688,1000000,1220000
2020-11-13 15:36:44.120000,1.04694,1.04692,7140000,1000000
2020-11-13 15:36:44.222000,1.04694,1.04692,5060000,1120000
2020-11-13 15:36:44.323000,1.04693,1.04692,1200000,1000000
2020-11-13 15:36:44.425000,1.04693,1.04691,4200000,1500000
2020-11-13 15:36:45.464000,1.04695,1.04691,1870000,1000000
2020-11-13 15:36:46.083000,1.04694,1.04693,1870000,1000000
2020-11-13 15:36:49.148000,1.04695,1.04693,3750000,1760000
2020-11-13 15:36:49.249000,1.04697,1.04695,4570000,1000000
2020-11-13 15:36:49.698000,1.04696,1.04694,1000000,1500000
2020-11-13 15:36:51.180000,1.04695,1.04693,1200000,1000000
2020-11-13 15:36:51.767000,1.04696,1.04695,1000000,1000000
2020-11-13 15:36:51.868000,1.04699,1.04698,1500000,1000000
2020-11-13 15:36:51.969000,1.04699,1.04698,1000000,1000000
2020-11-13 15:36:52.122000,1.04699,1.04697,1000000,1310000
2020-11-13 15:36:52.385000,1.04698,1.04696,1000000,3370000
2020-11-13 15:36:52.914000,1.04698,1.04696,7070000,1120000
2020-11-13 15:36:53.168000,1.04699,1.04695,1000000,1000000
2020-11-13 15:36:54.366000,1.04697,1.04695,1000000,2510000
2020-11-13 15:36:54.518000,1.04698,1.04696,3750000,1250000
2020-11-13 15:36:54.797000,1.04697,1.04695,1000000,1000000
2020-11-13 15:36:55.192000,1.04696,1.04694,1000000,4570000
2020-11-13 15:36:55.903000,1.04698,1.04697,4870000,1000000
2020-11-13 15:36:56.055000,1.04698,1.04696,1000000,1250000
2020-11-13 15:36:57.208000,1.04698,1.04697,3750000,1000000
2020-11-13 15:36:57.259000,1.047,1.04698,4870000,1000000
2020-11-13 15:36:57.563000,1.04699,1.04698,3000000,1000000
2020-11-13 15:36:58.011000,1.047,1.04698,4870000,1000000
2020-11-13 15:36:58.112000,1.04699,1.04698,3000000,1000000
2020-11-13 15:36:58.338000,1.04698,1.04696,3750000,1690000
2020-11-13 15:36:58.389000,1.04696,1.04694,1000000,5250000
2020-11-13 15:36:58.490000,1.04696,1.04693,1120000,1000000
2020-11-13 15:36:58.700000,1.04695,1.04693,1000000,1690000
2020-11-13 15:37:00.756000,1.04695,1.04694,3750000,1000000
2020-11-13 15:37:02.531000,1.04696,1.04694,1390000,1000000
2020-11-13 15:37:03.559000,1.04698,1.04696,4870000,1250000
2020-11-13 15:37:04.929000,1.04699,1.04698,1690000,1000000
2020-11-13 15:37:06.822000,1.047,1.04699,1000000,1000000
2020-11-13 15:37:06.924000,1.04703,1.04701,2620000,2320000
2020-11-13 15:37:07.025000,1.04704,1.04703,4500000,1000000
2020-11-13 15:37:07.127000,1.04704,1.04702,1000000,2510000
2020-11-13 15:37:07.228000,1.04704,1.04703,1000000,1500000
2020-11-13 15:37:07.559000,1.04704,1.04702,3750000,1500000
2020-11-13 15:37:07.660000,1.04704,1.04703,3750000,1000000
2020-11-13 15:37:07.762000,1.04703,1.04702,1000000,1500000
2020-11-13 15:37:07.863000,1.04704,1.04702,4570000,1500000
2020-11-13 15:37:09.586000,1.04703,1.04702,1000000,1500000
2020-11-13 15:37:09.842000,1.04702,1.047,1000000,5870000
2020-11-13 15:37:09.893000,1.047,1.04698,1200000,6750000
2020-11-13 15:37:09.994000,1.04701,1.04699,2620000,1000000
2020-11-13 15:37:11.578000,1.04701,1.047,1500000,1000000
2020-11-13 15:37:11.680000,1.04702,1.047,1500000,1000000
2020-11-13 15:37:12.970000,1.04704,1.04702,3370000,1500000
2020-11-13 15:37:13.071000,1.04705,1.04704,1690000,1000000
2020-11-13 15:37:14.045000,1.04702,1.04701,1000000,1120000
2020-11-13 15:37:14.147000,1.04702,1.047,1000000,1250000
2020-11-13 15:37:14.816000,1.04701,1.047,1000000,1250000
2020-11-13 15:37:16.984000,1.04702,1.047,1500000,2950000
2020-11-13 15:37:17.086000,1.04701,1.047,1000000,1000000
2020-11-13 15:37:18.560000,1.04702,1.047,1000000,2950000
2020-11-13 15:37:18.712000,1.04701,1.047,1000000,3750000
2020-11-13 15:37:19.873000,1.04702,1.047,1500000,2200000
2020-11-13 15:37:19.974000,1.04702,1.04699,1000000,1000000
2020-11-13 15:37:20.076000,1.04703,1.047,1000000,1250000
2020-11-13 15:37:21.046000,1.04701,1.047,1000000,1000000
2020-11-13 15:37:21.208000,1.04703,1.04701,2620000,1250000
2020-11-13 15:37:23.826000,1.04704,1.04702,5250000,1250000
2020-11-13 15:37:23.928000,1.04703,1.04701,1000000,1690000
2020-11-13 15:37:24.029000,1.047,1.04699,1000000,1000000
2020-11-13 15:37:24.131000,1.04701,1.04699,3560000,1000000
2020-11-13 15:37:24.232000,1.04701,1.047,3370000,1000000
2020-11-13 15:37:26.913000,1.04703,1.04699,1000000,4600000
2020-11-13 15:37:27.014000,1.04704,1.047,1500000,1760000
2020-11-13 15:37:28.288000,1.04703,1.04702,1500000,1000000
2020-11-13 15:37:28.389000,1.04703,1.04701,1000000,1310000
2020-11-13 15:37:28.962000,1.04701,1.047,1000000,6190000
2020-11-13 15:37:29.013000,1.047,1.04696,4500000,2140000
2020-11-13 15:37:29.116000,1.047,1.04698,4500000,1000000
2020-11-13 15:37:29.861000,1.04702,1.04701,1000000,1250000
2020-11-13 15:37:29.962000,1.04703,1.04701,4500000,1250000
2020-11-13 15:37:31.126000,1.04702,1.047,1000000,1870000
2020-11-13 15:37:32.362000,1.04702,1.047,1000000,2500000
2020-11-13 15:37:32.463000,1.04702,1.047,1000000,1120000
2020-11-13 15:37:32.918000,1.04701,1.047,1500000,1000000
2020-11-13 15:37:35.363000,1.04702,1.04701,1000000,1250000
2020-11-13 15:37:35.925000,1.04703,1.04702,4500000,10200000
2020-11-13 15:37:35.976000,1.04706,1.04705,1000000,1250000
2020-11-13 15:37:36.610000,1.04705,1.04703,4950000,1500000
2020-11-13 15:37:36.988000,1.04704,1.04701,1000000,3370000
2020-11-13 15:37:37.090000,1.04705,1.04703,3450000,1000000
2020-11-13 15:37:37.192000,1.04704,1.04703,1000000,1000000
2020-11-13 15:37:37.394000,1.04705,1.04703,4950000,1000000
2020-11-13 15:37:37.495000,1.04704,1.04703,1000000,1000000
2020-11-13 15:37:38.155000,1.04704,1.04702,4500000,1690000
2020-11-13 15:37:38.363000,1.04703,1.04701,1000000,2500000
2020-11-13 15:37:39.566000,1.04704,1.04703,4500000,1000000
2020-11-13 15:37:39.769000,1.04704,1.04701,1000000,1690000
2020-11-13 15:37:40.614000,1.04703,1.04701,2320000,1000000
2020-11-13 15:37:40.715000,1.04702,1.04701,1200000,1000000
2020-11-13 15:37:41.147000,1.04703,1.04702,1000000,1000000
2020-11-13 15:37:41.248000,1.04703,1.04701,3750000,1250000
2020-11-13 15:37:41.688000,1.04703,1.04701,4220000,1000000
2020-11-13 15:37:41.789000,1.04705,1.04702,3750000,1000000
2020-11-13 15:37:42.636000,1.04705,1.04703,5620000,1000000
2020-11-13 15:37:44.826000,1.04705,1.04703,4500000,1000000
2020-11-13 15:37:51.262000,1.04709,1.04706,2640000,1000000
2020-11-13 15:37:51.363000,1.04709,1.04706,1000000,1120000
2020-11-13 15:37:51.521000,1.04709,1.04707,2250000,1120000
2020-11-13 15:37:52.739000,1.0471,1.04709,5440000,1000000
2020-11-13 15:37:52.840000,1.0471,1.04709,4690000,1000000
2020-11-13 15:37:52.942000,1.04712,1.04708,6070000,1000000
2020-11-13 15:37:57.710000,1.0471,1.04709,3000000,1000000
2020-11-13 15:37:57.862000,1.04708,1.04707,1950000,1120000
2020-11-13 15:37:57.963000,1.04708,1.04706,5320000,1000000
2020-11-13 15:37:58.065000,1.04706,1.04705,3000000,1000000
2020-11-13 15:37:58.383000,1.04707,1.04705,6070000,1000000
2020-11-13 15:37:58.755000,1.04707,1.04704,3000000,1000000
2020-11-13 15:38:00.324000,1.04706,1.04704,5700000,1250000
2020-11-13 15:38:03.108000,1.04706,1.04703,1000000,1250000
2020-11-13 15:38:03.360000,1.04707,1.04703,4950000,1250000
2020-11-13 15:38:08.601000,1.04704,1.04702,1000000,2870000
2020-11-13 15:38:08.703000,1.04703,1.04702,1000000,1250000
2020-11-13 15:38:14.854000,1.04704,1.04703,3750000,1000000
2020-11-13 15:38:15.006000,1.04705,1.04703,5320000,1000000
2020-11-13 15:38:16.298000,1.04704,1.04703,1000000,1000000
2020-11-13 15:38:17.389000,1.04703,1.04702,1000000,1500000
2020-11-13 15:38:17.780000,1.04703,1.04701,1000000,6640000
2020-11-13 15:38:17.882000,1.047,1.04698,1200000,6250000
2020-11-13 15:38:17.984000,1.047,1.04698,1120000,5440000
2020-11-13 15:38:18.287000,1.047,1.04698,1000000,5950000
2020-11-13 15:38:18.591000,1.04703,1.047,1000000,5350000
2020-11-13 15:38:18.844000,1.04701,1.04699,1000000,5370000
2020-11-13 15:38:18.945000,1.047,1.04699,1000000,3190000
2020-11-13 15:38:19.046000,1.04701,1.04699,1000000,3940000
2020-11-13 15:38:19.147000,1.04701,1.047,1000000,1000000
2020-11-13 15:38:19.300000,1.04702,1.047,1000000,1820000
2020-11-13 15:38:19.553000,1.04703,1.04701,6450000,1250000
2020-11-13 15:38:19.655000,1.04702,1.04701,1000000,1250000
2020-11-13 15:38:19.706000,1.04701,1.04699,1000000,4500000
2020-11-13 15:38:20.541000,1.047,1.04698,1000000,6640000
2020-11-13 15:38:20.847000,1.04702,1.047,6820000,1750000
2020-11-13 15:38:21.087000,1.04702,1.047,1500000,1820000
2020-11-13 15:38:21.188000,1.04704,1.04702,4500000,1000000
2020-11-13 15:38:21.289000,1.04703,1.04701,1000000,1310000
2020-11-13 15:38:23.053000,1.04703,1.04702,1000000,1000000
2020-11-13 15:38:23.409000,1.04704,1.04703,3750000,1000000
2020-11-13 15:38:24.605000,1.04706,1.04702,5320000,1120000
2020-11-13 15:38:30.407000,1.04705,1.04701,1000000,1690000
2020-11-13 15:38:30.559000,1.04702,1.04701,1000000,1000000
2020-11-13 15:38:30.661000,1.04701,1.047,1000000,1000000
2020-11-13 15:38:31.182000,1.04701,1.04698,1000000,1000000
2020-11-13 15:38:31.530000,1.04701,1.04699,1500000,1000000
2020-11-13 15:38:33.335000,1.047,1.04699,3000000,1000000
2020-11-13 15:38:33.437000,1.04699,1.04698,1000000,1000000
2020-11-13 15:38:33.538000,1.04699,1.04695,3750000,2120000
2020-11-13 15:38:37.508000,1.04697,1.04696,1000000,1690000
2020-11-13 15:38:37.778000,1.04698,1.04696,3750000,1750000
2020-11-13 15:38:38.068000,1.04699,1.04697,2250000,1250000
2020-11-13 15:38:38.221000,1.04699,1.04697,1000000,2560000
2020-11-13 15:38:38.824000,1.047,1.04696,1000000,1500000
2020-11-13 15:38:38.925000,1.04698,1.04697,1000000,1500000
2020-11-13 15:38:41.442000,1.04698,1.04696,3750000,2170000
2020-11-13 15:38:42.449000,1.04698,1.04696,1000000,6310000
2020-11-13 15:38:42.974000,1.04699,1.04697,5620000,1000000
2020-11-13 15:38:44.666000,1.04699,1.04698,1000000,1250000
2020-11-13 15:38:44.768000,1.04701,1.04699,3000000,1000000
2020-11-13 15:38:45.276000,1.04703,1.047,3000000,1000000
2020-11-13 15:38:45.378000,1.04702,1.047,3000000,1010000
2020-11-13 15:38:45.480000,1.04701,1.047,1000000,1010000
2020-11-13 15:38:45.532000,1.047,1.04698,1120000,4500000
2020-11-13 15:38:45.633000,1.04701,1.04699,4390000,1000000
2020-11-13 15:38:45.836000,1.04702,1.04701,3370000,1000000
2020-11-13 15:38:45.937000,1.04701,1.04699,1500000,2700000
2020-11-13 15:38:46.039000,1.04701,1.04699,2320000,1310000
2020-11-13 15:38:48.478000,1.04701,1.04699,2320000,4000000
2020-11-13 15:38:49.331000,1.047,1.04699,1000000,1500000
2020-11-13 15:38:49.433000,1.047,1.04699,1000000,1000000
2020-11-13 15:38:50.675000,1.04701,1.047,2250000,1250000
2020-11-13 15:38:50.776000,1.04701,1.047,1000000,1010000
2020-11-13 15:38:51.328000,1.04701,1.04699,1760000,3750000
2020-11-13 15:38:51.430000,1.047,1.04699,1000000,1000000
2020-11-13 15:38:52.098000,1.04701,1.047,1120000,1000000
2020-11-13 15:38:52.149000,1.04703,1.04702,3370000,1000000
2020-11-13 15:38:52.251000,1.04702,1.04701,1000000,1310000
2020-11-13 15:38:52.554000,1.04703,1.04701,3000000,1390000
2020-11-13 15:38:53.331000,1.04702,1.04701,1000000,1310000
2020-11-13 15:38:53.634000,1.04703,1.04701,6000000,1310000
2020-11-13 15:38:55.230000,1.04703,1.04702,1000000,1390000
2020-11-13 15:38:55.331000,1.04704,1.04702,1000000,1390000
2020-11-13 15:38:56.291000,1.04703,1.04701,1000000,5560000
2020-11-13 15:38:56.393000,1.04704,1.047,1000000,2440000
2020-11-13 15:38:58.792000,1.04703,1.04701,1000000,1890000
2020-11-13 15:38:58.893000,1.04703,1.04701,1000000,1310000
2020-11-13 15:39:00.130000,1.04704,1.04702,3750000,1390000
2020-11-13 15:39:00.383000,1.04703,1.04701,1000000,3450000
2020-11-13 15:39:00.485000,1.04704,1.04702,5250000,1390000
2020-11-13 15:39:03.187000,1.04704,1.04702,2250000,1890000
2020-11-13 15:39:05.189000,1.04705,1.04704,5250000,1000000
2020-11-13 15:39:05.240000,1.04706,1.04705,1000000,1390000
2020-11-13 15:39:05.341000,1.04707,1.04705,2320000,1000000
2020-11-13 15:39:05.941000,1.04702,1.04701,1000000,1100000
2020-11-13 15:39:05.992000,1.047,1.04698,1870000,4310000
2020-11-13 15:39:06.093000,1.047,1.04699,1000000,1000000
2020-11-13 15:39:06.195000,1.04701,1.04699,4760000,1000000
2020-11-13 15:39:10.589000,1.04701,1.04699,3070000,1000000
2020-11-13 15:39:13.713000,1.04702,1.04701,1000000,1250000
2020-11-13 15:39:13.764000,1.04699,1.04698,3750000,1120000
2020-11-13 15:39:15.092000,1.047,1.04697,4500000,3620000
2020-11-13 15:39:15.193000,1.047,1.04699,1500000,1000000
2020-11-13 15:39:15.295000,1.047,1.04698,2320000,1000000
2020-11-13 15:39:16.301000,1.04699,1.04698,1000000,1000000
2020-11-13 15:39:16.578000,1.047,1.04698,1500000,1310000
2020-11-13 15:39:16.780000,1.047,1.04698,1500000,1910000
2020-11-13 15:39:16.932000,1.047,1.04698,1500000,1000000
2020-11-13 15:39:17.236000,1.04697,1.04695,1500000,2750000
2020-11-13 15:39:17.338000,1.04696,1.04695,1500000,1000000
2020-11-13 15:39:17.849000,1.04696,1.04694,1000000,2510000
2020-11-13 15:39:17.950000,1.04694,1.04693,1000000,2140000
2020-11-13 15:39:18.102000,1.04695,1.04694,1000000,1000000
2020-11-13 15:39:18.777000,1.04695,1.04692,1000000,1000000
2020-11-13 15:39:20.276000,1.04693,1.04691,1000000,2140000
2020-11-13 15:39:20.479000,1.04692,1.04689,1500000,1390000
2020-11-13 15:39:21.036000,1.04691,1.04689,1500000,1390000
2020-11-13 15:39:23.133000,1.0469,1.04689,1500000,1200000
2020-11-13 15:39:23.630000,1.0469,1.04688,1500000,1200000
2020-11-13 15:39:23.884000,1.04691,1.04688,2250000,1000000
2020-11-13 15:39:23.985000,1.04692,1.0469,1120000,1000000
2020-11-13 15:39:24.036000,1.04692,1.04691,1000000,1250000
2020-11-13 15:39:25.246000,1.04694,1.04691,4500000,1000000
2020-11-13 15:39:25.448000,1.04694,1.04693,1000000,1200000
2020-11-13 15:39:28.035000,1.04695,1.04693,2250000,1200000
2020-11-13 15:39:28.204000,1.04695,1.04694,2250000,1000000
2020-11-13 15:39:28.659000,1.04698,1.04697,1870000,1000000
2020-11-13 15:39:28.811000,1.04697,1.04696,1000000,1000000
2020-11-13 15:39:28.862000,1.04699,1.04698,2620000,1000000
2020-11-13 15:39:29.276000,1.047,1.04698,4690000,1000000
2020-11-13 15:39:29.479000,1.04701,1.047,1000000,1000000
2020-11-13 15:39:29.733000,1.04703,1.04702,1000000,1200000
2020-11-13 15:39:29.834000,1.04702,1.04701,1000000,1120000
2020-11-13 15:39:29.885000,1.047,1.04698,3750000,1570000
2020-11-13 15:39:29.936000,1.04701,1.047,2250000,1000000
2020-11-13 15:39:30.328000,1.04702,1.04701,1500000,1000000
2020-11-13 15:39:30.807000,1.04703,1.04702,1000000,1000000
2020-11-13 15:39:30.909000,1.04702,1.047,2440000,1000000
2020-11-13 15:39:31.162000,1.04702,1.04699,1000000,1000000
2020-11-13 15:39:31.468000,1.047,1.04698,4690000,1000000
2020-11-13 15:39:31.570000,1.04699,1.04698,4500000,1000000
2020-11-13 15:39:31.671000,1.047,1.04698,5810000,1000000
2020-11-13 15:39:31.774000,1.04698,1.04697,5250000,1000000
2020-11-13 15:39:31.876000,1.04698,1.04697,1500000,1000000
2020-11-13 15:39:31.977000,1.04696,1.04695,1000000,3000000
2020-11-13 15:39:32.079000,1.04695,1.04694,1000000,1000000
2020-11-13 15:39:32.585000,1.04697,1.04696,3750000,1200000
2020-11-13 15:39:32.838000,1.04697,1.04696,1000000,1000000
2020-11-13 15:39:32.940000,1.04698,1.04696,1000000,1000000
2020-11-13 15:39:33.243000,1.04697,1.04696,1000000,1200000
2020-11-13 15:39:33.395000,1.04698,1.04696,5250000,1000000
2020-11-13 15:39:33.517000,1.04699,1.04698,1870000,1000000
2020-11-13 15:39:33.618000,1.04698,1.04697,1000000,1000000
2020-11-13 15:39:33.753000,1.04697,1.04696,1000000,1000000
2020-11-13 15:39:34.355000,1.04697,1.04696,1500000,1000000
2020-11-13 15:39:34.508000,1.04698,1.04696,4500000,1000000
2020-11-13 15:39:34.762000,1.04698,1.04695,1000000,1000000
2020-11-13 15:39:36.369000,1.04698,1.04696,1500000,1200000
2020-11-13 15:39:36.471000,1.04697,1.04696,1000000,1000000
2020-11-13 15:39:38.646000,1.04697,1.04695,1500000,1200000
2020-11-13 15:39:38.848000,1.04698,1.04697,3750000,1000000
2020-11-13 15:39:38.950000,1.04699,1.04697,1500000,1200000
2020-11-13 15:39:39.304000,1.04699,1.04697,1500000,1850000
2020-11-13 15:39:39.355000,1.04701,1.04699,4870000,1000000
2020-11-13 15:39:39.457000,1.047,1.04699,2250000,1100000
2020-11-13 15:39:39.559000,1.04701,1.047,2440000,1000000
2020-11-13 15:39:43.503000,1.04702,1.04701,1500000,1100000
2020-11-13 15:39:43.604000,1.04703,1.04701,1500000,1200000
2020-11-13 15:39:43.706000,1.04703,1.04701,1500000,5470000
2020-11-13 15:39:43.808000,1.04702,1.04701,1500000,1000000
2020-11-13 15:39:43.909000,1.04704,1.04701,1500000,1200000
2020-11-13 15:39:44.061000,1.04702,1.047,1500000,4570000
2020-11-13 15:39:44.163000,1.04703,1.04701,3750000,1000000
2020-11-13 15:39:44.265000,1.04704,1.04703,4500000,1000000
2020-11-13 15:39:44.366000,1.04703,1.04702,1000000,1000000
2020-11-13 15:39:44.619000,1.04703,1.047,1000000,1000000
2020-11-13 15:39:44.721000,1.04703,1.04702,1000000,1200000
2020-11-13 15:39:44.822000,1.04704,1.04703,2250000,1000000
2020-11-13 15:39:44.924000,1.04704,1.04703,1000000,1000000
2020-11-13 15:39:45.025000,1.04703,1.04702,1000000,1000000
2020-11-13 15:39:45.177000,1.04704,1.04702,4500000,1200000
2020-11-13 15:39:45.279000,1.04704,1.04703,1000000,1200000
2020-11-13 15:39:45.380000,1.04705,1.04704,2250000,1000000
2020-11-13 15:39:46.188000,1.04704,1.04703,1000000,1570000
2020-11-13 15:39:46.541000,1.04705,1.04703,1000000,1000000
2020-11-13 15:39:46.808000,1.04704,1.04702,1000000,2290000
2020-11-13 15:39:47.278000,1.04705,1.04704,3750000,1000000
2020-11-13 15:39:47.379000,1.04705,1.04703,3750000,1100000
2020-11-13 15:39:47.480000,1.04706,1.04704,2440000,1000000
2020-11-13 15:39:47.954000,1.04707,1.04706,4870000,1000000
2020-11-13 15:39:48.005000,1.04709,1.04707,1500000,1000000
2020-11-13 15:39:48.056000,1.04708,1.04706,1000000,2510000
2020-11-13 15:39:48.157000,1.04707,1.04705,1000000,5890000
2020-11-13 15:39:48.209000,1.04701,1.04699,1870000,2250000
2020-11-13 15:39:48.311000,1.047,1.04699,1000000,1000000
2020-11-13 15:39:48.413000,1.047,1.04699,1000000,1200000
2020-11-13 15:39:48.515000,1.04701,1.047,4500000,1000000
2020-11-13 15:39:48.648000,1.04704,1.04702,1570000,1200000
2020-11-13 15:39:48.750000,1.04704,1.04703,1500000,1000000
2020-11-13 15:39:49.152000,1.04705,1.04704,1690000,1000000
2020-11-13 15:39:49.599000,1.04706,1.04704,6190000,1000000
2020-11-13 15:39:49.953000,1.04705,1.04704,1250000,1000000
2020-11-13 15:39:50.582000,1.04706,1.04705,5440000,1000000
2020-11-13 15:39:50.683000,1.04708,1.04707,1500000,1000000
2020-11-13 15:39:50.734000,1.0471,1.04708,3190000,1950000
2020-11-13 15:39:50.785000,1.04711,1.04709,1250000,1200000
2020-11-13 15:39:51.190000,1.04713,1.04711,3250000,1000000
2020-11-13 15:39:51.293000,1.04712,1.04711,1250000,1000000
2020-11-13 15:39:51.705000,1.04712,1.0471,1250000,3750000
2020-11-13 15:39:51.857000,1.04713,1.0471,1250000,1000000
2020-11-13 15:39:52.211000,1.04712,1.0471,1250000,3750000
2020-11-13 15:39:52.380000,1.04714,1.04713,4870000,1000000
2020-11-13 15:39:52.582000,1.04715,1.04714,2250000,1000000
2020-11-13 15:39:52.702000,1.04714,1.04712,1500000,4200000
2020-11-13 15:39:52.804000,1.04713,1.04712,1000000,1000000
2020-11-13 15:39:52.855000,1.04715,1.04713,6560000,1000000
2020-11-13 15:39:52.956000,1.04715,1.04714,4690000,1000000
2020-11-13 15:39:53.159000,1.04714,1.04712,1000000,4970000
2020-11-13 15:39:53.210000,1.04713,1.04711,1500000,1000000
2020-11-13 15:39:53.361000,1.04712,1.04711,3000000,1000000
2020-11-13 15:39:53.730000,1.04712,1.04709,1000000,1000000
2020-11-13 15:39:54.312000,1.04711,1.04709,1570000,1000000
2020-11-13 15:39:54.413000,1.04711,1.04709,4500000,1000000
2020-11-13 15:39:56.990000,1.04713,1.04712,1000000,1250000
2020-11-13 15:39:57.092000,1.04715,1.04714,2440000,1000000
2020-11-13 15:39:57.345000,1.04716,1.04714,6190000,1000000
2020-11-13 15:39:59.651000,1.04715,1.04714,1250000,1100000
2020-11-13 15:39:59.812000,1.04716,1.04715,2440000,1000000
2020-11-13 15:39:59.863000,1.04714,1.04713,1000000,1000000
2020-11-13 15:39:59.964000,1.04716,1.04713,1250000,1000000
2020-11-13 15:40:00.066000,1.04716,1.04715,3190000,1000000
2020-11-13 15:40:00.168000,1.04715,1.04714,1250000,1000000
2020-11-13 15:40:00.269000,1.04714,1.04712,1690000,1000000
2020-11-13 15:40:00.371000,1.04715,1.04714,1120000,1000000
2020-11-13 15:40:00.775000,1.04715,1.04714,1000000,1100000
2020-11-13 15:40:01.848000,1.04714,1.04712,1000000,1760000
2020-11-13 15:40:01.899000,1.04715,1.04714,1250000,1000000
2020-11-13 15:40:02.051000,1.04716,1.04714,3940000,1000000
2020-11-13 15:40:02.254000,1.04715,1.04713,1500000,1410000
2020-11-13 15:40:02.549000,1.04716,1.04714,4690000,1000000
2020-11-13 15:40:02.650000,1.04716,1.04715,1690000,1000000
2020-11-13 15:40:03.646000,1.04716,1.04714,3750000,1000000
2020-11-13 15:40:05.074000,1.04715,1.04713,1000000,1200000
2020-11-13 15:40:05.176000,1.04716,1.04714,4500000,1000000
2020-11-13 15:40:05.687000,1.04716,1.04714,3750000,1000000
2020-11-13 15:40:06.967000,1.04716,1.04714,3750000,1000000
2020-11-13 15:40:07.018000,1.04713,1.04711,1000000,3260000
2020-11-13 15:40:07.119000,1.04713,1.04711,1000000,1690000
2020-11-13 15:40:07.221000,1.04715,1.04713,3120000,1000000
2020-11-13 15:40:07.322000,1.04715,1.04714,2620000,1000000
2020-11-13 15:40:07.474000,1.04716,1.04714,4500000,1000000
2020-11-13 15:40:07.575000,1.04715,1.04714,1000000,1000000
2020-11-13 15:40:08.170000,1.04715,1.04713,1500000,1000000
2020-11-13 15:40:08.575000,1.04714,1.04713,1000000,1120000
2020-11-13 15:40:08.929000,1.04713,1.04712,1000000,1500000
2020-11-13 15:40:09.290000,1.04714,1.0471,1000000,1690000
2020-11-13 15:40:09.616000,1.04712,1.04711,1000000,1690000
2020-11-13 15:40:10.177000,1.04712,1.0471,3750000,1120000
2020-11-13 15:40:10.728000,1.04711,1.0471,1500000,1000000
2020-11-13 15:40:16.898000,1.04712,1.04711,1500000,1000000
2020-11-13 15:40:17.463000,1.04711,1.0471,1500000,1250000
2020-11-13 15:40:20.287000,1.04708,1.04706,1000000,2260000
2020-11-13 15:40:20.389000,1.04709,1.04707,5060000,1000000
2020-11-13 15:40:20.491000,1.04708,1.04707,1000000,1000000
2020-11-13 15:40:22.071000,1.04708,1.04706,1000000,1250000
2020-11-13 15:40:23.823000,1.04706,1.04705,1000000,2250000
2020-11-13 15:40:23.924000,1.04706,1.04704,4500000,1870000
2020-11-13 15:40:24.026000,1.04706,1.04705,4500000,1000000
2020-11-13 15:40:24.279000,1.04706,1.04704,4500000,1000000
2020-11-13 15:40:27.417000,1.04704,1.04701,1000000,1310000
2020-11-13 15:40:27.519000,1.04704,1.04702,4500000,1250000
2020-11-13 15:40:28.556000,1.04703,1.04702,3000000,1250000
2020-11-13 15:40:28.687000,1.04704,1.04702,5320000,1250000
2020-11-13 15:40:28.789000,1.04702,1.04701,1000000,1690000
2020-11-13 15:40:29.018000,1.04702,1.04701,1000000,1250000
2020-11-13 15:40:30.185000,1.04703,1.04701,3750000,1250000
2020-11-13 15:40:30.368000,1.04702,1.04701,1000000,1250000
2020-11-13 15:40:30.871000,1.04704,1.04702,4690000,1000000
2020-11-13 15:40:30.973000,1.04704,1.04701,1000000,1000000
2020-11-13 15:40:31.574000,1.04704,1.04702,4500000,1250000
2020-11-13 15:40:31.859000,1.04703,1.04702,1000000,1000000
2020-11-13 15:40:33.641000,1.04704,1.04703,3750000,1000000
2020-11-13 15:40:33.742000,1.04705,1.04703,1500000,1250000
2020-11-13 15:40:33.793000,1.04706,1.04705,3000000,1000000
2020-11-13 15:40:33.895000,1.04707,1.04705,5890000,1000000
2020-11-13 15:40:34.272000,1.04706,1.04704,1000000,1250000
2020-11-13 15:40:34.323000,1.04709,1.04707,4390000,2250000
2020-11-13 15:40:34.424000,1.04708,1.04706,1000000,6500000
2020-11-13 15:40:34.526000,1.04707,1.04706,1000000,1690000
2020-11-13 15:40:34.810000,1.04708,1.04706,1000000,1810000
2020-11-13 15:40:35.340000,1.04708,1.04706,1000000,1310000
2020-11-13 15:40:36.526000,1.04707,1.04706,1100000,1000000
2020-11-13 15:40:37.568000,1.04705,1.04704,1000000,1120000
2020-11-13 15:40:37.670000,1.04706,1.04704,1000000,3320000
2020-11-13 15:40:37.823000,1.04708,1.04704,3750000,1390000
2020-11-13 15:40:38.179000,1.04705,1.04703,1760000,1120000
2020-11-13 15:40:38.281000,1.04706,1.04704,1500000,1000000
2020-11-13 15:40:38.383000,1.04706,1.04705,1500000,1000000
2020-11-13 15:40:40.156000,1.04706,1.04704,1000000,1000000
2020-11-13 15:40:40.712000,1.04706,1.04705,1000000,1000000
2020-11-13 15:40:40.964000,1.04707,1.04705,5060000,1000000
2020-11-13 15:40:41.268000,1.04706,1.04705,1000000,1310000
2020-11-13 15:40:41.369000,1.04707,1.04705,1010000,1000000
2020-11-13 15:40:42.951000,1.04707,1.04704,3000000,1000000
2020-11-13 15:40:44.641000,1.04707,1.04705,4390000,1000000
2020-11-13 15:40:47.044000,1.04706,1.04705,1000000,1000000
2020-11-13 15:40:47.331000,1.04706,1.04704,1000000,2250000
2020-11-13 15:40:53.114000,1.04707,1.04705,5890000,1000000
2020-11-13 15:40:54.723000,1.04706,1.04704,1000000,1500000
2020-11-13 15:40:55.547000,1.04705,1.04704,1000000,1000000
2020-11-13 15:40:55.649000,1.04706,1.04704,7010000,1000000
2020-11-13 15:40:55.700000,1.04703,1.04702,1100000,1000000
2020-11-13 15:40:55.802000,1.04704,1.04702,3000000,1000000
2020-11-13 15:40:55.903000,1.04702,1.04698,1570000,1250000
2020-11-13 15:40:56.005000,1.04702,1.047,5510000,1000000
2020-11-13 15:40:56.107000,1.04702,1.047,1760000,1000000
2020-11-13 15:40:56.360000,1.04701,1.04699,1000000,1250000
2020-11-13 15:40:58.152000,1.04701,1.047,1000000,1000000
2020-11-13 15:40:58.506000,1.04701,1.04699,1000000,3940000
2020-11-13 15:41:06.232000,1.04701,1.047,1000000,1000000
2020-11-13 15:41:06.283000,1.04704,1.04702,4870000,1000000
2020-11-13 15:41:06.435000,1.04703,1.04702,1000000,1120000
2020-11-13 15:41:06.536000,1.04704,1.04702,3750000,1120000
2020-11-13 15:41:07.022000,1.04705,1.04703,5440000,1000000
2020-11-13 15:41:07.542000,1.04705,1.04704,1500000,1000000
2020-11-13 15:41:09.476000,1.04705,1.04703,1000000,2060000
2020-11-13 15:41:09.578000,1.04707,1.04703,5700000,1000000
2020-11-13 15:41:15.478000,1.04704,1.04703,1000000,1120000
2020-11-13 15:41:15.580000,1.04704,1.047,1000000,2250000
2020-11-13 15:41:15.681000,1.04704,1.04702,4870000,1000000
2020-11-13 15:41:15.783000,1.04705,1.04704,1690000,1000000
2020-11-13 15:41:16.036000,1.04705,1.04703,2440000,1000000
2020-11-13 15:41:16.137000,1.04703,1.04702,1000000,1000000
2020-11-13 15:41:16.239000,1.04704,1.04702,7390000,1000000
2020-11-13 15:41:16.340000,1.04704,1.04702,4760000,1000000
2020-11-13 15:41:16.448000,1.04703,1.04701,1310000,1000000
2020-11-13 15:41:16.600000,1.04703,1.04701,7540000,1000000
2020-11-13 15:41:16.905000,1.04701,1.04699,2700000,4120000
2020-11-13 15:41:33.980000,1.04704,1.04702,6450000,1000000
2020-11-13 15:41:34.081000,1.04703,1.04702,1000000,1000000
2020-11-13 15:41:34.536000,1.04703,1.04701,1000000,1500000
2020-11-13 15:41:35.560000,1.04704,1.04702,6450000,1000000
2020-11-13 15:41:35.662000,1.04703,1.04702,1000000,1120000
2020-11-13 15:41:36.145000,1.04703,1.04701,1000000,1310000
2020-11-13 15:41:37.309000,1.04703,1.04702,1000000,1000000
2020-11-13 15:41:37.480000,1.04703,1.04701,1000000,1690000
2020-11-13 15:41:43.588000,1.04704,1.04702,7390000,1000000
2020-11-13 15:41:43.740000,1.04703,1.04701,1000000,1690000
2020-11-13 15:41:44.180000,1.04703,1.04701,1000000,1810000
2020-11-13 15:41:45.100000,1.04703,1.04701,1000000,1310000
2020-11-13 15:41:46.295000,1.04705,1.04701,3450000,1310000
2020-11-13 15:41:46.396000,1.04704,1.04702,3450000,1000000
2020-11-13 15:41:46.899000,1.04705,1.04703,3260000,1120000
2020-11-13 15:41:52.109000,1.04704,1.04703,1000000,1000000
2020-11-13 15:41:52.160000,1.04702,1.04701,1500000,1120000
2020-11-13 15:41:52.262000,1.04701,1.047,1000000,1950000
2020-11-13 15:41:52.313000,1.04703,1.04701,3070000,1000000
2020-11-13 15:41:52.416000,1.04703,1.04702,3450000,1000000
2020-11-13 15:41:52.537000,1.04702,1.04701,1000000,1000000
2020-11-13 15:41:52.639000,1.04702,1.04699,1500000,1500000
2020-11-13 15:41:52.792000,1.04702,1.047,4010000,1000000
2020-11-13 15:41:53.129000,1.04702,1.047,4010000,1000000
2020-11-13 15:41:53.231000,1.04702,1.04698,1500000,1000000
2020-11-13 15:42:01.216000,1.04704,1.047,4870000,2140000
2020-11-13 15:42:01.317000,1.04704,1.04702,6640000,1000000
2020-11-13 15:42:01.419000,1.04703,1.04701,1000000,1620000
2020-11-13 15:42:01.571000,1.04703,1.04701,3750000,1500000
2020-11-13 15:42:03.961000,1.04704,1.04702,4870000,1000000
2020-11-13 15:42:04.927000,1.04704,1.04703,1000000,1000000
2020-11-13 15:42:05.286000,1.04703,1.04701,1000000,8260000
2020-11-13 15:42:05.387000,1.04703,1.04701,1000000,1620000
2020-11-13 15:42:05.489000,1.04704,1.04702,3820000,1000000
2020-11-13 15:42:05.787000,1.04703,1.04701,1000000,1120000
2020-11-13 15:42:06.382000,1.04702,1.047,1000000,4690000
2020-11-13 15:42:06.484000,1.04701,1.047,1500000,1000000
2020-11-13 15:42:06.585000,1.04702,1.047,1950000,1000000
2020-11-13 15:42:06.862000,1.04701,1.047,1500000,1000000
2020-11-13 15:42:07.013000,1.04702,1.047,2700000,1000000
2020-11-13 15:42:07.577000,1.04704,1.047,6070000,1000000
2020-11-13 15:42:07.679000,1.04703,1.04702,1500000,1000000
2020-11-13 15:42:07.832000,1.04703,1.04701,1500000,1690000
2020-11-13 15:42:07.974000,1.04702,1.047,1000000,6000000
2020-11-13 15:42:08.076000,1.04701,1.047,1500000,1000000
2020-11-13 15:42:08.177000,1.04703,1.04701,3070000,1250000
2020-11-13 15:42:09.022000,1.04702,1.047,1000000,6370000
2020-11-13 15:42:09.123000,1.04703,1.04701,4950000,1310000
2020-11-13 15:42:09.472000,1.04702,1.04701,1000000,1310000
2020-11-13 15:42:09.661000,1.04703,1.04701,1950000,1310000
2020-11-13 15:42:14.161000,1.04704,1.04702,5700000,1250000
2020-11-13 15:42:14.313000,1.04704,1.04702,1000000,2310000
2020-11-13 15:42:14.989000,1.04705,1.04703,4690000,1120000
2020-11-13 15:42:15.862000,1.04704,1.04703,1000000,1000000
2020-11-13 15:42:16.064000,1.04705,1.04703,4690000,1000000
2020-11-13 15:42:17.471000,1.04704,1.04703,1000000,1000000
2020-11-13 15:42:17.673000,1.04706,1.04702,1690000,1000000
2020-11-13 15:42:17.986000,1.04704,1.04702,1000000,4760000
2020-11-13 15:42:18.138000,1.04705,1.04703,2140000,1000000
2020-11-13 15:42:18.525000,1.04704,1.04702,1000000,1310000
2020-11-13 15:42:18.635000,1.04705,1.04703,5140000,1000000
2020-11-13 15:42:18.989000,1.04704,1.04702,1000000,4360000
2020-11-13 15:42:19.183000,1.04705,1.04703,2140000,1000000
2020-11-13 15:42:19.510000,1.04704,1.04702,1000000,4310000
2020-11-13 15:42:20.900000,1.04705,1.04703,2140000,1000000
2020-11-13 15:42:21.169000,1.04705,1.04704,2140000,1000000
2020-11-13 15:42:21.270000,1.04704,1.04702,1000000,1360000
2020-11-13 15:42:21.371000,1.04705,1.04703,2140000,1000000
2020-11-13 15:42:21.700000,1.04704,1.04702,1000000,4730000
2020-11-13 15:42:21.912000,1.04705,1.04703,2140000,1000000
2020-11-13 15:42:22.370000,1.04704,1.04702,1000000,4310000
2020-11-13 15:42:22.471000,1.04705,1.04703,2140000,1000000
2020-11-13 15:42:22.775000,1.04705,1.04702,1000000,1000000
2020-11-13 15:42:23.967000,1.04705,1.04704,1950000,1000000
2020-11-13 15:42:24.309000,1.04705,1.04703,1950000,1000000
2020-11-13 15:42:24.461000,1.04705,1.04704,1950000,1000000
2020-11-13 15:42:24.775000,1.04704,1.04703,1000000,1120000
2020-11-13 15:42:26.548000,1.04705,1.04704,1950000,1000000
2020-11-13 15:42:26.852000,1.04704,1.04703,1000000,1120000
2020-11-13 15:42:27.054000,1.04705,1.04703,4950000,1000000
2020-11-13 15:42:27.407000,1.04704,1.04703,1000000,1000000
2020-11-13 15:42:27.612000,1.04705,1.04703,1950000,1000000
2020-11-13 15:42:27.942000,1.04704,1.04703,1000000,1000000
2020-11-13 15:42:28.094000,1.04705,1.04703,1950000,1000000
2020-11-13 15:42:28.416000,1.04704,1.04703,1000000,1000000
2020-11-13 15:42:28.747000,1.04705,1.04703,1950000,1000000
2020-11-13 15:42:31.713000,1.04704,1.04703,1000000,1120000
2020-11-13 15:42:31.848000,1.04705,1.04704,4500000,1000000
2020-11-13 15:42:32.234000,1.04705,1.04703,1500000,1120000
2020-11-13 15:42:36.628000,1.04704,1.04703,1000000,1690000
2020-11-13 15:42:42.999000,1.04704,1.04702,1500000,2890000
2020-11-13 15:42:43.100000,1.04703,1.04702,1000000,1120000
2020-11-13 15:42:43.152000,1.047,1.04699,1500000,3190000
2020-11-13 15:42:43.253000,1.04701,1.047,1500000,1000000
2020-11-13 15:42:43.354000,1.047,1.04699,1000000,2440000
2020-11-13 15:42:43.456000,1.04701,1.047,1500000,1000000
2020-11-13 15:42:43.645000,1.047,1.04699,1000000,5440000
2020-11-13 15:42:46.020000,1.04704,1.04702,4870000,1250000
2020-11-13 15:42:46.122000,1.04705,1.04702,4500000,1310000
2020-11-13 15:42:46.224000,1.04703,1.04701,1000000,2810000
2020-11-13 15:42:46.531000,1.04704,1.04702,4500000,2060000
2020-11-13 15:42:46.836000,1.04705,1.04703,1950000,1000000
2020-11-13 15:42:47.089000,1.04704,1.04702,1000000,2060000
2020-11-13 15:42:47.191000,1.04705,1.04703,1950000,1000000
2020-11-13 15:42:47.444000,1.04702,1.04699,1500000,5260000
2020-11-13 15:42:47.546000,1.04701,1.047,1000000,1310000
2020-11-13 15:42:47.799000,1.047,1.04699,1500000,2440000
2020-11-13 15:42:47.849000,1.04699,1.04697,1200000,7010000
2020-11-13 15:42:47.951000,1.047,1.04698,6220000,1000000
2020-11-13 15:42:48.355000,1.047,1.04696,1950000,4690000
2020-11-13 15:42:48.559000,1.04698,1.04697,1000000,1500000
2020-11-13 15:42:48.660000,1.04698,1.04696,4950000,1000000
2020-11-13 15:42:48.862000,1.04698,1.04696,4950000,1250000
2020-11-13 15:42:48.964000,1.04697,1.04695,1000000,2870000
2020-11-13 15:42:49.065000,1.04696,1.04695,1000000,2810000
2020-11-13 15:42:49.235000,1.04697,1.04696,1570000,1250000
2020-11-13 15:42:50.036000,1.04696,1.04695,1000000,2810000
2020-11-13 15:42:50.139000,1.04696,1.04695,1000000,2060000
2020-11-13 15:42:50.644000,1.04697,1.04695,4570000,2870000
2020-11-13 15:42:52.044000,1.04697,1.04695,4570000,2500000
2020-11-13 15:43:00.745000,1.04697,1.04695,4950000,1250000
2020-11-13 15:43:00.846000,1.04697,1.04696,1000000,1250000
2020-11-13 15:43:00.947000,1.04698,1.04696,5320000,1250000
2020-11-13 15:43:03.990000,1.04698,1.04695,1000000,1310000
2020-11-13 15:43:04.344000,1.04698,1.04697,4570000,1250000
2020-11-13 15:43:04.445000,1.04697,1.04696,1000000,1250000
2020-11-13 15:43:04.956000,1.04694,1.04693,1000000,1120000
2020-11-13 15:43:05.007000,1.04694,1.04692,1950000,1500000
2020-11-13 15:43:05.109000,1.04691,1.0469,1500000,1250000
2020-11-13 15:43:05.160000,1.0469,1.04688,1000000,2060000
2020-11-13 15:43:05.211000,1.04692,1.0469,5320000,1000000
2020-11-13 15:43:05.565000,1.04692,1.04688,3750000,1690000
2020-11-13 15:43:05.616000,1.04689,1.04688,1000000,3190000
2020-11-13 15:43:05.718000,1.04689,1.04688,1000000,1250000
2020-11-13 15:43:06.603000,1.04688,1.04687,3000000,1000000
2020-11-13 15:43:06.756000,1.04689,1.04687,3450000,1000000
2020-11-13 15:43:06.858000,1.04688,1.04687,1200000,1000000
2020-11-13 15:43:06.959000,1.04687,1.04685,3750000,2870000
2020-11-13 15:43:08.773000,1.04686,1.04684,1950000,1370000
2020-11-13 15:43:08.824000,1.04685,1.04682,1000000,1250000
2020-11-13 15:43:08.976000,1.04685,1.04684,1000000,1000000
2020-11-13 15:43:09.234000,1.04684,1.04683,1000000,2060000
2020-11-13 15:43:09.336000,1.04684,1.04682,1200000,1250000
2020-11-13 15:43:10.354000,1.04683,1.04682,1000000,1250000
2020-11-13 15:43:10.971000,1.04682,1.04678,1000000,2120000
2020-11-13 15:43:11.074000,1.04681,1.04679,3750000,1310000
2020-11-13 15:43:11.175000,1.04682,1.0468,6820000,1250000
2020-11-13 15:43:11.328000,1.0468,1.04679,1000000,1250000
2020-11-13 15:43:11.430000,1.0468,1.04678,1000000,2950000
2020-11-13 15:43:11.532000,1.04681,1.04679,1000000,2120000
2020-11-13 15:43:11.634000,1.04682,1.0468,6450000,1250000
2020-11-13 15:43:11.685000,1.04682,1.04678,1000000,1120000
2020-11-13 15:43:11.787000,1.04682,1.0468,2700000,1000000
2020-11-13 15:43:12.842000,1.04682,1.04681,1500000,1000000
2020-11-13 15:43:14.816000,1.04681,1.04679,4200000,1690000
2020-11-13 15:43:14.968000,1.0468,1.04678,1000000,1500000
2020-11-13 15:43:15.069000,1.04679,1.04678,4870000,1000000
2020-11-13 15:43:15.120000,1.04677,1.04676,2320000,1000000
2020-11-13 15:43:15.221000,1.04678,1.04677,9820000,1000000
2020-11-13 15:43:18.235000,1.04679,1.04677,1000000,1570000
2020-11-13 15:43:18.337000,1.04683,1.04682,1570000,1500000
2020-11-13 15:43:18.439000,1.04682,1.0468,4200000,1690000
2020-11-13 15:43:18.540000,1.04682,1.0468,4950000,1000000
2020-11-13 15:43:18.641000,1.04681,1.0468,3750000,1000000
2020-11-13 15:43:18.692000,1.0468,1.04678,1000000,3640000
2020-11-13 15:43:20.194000,1.04679,1.04678,1000000,1000000
2020-11-13 15:43:20.725000,1.04678,1.04676,1000000,5060000
2020-11-13 15:43:20.826000,1.04675,1.04674,1000000,1690000
2020-11-13 15:43:20.928000,1.04674,1.04672,1000000,3820000
2020-11-13 15:43:21.030000,1.04674,1.04672,4950000,1250000
2020-11-13 15:43:21.380000,1.04675,1.04673,6000000,1250000
2020-11-13 15:43:21.787000,1.04674,1.04672,1000000,1310000
2020-11-13 15:43:22.540000,1.04674,1.04673,1000000,1000000
2020-11-13 15:43:23.146000,1.04673,1.04672,1000000,1000000
2020-11-13 15:43:23.298000,1.04676,1.04675,1100000,1000000
2020-11-13 15:43:23.450000,1.04677,1.04675,1950000,1000000
2020-11-13 15:43:24.202000,1.04678,1.04676,1100000,1250000
2020-11-13 15:43:25.021000,1.04676,1.04675,1000000,1000000
2020-11-13 15:43:25.124000,1.04676,1.04674,1100000,3750000
2020-11-13 15:43:27.334000,1.04677,1.04675,7720000,1000000
2020-11-13 15:43:27.789000,1.04675,1.04673,1000000,1500000
2020-11-13 15:43:28.684000,1.04673,1.04672,1000000,2250000
2020-11-13 15:43:29.300000,1.04678,1.04676,7200000,1000000
2020-11-13 15:43:31.022000,1.04678,1.04677,2250000,1000000
2020-11-13 15:43:31.225000,1.04679,1.04677,1100000,1000000
2020-11-13 15:43:31.276000,1.0468,1.04679,1000000,1500000
2020-11-13 15:43:31.327000,1.04683,1.0468,1000000,1500000
2020-11-13 15:43:32.267000,1.04683,1.04681,4500000,1000000
2020-11-13 15:43:32.787000,1.04684,1.04681,1500000,1000000
2020-11-13 15:43:32.889000,1.04684,1.04683,5440000,1000000
2020-11-13 15:43:34.110000,1.04684,1.04682,1250000,4500000
2020-11-13 15:43:34.161000,1.04683,1.04681,1000000,4500000
2020-11-13 15:43:34.263000,1.04684,1.04682,2500000,1000000
2020-11-13 15:43:34.414000,1.04684,1.04683,1690000,1000000
2020-11-13 15:43:40.608000,1.04685,1.04683,1750000,1000000
2020-11-13 15:43:41.486000,1.04685,1.04683,4200000,1000000
2020-11-13 15:43:45.830000,1.04684,1.04682,1250000,1870000
2020-11-13 15:43:47.256000,1.04684,1.04682,3410000,1000000
2020-11-13 15:43:47.357000,1.04683,1.04681,3700000,3750000
2020-11-13 15:43:47.459000,1.04682,1.0468,1760000,1500000
2020-11-13 15:43:53.436000,1.04681,1.0468,1200000,1500000
2020-11-13 15:43:54.545000,1.04682,1.0468,3940000,1000000
2020-11-13 15:43:54.697000,1.04683,1.04681,3570000,1000000
2020-11-13 15:43:55.557000,1.04683,1.04681,3450000,1000000
2020-11-13 15:43:55.783000,1.04682,1.0468,1000000,4500000
2020-11-13 15:43:56.221000,1.04684,1.0468,2250000,1000000
2020-11-13 15:43:56.322000,1.04682,1.04681,1000000,1000000
2020-11-13 15:43:56.785000,1.04683,1.04681,2700000,1000000
2020-11-13 15:43:57.579000,1.04684,1.04682,3310000,1500000
2020-11-13 15:43:57.680000,1.04684,1.04682,1120000,5060000
2020-11-13 15:43:58.605000,1.04684,1.04683,1310000,1000000
2020-11-13 15:43:59.617000,1.04684,1.04682,1310000,1870000
2020-11-13 15:44:00.660000,1.04685,1.04683,1100000,1000000
2020-11-13 15:44:00.762000,1.04684,1.04683,1000000,1500000
2020-11-13 15:44:02.841000,1.04686,1.04684,1570000,1000000
2020-11-13 15:44:03.287000,1.04688,1.04687,1000000,3450000
2020-11-13 15:44:03.389000,1.04689,1.04687,2910000,1000000
2020-11-13 15:44:03.500000,1.04689,1.04685,1010000,1000000
2020-11-13 15:44:04.360000,1.04688,1.04686,2540000,1000000
2020-11-13 15:44:04.742000,1.04687,1.04684,1000000,1000000
2020-11-13 15:44:05.022000,1.04687,1.04685,3820000,1000000
2020-11-13 15:44:05.639000,1.04688,1.04686,6370000,1000000
2020-11-13 15:44:05.740000,1.04688,1.04686,6290000,1000000
2020-11-13 15:44:06.280000,1.04688,1.04686,5890000,1000000
2020-11-13 15:44:07.299000,1.04688,1.04686,7040000,1000000
2020-11-13 15:44:09.858000,1.04687,1.04685,1000000,1500000
2020-11-13 15:44:11.813000,1.04686,1.04685,1000000,1000000
2020-11-13 15:44:13.016000,1.04687,1.04683,1100000,1000000
2020-11-13 15:44:13.117000,1.04685,1.04683,3260000,3750000
2020-11-13 15:44:13.220000,1.04685,1.04683,2640000,1000000
2020-11-13 15:44:13.589000,1.04686,1.04685,1000000,1250000
2020-11-13 15:44:13.640000,1.04687,1.04685,1120000,1000000
2020-11-13 15:44:16.171000,1.04687,1.04685,5060000,1000000
2020-11-13 15:44:16.955000,1.04688,1.04687,1500000,1000000
2020-11-13 15:44:17.056000,1.0469,1.04686,4010000,1000000
2020-11-13 15:44:17.208000,1.0469,1.04689,2440000,1000000
2020-11-13 15:44:18.942000,1.0469,1.04689,1000000,1000000
2020-11-13 15:44:19.044000,1.0469,1.04688,2200000,1120000
2020-11-13 15:44:19.145000,1.04689,1.04688,2510000,1000000
2020-11-13 15:44:19.398000,1.04689,1.04686,1000000,3000000
2020-11-13 15:44:19.449000,1.04687,1.04685,1000000,1870000
2020-11-13 15:44:19.550000,1.04686,1.04685,1000000,1000000
2020-11-13 15:44:19.651000,1.04687,1.04685,2620000,1000000
2020-11-13 15:44:19.814000,1.04684,1.04682,1950000,3310000
2020-11-13 15:44:19.915000,1.04684,1.04682,2100000,1690000
2020-11-13 15:44:20.016000,1.04684,1.04682,1950000,1690000
2020-11-13 15:44:20.340000,1.04684,1.04682,2470000,1690000
2020-11-13 15:44:20.441000,1.04684,1.04682,1570000,1000000
2020-11-13 15:44:20.594000,1.04685,1.04683,2510000,1000000
2020-11-13 15:44:20.748000,1.04686,1.04684,5440000,1000000
2020-11-13 15:44:22.722000,1.04685,1.04683,1000000,1390000
2020-11-13 15:44:22.824000,1.04684,1.04682,1200000,1000000
2020-11-13 15:44:23.128000,1.04683,1.04681,1000000,3750000
2020-11-13 15:44:24.435000,1.04682,1.04681,1690000,3000000
2020-11-13 15:44:25.837000,1.04683,1.04681,1000000,1000000
2020-11-13 15:44:26.196000,1.04684,1.04682,1500000,1120000
2020-11-13 15:44:26.348000,1.04684,1.04683,1000000,1000000
2020-11-13 15:44:28.896000,1.04684,1.04682,1970000,1000000
2020-11-13 15:44:28.947000,1.04681,1.0468,1000000,1000000
2020-11-13 15:44:29.151000,1.04679,1.04678,1500000,1000000
