time,ask,bid,ask_volume,bid_volume
2022-08-04 12:25:00.260000,1.33552,1.33547,1940000,2340000
2022-08-04 12:25:00.312000,1.33555,1.33546,2060000,1620000
2022-08-04 12:25:00.364000,1.33548,1.33541,2220000,1620000
2022-08-04 12:25:00.415000,1.33544,1.33537,2400000,1200000
2022-08-04 12:25:00.467000,1.3354,1.33536,2060000,1200000
2022-08-04 12:25:00.518000,1.33539,1.33531,1320000,4140000
2022-08-04 12:25:00.773000,1.3354,1.3353,2360000,1320000
2022-08-04 12:25:00.875000,1.33543,1.33534,5220000,1440000
2022-08-04 12:25:00.977000,1.33542,1.33532,1320000,4320000
2022-08-04 12:25:01.283000,1.3354,1.33531,1320000,4370000
2022-08-04 12:25:01.385000,1.33539,1.33531,1320000,3600000
2022-08-04 12:25:01.487000,1.33539,1.33529,1320000,4320000
2022-08-04 12:25:01.589000,1.33538,1.33529,2040000,4320000
2022-08-04 12:25:01.691000,1.33542,1.3353,2240000,4550000
2022-08-04 12:25:02.271000,1.33539,1.33532,1320000,3600000
2022-08-04 12:25:02.322000,1.33534,1.3353,1320000,1800000
2022-08-04 12:25:02.374000,1.33534,1.33525,1320000,5060000
2022-08-04 12:25:02.476000,1.33534,1.33525,1320000,4550000
2022-08-04 12:25:02.528000,1.33537,1.33527,2940000,1920000
2022-08-04 12:25:02.630000,1.33539,1.33527,2520000,5220000
2022-08-04 12:25:02.985000,1.33537,1.33528,1320000,5220000
2022-08-04 12:25:03.189000,1.33537,1.33529,1320000,4760000
2022-08-04 12:25:03.291000,1.33537,1.33529,1320000,4140000
2022-08-04 12:25:06.512000,1.3354,1.33532,2560000,1920000
2022-08-04 12:25:06.614000,1.33539,1.33531,1320000,1620000
2022-08-04 12:25:06.716000,1.33539,1.33531,1320000,1320000
2022-08-04 12:25:07.889000,1.33541,1.33531,1320000,1320000
2022-08-04 12:25:08.791000,1.33535,1.33529,1800000,1800000
2022-08-04 12:25:08.893000,1.33532,1.33525,1320000,1440000
2022-08-04 12:25:09.046000,1.33534,1.33524,2060000,5680000
2022-08-04 12:25:09.097000,1.33534,1.33528,1200000,1320000
2022-08-04 12:25:09.148000,1.33537,1.33528,1320000,4760000
2022-08-04 12:25:10.556000,1.33536,1.33528,1320000,5220000
2022-08-04 12:25:11.225000,1.33535,1.33527,1320000,4320000
2022-08-04 12:25:11.327000,1.33535,1.33524,1880000,5890000
2022-08-04 12:25:12.399000,1.33534,1.33525,2480000,1920000
2022-08-04 12:25:12.451000,1.33534,1.33525,5940000,2060000
2022-08-04 12:25:12.502000,1.3353,1.33522,2060000,1240000
2022-08-04 12:25:12.604000,1.33527,1.3352,1320000,3600000
2022-08-04 12:25:12.656000,1.33525,1.33517,1320000,1920000
2022-08-04 12:25:12.707000,1.33523,1.33516,1320000,1340000
2022-08-04 12:25:12.809000,1.33523,1.33515,1320000,1320000
2022-08-04 12:25:13.104000,1.33523,1.33515,1320000,1320000
2022-08-04 12:25:13.409000,1.33523,1.33515,1320000,1320000
2022-08-04 12:25:14.884000,1.33524,1.33515,1320000,1320000
2022-08-04 12:25:14.986000,1.33525,1.33514,7460000,4760000
2022-08-04 12:25:15.088000,1.33525,1.33514,2960000,1320000
2022-08-04 12:25:15.697000,1.33525,1.33514,7460000,4760000
2022-08-04 12:25:15.850000,1.33525,1.33514,5660000,4760000
2022-08-04 12:25:17.012000,1.33524,1.33514,1320000,4760000
2022-08-04 12:25:17.064000,1.33509,1.33505,1690000,1500000
2022-08-04 12:25:17.115000,1.33508,1.335,3950000,2700000
2022-08-04 12:25:17.167000,1.33505,1.33501,1460000,2700000
2022-08-04 12:25:17.218000,1.33505,1.33495,1690000,6190000
2022-08-04 12:25:17.574000,1.33505,1.33495,4320000,4320000
2022-08-04 12:25:17.676000,1.33504,1.33494,1920000,4320000
2022-08-04 12:25:17.880000,1.33503,1.33493,1920000,4320000
2022-08-04 12:25:18.530000,1.33503,1.33494,1920000,1320000
2022-08-04 12:25:18.632000,1.33506,1.33496,3650000,1320000
2022-08-04 12:25:18.886000,1.33506,1.33496,2220000,4760000
2022-08-04 12:25:19.140000,1.33509,1.33496,6860000,4320000
2022-08-04 12:25:19.490000,1.33509,1.33503,1200000,1440000
2022-08-04 12:25:19.541000,1.33512,1.33503,1200000,9260000
2022-08-04 12:25:19.643000,1.33516,1.33505,3260000,1920000
2022-08-04 12:25:21.251000,1.33514,1.33505,1320000,4760000
2022-08-04 12:25:21.353000,1.33514,1.33505,1320000,1320000
2022-08-04 12:25:21.455000,1.33513,1.33503,1920000,4620000
2022-08-04 12:25:21.558000,1.3351,1.33501,1320000,1320000
2022-08-04 12:25:21.660000,1.3351,1.33501,1320000,1320000
2022-08-04 12:25:21.972000,1.33505,1.335,2060000,1200000
2022-08-04 12:25:22.074000,1.33503,1.33499,1320000,1200000
2022-08-04 12:25:22.176000,1.33504,1.33499,1620000,1200000
2022-08-04 12:25:22.379000,1.33503,1.33499,1620000,1200000
2022-08-04 12:25:22.487000,1.33507,1.335,2240000,2520000
2022-08-04 12:25:22.538000,1.33507,1.33503,1800000,2520000
2022-08-04 12:25:22.590000,1.33514,1.33504,3260000,1320000
2022-08-04 12:25:22.692000,1.33514,1.33504,1620000,4760000
2022-08-04 12:25:22.801000,1.33514,1.33504,1320000,4760000
2022-08-04 12:25:22.902000,1.33515,1.33505,1620000,5660000
2022-08-04 12:25:23.005000,1.33516,1.33507,1620000,1320000
2022-08-04 12:25:23.952000,1.33518,1.33511,1440000,1320000
2022-08-04 12:25:24.054000,1.33518,1.33512,1200000,6560000
2022-08-04 12:25:24.258000,1.33518,1.33512,1200000,6560000
2022-08-04 12:25:24.410000,1.33518,1.33512,1200000,2060000
2022-08-04 12:25:25.223000,1.33523,1.33513,7690000,4140000
2022-08-04 12:25:25.426000,1.33515,1.33512,1320000,1800000
2022-08-04 12:25:25.478000,1.33514,1.33507,3190000,1800000
2022-08-04 12:25:25.580000,1.33514,1.33505,2220000,1320000
2022-08-04 12:25:25.682000,1.33515,1.33505,1320000,1320000
2022-08-04 12:25:25.785000,1.33518,1.33508,1620000,1920000
2022-08-04 12:25:25.836000,1.33516,1.33507,1620000,7690000
2022-08-04 12:25:25.887000,1.33515,1.33505,1620000,6350000
2022-08-04 12:25:25.990000,1.33512,1.33503,1320000,4810000
2022-08-04 12:25:26.092000,1.33512,1.33502,4760000,4580000
2022-08-04 12:25:28.027000,1.33512,1.33503,4620000,1320000
2022-08-04 12:25:28.129000,1.33513,1.33503,2290000,5660000
2022-08-04 12:25:28.435000,1.33513,1.33502,4990000,1200000
2022-08-04 12:25:28.537000,1.33511,1.33502,5450000,1320000
2022-08-04 12:25:29.096000,1.33507,1.33498,1920000,4580000
2022-08-04 12:25:29.198000,1.33507,1.33498,1320000,4320000
2022-08-04 12:25:30.066000,1.33508,1.33498,4620000,1920000
2022-08-04 12:25:30.270000,1.33508,1.335,4140000,1440000
2022-08-04 12:25:30.372000,1.33508,1.335,1500000,2060000
2022-08-04 12:25:30.475000,1.33504,1.33495,1690000,3680000
2022-08-04 12:25:30.729000,1.33505,1.33493,2590000,6560000
2022-08-04 12:25:30.831000,1.33503,1.33491,2220000,1620000
2022-08-04 12:25:30.984000,1.33502,1.3349,4160000,4760000
2022-08-04 12:25:34.811000,1.33501,1.3349,4620000,4760000
2022-08-04 12:25:35.620000,1.335,1.3349,1620000,4760000
2022-08-04 12:25:35.968000,1.33499,1.33488,2240000,2060000
2022-08-04 12:25:36.070000,1.33498,1.33489,6610000,1920000
2022-08-04 12:25:36.172000,1.33498,1.33489,3910000,1920000
2022-08-04 12:25:36.224000,1.33498,1.33491,1570000,1320000
2022-08-04 12:25:36.474000,1.33496,1.33488,1620000,3680000
2022-08-04 12:25:36.576000,1.33496,1.33487,2180000,1320000
2022-08-04 12:25:36.983000,1.33496,1.33487,2110000,1320000
2022-08-04 12:25:39.020000,1.33498,1.33486,5960000,1320000
2022-08-04 12:25:39.072000,1.33498,1.3349,1480000,1460000
2022-08-04 12:25:39.174000,1.33499,1.33489,1320000,2960000
2022-08-04 12:25:42.913000,1.33501,1.33493,2240000,5060000
2022-08-04 12:25:43.015000,1.33504,1.33494,4370000,6560000
2022-08-04 12:25:43.473000,1.33504,1.33493,1320000,1320000
2022-08-04 12:25:43.727000,1.33502,1.33494,1320000,4140000
2022-08-04 12:25:44.255000,1.33502,1.33493,1920000,5220000
2022-08-04 12:25:44.357000,1.33503,1.33493,1440000,6350000
2022-08-04 12:25:44.961000,1.33502,1.33495,1460000,1200000
2022-08-04 12:25:47.058000,1.33498,1.33494,1320000,1200000
2022-08-04 12:25:47.109000,1.33497,1.33489,1320000,4340000
2022-08-04 12:25:47.212000,1.33497,1.33488,1460000,6650000
2022-08-04 12:25:47.314000,1.33497,1.33489,1320000,4620000
2022-08-04 12:25:47.466000,1.33498,1.33489,1320000,1320000
2022-08-04 12:25:47.594000,1.33498,1.33488,1320000,4620000
2022-08-04 12:25:51.569000,1.33496,1.33488,1320000,1320000
2022-08-04 12:25:53.603000,1.33499,1.33494,1200000,2360000
2022-08-04 12:25:53.654000,1.33501,1.33494,3600000,5520000
2022-08-04 12:25:53.756000,1.33502,1.33494,1320000,2360000
2022-08-04 12:25:53.959000,1.33503,1.33495,1320000,1320000
2022-08-04 12:25:54.485000,1.33505,1.33496,2290000,1320000
2022-08-04 12:25:55.762000,1.33505,1.33495,6350000,4760000
2022-08-04 12:25:56.682000,1.335,1.33492,2220000,3530000
2022-08-04 12:25:56.734000,1.33499,1.3349,1920000,1920000
2022-08-04 12:25:57.192000,1.335,1.3349,1440000,2060000
2022-08-04 12:25:57.295000,1.33503,1.33493,5660000,1320000
2022-08-04 12:25:57.498000,1.33499,1.33489,2960000,6560000
2022-08-04 12:25:57.804000,1.33498,1.33489,1920000,1920000
2022-08-04 12:25:59.490000,1.33497,1.33489,2040000,1320000
2022-08-04 12:25:59.643000,1.33497,1.33489,2060000,1320000
2022-08-04 12:26:00.253000,1.33495,1.33486,1320000,5180000
2022-08-04 12:26:00.355000,1.33495,1.33487,1320000,1320000
2022-08-04 12:26:00.457000,1.33495,1.33488,1320000,1320000
2022-08-04 12:26:00.609000,1.33496,1.33488,1320000,4740000
2022-08-04 12:26:01.223000,1.33496,1.33486,1320000,4740000
2022-08-04 12:26:01.800000,1.33497,1.33488,4320000,1320000
2022-08-04 12:26:02.003000,1.33495,1.33487,1920000,4200000
2022-08-04 12:26:02.106000,1.33496,1.33487,1320000,4740000
2022-08-04 12:26:02.208000,1.33497,1.33488,2520000,4200000
2022-08-04 12:26:02.309000,1.33497,1.33488,4320000,1320000
2022-08-04 12:26:02.876000,1.33499,1.33493,1800000,1320000
2022-08-04 12:26:02.978000,1.33501,1.33494,1320000,6540000
2022-08-04 12:26:03.080000,1.33503,1.33494,2520000,4580000
2022-08-04 12:26:03.183000,1.33509,1.33503,1200000,1880000
2022-08-04 12:26:03.285000,1.33512,1.33505,1320000,1200000
2022-08-04 12:26:03.543000,1.33513,1.33506,1920000,1200000
2022-08-04 12:26:03.951000,1.3351,1.33504,2220000,1200000
2022-08-04 12:26:04.053000,1.33512,1.33505,5890000,1200000
2022-08-04 12:26:04.155000,1.33514,1.33505,10390000,1200000
2022-08-04 12:26:04.651000,1.33514,1.33506,4760000,1200000
2022-08-04 12:26:05.075000,1.3351,1.33506,3300000,1200000
2022-08-04 12:26:05.177000,1.33509,1.33503,3420000,1200000
2022-08-04 12:26:05.280000,1.33508,1.33502,1200000,1200000
2022-08-04 12:26:05.331000,1.33506,1.33502,2240000,1200000
2022-08-04 12:26:05.382000,1.33506,1.33495,2520000,1340000
2022-08-04 12:26:05.586000,1.33506,1.33498,1920000,2340000
2022-08-04 12:26:05.688000,1.33508,1.33501,1320000,1200000
2022-08-04 12:26:06.149000,1.33507,1.33502,1920000,1200000
2022-08-04 12:26:06.251000,1.3351,1.33502,5660000,1200000
2022-08-04 12:26:06.715000,1.3351,1.33503,1320000,1320000
2022-08-04 12:26:06.766000,1.33513,1.33506,8360000,1200000
2022-08-04 12:26:07.490000,1.33513,1.33505,4320000,1200000
2022-08-04 12:26:08.498000,1.33513,1.33506,3420000,1200000
2022-08-04 12:26:08.823000,1.33513,1.33505,3420000,1200000
2022-08-04 12:26:10.266000,1.33513,1.33505,1320000,1880000
2022-08-04 12:26:10.368000,1.33514,1.33506,2960000,1200000
2022-08-04 12:26:10.471000,1.33516,1.33511,1200000,1200000
2022-08-04 12:26:10.522000,1.33525,1.33514,7920000,1440000
2022-08-04 12:26:10.625000,1.33523,1.33516,2960000,1800000
2022-08-04 12:26:10.727000,1.33523,1.33515,1320000,2040000
2022-08-04 12:26:11.641000,1.33523,1.33516,6120000,1200000
2022-08-04 12:26:11.743000,1.33524,1.33515,7460000,1440000
2022-08-04 12:26:11.845000,1.33523,1.33516,4320000,1200000
2022-08-04 12:26:11.947000,1.33523,1.33516,6120000,1200000
2022-08-04 12:26:12.049000,1.33521,1.33515,1920000,1200000
2022-08-04 12:26:12.101000,1.33523,1.33516,4320000,1200000
2022-08-04 12:26:12.203000,1.33523,1.33516,6120000,1200000
2022-08-04 12:26:12.305000,1.33523,1.33515,6120000,1200000
2022-08-04 12:26:12.457000,1.33524,1.33515,2520000,1200000
2022-08-04 12:26:12.559000,1.33524,1.33516,7460000,1200000
2022-08-04 12:26:13.068000,1.33525,1.33517,13760000,1200000
2022-08-04 12:26:13.189000,1.33524,1.33516,4320000,1200000
2022-08-04 12:26:13.342000,1.33524,1.33517,4320000,1200000
2022-08-04 12:26:13.866000,1.33525,1.33517,5220000,1200000
2022-08-04 12:26:13.917000,1.33527,1.33522,1200000,2100000
2022-08-04 12:26:13.969000,1.33534,1.33524,2520000,2960000
2022-08-04 12:26:14.071000,1.33537,1.33527,6350000,1920000
2022-08-04 12:26:14.173000,1.3354,1.33529,2220000,1920000
2022-08-04 12:26:14.326000,1.3354,1.33531,1620000,1440000
2022-08-04 12:26:14.631000,1.3354,1.33534,1320000,1200000
2022-08-04 12:26:14.784000,1.33542,1.33534,2520000,1200000
2022-08-04 12:26:15.191000,1.33541,1.33534,6560000,1200000
2022-08-04 12:26:15.293000,1.33539,1.33532,4320000,1800000
2022-08-04 12:26:15.497000,1.33535,1.3353,3740000,1200000
2022-08-04 12:26:15.599000,1.33534,1.33532,1200000,1440000
2022-08-04 12:26:15.651000,1.3354,1.33532,5220000,1440000
2022-08-04 12:26:15.753000,1.33542,1.33532,3420000,2820000
2022-08-04 12:26:15.906000,1.33542,1.33535,3420000,1200000
2022-08-04 12:26:16.744000,1.33541,1.33535,2520000,1200000
2022-08-04 12:26:16.796000,1.3354,1.33532,3420000,1800000
2022-08-04 12:26:17.152000,1.3354,1.33531,8820000,1440000
2022-08-04 12:26:17.362000,1.3354,1.33532,8820000,1200000
2022-08-04 12:26:17.414000,1.33534,1.33532,1340000,1200000
2022-08-04 12:26:17.465000,1.33534,1.3353,1340000,1200000
2022-08-04 12:26:17.516000,1.33535,1.33529,2060000,1200000
2022-08-04 12:26:17.568000,1.33537,1.33524,10620000,1920000
2022-08-04 12:26:18.030000,1.33536,1.33528,1320000,1920000
2022-08-04 12:26:18.285000,1.3354,1.33531,5690000,1320000
2022-08-04 12:26:18.641000,1.33542,1.33532,7460000,1200000
2022-08-04 12:26:19.127000,1.3354,1.33533,3420000,1200000
2022-08-04 12:26:19.229000,1.33538,1.33532,2960000,1200000
2022-08-04 12:26:19.280000,1.33538,1.3353,9260000,1200000
2022-08-04 12:26:19.382000,1.33537,1.33528,1920000,1440000
2022-08-04 12:26:20.245000,1.33536,1.33528,1920000,1440000
2022-08-04 12:26:20.347000,1.33537,1.33527,5220000,1880000
2022-08-04 12:26:20.449000,1.33537,1.33528,4760000,1200000
2022-08-04 12:26:20.602000,1.33537,1.33527,8360000,1440000
2022-08-04 12:26:20.800000,1.33537,1.33527,4320000,5640000
2022-08-04 12:26:20.902000,1.33537,1.33528,2520000,1880000
2022-08-04 12:26:21.054000,1.33536,1.33528,1320000,1880000
2022-08-04 12:26:21.106000,1.33534,1.33527,4760000,1200000
2022-08-04 12:26:21.208000,1.33533,1.33526,1920000,1800000
2022-08-04 12:26:21.361000,1.33534,1.33526,1920000,1800000
2022-08-04 12:26:21.514000,1.33535,1.33526,4760000,1440000
2022-08-04 12:26:22.022000,1.33535,1.33529,1320000,1200000
2022-08-04 12:26:23.103000,1.33535,1.33529,2520000,1200000
2022-08-04 12:26:23.154000,1.33534,1.33526,2060000,1800000
2022-08-04 12:26:23.743000,1.33533,1.33529,1800000,1200000
2022-08-04 12:26:23.795000,1.33532,1.33526,1320000,1200000
2022-08-04 12:26:24.759000,1.33532,1.33527,1320000,1200000
2022-08-04 12:26:24.811000,1.33535,1.33529,1320000,1440000
2022-08-04 12:26:24.862000,1.33536,1.33531,1200000,1880000
2022-08-04 12:26:24.964000,1.33539,1.33532,1920000,1200000
2022-08-04 12:26:25.218000,1.33539,1.33532,1920000,1320000
2022-08-04 12:26:25.320000,1.33539,1.33533,1920000,1200000
2022-08-04 12:26:25.727000,1.33537,1.33533,1320000,1200000
2022-08-04 12:26:25.829000,1.33538,1.33531,1320000,1880000
2022-08-04 12:26:25.931000,1.33538,1.3353,1320000,2780000
2022-08-04 12:26:26.034000,1.33537,1.3353,1320000,2240000
2022-08-04 12:26:26.846000,1.33536,1.33531,1320000,1200000
2022-08-04 12:26:27.050000,1.33537,1.3353,1320000,1320000
2022-08-04 12:26:27.152000,1.33537,1.3353,1320000,1440000
2022-08-04 12:26:27.203000,1.33534,1.3353,1800000,1200000
2022-08-04 12:26:27.254000,1.33534,1.33527,1320000,1200000
2022-08-04 12:26:27.306000,1.33534,1.33529,1320000,1200000
2022-08-04 12:26:27.437000,1.33536,1.33529,1320000,1440000
2022-08-04 12:26:27.539000,1.33536,1.33528,1320000,2750000
2022-08-04 12:26:28.521000,1.33538,1.3353,1320000,1200000
2022-08-04 12:26:30.071000,1.33538,1.33531,1320000,2060000
2022-08-04 12:26:30.173000,1.33539,1.33534,1320000,1200000
2022-08-04 12:26:31.119000,1.33537,1.33532,1320000,1200000
2022-08-04 12:26:31.221000,1.33536,1.3353,1320000,1200000
2022-08-04 12:26:31.323000,1.33535,1.3353,1320000,1200000
2022-08-04 12:26:32.133000,1.33536,1.33531,1320000,1200000
2022-08-04 12:26:32.438000,1.33536,1.33528,1320000,2040000
2022-08-04 12:26:32.540000,1.33534,1.33528,1320000,1200000
2022-08-04 12:26:32.643000,1.33533,1.33527,1320000,1800000
2022-08-04 12:26:33.284000,1.33533,1.33526,1320000,1440000
2022-08-04 12:26:33.499000,1.33534,1.33526,1320000,1920000
2022-08-04 12:26:33.828000,1.33536,1.33528,2780000,1320000
2022-08-04 12:26:33.930000,1.33537,1.33529,1320000,1200000
2022-08-04 12:26:35.124000,1.33539,1.33531,5660000,1320000
2022-08-04 12:26:35.226000,1.33539,1.33533,1320000,1200000
2022-08-04 12:26:35.328000,1.33539,1.33533,1320000,1200000
2022-08-04 12:26:35.684000,1.33539,1.33534,1320000,1200000
2022-08-04 12:26:35.890000,1.33539,1.33533,1320000,1200000
2022-08-04 12:26:36.094000,1.33539,1.33534,1320000,1200000
2022-08-04 12:26:37.103000,1.33539,1.33533,1320000,1200000
2022-08-04 12:26:38.141000,1.3354,1.33533,1320000,1880000
2022-08-04 12:26:38.243000,1.33541,1.33533,1320000,1200000
2022-08-04 12:26:38.395000,1.33543,1.33538,6970000,1320000
2022-08-04 12:26:38.447000,1.33545,1.33539,1320000,1200000
2022-08-04 12:26:38.753000,1.33549,1.33541,1340000,9720000
2022-08-04 12:26:38.855000,1.33553,1.33544,1320000,1440000
2022-08-04 12:26:38.957000,1.33552,1.33546,1920000,1200000
2022-08-04 12:26:39.059000,1.33552,1.33546,1320000,1200000
2022-08-04 12:26:39.211000,1.33553,1.33547,1320000,1200000
2022-08-04 12:26:39.840000,1.33552,1.33544,1320000,1920000
2022-08-04 12:26:39.942000,1.33553,1.33543,1920000,1440000
2022-08-04 12:26:40.094000,1.33553,1.33543,1920000,1200000
2022-08-04 12:26:40.197000,1.33553,1.33543,1920000,1440000
2022-08-04 12:26:40.451000,1.33552,1.33544,1320000,1920000
2022-08-04 12:26:40.934000,1.33551,1.33544,1320000,1200000
2022-08-04 12:26:41.137000,1.33551,1.33544,1320000,1320000
2022-08-04 12:26:42.334000,1.33549,1.33544,1440000,1200000
2022-08-04 12:26:42.385000,1.3355,1.33542,1320000,1340000
2022-08-04 12:26:42.639000,1.3355,1.33544,4760000,1200000
2022-08-04 12:26:42.691000,1.33548,1.33541,1320000,1800000
2022-08-04 12:26:42.995000,1.33546,1.33541,1440000,1800000
2022-08-04 12:26:43.098000,1.33547,1.33541,1320000,1200000
2022-08-04 12:26:43.149000,1.33542,1.33537,1920000,1800000
2022-08-04 12:26:43.200000,1.33539,1.33531,1920000,5840000
2022-08-04 12:26:43.303000,1.33537,1.33529,1440000,2570000
2022-08-04 12:26:43.354000,1.33537,1.33528,2060000,1330000
2022-08-04 12:26:43.506000,1.33535,1.33528,1200000,1330000
2022-08-04 12:26:43.922000,1.33535,1.33529,1200000,1620000
2022-08-04 12:26:44.025000,1.33536,1.33527,1320000,4740000
2022-08-04 12:26:44.076000,1.33533,1.33526,1320000,1500000
2022-08-04 12:26:44.178000,1.33533,1.33524,1920000,5660000
2022-08-04 12:26:44.331000,1.33533,1.33524,1880000,4760000
2022-08-04 12:26:44.664000,1.33533,1.33524,1320000,4580000
2022-08-04 12:26:44.817000,1.33533,1.33524,1880000,4760000
2022-08-04 12:26:44.969000,1.33532,1.33524,1320000,4620000
2022-08-04 12:26:45.122000,1.33531,1.33523,1320000,4810000
2022-08-04 12:26:45.224000,1.33532,1.33524,1320000,4160000
2022-08-04 12:26:45.327000,1.33533,1.33524,2060000,4620000
2022-08-04 12:26:45.428000,1.33533,1.33524,1320000,4580000
2022-08-04 12:26:46.131000,1.33534,1.33528,1200000,1320000
2022-08-04 12:26:46.233000,1.33535,1.33528,1440000,4430000
2022-08-04 12:26:46.386000,1.33535,1.33528,1440000,4940000
2022-08-04 12:26:47.265000,1.33535,1.33528,1440000,1800000
2022-08-04 12:26:47.368000,1.33534,1.33523,1320000,1640000
2022-08-04 12:26:47.419000,1.3353,1.33523,1200000,1620000
2022-08-04 12:26:47.521000,1.3353,1.33522,1320000,5220000
2022-08-04 12:26:48.284000,1.33531,1.33522,1200000,1320000
2022-08-04 12:26:48.538000,1.3353,1.33523,1440000,1200000
2022-08-04 12:26:48.640000,1.3353,1.33523,1200000,5060000
2022-08-04 12:26:49.120000,1.3353,1.33523,1440000,4500000
2022-08-04 12:26:49.222000,1.3353,1.33522,1880000,4580000
2022-08-04 12:26:49.324000,1.33529,1.33522,1200000,4580000
2022-08-04 12:26:50.231000,1.33526,1.3352,1320000,1800000
2022-08-04 12:26:50.282000,1.33526,1.33517,1880000,5220000
2022-08-04 12:26:50.384000,1.33525,1.33518,1200000,1320000
2022-08-04 12:26:50.486000,1.33525,1.33517,1440000,4580000
2022-08-04 12:26:50.588000,1.33525,1.33516,1200000,4580000
2022-08-04 12:26:50.995000,1.3352,1.33515,1320000,1200000
2022-08-04 12:26:51.046000,1.3352,1.33513,1920000,1220000
2022-08-04 12:26:51.149000,1.33516,1.3351,1320000,2030000
2022-08-04 12:26:51.200000,1.33515,1.33507,2060000,1800000
2022-08-04 12:26:51.302000,1.33514,1.33504,2060000,5950000
2022-08-04 12:26:51.455000,1.33514,1.33505,1440000,5450000
2022-08-04 12:26:51.557000,1.33513,1.33505,1440000,4810000
2022-08-04 12:26:51.710000,1.33513,1.33506,1440000,3600000
2022-08-04 12:26:51.863000,1.33513,1.33506,1200000,4160000
2022-08-04 12:26:52.013000,1.33513,1.33506,1440000,3600000
2022-08-04 12:26:52.115000,1.33513,1.33506,1200000,1620000
2022-08-04 12:26:52.217000,1.33515,1.33506,1320000,4140000
2022-08-04 12:26:52.624000,1.33514,1.33511,1200000,1320000
2022-08-04 12:26:52.675000,1.33519,1.3351,1920000,1620000
2022-08-04 12:26:53.031000,1.33519,1.33511,1440000,4620000
2022-08-04 12:26:53.133000,1.3352,1.33511,2060000,4580000
2022-08-04 12:26:53.286000,1.33521,1.3351,3650000,4040000
2022-08-04 12:26:53.388000,1.33516,1.33509,1200000,1620000
2022-08-04 12:26:54.204000,1.33516,1.33511,1200000,1320000
2022-08-04 12:26:54.306000,1.33519,1.33511,1440000,2150000
2022-08-04 12:26:54.718000,1.33516,1.33508,1880000,7880000
2022-08-04 12:26:54.820000,1.33515,1.33508,1200000,1880000
2022-08-04 12:26:55.125000,1.33516,1.33508,1880000,5480000
2022-08-04 12:26:55.227000,1.33515,1.33508,2060000,4500000
2022-08-04 12:26:55.330000,1.33512,1.33507,1320000,1200000
2022-08-04 12:26:55.599000,1.33512,1.33503,2060000,5640000
2022-08-04 12:26:56.388000,1.33508,1.335,2520000,2170000
2022-08-04 12:26:56.491000,1.33505,1.335,1440000,1200000
2022-08-04 12:26:56.848000,1.33506,1.33497,1320000,1810000
2022-08-04 12:26:57.001000,1.33505,1.33496,1320000,5180000
2022-08-04 12:26:57.103000,1.33505,1.33497,1320000,1320000
2022-08-04 12:26:57.205000,1.33504,1.33495,1320000,4740000
2022-08-04 12:26:57.256000,1.33504,1.33494,1320000,2220000
2022-08-04 12:26:57.460000,1.33503,1.33494,1320000,4370000
2022-08-04 12:26:57.562000,1.33504,1.33493,1320000,4320000
2022-08-04 12:26:57.766000,1.33504,1.33495,1320000,2220000
2022-08-04 12:26:57.868000,1.33506,1.33497,1320000,1320000
2022-08-04 12:26:58.021000,1.33505,1.33497,1320000,4140000
2022-08-04 12:26:58.123000,1.33505,1.33497,1320000,4320000
2022-08-04 12:26:58.682000,1.33506,1.33497,1320000,4580000
2022-08-04 12:26:58.784000,1.33503,1.33493,5660000,2060000
2022-08-04 12:26:58.937000,1.33499,1.3349,2060000,1920000
2022-08-04 12:26:59.039000,1.33498,1.33489,1320000,1320000
2022-08-04 12:26:59.142000,1.33497,1.33487,1320000,6120000
2022-08-04 12:26:59.345000,1.33498,1.33489,4760000,2060000
2022-08-04 12:26:59.447000,1.335,1.3349,2520000,2290000
2022-08-04 12:27:00.007000,1.33498,1.3349,1320000,4140000
2022-08-04 12:27:00.109000,1.335,1.33492,5040000,1320000
2022-08-04 12:27:00.211000,1.33502,1.33492,2060000,2220000
2022-08-04 12:27:00.364000,1.33503,1.33493,1920000,4550000
2022-08-04 12:27:01.740000,1.33505,1.33495,1320000,2290000
2022-08-04 12:27:01.842000,1.33511,1.335,2520000,6000000
2022-08-04 12:27:01.944000,1.33511,1.33501,2060000,2220000
2022-08-04 12:27:02.047000,1.33512,1.33502,2290000,1320000
2022-08-04 12:27:02.199000,1.33512,1.33502,1440000,1320000
2022-08-04 12:27:02.961000,1.33513,1.33503,1440000,2060000
2022-08-04 12:27:03.337000,1.33513,1.33505,1440000,1200000
2022-08-04 12:27:03.881000,1.33513,1.33503,1440000,2060000
2022-08-04 12:27:04.876000,1.33514,1.33507,4070000,1440000
2022-08-04 12:27:04.979000,1.3352,1.33516,1200000,1920000
2022-08-04 12:27:05.030000,1.33524,1.33515,1800000,6420000
2022-08-04 12:27:05.081000,1.33527,1.33517,1440000,1320000
2022-08-04 12:27:05.286000,1.33532,1.33519,2960000,1320000
2022-08-04 12:27:05.388000,1.33532,1.33522,3680000,4550000
2022-08-04 12:27:05.490000,1.33529,1.33521,2780000,1500000
2022-08-04 12:27:05.592000,1.33529,1.33521,1440000,1200000
2022-08-04 12:27:05.694000,1.33529,1.3352,2340000,1320000
2022-08-04 12:27:05.898000,1.33529,1.33522,1880000,1200000
2022-08-04 12:27:06.101000,1.33527,1.33522,1200000,1200000
2022-08-04 12:27:06.203000,1.33531,1.33519,1440000,1320000
2022-08-04 12:27:06.306000,1.3353,1.33519,2960000,1320000
2022-08-04 12:27:08.671000,1.3353,1.3352,3680000,1320000
2022-08-04 12:27:08.773000,1.33531,1.33521,3980000,4320000
2022-08-04 12:27:08.926000,1.33526,1.33519,2270000,2770000
2022-08-04 12:27:09.028000,1.33525,1.33515,6560000,4140000
2022-08-04 12:27:09.254000,1.33525,1.33516,2340000,1320000
2022-08-04 12:27:09.509000,1.33525,1.33515,1320000,4320000
2022-08-04 12:27:09.611000,1.33525,1.33514,4320000,1320000
2022-08-04 12:27:09.713000,1.33525,1.33514,1920000,1320000
2022-08-04 12:27:10.028000,1.33521,1.33516,1460000,1200000
2022-08-04 12:27:10.080000,1.33523,1.33513,4320000,1440000
2022-08-04 12:27:11.465000,1.3351,1.33508,1340000,1940000
2022-08-04 12:27:11.516000,1.3351,1.33504,1880000,1500000
2022-08-04 12:27:11.568000,1.33507,1.33497,1320000,6190000
2022-08-04 12:27:11.721000,1.33508,1.33498,1320000,5450000
2022-08-04 12:27:11.874000,1.33508,1.33498,1320000,4550000
2022-08-04 12:27:12.574000,1.33506,1.33494,6120000,7500000
2022-08-04 12:27:12.981000,1.33497,1.33492,2060000,2880000
2022-08-04 12:27:13.083000,1.33498,1.33489,1320000,4320000
2022-08-04 12:27:13.186000,1.33499,1.33487,8820000,4570000
2022-08-04 12:27:13.288000,1.33497,1.33486,4320000,5030000
2022-08-04 12:27:13.339000,1.33497,1.3349,4320000,1200000
2022-08-04 12:27:13.543000,1.33498,1.33489,1920000,1440000
2022-08-04 12:27:13.645000,1.33498,1.33489,2520000,1200000
2022-08-04 12:27:13.747000,1.33498,1.33489,1920000,1440000
2022-08-04 12:27:13.849000,1.33498,1.33489,1320000,1920000
2022-08-04 12:27:13.951000,1.33501,1.3349,5660000,1200000
2022-08-04 12:27:14.470000,1.33499,1.33489,4160000,4990000
2022-08-04 12:27:16.560000,1.33501,1.33489,7020000,5450000
2022-08-04 12:27:16.662000,1.33501,1.33489,1920000,8150000
2022-08-04 12:27:17.628000,1.33501,1.33489,7020000,4990000
2022-08-04 12:27:18.518000,1.33501,1.33489,7460000,4990000
2022-08-04 12:27:18.671000,1.33501,1.33489,7460000,5890000
2022-08-04 12:27:19.182000,1.33501,1.33491,1920000,1320000
2022-08-04 12:27:19.589000,1.33501,1.33489,3420000,4990000
2022-08-04 12:27:20.360000,1.33499,1.33489,4760000,1880000
2022-08-04 12:27:20.665000,1.33499,1.33489,2960000,1320000
2022-08-04 12:27:20.767000,1.33499,1.33489,2960000,1320000
2022-08-04 12:27:21.298000,1.33501,1.33489,5660000,1320000
2022-08-04 12:27:22.146000,1.33499,1.3349,1320000,1920000
2022-08-04 12:27:24.449000,1.33497,1.33488,1320000,5180000
2022-08-04 12:27:25.462000,1.33497,1.33489,1320000,1320000
2022-08-04 12:27:27.017000,1.33497,1.33489,1320000,1920000
2022-08-04 12:27:27.069000,1.33496,1.33487,2520000,2940000
2022-08-04 12:27:27.171000,1.33495,1.33487,1320000,2340000
2022-08-04 12:27:27.273000,1.33496,1.33488,1320000,1320000
2022-08-04 12:27:27.426000,1.33496,1.33486,1320000,2040000
2022-08-04 12:27:27.579000,1.33496,1.33488,1320000,1320000
2022-08-04 12:27:29.531000,1.33497,1.33489,1320000,1320000
2022-08-04 12:27:29.952000,1.33495,1.33487,1320000,1920000
2022-08-04 12:27:30.054000,1.33496,1.33484,1320000,6730000
2022-08-04 12:27:30.703000,1.33495,1.33485,1320000,6730000
2022-08-04 12:27:31.063000,1.33494,1.33485,1320000,6730000
2022-08-04 12:27:31.165000,1.33494,1.33485,1440000,3130000
2022-08-04 12:27:31.908000,1.33495,1.33486,1320000,1320000
2022-08-04 12:27:34.761000,1.33496,1.33487,2040000,1320000
2022-08-04 12:27:34.863000,1.33496,1.33487,1880000,1920000
2022-08-04 12:27:34.965000,1.33497,1.33489,1320000,1320000
2022-08-04 12:27:35.067000,1.33498,1.3349,1320000,1320000
2022-08-04 12:27:35.322000,1.33496,1.33488,1320000,1320000
2022-08-04 12:27:35.908000,1.33494,1.33488,1440000,1320000
2022-08-04 12:27:36.010000,1.33491,1.33483,2480000,5450000
2022-08-04 12:27:36.062000,1.33492,1.33485,1670000,1320000
2022-08-04 12:27:36.113000,1.33492,1.33486,1500000,1320000
2022-08-04 12:27:36.215000,1.33492,1.33486,1200000,1320000
2022-08-04 12:27:36.611000,1.3349,1.33484,1200000,5640000
2022-08-04 12:27:36.713000,1.33492,1.33485,1440000,1440000
2022-08-04 12:27:36.866000,1.33492,1.33485,2340000,1920000
2022-08-04 12:27:36.918000,1.33488,1.33483,1320000,1340000
2022-08-04 12:27:37.020000,1.33489,1.33483,1320000,1340000
2022-08-04 12:27:37.224000,1.3349,1.33483,1320000,1880000
2022-08-04 12:27:37.885000,1.33491,1.33482,1320000,1340000
2022-08-04 12:27:37.988000,1.33487,1.33483,1320000,1200000
2022-08-04 12:27:38.547000,1.33489,1.33482,1200000,1200000
2022-08-04 12:27:40.657000,1.33487,1.33483,1200000,1200000
2022-08-04 12:27:41.364000,1.3349,1.33482,1200000,1200000
2022-08-04 12:27:42.178000,1.33491,1.33483,1440000,1320000
2022-08-04 12:27:43,1.33491,1.33483,1320000,1920000
2022-08-04 12:27:43.163000,1.33491,1.33483,1320000,1440000
2022-08-04 12:27:43.616000,1.33491,1.33482,1320000,1200000
2022-08-04 12:27:43.920000,1.3349,1.33481,1320000,1320000
2022-08-04 12:27:44.023000,1.33489,1.3348,1320000,6080000
2022-08-04 12:27:44.125000,1.33489,1.3348,1320000,4740000
2022-08-04 12:27:44.463000,1.33488,1.33479,1320000,5180000
2022-08-04 12:27:44.565000,1.33487,1.33479,1320000,5100000
2022-08-04 12:27:49.492000,1.33487,1.33481,1320000,1200000
2022-08-04 12:27:50,1.33488,1.33478,1320000,4200000
2022-08-04 12:27:50.831000,1.33486,1.33478,1320000,5360000
2022-08-04 12:27:51.190000,1.33487,1.33481,1320000,1200000
2022-08-04 12:27:52.393000,1.33487,1.33478,1320000,5640000
2022-08-04 12:27:52.775000,1.33487,1.33479,1320000,1200000
2022-08-04 12:27:53.492000,1.33487,1.33478,1320000,5040000
2022-08-04 12:27:54.620000,1.33487,1.3348,1320000,1200000
2022-08-04 12:27:54.999000,1.3349,1.3348,1320000,2960000
2022-08-04 12:27:55.050000,1.33492,1.33483,1320000,2340000
2022-08-04 12:27:55.152000,1.33491,1.33486,1320000,1200000
2022-08-04 12:27:55.558000,1.33493,1.33486,1320000,1200000
2022-08-04 12:27:55.660000,1.33493,1.33487,1320000,1200000
2022-08-04 12:27:55.819000,1.33493,1.33488,1320000,1200000
2022-08-04 12:27:56.344000,1.33495,1.33487,5660000,1200000
2022-08-04 12:27:56.857000,1.33495,1.33485,3420000,1320000
2022-08-04 12:27:57.355000,1.33495,1.33485,1920000,1320000
2022-08-04 12:27:57.461000,1.33497,1.33495,1200000,1200000
2022-08-04 12:27:57.512000,1.33502,1.33497,3600000,1200000
2022-08-04 12:27:57.564000,1.33506,1.33497,2060000,1920000
2022-08-04 12:27:57.615000,1.33505,1.33494,1920000,9790000
2022-08-04 12:27:58.250000,1.33506,1.33496,5220000,1320000
2022-08-04 12:27:58.352000,1.33505,1.33495,2520000,1200000
2022-08-04 12:27:59.048000,1.33507,1.33494,3420000,4740000
2022-08-04 12:27:59.302000,1.33506,1.33496,3420000,2040000
2022-08-04 12:27:59.942000,1.33506,1.335,2520000,1200000
2022-08-04 12:28:00.145000,1.33506,1.33499,2520000,1200000
2022-08-04 12:28:01.396000,1.33509,1.33498,2520000,1440000
2022-08-04 12:28:01.498000,1.33509,1.33499,2520000,1440000
2022-08-04 12:28:01.753000,1.33509,1.33502,2520000,1200000
2022-08-04 12:28:01.958000,1.33509,1.33503,2960000,1200000
2022-08-04 12:28:02.873000,1.33512,1.33507,1200000,1200000
2022-08-04 12:28:02.924000,1.33516,1.33505,1440000,4200000
2022-08-04 12:28:03.026000,1.33515,1.33508,1200000,1320000
2022-08-04 12:28:03.129000,1.3352,1.33509,2520000,1320000
2022-08-04 12:28:03.789000,1.33521,1.33509,7020000,5640000
2022-08-04 12:28:03.891000,1.3352,1.33509,2520000,4200000
2022-08-04 12:28:03.993000,1.33522,1.3351,7020000,4040000
2022-08-04 12:28:04.196000,1.3352,1.33509,2520000,5540000
2022-08-04 12:28:04.349000,1.33519,1.33507,2060000,4280000
2022-08-04 12:28:04.451000,1.33518,1.33508,2520000,4200000
2022-08-04 12:28:04.765000,1.33522,1.33513,1440000,1320000
2022-08-04 12:28:05.121000,1.33522,1.33514,2520000,4500000
2022-08-04 12:28:05.224000,1.33525,1.33513,3650000,1920000
2022-08-04 12:28:05.326000,1.33526,1.33515,2520000,4200000
2022-08-04 12:28:06.244000,1.33526,1.33516,2520000,4200000
2022-08-04 12:28:07.011000,1.33526,1.33516,3420000,3600000
2022-08-04 12:28:07.230000,1.33525,1.33514,2960000,3600000
2022-08-04 12:28:08.138000,1.33523,1.33514,2520000,3600000
2022-08-04 12:28:08.241000,1.33524,1.33513,3420000,3860000
2022-08-04 12:28:08.343000,1.33524,1.33512,4320000,4140000
2022-08-04 12:28:08.445000,1.33524,1.33513,1320000,1880000
2022-08-04 12:28:08.547000,1.33524,1.33513,1320000,5640000
2022-08-04 12:28:08.922000,1.33527,1.33516,4760000,1200000
2022-08-04 12:28:09.125000,1.33528,1.33517,6560000,4140000
2022-08-04 12:28:09.227000,1.33528,1.33517,6560000,4280000
2022-08-04 12:28:09.549000,1.33528,1.3352,6560000,1200000
2022-08-04 12:28:10.247000,1.33527,1.33517,4320000,3680000
2022-08-04 12:28:10.815000,1.33524,1.33517,2520000,3600000
2022-08-04 12:28:10.917000,1.33517,1.33508,2960000,4140000
2022-08-04 12:28:10.968000,1.33516,1.33506,1320000,6740000
2022-08-04 12:28:11.071000,1.33515,1.33506,2520000,3600000
2022-08-04 12:28:11.122000,1.33516,1.33506,2520000,4760000
2022-08-04 12:28:11.224000,1.33517,1.33507,1320000,4580000
2022-08-04 12:28:11.479000,1.33515,1.33506,1320000,3600000
2022-08-04 12:28:11.632000,1.33515,1.33507,1320000,3600000
2022-08-04 12:28:11.908000,1.33517,1.33507,6120000,4200000
2022-08-04 12:28:12.467000,1.33516,1.33506,2520000,4640000
2022-08-04 12:28:12.873000,1.33517,1.33506,2520000,5220000
2022-08-04 12:28:12.975000,1.33517,1.33506,2520000,5220000
2022-08-04 12:28:13.205000,1.33517,1.33507,2520000,1320000
2022-08-04 12:28:13.307000,1.33518,1.33508,2520000,1200000
2022-08-04 12:28:15.927000,1.33518,1.33509,2750000,1340000
2022-08-04 12:28:17.101000,1.33516,1.33507,1320000,4200000
2022-08-04 12:28:17.611000,1.33517,1.33507,1320000,1320000
2022-08-04 12:28:18.642000,1.33516,1.33507,1320000,5100000
2022-08-04 12:28:19.509000,1.33518,1.33506,1320000,5640000
2022-08-04 12:28:19.561000,1.33518,1.33509,1320000,1200000
2022-08-04 12:28:19.764000,1.33519,1.3351,1320000,1200000
2022-08-04 12:28:19.917000,1.33518,1.3351,1320000,1200000
2022-08-04 12:28:20.042000,1.33519,1.3351,1320000,1200000
2022-08-04 12:28:20.195000,1.3352,1.33509,1320000,1200000
2022-08-04 12:28:20.298000,1.33523,1.33515,1800000,2040000
2022-08-04 12:28:20.401000,1.33524,1.33515,3680000,2340000
2022-08-04 12:28:20.604000,1.33525,1.33515,1320000,2040000
2022-08-04 12:28:20.707000,1.33524,1.33515,1320000,4200000
2022-08-04 12:28:20.961000,1.33525,1.33513,2960000,4460000
2022-08-04 12:28:21.114000,1.33523,1.33514,1320000,4200000
2022-08-04 12:28:21.216000,1.33524,1.33514,1320000,1320000
2022-08-04 12:28:21.318000,1.33524,1.33514,1320000,4740000
2022-08-04 12:28:21.522000,1.33525,1.33513,1320000,5900000
2022-08-04 12:28:22.337000,1.33524,1.33514,1320000,5000000
2022-08-04 12:28:23.200000,1.33524,1.33514,1920000,1860000
2022-08-04 12:28:23.455000,1.33526,1.33516,1320000,1320000
2022-08-04 12:28:23.557000,1.33526,1.33516,1320000,1320000
2022-08-04 12:28:23.659000,1.33526,1.33516,4760000,4740000
2022-08-04 12:28:25.910000,1.33524,1.33516,1320000,1340000
2022-08-04 12:28:26.825000,1.33524,1.33517,1320000,1200000
2022-08-04 12:28:27.345000,1.33524,1.33515,1320000,5100000
2022-08-04 12:28:28.116000,1.33524,1.33517,1320000,1200000
2022-08-04 12:28:28.877000,1.33525,1.33517,2960000,1800000
2022-08-04 12:28:29.030000,1.33524,1.33516,1320000,4500000
2022-08-04 12:28:29.538000,1.33525,1.33516,1320000,1340000
2022-08-04 12:28:29.640000,1.33525,1.33516,1320000,5100000
2022-08-04 12:28:29.793000,1.33527,1.33515,1460000,4970000
2022-08-04 12:28:30.098000,1.33528,1.33518,1320000,1500000
2022-08-04 12:28:30.201000,1.33527,1.33523,1320000,1200000
2022-08-04 12:28:30.557000,1.33527,1.33524,1200000,1200000
2022-08-04 12:28:32.252000,1.33527,1.33522,1200000,1200000
2022-08-04 12:28:32.354000,1.33527,1.33523,1200000,1200000
2022-08-04 12:28:32.862000,1.33527,1.33524,1200000,1200000
2022-08-04 12:28:32.964000,1.33528,1.33523,1320000,1200000
2022-08-04 12:28:35.294000,1.3353,1.33524,2960000,1200000
2022-08-04 12:28:35.396000,1.3353,1.33524,1320000,1200000
2022-08-04 12:28:35.498000,1.33531,1.33524,1320000,1200000
2022-08-04 12:28:35.601000,1.33534,1.33526,1920000,1200000
2022-08-04 12:28:36.007000,1.33534,1.33526,1320000,1340000
2022-08-04 12:28:36.109000,1.33535,1.33527,1320000,1340000
2022-08-04 12:28:36.312000,1.33535,1.33528,1320000,1200000
2022-08-04 12:28:36.516000,1.33535,1.33527,1320000,1200000
2022-08-04 12:28:38.529000,1.33534,1.33525,1320000,1200000
2022-08-04 12:28:38.732000,1.33535,1.33525,1320000,1920000
2022-08-04 12:28:38.834000,1.33534,1.33525,1320000,4640000
2022-08-04 12:28:40.393000,1.33534,1.33523,1320000,4640000
2022-08-04 12:28:40.647000,1.33533,1.33523,2960000,5100000
2022-08-04 12:28:40.749000,1.33533,1.33523,1320000,6120000
2022-08-04 12:28:43.690000,1.33533,1.33524,1320000,5040000
2022-08-04 12:28:45.695000,1.33533,1.33524,1320000,2780000
2022-08-04 12:28:45.746000,1.33534,1.33526,1320000,1500000
2022-08-04 12:28:46.305000,1.33534,1.33526,1320000,1500000
2022-08-04 12:28:47.034000,1.33539,1.3353,5810000,2040000
2022-08-04 12:28:47.085000,1.33538,1.33534,1440000,1200000
2022-08-04 12:28:47.137000,1.33544,1.33537,1200000,2040000
2022-08-04 12:28:47.239000,1.33547,1.33537,1320000,5640000
2022-08-04 12:28:47.341000,1.33547,1.33538,1320000,4580000
2022-08-04 12:28:47.646000,1.33548,1.33538,1320000,4510000
2022-08-04 12:28:48.255000,1.3355,1.33538,1320000,1320000
2022-08-04 12:28:50.508000,1.33551,1.33539,4760000,2940000
2022-08-04 12:28:50.610000,1.3355,1.33541,1210000,2780000
2022-08-04 12:28:50.712000,1.33551,1.33541,2290000,2710000
2022-08-04 12:28:50.814000,1.33552,1.33541,2570000,2040000
2022-08-04 12:28:50.939000,1.33551,1.33542,2640000,1320000
2022-08-04 12:28:51.041000,1.33551,1.33548,1500000,1880000
2022-08-04 12:28:51.194000,1.33551,1.33545,1320000,1800000
2022-08-04 12:28:51.296000,1.33551,1.33543,7460000,1500000
2022-08-04 12:28:51.398000,1.33552,1.33541,5660000,1500000
2022-08-04 12:28:51.449000,1.33551,1.33542,5660000,1200000
2022-08-04 12:28:51.805000,1.33551,1.33543,2060000,3600000
2022-08-04 12:28:51.907000,1.33551,1.33541,2060000,6360000
2022-08-04 12:28:52.363000,1.33551,1.33542,1880000,1320000
2022-08-04 12:28:53.285000,1.3355,1.3354,1620000,5540000
2022-08-04 12:28:53.553000,1.33551,1.33539,1920000,5760000
2022-08-04 12:28:57.416000,1.33549,1.33541,2520000,2030000
2022-08-04 12:28:57.518000,1.33545,1.33536,1320000,1200000
2022-08-04 12:28:57.621000,1.33544,1.33537,6560000,1200000
2022-08-04 12:28:57.723000,1.33543,1.33537,2960000,1200000
2022-08-04 12:28:58.211000,1.33543,1.33532,1320000,1320000
2022-08-04 12:29:00.769000,1.33542,1.33532,2960000,5900000
2022-08-04 12:29:01.422000,1.33542,1.33533,1320000,1320000
2022-08-04 12:29:01.695000,1.33544,1.33532,6560000,1320000
2022-08-04 12:29:02.015000,1.33542,1.33532,2520000,5760000
2022-08-04 12:29:02.324000,1.33543,1.33533,3860000,4160000
2022-08-04 12:29:03.185000,1.33543,1.33533,4760000,1320000
2022-08-04 12:29:04.209000,1.33545,1.33535,6740000,2060000
2022-08-04 12:29:04.413000,1.33547,1.33535,5660000,2060000
2022-08-04 12:29:05.281000,1.33545,1.33536,1320000,1320000
2022-08-04 12:29:05.383000,1.33546,1.33536,6120000,4740000
2022-08-04 12:29:05.536000,1.33545,1.33535,1320000,2060000
2022-08-04 12:29:05.689000,1.33544,1.33535,1320000,3600000
2022-08-04 12:29:05.792000,1.33541,1.33529,2960000,4880000
2022-08-04 12:29:05.894000,1.33538,1.33528,1460000,7320000
2022-08-04 12:29:05.996000,1.3354,1.33527,4320000,6350000
2022-08-04 12:29:06.149000,1.33538,1.33528,3420000,1320000
2022-08-04 12:29:06.251000,1.33535,1.33526,1320000,1670000
2022-08-04 12:29:06.455000,1.33535,1.33525,1320000,1440000
2022-08-04 12:29:07.725000,1.33534,1.33523,1320000,6310000
2022-08-04 12:29:07.776000,1.33533,1.33523,2520000,1810000
2022-08-04 12:29:07.980000,1.33534,1.33523,1920000,5220000
2022-08-04 12:29:08.335000,1.33536,1.33527,2060000,2290000
2022-08-04 12:29:08.438000,1.33538,1.33528,3420000,1320000
2022-08-04 12:29:08.540000,1.33538,1.33529,1320000,1320000
2022-08-04 12:29:08.743000,1.33538,1.33528,6560000,1320000
2022-08-04 12:29:08.795000,1.33536,1.33526,1920000,4580000
2022-08-04 12:29:09.151000,1.33534,1.33523,2520000,6420000
2022-08-04 12:29:09.354000,1.33533,1.33522,2520000,7320000
2022-08-04 12:29:19.710000,1.33531,1.33521,1320000,5480000
2022-08-04 12:29:19.812000,1.33532,1.3352,3420000,1440000
2022-08-04 12:29:19.914000,1.33536,1.33531,1200000,1200000
2022-08-04 12:29:20.068000,1.33533,1.33524,2520000,1500000
2022-08-04 12:29:20.170000,1.33531,1.3352,1320000,5360000
2022-08-04 12:29:20.475000,1.33531,1.3352,2520000,5040000
2022-08-04 12:29:20.577000,1.3353,1.33519,6120000,6790000
2022-08-04 12:29:20.679000,1.33532,1.33518,3420000,6790000
2022-08-04 12:29:22.088000,1.3353,1.33519,2960000,2520000
2022-08-04 12:29:23.376000,1.3353,1.33519,1320000,2520000
2022-08-04 12:29:23.782000,1.3353,1.33519,2520000,2960000
2022-08-04 12:29:24.254000,1.3353,1.33519,1320000,2960000
2022-08-04 12:29:24.306000,1.33529,1.33519,1320000,2240000
2022-08-04 12:29:24.408000,1.33526,1.33516,1320000,4800000
2022-08-04 12:29:24.510000,1.33529,1.33517,7020000,1440000
2022-08-04 12:29:24.866000,1.33522,1.33512,1920000,6140000
2022-08-04 12:29:24.918000,1.33524,1.33511,6560000,2110000
2022-08-04 12:29:24.969000,1.33524,1.33513,7920000,4320000
2022-08-04 12:29:25.072000,1.33526,1.33515,8590000,1320000
2022-08-04 12:29:25.174000,1.33527,1.33519,1740000,4760000
2022-08-04 12:29:25.327000,1.3353,1.33519,3260000,5220000
2022-08-04 12:29:25.480000,1.33529,1.33519,1320000,6120000
2022-08-04 12:29:25.939000,1.3353,1.33521,1320000,5220000
2022-08-04 12:29:25.991000,1.33529,1.33521,1320000,1200000
2022-08-04 12:29:26.102000,1.33529,1.33519,1320000,1320000
2022-08-04 12:29:26.259000,1.33528,1.33518,1620000,1200000
2022-08-04 12:29:26.362000,1.33524,1.33516,1320000,1200000
2022-08-04 12:29:26.464000,1.33524,1.33514,1320000,4320000
2022-08-04 12:29:26.515000,1.33524,1.33514,1210000,4140000
2022-08-04 12:29:26.566000,1.33525,1.33511,2960000,6420000
2022-08-04 12:29:26.618000,1.33522,1.33512,1320000,4370000
2022-08-04 12:29:26.669000,1.33524,1.33514,7760000,3600000
2022-08-04 12:29:26.737000,1.33523,1.3351,1320000,1320000
2022-08-04 12:29:26.841000,1.33521,1.33511,1320000,4320000
2022-08-04 12:29:27.095000,1.3352,1.3351,1320000,1620000
2022-08-04 12:29:27.502000,1.33521,1.33509,2960000,1320000
2022-08-04 12:29:27.604000,1.33521,1.33509,1320000,1320000
2022-08-04 12:29:28.112000,1.3352,1.3351,2520000,1320000
2022-08-04 12:29:28.366000,1.33514,1.33507,1460000,1260000
2022-08-04 12:29:28.468000,1.33514,1.33504,1920000,4810000
2022-08-04 12:29:28.570000,1.33512,1.33504,1320000,4810000
2022-08-04 12:29:28.824000,1.33512,1.33502,2960000,4140000
2022-08-04 12:29:29.694000,1.3351,1.33501,1320000,1320000
2022-08-04 12:29:30.925000,1.3351,1.335,2520000,2760000
2022-08-04 12:29:31.210000,1.33511,1.33501,2750000,1320000
2022-08-04 12:29:31.362000,1.3351,1.335,2520000,6200000
2022-08-04 12:29:31.414000,1.33511,1.335,6350000,6380000
2022-08-04 12:29:33.058000,1.33512,1.335,6860000,5940000
2022-08-04 12:29:34.128000,1.33508,1.33498,4320000,1680000
2022-08-04 12:29:34.230000,1.33509,1.33497,6560000,1320000
2022-08-04 12:29:34.586000,1.33507,1.33496,1320000,4140000
2022-08-04 12:29:34.688000,1.33505,1.33495,1320000,2060000
2022-08-04 12:29:34.841000,1.33504,1.33493,1320000,5660000
2022-08-04 12:29:35.107000,1.33504,1.33494,1320000,3680000
2022-08-04 12:29:35.209000,1.33501,1.33492,1320000,1320000
2022-08-04 12:29:35.819000,1.33504,1.33493,6120000,1320000
2022-08-04 12:29:35.921000,1.33504,1.33492,6120000,5660000
2022-08-04 12:29:37.854000,1.33504,1.33494,7460000,1200000
2022-08-04 12:29:38.058000,1.33504,1.33495,6560000,1200000
2022-08-04 12:29:38.854000,1.33505,1.33496,2960000,1200000
2022-08-04 12:29:39.057000,1.33505,1.33495,2520000,1340000
2022-08-04 12:29:39.752000,1.33504,1.33495,2520000,1340000
2022-08-04 12:29:39.854000,1.33504,1.33491,7020000,1800000
2022-08-04 12:29:39.956000,1.33503,1.33493,1920000,1320000
2022-08-04 12:29:40.058000,1.33504,1.33494,2520000,1200000
2022-08-04 12:29:40.160000,1.33505,1.33492,2520000,1320000
2022-08-04 12:29:40.545000,1.33505,1.33493,3860000,1200000
2022-08-04 12:29:41.366000,1.33503,1.33493,1320000,1320000
2022-08-04 12:29:41.519000,1.33503,1.33493,1320000,2180000
2022-08-04 12:29:41.621000,1.33503,1.33492,1320000,4020000
2022-08-04 12:29:42.077000,1.33504,1.33494,7460000,1500000
2022-08-04 12:29:42.180000,1.33504,1.33493,7460000,3470000
2022-08-04 12:29:45.102000,1.33504,1.33494,1920000,3600000
2022-08-04 12:29:45.205000,1.33504,1.33493,1320000,1320000
2022-08-04 12:29:45.256000,1.33502,1.33494,2520000,3600000
2022-08-04 12:29:45.358000,1.335,1.3349,2520000,3600000
2022-08-04 12:29:45.460000,1.335,1.33489,2520000,1340000
2022-08-04 12:29:46.272000,1.33499,1.33489,2520000,1200000
2022-08-04 12:29:46.425000,1.335,1.33489,2520000,1440000
2022-08-04 12:29:46.527000,1.33501,1.3349,3420000,1440000
2022-08-04 12:29:46.832000,1.33501,1.33491,3420000,1340000
2022-08-04 12:29:47.154000,1.33501,1.33492,3420000,1200000
2022-08-04 12:29:47.358000,1.33501,1.3349,3420000,2940000
2022-08-04 12:29:47.409000,1.33501,1.33491,1920000,2040000
2022-08-04 12:29:47.460000,1.33501,1.3349,3420000,6000000
2022-08-04 12:29:47.562000,1.33501,1.33492,1920000,1200000
2022-08-04 12:29:47.671000,1.33502,1.3349,1920000,1440000
2022-08-04 12:29:47.800000,1.33501,1.33492,1920000,1200000
2022-08-04 12:29:47.902000,1.33501,1.33492,1920000,1880000
2022-08-04 12:29:48.004000,1.33501,1.33493,1920000,1200000
2022-08-04 12:29:48.106000,1.33501,1.33494,1920000,1200000
2022-08-04 12:29:48.221000,1.33501,1.33494,1920000,1800000
2022-08-04 12:29:48.273000,1.33501,1.33497,1200000,1440000
2022-08-04 12:29:48.324000,1.33507,1.335,1200000,6120000
2022-08-04 12:29:48.426000,1.33507,1.335,1200000,2700000
2022-08-04 12:29:48.528000,1.33507,1.33502,1200000,3600000
2022-08-04 12:29:48.580000,1.33507,1.335,1200000,3680000
2022-08-04 12:29:49.217000,1.33507,1.33501,1200000,3600000
2022-08-04 12:29:49.710000,1.33507,1.33502,1200000,3600000
2022-08-04 12:29:50.108000,1.33507,1.33503,1200000,1200000
2022-08-04 12:29:50.210000,1.33507,1.33502,1200000,5400000
2022-08-04 12:29:50.261000,1.33509,1.33506,1200000,1200000
2022-08-04 12:29:50.313000,1.33516,1.33507,4500000,4320000
2022-08-04 12:29:50.364000,1.33507,1.33502,1320000,1200000
2022-08-04 12:29:50.415000,1.33509,1.335,3420000,1200000
2022-08-04 12:29:50.518000,1.33511,1.33498,6380000,1920000
2022-08-04 12:29:50.569000,1.3351,1.335,4760000,3600000
2022-08-04 12:29:50.874000,1.33509,1.335,2520000,3600000
2022-08-04 12:29:50.977000,1.33509,1.33499,2520000,3600000
2022-08-04 12:29:51.079000,1.3351,1.33498,4320000,2360000
2022-08-04 12:29:51.130000,1.33511,1.33501,1440000,1200000
2022-08-04 12:29:51.338000,1.33512,1.33501,6120000,3600000
2022-08-04 12:29:51.390000,1.33511,1.33499,4320000,4500000
2022-08-04 12:29:51.542000,1.33512,1.33501,6120000,3600000
2022-08-04 12:29:51.695000,1.33512,1.335,6120000,1200000
2022-08-04 12:29:51.797000,1.3351,1.335,3420000,1200000
2022-08-04 12:29:51.899000,1.3351,1.33501,2520000,3600000
2022-08-04 12:29:52.001000,1.3351,1.335,6120000,3600000
2022-08-04 12:29:52.103000,1.3351,1.33498,2520000,4580000
2022-08-04 12:29:52.155000,1.3351,1.335,4320000,3600000
2022-08-04 12:29:52.561000,1.33512,1.33499,6120000,4500000
2022-08-04 12:29:52.665000,1.33512,1.33499,4320000,5040000
2022-08-04 12:29:52.767000,1.33512,1.33501,4320000,3600000
2022-08-04 12:29:53.072000,1.33511,1.33501,4320000,3600000
2022-08-04 12:29:53.225000,1.33512,1.335,6120000,3600000
2022-08-04 12:29:53.327000,1.33512,1.33501,4320000,3600000
2022-08-04 12:29:53.430000,1.3351,1.33499,2520000,1200000
2022-08-04 12:29:53.532000,1.33507,1.33496,2520000,1800000
2022-08-04 12:29:53.634000,1.33507,1.33494,2520000,5040000
2022-08-04 12:29:53.685000,1.33506,1.33496,4140000,3600000
2022-08-04 12:29:53.787000,1.33507,1.33494,4320000,6120000
2022-08-04 12:29:54.041000,1.33508,1.33495,6120000,4500000
2022-08-04 12:29:54.143000,1.33506,1.33496,4320000,3600000
2022-08-04 12:29:54.245000,1.33508,1.33495,4320000,4580000
2022-08-04 12:29:54.347000,1.3351,1.33498,3140000,3600000
2022-08-04 12:29:54.449000,1.33511,1.335,4320000,4500000
2022-08-04 12:29:54.551000,1.33512,1.33501,6120000,3600000
2022-08-04 12:29:55.128000,1.3351,1.335,4320000,4040000
2022-08-04 12:29:55.395000,1.3351,1.335,4320000,4200000
2022-08-04 12:29:55.523000,1.33511,1.335,4320000,4040000
2022-08-04 12:29:55.732000,1.3351,1.335,4320000,4200000
2022-08-04 12:29:55.834000,1.33512,1.33501,4320000,4040000
2022-08-04 12:29:56.197000,1.33512,1.33501,3600000,4040000
2022-08-04 12:29:56.299000,1.33512,1.335,3600000,4040000
2022-08-04 12:29:56.401000,1.33512,1.33501,4940000,4040000
2022-08-04 12:29:56.648000,1.33513,1.33501,1200000,1940000
2022-08-04 12:29:56.750000,1.33515,1.3351,1200000,1200000
2022-08-04 12:29:56.852000,1.33516,1.3351,3600000,4040000
2022-08-04 12:29:56.904000,1.33521,1.3351,1200000,4040000
2022-08-04 12:29:57.005000,1.33521,1.33511,1200000,3600000
2022-08-04 12:29:57.107000,1.33523,1.33512,4500000,3600000
2022-08-04 12:29:57.209000,1.33524,1.33513,3600000,3600000
2022-08-04 12:29:57.260000,1.33522,1.33512,3600000,3600000
2022-08-04 12:29:57.312000,1.33524,1.33512,3600000,3600000
2022-08-04 12:29:57.413000,1.33524,1.33513,3600000,3600000
2022-08-04 12:29:57.515000,1.33525,1.33513,4500000,3600000
2022-08-04 12:29:57.566000,1.33521,1.33511,3600000,3600000
2022-08-04 12:29:57.719000,1.33522,1.33511,3600000,3600000
2022-08-04 12:29:57.821000,1.33521,1.33511,3600000,3600000
2022-08-04 12:29:57.922000,1.33522,1.33511,3600000,3600000
2022-08-04 12:29:58.125000,1.33521,1.33511,3600000,3600000
2022-08-04 12:29:58.227000,1.33522,1.33511,3600000,3600000
2022-08-04 12:29:59.663000,1.33524,1.33509,1200000,6440000
2022-08-04 12:30:00.081000,1.33522,1.33511,3600000,3600000
2022-08-04 12:30:00.296000,1.33523,1.33511,3600000,3600000
2022-08-04 12:30:00.448000,1.33522,1.3351,3600000,5630000
2022-08-04 12:30:00.651000,1.33523,1.33511,3600000,3600000
2022-08-04 12:30:01.123000,1.33524,1.3351,1200000,4040000
2022-08-04 12:30:01.225000,1.33522,1.33511,3600000,3600000
2022-08-04 12:30:01.501000,1.33523,1.33511,3600000,3600000
2022-08-04 12:30:01.806000,1.33522,1.3351,3600000,4040000
2022-08-04 12:30:01.908000,1.33523,1.3351,3600000,4040000
2022-08-04 12:30:02.009000,1.33524,1.33509,1200000,1800000
2022-08-04 12:30:02.111000,1.33524,1.33509,1340000,1200000
2022-08-04 12:30:02.223000,1.33523,1.33511,3600000,3600000
2022-08-04 12:30:02.376000,1.33522,1.33511,5400000,1200000
2022-08-04 12:30:02.427000,1.33521,1.33509,3600000,4500000
2022-08-04 12:30:02.530000,1.33522,1.33508,5400000,3600000
2022-08-04 12:30:02.581000,1.3352,1.33507,1340000,3600000
2022-08-04 12:30:02.683000,1.3352,1.33504,2400000,4500000
2022-08-04 12:30:02.734000,1.33516,1.33502,7500000,6070000
2022-08-04 12:30:02.836000,1.33516,1.33503,3600000,3600000
2022-08-04 12:30:02.887000,1.33514,1.33502,5400000,1200000
2022-08-04 12:30:02.989000,1.33514,1.33504,1200000,3600000
2022-08-04 12:30:03.041000,1.33515,1.33502,3600000,4500000
2022-08-04 12:30:03.092000,1.33515,1.33504,3600000,3600000
2022-08-04 12:30:03.143000,1.33516,1.33502,6300000,4500000
2022-08-04 12:30:03.245000,1.33515,1.33502,6300000,4500000
2022-08-04 12:30:03.347000,1.33516,1.33504,3600000,3600000
2022-08-04 12:30:03.449000,1.33518,1.33501,5840000,1200000
2022-08-04 12:30:03.703000,1.33516,1.33503,3600000,3600000
2022-08-04 12:30:03.754000,1.33514,1.33502,3600000,4500000
2022-08-04 12:30:03.856000,1.33516,1.33503,4040000,3600000
2022-08-04 12:30:03.958000,1.33518,1.33502,5100000,4940000
2022-08-04 12:30:04.009000,1.33518,1.33502,5400000,4500000
2022-08-04 12:30:04.111000,1.33517,1.33503,3600000,3600000
2022-08-04 12:30:04.213000,1.33517,1.33504,3600000,3600000
2022-08-04 12:30:04.315000,1.33518,1.33503,6300000,1200000
2022-08-04 12:30:04.468000,1.33517,1.33504,3600000,4200000
2022-08-04 12:30:04.570000,1.33518,1.33506,6300000,4040000
2022-08-04 12:30:04.672000,1.3352,1.33505,4040000,1200000
2022-08-04 12:30:04.774000,1.33519,1.33504,2700000,1200000
2022-08-04 12:30:04.825000,1.33518,1.33504,3600000,4200000
2022-08-04 12:30:04.927000,1.33518,1.33506,3600000,4040000
2022-08-04 12:30:05.029000,1.33517,1.33505,3600000,3600000
2022-08-04 12:30:05.080000,1.3352,1.33501,1800000,5100000
2022-08-04 12:30:05.182000,1.33517,1.33505,3600000,4200000
2022-08-04 12:30:05.284000,1.33518,1.33505,3600000,3600000
2022-08-04 12:30:05.386000,1.33519,1.33506,4500000,3600000
2022-08-04 12:30:05.488000,1.33518,1.33505,3600000,4200000
2022-08-04 12:30:05.641000,1.33519,1.33506,4500000,4040000
2022-08-04 12:30:05.793000,1.33517,1.33505,3600000,4200000
2022-08-04 12:30:05.895000,1.33511,1.33501,1800000,2240000
2022-08-04 12:30:05.998000,1.3351,1.33499,1200000,4640000
2022-08-04 12:30:06.100000,1.33511,1.33501,1200000,4200000
2022-08-04 12:30:06.218000,1.33512,1.33502,2240000,4040000
2022-08-04 12:30:06.321000,1.33509,1.33495,5400000,4200000
2022-08-04 12:30:06.372000,1.33508,1.33495,1200000,3600000
2022-08-04 12:30:06.474000,1.33508,1.33497,3600000,4040000
2022-08-04 12:30:06.576000,1.33508,1.33498,5400000,3600000
2022-08-04 12:30:06.678000,1.33504,1.33496,1200000,4200000
2022-08-04 12:30:06.730000,1.33491,1.33484,1800000,4500000
2022-08-04 12:30:06.832000,1.33489,1.33479,1200000,4500000
2022-08-04 12:30:06.883000,1.33492,1.33481,1200000,6000000
2022-08-04 12:30:06.985000,1.33493,1.33481,1800000,4200000
2022-08-04 12:30:07.087000,1.33493,1.33478,1200000,5350000
2022-08-04 12:30:07.167000,1.33492,1.33482,3600000,3600000
2022-08-04 12:30:07.269000,1.33494,1.33481,7460000,4140000
2022-08-04 12:30:07.371000,1.33494,1.33482,7460000,3600000
2022-08-04 12:30:07.575000,1.33494,1.3348,3860000,4320000
2022-08-04 12:30:07.829000,1.33494,1.33482,3860000,3600000
2022-08-04 12:30:07.931000,1.33494,1.33481,3860000,4580000
2022-08-04 12:30:08.033000,1.33494,1.33483,3860000,3600000
2022-08-04 12:30:08.135000,1.33494,1.33482,3860000,3600000
2022-08-04 12:30:08.237000,1.33494,1.33483,1920000,3600000
2022-08-04 12:30:08.339000,1.33494,1.33481,3860000,4580000
2022-08-04 12:30:08.492000,1.33494,1.33483,3860000,3600000
2022-08-04 12:30:08.695000,1.33495,1.33479,3860000,4320000
2022-08-04 12:30:08.746000,1.33494,1.33483,7460000,3600000
2022-08-04 12:30:08.899000,1.33494,1.33482,3860000,3600000
2022-08-04 12:30:09.458000,1.33494,1.33483,3860000,3600000
2022-08-04 12:30:09.560000,1.33488,1.33479,2600000,1320000
2022-08-04 12:30:09.662000,1.33487,1.33476,2040000,5290000
2022-08-04 12:30:09.967000,1.33487,1.33477,5220000,3600000
2022-08-04 12:30:10.069000,1.33487,1.33477,1920000,3600000
2022-08-04 12:30:10.222000,1.33484,1.33474,2220000,3680000
2022-08-04 12:30:10.426000,1.33485,1.33475,2960000,3600000
2022-08-04 12:30:10.630000,1.33484,1.33472,2040000,4320000
2022-08-04 12:30:10.732000,1.33483,1.33475,2040000,3600000
2022-08-04 12:30:10.783000,1.33483,1.33472,2040000,1320000
2022-08-04 12:30:10.835000,1.33483,1.33474,2040000,3600000
2022-08-04 12:30:10.886000,1.33485,1.33474,4320000,4760000
2022-08-04 12:30:10.937000,1.33484,1.33473,4320000,1200000
2022-08-04 12:30:11.039000,1.33483,1.33473,5220000,3600000
2022-08-04 12:30:11.141000,1.33485,1.3347,7920000,1320000
2022-08-04 12:30:11.396000,1.33483,1.33472,7460000,3600000
2022-08-04 12:30:11.447000,1.3348,1.33468,2520000,3020000
2022-08-04 12:30:11.550000,1.33475,1.33467,1920000,1800000
2022-08-04 12:30:11.652000,1.33475,1.33466,1440000,4140000
2022-08-04 12:30:11.805000,1.33477,1.33467,1920000,3600000
2022-08-04 12:30:11.908000,1.33474,1.33465,4760000,4260000
2022-08-04 12:30:12.010000,1.33477,1.33466,1920000,4320000
2022-08-04 12:30:12.061000,1.33477,1.33466,5220000,4140000
2022-08-04 12:30:12.164000,1.33478,1.33467,7020000,3600000
2022-08-04 12:30:12.266000,1.33476,1.33465,4320000,5660000
2022-08-04 12:30:12.649000,1.33478,1.33467,7020000,3600000
2022-08-04 12:30:12.751000,1.33476,1.33466,1320000,1320000
2022-08-04 12:30:12.854000,1.33476,1.33466,1320000,4040000
2022-08-04 12:30:12.905000,1.33477,1.33467,1440000,5660000
2022-08-04 12:30:13.007000,1.33476,1.33468,1920000,1800000
2022-08-04 12:30:13.312000,1.33476,1.33467,2960000,4140000
2022-08-04 12:30:13.415000,1.33476,1.33467,2960000,3600000
2022-08-04 12:30:13.517000,1.33476,1.33467,2060000,4580000
2022-08-04 12:30:13.619000,1.33478,1.33468,1320000,4760000
2022-08-04 12:30:13.772000,1.33479,1.33473,3600000,2060000
2022-08-04 12:30:13.875000,1.33481,1.33472,1320000,1440000
2022-08-04 12:30:14.079000,1.33484,1.33473,2060000,2060000
2022-08-04 12:30:14.181000,1.33484,1.33473,2960000,1320000
2022-08-04 12:30:14.334000,1.33485,1.33475,1320000,1460000
2022-08-04 12:30:14.690000,1.33486,1.33476,1320000,5220000
2022-08-04 12:30:14.792000,1.33489,1.33478,1320000,1320000
2022-08-04 12:30:14.894000,1.33487,1.33478,1440000,3600000
2022-08-04 12:30:14.996000,1.33478,1.33474,2040000,5120000
2022-08-04 12:30:15.048000,1.33476,1.33471,1440000,1200000
2022-08-04 12:30:15.150000,1.33475,1.33469,2340000,1200000
2022-08-04 12:30:15.303000,1.33474,1.33469,3600000,1200000
2022-08-04 12:30:15.354000,1.33474,1.33466,3600000,1440000
2022-08-04 12:30:15.405000,1.33475,1.33468,1440000,3600000
2022-08-04 12:30:15.457000,1.33475,1.33466,5940000,1440000
2022-08-04 12:30:15.559000,1.33477,1.33466,2960000,3600000
2022-08-04 12:30:15.661000,1.33476,1.33466,5660000,5040000
2022-08-04 12:30:15.815000,1.33476,1.33467,2060000,3600000
2022-08-04 12:30:16.250000,1.33476,1.33468,2060000,3600000
2022-08-04 12:30:16.453000,1.33476,1.33466,2060000,1440000
2022-08-04 12:30:16.711000,1.33476,1.33467,2060000,3600000
2022-08-04 12:30:16.813000,1.33478,1.33471,1200000,7020000
2022-08-04 12:30:16.864000,1.33481,1.33471,3600000,8820000
2022-08-04 12:30:16.916000,1.33479,1.33471,1320000,2030000
2022-08-04 12:30:17.018000,1.33479,1.33472,1320000,3600000
2022-08-04 12:30:17.171000,1.3348,1.33468,1320000,1920000
2022-08-04 12:30:17.273000,1.33478,1.33469,1320000,3680000
2022-08-04 12:30:17.503000,1.33474,1.33468,1800000,3600000
2022-08-04 12:30:17.554000,1.33469,1.33461,1920000,3600000
2022-08-04 12:30:17.606000,1.3346,1.33453,1920000,1200000
2022-08-04 12:30:17.657000,1.3346,1.33451,1200000,4040000
2022-08-04 12:30:17.708000,1.33462,1.33449,4140000,8360000
2022-08-04 12:30:17.760000,1.33462,1.33454,2060000,3600000
2022-08-04 12:30:17.811000,1.33462,1.33452,2060000,4140000
2022-08-04 12:30:17.914000,1.33457,1.3345,2520000,1800000
2022-08-04 12:30:17.965000,1.33454,1.33445,1320000,1320000
2022-08-04 12:30:18.017000,1.33457,1.33448,1320000,1320000
2022-08-04 12:30:18.068000,1.33458,1.33448,4140000,1320000
2022-08-04 12:30:18.170000,1.33458,1.33448,1920000,1320000
2022-08-04 12:30:18.222000,1.33456,1.33446,1320000,1320000
2022-08-04 12:30:18.629000,1.33456,1.33445,2960000,3680000
2022-08-04 12:30:18.833000,1.33456,1.33446,7020000,3600000
2022-08-04 12:30:18.935000,1.33455,1.33445,6560000,3600000
2022-08-04 12:30:19.037000,1.33455,1.33444,4760000,4320000
2022-08-04 12:30:19.765000,1.33456,1.33442,1320000,2520000
2022-08-04 12:30:20.172000,1.33455,1.33445,1320000,4140000
2022-08-04 12:30:20.453000,1.33454,1.33444,1920000,4140000
2022-08-04 12:30:20.555000,1.33452,1.33443,1320000,4140000
2022-08-04 12:30:20.809000,1.33452,1.33442,5220000,4140000
2022-08-04 12:30:21.224000,1.33452,1.33446,4040000,1440000
2022-08-04 12:30:21.326000,1.33455,1.33442,1320000,3420000
2022-08-04 12:30:21.428000,1.33454,1.33443,1320000,1920000
2022-08-04 12:30:21.688000,1.33451,1.33444,1440000,3600000
2022-08-04 12:30:21.790000,1.33454,1.33443,5220000,4760000
2022-08-04 12:30:22.372000,1.33454,1.33448,1440000,1200000
2022-08-04 12:30:22.424000,1.33454,1.33443,1320000,6300000
2022-08-04 12:30:22.628000,1.33453,1.33442,1920000,2060000
2022-08-04 12:30:23.035000,1.33453,1.33442,1920000,2060000
2022-08-04 12:30:23.187000,1.33452,1.33442,4760000,4580000
2022-08-04 12:30:23.239000,1.33445,1.33441,1320000,1200000
2022-08-04 12:30:23.290000,1.33441,1.33438,2060000,1200000
2022-08-04 12:30:23.342000,1.33438,1.33433,1320000,3600000
2022-08-04 12:30:23.393000,1.33436,1.33431,1440000,1440000
2022-08-04 12:30:23.445000,1.33437,1.33427,1320000,4760000
2022-08-04 12:30:23.598000,1.33439,1.33429,3420000,3600000
2022-08-04 12:30:23.700000,1.33438,1.33429,4040000,1320000
2022-08-04 12:30:24.010000,1.33437,1.33429,1320000,3600000
2022-08-04 12:30:24.112000,1.33436,1.33424,1920000,2400000
2022-08-04 12:30:24.214000,1.33435,1.33424,1320000,4500000
2022-08-04 12:30:24.367000,1.33435,1.33425,5660000,1200000
2022-08-04 12:30:24.418000,1.33435,1.33427,1200000,4140000
2022-08-04 12:30:24.521000,1.33437,1.33426,1320000,1320000
2022-08-04 12:30:24.643000,1.33438,1.33427,1320000,4580000
2022-08-04 12:30:24.746000,1.33438,1.33428,1920000,3600000
2022-08-04 12:30:24.848000,1.33438,1.33428,1920000,3600000
2022-08-04 12:30:25.051000,1.33439,1.33428,4760000,4760000
2022-08-04 12:30:25.153000,1.33439,1.33429,1920000,3600000
2022-08-04 12:30:25.611000,1.33434,1.33426,1920000,4500000
2022-08-04 12:30:25.713000,1.33434,1.33423,3140000,2780000
2022-08-04 12:30:25.816000,1.33434,1.33427,1980000,5180000
2022-08-04 12:30:25.867000,1.33438,1.33427,2060000,2040000
2022-08-04 12:30:25.969000,1.33439,1.33426,1320000,1880000
2022-08-04 12:30:26.072000,1.33441,1.3343,1880000,6560000
2022-08-04 12:30:26.536000,1.33444,1.33434,1320000,6560000
2022-08-04 12:30:26.638000,1.33443,1.33431,1320000,3310000
2022-08-04 12:30:26.740000,1.33443,1.33431,1320000,1340000
2022-08-04 12:30:26.792000,1.33438,1.33428,5220000,1200000
2022-08-04 12:30:26.894000,1.33435,1.33426,1320000,4040000
2022-08-04 12:30:26.996000,1.33435,1.33425,4580000,4140000
2022-08-04 12:30:27.098000,1.33435,1.33423,3420000,1570000
2022-08-04 12:30:27.404000,1.33433,1.33422,1320000,1880000
2022-08-04 12:30:27.556000,1.33435,1.33421,1920000,2960000
2022-08-04 12:30:27.659000,1.33435,1.33425,1320000,1320000
2022-08-04 12:30:28.434000,1.33435,1.33425,1320000,1320000
2022-08-04 12:30:28.536000,1.33437,1.33426,1920000,1320000
2022-08-04 12:30:28.638000,1.33436,1.33426,1320000,1320000
2022-08-04 12:30:28.791000,1.33435,1.33424,4320000,4270000
2022-08-04 12:30:28.894000,1.33431,1.33421,4320000,3600000
2022-08-04 12:30:28.996000,1.33431,1.33419,2960000,1440000
2022-08-04 12:30:29.201000,1.3343,1.33419,2960000,1200000
2022-08-04 12:30:29.303000,1.3343,1.33417,2960000,1200000
2022-08-04 12:30:29.355000,1.3343,1.33419,1920000,2820000
2022-08-04 12:30:30.065000,1.33431,1.3342,1320000,1320000
2022-08-04 12:30:30.168000,1.33433,1.33422,1320000,1320000
2022-08-04 12:30:30.270000,1.33433,1.33421,1320000,3190000
2022-08-04 12:30:30.474000,1.33435,1.33424,2520000,1460000
2022-08-04 12:30:30.577000,1.33437,1.33425,2520000,2220000
2022-08-04 12:30:30.679000,1.33439,1.33428,1320000,2820000
2022-08-04 12:30:30.984000,1.33442,1.33429,5220000,5220000
2022-08-04 12:30:31.087000,1.33443,1.33431,1320000,2520000
2022-08-04 12:30:31.241000,1.33444,1.33431,3420000,1920000
2022-08-04 12:30:31.343000,1.33444,1.33431,1920000,5220000
2022-08-04 12:30:32.037000,1.33443,1.33431,1320000,5060000
2022-08-04 12:30:33.855000,1.33444,1.33433,1560000,4500000
2022-08-04 12:30:33.958000,1.33448,1.33441,1200000,3240000
2022-08-04 12:30:34.060000,1.33453,1.33442,3420000,5940000
2022-08-04 12:30:34.213000,1.33452,1.33441,1320000,2780000
2022-08-04 12:30:35.062000,1.33452,1.33441,2160000,2360000
2022-08-04 12:30:35.519000,1.33452,1.33441,1920000,9490000
2022-08-04 12:30:35.622000,1.33453,1.33441,3600000,6560000
2022-08-04 12:30:35.775000,1.33453,1.33443,2060000,1320000
2022-08-04 12:30:35.877000,1.33437,1.33435,1320000,1800000
2022-08-04 12:30:35.929000,1.33437,1.33429,1320000,1200000
2022-08-04 12:30:35.980000,1.33436,1.33427,1320000,1560000
2022-08-04 12:30:36.082000,1.33433,1.33424,2960000,3600000
2022-08-04 12:30:36.134000,1.33431,1.3342,1320000,4140000
2022-08-04 12:30:36.439000,1.33429,1.3342,1320000,1320000
2022-08-04 12:30:36.541000,1.33429,1.33418,1320000,1320000
2022-08-04 12:30:37.049000,1.33434,1.33422,2060000,4320000
2022-08-04 12:30:37.752000,1.33429,1.33419,1320000,5060000
2022-08-04 12:30:37.854000,1.3343,1.33418,2960000,1320000
2022-08-04 12:30:38.781000,1.33427,1.33416,2960000,4810000
2022-08-04 12:30:38.884000,1.33424,1.33414,1320000,1320000
2022-08-04 12:30:39.579000,1.33428,1.33419,7740000,2060000
2022-08-04 12:30:39.681000,1.3343,1.33417,3420000,2960000
2022-08-04 12:30:39.783000,1.33424,1.33413,4760000,4760000
2022-08-04 12:30:39.885000,1.33421,1.33412,4040000,1320000
2022-08-04 12:30:39.937000,1.33424,1.33412,1200000,1320000
2022-08-04 12:30:40.039000,1.33425,1.33413,1320000,1320000
2022-08-04 12:30:40.192000,1.33424,1.33413,1920000,1320000
2022-08-04 12:30:40.345000,1.33422,1.33412,1320000,1920000
2022-08-04 12:30:40.446000,1.33422,1.33412,1320000,3420000
2022-08-04 12:30:40.701000,1.33425,1.33414,1920000,2520000
2022-08-04 12:30:40.803000,1.33427,1.33416,1320000,6560000
2022-08-04 12:30:40.905000,1.33427,1.33417,1320000,5220000
2022-08-04 12:30:41.967000,1.33431,1.33422,1340000,4320000
2022-08-04 12:30:42.070000,1.33433,1.3342,1320000,3420000
2022-08-04 12:30:42.273000,1.33428,1.3342,2520000,1200000
2022-08-04 12:30:42.325000,1.33425,1.33416,3420000,5630000
2022-08-04 12:30:42.427000,1.33424,1.33413,1320000,1320000
2022-08-04 12:30:43.166000,1.33424,1.33412,5220000,5890000
2022-08-04 12:30:43.319000,1.33424,1.33413,1320000,2520000
2022-08-04 12:30:43.938000,1.33425,1.33414,1800000,2520000
2022-08-04 12:30:44.345000,1.33423,1.33413,1320000,4990000
2022-08-04 12:30:44.396000,1.33424,1.33411,1320000,6420000
2022-08-04 12:30:44.498000,1.33423,1.33412,1320000,3860000
2022-08-04 12:30:44.752000,1.33423,1.33413,1320000,4320000
2022-08-04 12:30:44.854000,1.33424,1.33414,1320000,3420000
2022-08-04 12:30:44.956000,1.33427,1.33416,1320000,4620000
2022-08-04 12:30:45.109000,1.33427,1.33417,1320000,4320000
2022-08-04 12:30:45.212000,1.33431,1.33421,2060000,1320000
2022-08-04 12:30:45.314000,1.33433,1.33423,2520000,1320000
2022-08-04 12:30:45.672000,1.33435,1.33423,1340000,1320000
2022-08-04 12:30:46.742000,1.33435,1.33424,4680000,4990000
2022-08-04 12:30:46.945000,1.33439,1.33435,1340000,1460000
2022-08-04 12:30:47.048000,1.33447,1.33436,1320000,2960000
2022-08-04 12:30:47.556000,1.33447,1.33434,1920000,5060000
2022-08-04 12:30:47.912000,1.33447,1.33435,1920000,3650000
2022-08-04 12:30:47.963000,1.33449,1.33442,4940000,1920000
2022-08-04 12:30:48.065000,1.33455,1.33444,2340000,2520000
2022-08-04 12:30:48.168000,1.33455,1.33443,1320000,4760000
2022-08-04 12:30:48.371000,1.33452,1.33443,1320000,4990000
2022-08-04 12:30:48.473000,1.33453,1.33443,1320000,1320000
2022-08-04 12:30:48.575000,1.33454,1.33443,1920000,1320000
2022-08-04 12:30:48.677000,1.33454,1.33442,1320000,1320000
2022-08-04 12:30:48.779000,1.33455,1.33442,1320000,1320000
2022-08-04 12:30:49.490000,1.33454,1.33443,1440000,3190000
2022-08-04 12:30:49.643000,1.33454,1.33443,1920000,1320000
2022-08-04 12:30:50.108000,1.33452,1.33442,1320000,1620000
2022-08-04 12:30:50.210000,1.33453,1.33442,1320000,1320000
2022-08-04 12:30:50.312000,1.33452,1.33442,1920000,1320000
2022-08-04 12:30:50.668000,1.33452,1.33442,1320000,2060000
2022-08-04 12:30:51.425000,1.3345,1.33442,1320000,3830000
2022-08-04 12:30:51.527000,1.33451,1.33441,1920000,1620000
2022-08-04 12:30:51.781000,1.33451,1.33441,1440000,4990000
2022-08-04 12:30:51.883000,1.33449,1.3344,1320000,4320000
2022-08-04 12:30:51.986000,1.33459,1.33451,1440000,1460000
2022-08-04 12:30:52.088000,1.33461,1.33451,1320000,1620000
2022-08-04 12:30:52.190000,1.33462,1.33451,1920000,1620000
2022-08-04 12:30:52.292000,1.33461,1.33451,1320000,4990000
2022-08-04 12:30:52.394000,1.33462,1.33452,5220000,4140000
2022-08-04 12:30:52.496000,1.33461,1.33451,1320000,6790000
2022-08-04 12:30:53.138000,1.33459,1.3345,1320000,5890000
2022-08-04 12:30:53.240000,1.3346,1.33451,1320000,4620000
2022-08-04 12:30:57.110000,1.33466,1.33459,1340000,1320000
2022-08-04 12:30:57.161000,1.33472,1.33465,3600000,1320000
2022-08-04 12:30:57.264000,1.33475,1.33463,1920000,4760000
2022-08-04 12:30:57.315000,1.33477,1.33463,2060000,6560000
2022-08-04 12:30:57.417000,1.33478,1.33472,1340000,1320000
2022-08-04 12:30:57.520000,1.33482,1.33472,2060000,4760000
2022-08-04 12:30:57.622000,1.33497,1.33485,4320000,1460000
2022-08-04 12:30:57.673000,1.33493,1.33487,1940000,1920000
2022-08-04 12:30:57.776000,1.33501,1.33492,5220000,1460000
2022-08-04 12:30:57.827000,1.33501,1.33493,1620000,3600000
2022-08-04 12:30:57.878000,1.33501,1.33489,4320000,4760000
2022-08-04 12:30:58.031000,1.33499,1.33488,1320000,1620000
2022-08-04 12:30:58.133000,1.335,1.33488,1320000,4390000
2022-08-04 12:30:58.489000,1.33503,1.33489,4760000,1320000
2022-08-04 12:30:59.098000,1.33503,1.33491,2520000,2060000
2022-08-04 12:30:59.304000,1.33501,1.33489,2960000,1920000
2022-08-04 12:30:59.457000,1.335,1.33489,3860000,1320000
2022-08-04 12:30:59.559000,1.33499,1.33487,1440000,7250000
2022-08-04 12:30:59.611000,1.33499,1.33492,1200000,1620000
2022-08-04 12:30:59.662000,1.33504,1.33493,4320000,1620000
2022-08-04 12:30:59.764000,1.33503,1.33493,4140000,2220000
2022-08-04 12:31:00.251000,1.33504,1.33496,1800000,3190000
2022-08-04 12:31:00.303000,1.33503,1.33497,1320000,1200000
2022-08-04 12:31:00.405000,1.33504,1.33496,1880000,1320000
2022-08-04 12:31:00.456000,1.33504,1.33496,2360000,1970000
2022-08-04 12:31:00.559000,1.33504,1.33496,2520000,1800000
2022-08-04 12:31:00.610000,1.33504,1.33495,2360000,3050000
2022-08-04 12:31:00.763000,1.33504,1.33495,2520000,2870000
2022-08-04 12:31:00.865000,1.33504,1.33495,2520000,1670000
2022-08-04 12:31:00.977000,1.33504,1.33496,2360000,1440000
2022-08-04 12:31:01.080000,1.33504,1.33495,2520000,2640000
2022-08-04 12:31:01.131000,1.33504,1.33495,2520000,1670000
2022-08-04 12:31:01.233000,1.33504,1.33495,2520000,2870000
2022-08-04 12:31:01.335000,1.33502,1.33494,3860000,3000000
2022-08-04 12:31:01.387000,1.33501,1.33489,3420000,1320000
2022-08-04 12:31:01.438000,1.335,1.33488,7020000,1920000
2022-08-04 12:31:01.947000,1.33499,1.33488,2960000,1320000
2022-08-04 12:31:02.151000,1.33497,1.33486,1920000,1920000
2022-08-04 12:31:02.253000,1.33498,1.33488,1320000,1320000
2022-08-04 12:31:02.507000,1.33499,1.33488,1320000,1320000
2022-08-04 12:31:02.812000,1.33499,1.33488,2960000,1320000
2022-08-04 12:31:03.118000,1.33497,1.33487,1920000,1320000
2022-08-04 12:31:03.474000,1.33497,1.33486,3860000,1320000
2022-08-04 12:31:04.065000,1.33497,1.33486,2060000,1320000
2022-08-04 12:31:04.167000,1.33498,1.33487,1320000,1320000
2022-08-04 12:31:04.319000,1.33498,1.33487,2960000,1320000
2022-08-04 12:31:04.822000,1.33498,1.33487,1320000,1320000
2022-08-04 12:31:04.874000,1.33499,1.33489,4760000,1320000
2022-08-04 12:31:04.976000,1.33499,1.33489,3420000,1320000
2022-08-04 12:31:05.107000,1.33501,1.33492,1320000,1210000
2022-08-04 12:31:05.310000,1.33503,1.33493,2520000,4880000
2022-08-04 12:31:05.362000,1.33503,1.33493,1920000,5060000
2022-08-04 12:31:05.413000,1.33504,1.33498,1880000,1800000
2022-08-04 12:31:05.516000,1.33503,1.33493,2520000,1740000
2022-08-04 12:31:05.618000,1.33504,1.33494,6420000,5940000
2022-08-04 12:31:05.720000,1.33504,1.33494,4320000,6240000
2022-08-04 12:31:05.822000,1.33503,1.33493,4760000,1620000
2022-08-04 12:31:06.128000,1.33504,1.33496,3600000,1440000
2022-08-04 12:31:06.230000,1.33503,1.33493,6120000,5340000
2022-08-04 12:31:06.281000,1.33504,1.33492,7320000,1920000
2022-08-04 12:31:06.384000,1.33504,1.33494,4850000,2360000
2022-08-04 12:31:06.486000,1.33504,1.33493,6350000,4390000
2022-08-04 12:31:06.588000,1.33503,1.33493,2220000,2520000
2022-08-04 12:31:06.690000,1.33503,1.33494,5450000,1320000
2022-08-04 12:31:06.741000,1.33502,1.33494,7020000,1200000
2022-08-04 12:31:06.844000,1.335,1.33491,1920000,1460000
2022-08-04 12:31:07.098000,1.335,1.33491,4140000,1920000
2022-08-04 12:31:07.200000,1.33501,1.33491,4320000,1440000
2022-08-04 12:31:07.251000,1.33501,1.33493,4760000,1200000
2022-08-04 12:31:07.354000,1.33501,1.33492,6560000,1200000
2022-08-04 12:31:07.763000,1.33501,1.33492,7250000,1200000
2022-08-04 12:31:07.916000,1.33504,1.33498,2520000,1200000
2022-08-04 12:31:08.018000,1.33504,1.33495,2750000,1760000
2022-08-04 12:31:08.222000,1.33504,1.33496,2340000,1320000
2022-08-04 12:31:08.655000,1.33504,1.33495,2520000,5520000
2022-08-04 12:31:08.808000,1.33504,1.33496,2340000,1320000
2022-08-04 12:31:09.011000,1.33504,1.33494,2750000,8590000
2022-08-04 12:31:09.113000,1.33504,1.33496,2340000,1320000
2022-08-04 12:31:10.228000,1.33504,1.33497,1200000,1320000
2022-08-04 12:31:10.330000,1.33505,1.33497,1920000,1800000
2022-08-04 12:31:10.382000,1.33504,1.33496,2340000,1320000
2022-08-04 12:31:10.788000,1.33505,1.33495,4320000,3600000
2022-08-04 12:31:10.891000,1.33504,1.33493,5750000,1320000
2022-08-04 12:31:11.068000,1.335,1.3349,2520000,3350000
2022-08-04 12:31:11.120000,1.335,1.33488,8150000,5060000
2022-08-04 12:31:11.222000,1.335,1.33488,5220000,5220000
2022-08-04 12:31:11.476000,1.335,1.33491,5220000,1200000
2022-08-04 12:31:11.578000,1.335,1.33488,1920000,1920000
2022-08-04 12:31:11.680000,1.335,1.33491,1920000,1200000
2022-08-04 12:31:12.086000,1.335,1.33488,1920000,1320000
2022-08-04 12:31:12.239000,1.33501,1.33491,4580000,3420000
2022-08-04 12:31:12.342000,1.33503,1.33494,1620000,5060000
2022-08-04 12:31:12.647000,1.33502,1.33494,1320000,2030000
2022-08-04 12:31:12.749000,1.335,1.3349,1320000,6560000
2022-08-04 12:31:12.952000,1.33501,1.33491,5220000,4620000
2022-08-04 12:31:14.183000,1.33501,1.33489,8360000,1320000
2022-08-04 12:31:14.488000,1.33499,1.33488,1920000,1320000
2022-08-04 12:31:14.590000,1.33499,1.33488,5220000,1320000
2022-08-04 12:31:16.490000,1.335,1.33491,5220000,1320000
2022-08-04 12:31:16.643000,1.33499,1.33491,1320000,3680000
2022-08-04 12:31:16.746000,1.33498,1.33486,3720000,1320000
2022-08-04 12:31:16.848000,1.33496,1.33488,1200000,1320000
2022-08-04 12:31:16.950000,1.33499,1.33489,2060000,1320000
2022-08-04 12:31:17.273000,1.33499,1.33489,5220000,5040000
2022-08-04 12:31:17.476000,1.33499,1.33489,1920000,4320000
2022-08-04 12:31:17.883000,1.33499,1.33489,3420000,1320000
2022-08-04 12:31:17.984000,1.33499,1.33488,1920000,1320000
2022-08-04 12:31:18.349000,1.33499,1.33488,2520000,1920000
2022-08-04 12:31:18.450000,1.33499,1.3349,2520000,3600000
2022-08-04 12:31:18.553000,1.33492,1.33485,5220000,2700000
2022-08-04 12:31:18.655000,1.33491,1.3348,4320000,1920000
2022-08-04 12:31:18.706000,1.33491,1.33481,4140000,2520000
2022-08-04 12:31:18.809000,1.33491,1.33481,5220000,4620000
2022-08-04 12:31:19.419000,1.3349,1.3348,5660000,4160000
2022-08-04 12:31:19.571000,1.3349,1.33481,1920000,4140000
2022-08-04 12:31:20.297000,1.33487,1.33478,1920000,4390000
2022-08-04 12:31:20.400000,1.33484,1.33475,1920000,1760000
2022-08-04 12:31:20.502000,1.33484,1.33479,1200000,1320000
2022-08-04 12:31:20.554000,1.3349,1.33479,3190000,3680000
2022-08-04 12:31:20.605000,1.33489,1.3348,1440000,4320000
2022-08-04 12:31:20.707000,1.3349,1.33481,2220000,4160000
2022-08-04 12:31:20.809000,1.3349,1.33482,1920000,3680000
2022-08-04 12:31:21.830000,1.33491,1.33483,1920000,3600000
2022-08-04 12:31:21.932000,1.33491,1.33482,1920000,3680000
2022-08-04 12:31:22.175000,1.33491,1.33482,1920000,4160000
2022-08-04 12:31:22.534000,1.33492,1.33481,1920000,4140000
2022-08-04 12:31:22.637000,1.33487,1.33478,2340000,1920000
2022-08-04 12:31:22.739000,1.3349,1.33482,1320000,4140000
2022-08-04 12:31:23.153000,1.33494,1.33482,7940000,1920000
2022-08-04 12:31:23.255000,1.33496,1.33485,4810000,2520000
2022-08-04 12:31:23.975000,1.33496,1.33487,1340000,4320000
2022-08-04 12:31:24.077000,1.33499,1.3349,1740000,6120000
2022-08-04 12:31:24.129000,1.335,1.33491,1200000,2960000
2022-08-04 12:31:24.180000,1.33502,1.33498,1200000,1800000
2022-08-04 12:31:24.232000,1.33504,1.33495,3770000,4850000
2022-08-04 12:31:24.334000,1.33504,1.33495,2960000,5340000
2022-08-04 12:31:24.436000,1.33504,1.33495,2360000,4160000
2022-08-04 12:31:24.639000,1.33504,1.33496,2640000,5220000
2022-08-04 12:31:24.792000,1.33504,1.33496,2660000,1320000
2022-08-04 12:31:26.244000,1.33504,1.33498,2340000,1200000
2022-08-04 12:31:26.347000,1.33503,1.33497,1320000,1200000
2022-08-04 12:31:26.449000,1.33503,1.33496,3650000,1200000
2022-08-04 12:31:26.551000,1.33502,1.33495,1320000,1200000
2022-08-04 12:31:26.773000,1.33501,1.33494,5220000,1200000
2022-08-04 12:31:26.876000,1.33497,1.33486,2060000,1740000
2022-08-04 12:31:26.978000,1.33496,1.3349,1200000,1320000
2022-08-04 12:31:27.081000,1.33501,1.33491,4140000,1320000
2022-08-04 12:31:27.749000,1.33499,1.33492,2520000,1200000
2022-08-04 12:31:27.852000,1.335,1.33494,2700000,4580000
2022-08-04 12:31:27.954000,1.33503,1.33495,1320000,2180000
2022-08-04 12:31:28.056000,1.33503,1.33495,1320000,1210000
2022-08-04 12:31:28.725000,1.33504,1.33495,4320000,1620000
2022-08-04 12:31:29.084000,1.33504,1.33495,4550000,1320000
2022-08-04 12:31:29.186000,1.33504,1.33495,10020000,1200000
2022-08-04 12:31:29.441000,1.33503,1.33495,4760000,1500000
2022-08-04 12:31:29.645000,1.33503,1.33495,1320000,1200000
2022-08-04 12:31:30.002000,1.33503,1.33494,1620000,1440000
2022-08-04 12:31:30.104000,1.33503,1.33495,1620000,1200000
2022-08-04 12:31:31.428000,1.33502,1.33495,2750000,1200000
2022-08-04 12:31:31.531000,1.335,1.33493,2060000,1200000
2022-08-04 12:31:31.633000,1.33501,1.33494,5660000,1200000
2022-08-04 12:31:32.395000,1.33501,1.33494,2060000,1200000
2022-08-04 12:31:34.625000,1.33501,1.33494,1440000,1200000
2022-08-04 12:31:34.778000,1.335,1.33494,1200000,1200000
2022-08-04 12:31:34.982000,1.335,1.33494,2520000,1200000
2022-08-04 12:31:35.033000,1.33499,1.33492,1440000,1200000
2022-08-04 12:31:35.136000,1.33499,1.3349,1460000,1200000
2022-08-04 12:31:35.238000,1.33496,1.33484,4140000,2520000
2022-08-04 12:31:35.340000,1.33496,1.33488,1460000,4580000
2022-08-04 12:31:35.595000,1.33495,1.33488,4320000,1340000
2022-08-04 12:31:35.647000,1.33494,1.33485,1920000,1920000
2022-08-04 12:31:35.850000,1.33496,1.33485,5940000,1460000
2022-08-04 12:31:35.952000,1.33496,1.33485,6120000,1320000
2022-08-04 12:31:36.055000,1.33493,1.33484,1920000,1320000
2022-08-04 12:31:36.106000,1.33493,1.33482,7920000,2220000
2022-08-04 12:31:36.208000,1.33491,1.33481,2060000,3120000
2022-08-04 12:31:36.311000,1.33491,1.33483,1320000,1440000
2022-08-04 12:31:37.095000,1.33493,1.33485,5400000,1320000
2022-08-04 12:31:37.197000,1.33495,1.33488,2040000,1200000
2022-08-04 12:31:37.350000,1.33495,1.33488,1880000,1200000
2022-08-04 12:31:37.451000,1.33494,1.33488,1320000,1200000
2022-08-04 12:31:37.558000,1.33494,1.33487,1320000,1200000
2022-08-04 12:31:37.737000,1.33494,1.33487,1320000,1200000
2022-08-04 12:31:37.840000,1.33489,1.3348,1320000,1200000
2022-08-04 12:31:38.298000,1.33488,1.33481,5220000,1200000
2022-08-04 12:31:38.654000,1.33488,1.33481,7920000,1200000
2022-08-04 12:31:39.213000,1.33485,1.33481,1320000,1200000
2022-08-04 12:31:39.518000,1.33485,1.33481,1460000,1200000
2022-08-04 12:31:39.620000,1.33485,1.3348,4760000,1200000
2022-08-04 12:31:39.773000,1.33484,1.33476,4320000,1440000
2022-08-04 12:31:40.027000,1.33484,1.33476,3680000,1460000
2022-08-04 12:31:40.078000,1.33485,1.33481,1920000,1200000
2022-08-04 12:31:40.333000,1.33484,1.33475,5520000,1460000
2022-08-04 12:31:40.384000,1.33485,1.33481,1320000,1200000
2022-08-04 12:31:40.486000,1.33485,1.33481,4140000,1200000
2022-08-04 12:31:40.639000,1.33484,1.3348,1320000,1200000
2022-08-04 12:31:41.282000,1.33484,1.3348,1320000,1200000
2022-08-04 12:31:41.384000,1.33487,1.3348,4620000,1200000
2022-08-04 12:31:41.537000,1.33485,1.33481,4760000,1200000
2022-08-04 12:31:43.249000,1.33487,1.3348,4740000,1200000
2022-08-04 12:31:43.351000,1.33486,1.3348,1320000,1200000
2022-08-04 12:31:43.980000,1.33486,1.33481,4620000,1200000
2022-08-04 12:31:44.234000,1.33486,1.33481,1320000,1200000
2022-08-04 12:31:44.392000,1.33486,1.33481,1320000,1200000
2022-08-04 12:31:44.767000,1.33483,1.3348,1320000,1200000
2022-08-04 12:31:44.869000,1.33482,1.33473,1320000,1620000
2022-08-04 12:31:45.377000,1.33483,1.33472,1320000,1320000
2022-08-04 12:31:45.429000,1.33476,1.3347,1320000,1200000
2022-08-04 12:31:45.531000,1.33479,1.3347,3380000,4320000
2022-08-04 12:31:45.633000,1.33481,1.33472,4020000,1320000
2022-08-04 12:31:45.736000,1.33482,1.33473,1320000,1320000
2022-08-04 12:31:45.888000,1.33481,1.33472,1320000,4140000
2022-08-04 12:31:45.940000,1.33477,1.3347,1320000,4140000
2022-08-04 12:31:46.093000,1.3348,1.33469,2520000,4850000
2022-08-04 12:31:46.655000,1.33481,1.3347,4740000,1320000
2022-08-04 12:31:46.757000,1.33481,1.33471,1920000,1320000
2022-08-04 12:31:47.569000,1.33481,1.33472,1320000,2290000
2022-08-04 12:31:47.672000,1.33484,1.33475,1320000,1620000
2022-08-04 12:31:47.774000,1.33485,1.33476,1920000,1320000
2022-08-04 12:31:48.028000,1.33486,1.33476,6540000,1320000
2022-08-04 12:31:48.079000,1.33487,1.33476,2340000,1320000
2022-08-04 12:31:49.242000,1.33488,1.33481,1680000,2060000
2022-08-04 12:31:49.294000,1.33493,1.33484,1200000,1320000
2022-08-04 12:31:49.345000,1.33492,1.33486,1200000,1320000
2022-08-04 12:31:49.397000,1.33496,1.33486,2340000,1320000
2022-08-04 12:31:50.576000,1.33498,1.33487,1320000,1320000
2022-08-04 12:31:50.679000,1.33495,1.33485,1320000,7550000
2022-08-04 12:31:50.781000,1.33494,1.33484,1320000,5290000
2022-08-04 12:31:50.833000,1.33492,1.33484,1320000,1210000
2022-08-04 12:31:50.935000,1.33493,1.33485,1320000,1320000
2022-08-04 12:31:51.195000,1.33492,1.33484,4040000,1920000
2022-08-04 12:31:52.534000,1.33494,1.33486,1320000,1320000
2022-08-04 12:31:52.636000,1.33495,1.33486,1880000,1320000
2022-08-04 12:31:52.857000,1.33494,1.33486,1320000,1320000
2022-08-04 12:31:54.615000,1.33495,1.33486,1320000,1320000
2022-08-04 12:31:54.825000,1.33494,1.33486,1320000,1320000
2022-08-04 12:31:55.792000,1.33496,1.33489,8000000,1920000
2022-08-04 12:31:55.843000,1.33498,1.33491,2030000,5520000
2022-08-04 12:31:55.894000,1.33495,1.33491,1920000,1500000
2022-08-04 12:31:55.997000,1.33496,1.3349,2480000,1500000
2022-08-04 12:31:56.048000,1.33496,1.33487,1320000,1320000
2022-08-04 12:31:56.201000,1.33495,1.33487,1320000,1320000
2022-08-04 12:31:56.760000,1.33494,1.33485,1320000,6560000
2022-08-04 12:31:57.482000,1.33495,1.33486,2340000,1620000
2022-08-04 12:31:58.265000,1.33495,1.33485,1920000,1620000
2022-08-04 12:31:58.621000,1.33495,1.33485,2520000,1320000
2022-08-04 12:31:59.106000,1.33491,1.33482,1440000,1320000
2022-08-04 12:31:59.208000,1.33491,1.33481,2520000,1320000
2022-08-04 12:31:59.310000,1.33491,1.33482,1880000,1320000
2022-08-04 12:31:59.413000,1.33491,1.33482,1920000,4140000
2022-08-04 12:31:59.819000,1.33492,1.33482,1320000,1320000
2022-08-04 12:32:00.197000,1.33492,1.33481,1920000,1320000
2022-08-04 12:32:00.299000,1.33491,1.33481,1920000,4580000
2022-08-04 12:32:00.350000,1.33493,1.33481,4320000,1320000
2022-08-04 12:32:00.452000,1.33493,1.33483,5220000,1320000
2022-08-04 12:32:01.671000,1.33492,1.33482,4140000,6560000
2022-08-04 12:32:01.773000,1.33494,1.33486,2340000,1320000
2022-08-04 12:32:02.485000,1.33495,1.33484,3860000,3600000
2022-08-04 12:32:02.587000,1.33493,1.33483,4320000,4760000
2022-08-04 12:32:03.714000,1.33492,1.33482,2960000,4160000
2022-08-04 12:32:03.969000,1.33487,1.33478,2520000,5960000
2022-08-04 12:32:04.122000,1.33487,1.33479,1440000,4620000
2022-08-04 12:32:04.377000,1.3349,1.33479,1200000,4320000
2022-08-04 12:32:04.479000,1.33492,1.33481,1320000,1920000
2022-08-04 12:32:04.734000,1.33492,1.33482,4320000,4320000
2022-08-04 12:32:04.836000,1.33496,1.33487,1320000,1320000
2022-08-04 12:32:05.040000,1.33496,1.33486,1920000,1620000
2022-08-04 12:32:05.142000,1.33497,1.33487,5660000,1320000
2022-08-04 12:32:06.447000,1.33496,1.33486,2520000,1920000
2022-08-04 12:32:06.549000,1.33496,1.33486,2960000,1620000
2022-08-04 12:32:06.905000,1.33495,1.33486,1620000,1320000
2022-08-04 12:32:07.209000,1.33495,1.33485,4810000,4760000
2022-08-04 12:32:07.362000,1.33495,1.33485,4320000,1320000
2022-08-04 12:32:07.465000,1.33495,1.33486,4370000,1320000
2022-08-04 12:32:07.668000,1.33495,1.33486,2060000,1320000
2022-08-04 12:32:07.973000,1.33495,1.33484,2960000,2220000
2022-08-04 12:32:08.126000,1.33495,1.33484,7020000,1620000
2022-08-04 12:32:09.300000,1.33495,1.33487,5710000,1320000
2022-08-04 12:32:09.748000,1.33494,1.33484,2060000,1920000
2022-08-04 12:32:10.205000,1.33493,1.33484,1320000,1320000
2022-08-04 12:32:10.308000,1.33487,1.33478,4760000,2030000
2022-08-04 12:32:10.410000,1.33484,1.33475,2340000,2220000
2022-08-04 12:32:10.513000,1.33486,1.33475,5480000,1320000
2022-08-04 12:32:10.666000,1.33487,1.33478,4810000,1320000
2022-08-04 12:32:11.022000,1.33488,1.33478,7920000,4140000
2022-08-04 12:32:11.124000,1.33486,1.33476,2060000,1320000
2022-08-04 12:32:11.277000,1.33487,1.33477,6120000,4320000
2022-08-04 12:32:11.379000,1.33486,1.33476,4320000,4990000
2022-08-04 12:32:12.028000,1.33485,1.33476,1920000,4140000
2022-08-04 12:32:12.130000,1.33484,1.33474,4760000,1320000
2022-08-04 12:32:12.232000,1.33485,1.33475,6560000,1320000
2022-08-04 12:32:12.334000,1.33486,1.33475,5220000,4760000
2022-08-04 12:32:12.741000,1.33484,1.33475,1440000,1320000
2022-08-04 12:32:12.844000,1.33485,1.33475,4320000,4580000
2022-08-04 12:32:13.642000,1.33486,1.33477,6120000,1320000
2022-08-04 12:32:14.404000,1.33484,1.33475,1440000,4760000
2022-08-04 12:32:15.374000,1.33483,1.33475,1320000,1320000
2022-08-04 12:32:16.292000,1.33482,1.33474,1920000,3600000
2022-08-04 12:32:16.395000,1.33478,1.3347,2480000,1920000
2022-08-04 12:32:16.522000,1.33479,1.3347,1320000,1320000
2022-08-04 12:32:16.676000,1.33479,1.3347,2060000,1320000
2022-08-04 12:32:16.778000,1.3348,1.3347,7380000,1320000
2022-08-04 12:32:16.829000,1.33475,1.33466,1320000,1320000
2022-08-04 12:32:16.932000,1.33469,1.33461,1320000,4390000
2022-08-04 12:32:16.983000,1.33471,1.33462,1320000,4320000
2022-08-04 12:32:17.136000,1.33469,1.3346,1320000,1620000
2022-08-04 12:32:17.238000,1.33468,1.33458,2060000,1620000
2022-08-04 12:32:17.340000,1.33468,1.33457,2520000,4760000
2022-08-04 12:32:17.595000,1.33464,1.33457,1920000,3600000
2022-08-04 12:32:17.697000,1.33464,1.33455,1320000,4040000
2022-08-04 12:32:18.358000,1.33463,1.33454,1320000,3680000
2022-08-04 12:32:18.460000,1.33463,1.33454,1320000,3600000
2022-08-04 12:32:18.562000,1.33463,1.33454,1320000,3680000
2022-08-04 12:32:19.180000,1.33463,1.33454,1320000,1920000
2022-08-04 12:32:19.740000,1.33464,1.33455,1320000,4320000
2022-08-04 12:32:19.995000,1.33466,1.33456,4320000,4320000
2022-08-04 12:32:22.808000,1.33461,1.33454,1320000,4160000
2022-08-04 12:32:22.911000,1.3346,1.33452,1320000,4620000
2022-08-04 12:32:23.013000,1.33459,1.3345,1320000,1320000
2022-08-04 12:32:23.115000,1.33459,1.3345,1320000,1320000
2022-08-04 12:32:23.268000,1.3346,1.33448,1320000,4740000
2022-08-04 12:32:23.370000,1.33458,1.33449,1320000,4580000
2022-08-04 12:32:23.472000,1.33458,1.33448,1320000,1320000
2022-08-04 12:32:23.927000,1.33458,1.33449,1320000,4580000
2022-08-04 12:32:24.799000,1.33458,1.33448,1320000,1800000
2022-08-04 12:32:25.562000,1.33458,1.33448,7020000,4200000
2022-08-04 12:32:25.664000,1.33456,1.33446,3420000,1220000
2022-08-04 12:32:25.766000,1.33455,1.33446,1320000,4040000
2022-08-04 12:32:25.869000,1.33456,1.33446,3420000,4200000
2022-08-04 12:32:25.971000,1.33456,1.33446,1920000,4200000
2022-08-04 12:32:26.378000,1.33455,1.33445,1320000,4740000
2022-08-04 12:32:26.480000,1.33451,1.33442,1920000,1880000
2022-08-04 12:32:26.583000,1.33452,1.33443,1320000,4040000
2022-08-04 12:32:26.736000,1.33452,1.33444,1320000,3600000
2022-08-04 12:32:26.787000,1.3345,1.33442,1320000,1800000
2022-08-04 12:32:26.839000,1.33449,1.33442,1920000,1340000
2022-08-04 12:32:26.992000,1.33449,1.33442,1320000,1340000
2022-08-04 12:32:27.246000,1.33449,1.33442,1920000,1340000
2022-08-04 12:32:29.735000,1.33446,1.33442,1320000,1340000
2022-08-04 12:32:29.939000,1.33442,1.33434,2220000,1370000
2022-08-04 12:32:30.041000,1.33441,1.33431,2820000,1880000
2022-08-04 12:32:30.194000,1.3344,1.33431,4390000,1920000
2022-08-04 12:32:30.448000,1.33441,1.33429,7920000,4640000
2022-08-04 12:32:30.500000,1.33438,1.33428,2520000,2810000
2022-08-04 12:32:30.602000,1.33436,1.33428,2060000,3600000
2022-08-04 12:32:30.654000,1.33436,1.33425,3420000,5040000
2022-08-04 12:32:30.806000,1.33436,1.33426,7920000,3600000
2022-08-04 12:32:30.912000,1.33435,1.33426,3420000,3600000
2022-08-04 12:32:31.014000,1.33434,1.33424,3860000,4200000
2022-08-04 12:32:31.066000,1.33433,1.33422,3160000,1440000
2022-08-04 12:32:31.219000,1.3343,1.33422,1320000,3600000
2022-08-04 12:32:31.270000,1.33427,1.33417,5450000,3600000
2022-08-04 12:32:31.322000,1.33426,1.33415,5060000,2110000
2022-08-04 12:32:31.475000,1.33426,1.33416,7020000,4580000
2022-08-04 12:32:32.086000,1.33425,1.33413,6120000,7020000
2022-08-04 12:32:32.137000,1.33424,1.33413,2520000,5940000
2022-08-04 12:32:32.188000,1.33424,1.33417,2520000,2600000
2022-08-04 12:32:32.341000,1.33425,1.33417,7920000,2600000
2022-08-04 12:32:32.944000,1.33425,1.33417,4160000,2700000
2022-08-04 12:32:32.995000,1.3344,1.33429,6560000,5520000
2022-08-04 12:32:33.097000,1.3344,1.33429,7920000,5960000
2022-08-04 12:32:33.149000,1.33441,1.33428,3490000,2060000
2022-08-04 12:32:33.403000,1.3344,1.3343,4760000,4550000
2022-08-04 12:32:33.810000,1.33441,1.33429,4320000,8150000
2022-08-04 12:32:34.901000,1.33444,1.3344,1200000,1200000
2022-08-04 12:32:34.953000,1.33445,1.33438,2700000,1620000
2022-08-04 12:32:35.004000,1.33448,1.33438,1320000,1320000
2022-08-04 12:32:35.106000,1.33449,1.33437,4580000,4320000
2022-08-04 12:32:35.767000,1.33449,1.33439,3600000,2960000
2022-08-04 12:32:35.869000,1.33451,1.33441,4140000,4320000
2022-08-04 12:32:36.367000,1.33452,1.33439,7920000,9260000
2022-08-04 12:32:36.470000,1.3345,1.33439,1920000,5220000
2022-08-04 12:32:37.095000,1.33446,1.33438,1440000,4320000
2022-08-04 12:32:37.197000,1.33445,1.33434,4760000,1460000
2022-08-04 12:32:37.350000,1.33445,1.33435,5660000,4160000
2022-08-04 12:32:37.605000,1.33445,1.33435,7920000,3680000
2022-08-04 12:32:37.961000,1.33444,1.33433,3420000,1320000
2022-08-04 12:32:38.063000,1.33445,1.33433,6560000,2960000
2022-08-04 12:32:38.216000,1.33445,1.33434,1320000,6120000
2022-08-04 12:32:38.319000,1.33445,1.33434,3860000,4160000
2022-08-04 12:32:38.421000,1.33445,1.33435,4760000,4160000
2022-08-04 12:32:38.523000,1.33444,1.33433,3860000,4160000
2022-08-04 12:32:38.625000,1.33444,1.33434,4320000,4320000
2022-08-04 12:32:39.134000,1.3344,1.33434,1670000,3600000
2022-08-04 12:32:39.236000,1.33439,1.33432,5450000,1200000
2022-08-04 12:32:39.287000,1.3343,1.33426,1500000,1820000
2022-08-04 12:32:39.390000,1.33423,1.33418,1200000,3900000
2022-08-04 12:32:39.503000,1.33425,1.33417,1320000,3000000
2022-08-04 12:32:39.612000,1.33425,1.33417,1320000,2700000
2022-08-04 12:32:39.663000,1.33424,1.33417,4320000,2600000
2022-08-04 12:32:39.816000,1.33424,1.33417,4760000,2600000
2022-08-04 12:32:40.223000,1.33424,1.33417,5660000,2600000
2022-08-04 12:32:40.325000,1.33426,1.33417,5400000,2700000
2022-08-04 12:32:40.580000,1.33427,1.33417,5660000,3180000
2022-08-04 12:32:40.682000,1.33428,1.33418,4140000,1320000
2022-08-04 12:32:40.784000,1.33431,1.33418,7460000,9120000
2022-08-04 12:32:40.887000,1.33434,1.33426,1820000,3420000
2022-08-04 12:32:40.989000,1.33439,1.33432,5660000,1200000
2022-08-04 12:32:41.346000,1.3344,1.33432,7040000,1200000
2022-08-04 12:32:42.008000,1.3344,1.33432,6410000,1460000
2022-08-04 12:32:42.110000,1.3344,1.33432,4320000,1210000
2022-08-04 12:32:42.263000,1.33441,1.33432,1920000,1460000
2022-08-04 12:32:42.314000,1.33438,1.33432,1920000,1200000
2022-08-04 12:32:42.417000,1.33435,1.33424,3420000,5360000
2022-08-04 12:32:42.519000,1.33435,1.33424,4760000,4320000
2022-08-04 12:32:42.621000,1.33435,1.33423,3420000,2060000
2022-08-04 12:32:42.724000,1.33435,1.33425,4320000,4320000
2022-08-04 12:32:42.826000,1.33436,1.33431,5660000,1200000
2022-08-04 12:32:42.877000,1.33436,1.33424,4320000,4620000
2022-08-04 12:32:43.081000,1.33436,1.33431,7460000,1200000
2022-08-04 12:32:43.183000,1.33436,1.33431,4990000,1200000
2022-08-04 12:32:43.234000,1.33435,1.33425,7020000,3680000
2022-08-04 12:32:43.946000,1.33431,1.33421,1920000,5060000
2022-08-04 12:32:44.048000,1.3343,1.3342,4320000,4160000
2022-08-04 12:32:45.258000,1.33429,1.33418,3600000,2520000
2022-08-04 12:32:45.309000,1.33431,1.33421,3420000,2220000
2022-08-04 12:32:45.767000,1.3343,1.3342,1920000,1920000
2022-08-04 12:32:45.869000,1.33428,1.33418,2520000,1320000
2022-08-04 12:32:45.972000,1.33426,1.33417,3420000,2700000
2022-08-04 12:32:46.125000,1.33428,1.33416,4760000,3180000
2022-08-04 12:32:46.278000,1.33427,1.33417,1320000,3320000
2022-08-04 12:32:46.939000,1.33427,1.33418,2060000,3680000
2022-08-04 12:32:47.041000,1.33426,1.33417,7920000,2600000
2022-08-04 12:32:47.143000,1.33427,1.33417,9720000,2700000
2022-08-04 12:32:47.296000,1.33426,1.33417,7020000,2600000
2022-08-04 12:32:47.449000,1.33426,1.33417,4320000,2700000
2022-08-04 12:32:48.016000,1.33426,1.33417,3860000,2600000
2022-08-04 12:32:48.585000,1.33426,1.33417,4760000,3140000
2022-08-04 12:32:49.093000,1.33427,1.33417,1320000,4010000
2022-08-04 12:32:49.196000,1.33428,1.33419,3680000,1920000
2022-08-04 12:32:51.133000,1.3343,1.33421,1320000,4760000
2022-08-04 12:32:51.235000,1.33429,1.33421,1320000,4140000
2022-08-04 12:32:52.126000,1.33429,1.3342,1320000,4320000
2022-08-04 12:32:52.229000,1.33434,1.33424,1220000,1320000
2022-08-04 12:32:52.331000,1.33435,1.33425,4320000,1920000
2022-08-04 12:32:52.484000,1.33436,1.33426,2060000,4160000
2022-08-04 12:32:53.043000,1.33437,1.33428,4040000,1920000
2022-08-04 12:32:53.145000,1.33443,1.33434,2700000,1320000
2022-08-04 12:32:53.248000,1.33445,1.33434,8820000,1320000
2022-08-04 12:32:53.554000,1.33445,1.33432,1920000,1320000
2022-08-04 12:32:53.656000,1.33445,1.33432,1440000,3190000
2022-08-04 12:32:53.758000,1.33444,1.33432,1920000,4990000
2022-08-04 12:32:53.860000,1.33444,1.33434,5940000,4320000
2022-08-04 12:32:53.962000,1.33444,1.33433,1920000,4550000
2022-08-04 12:32:54.268000,1.33444,1.33436,1200000,2960000
2022-08-04 12:32:54.472000,1.33451,1.33443,1220000,3190000
2022-08-04 12:32:54.524000,1.33453,1.3344,4760000,7090000
2022-08-04 12:32:55.433000,1.33452,1.33442,4140000,4550000
2022-08-04 12:32:56.111000,1.33453,1.33441,4760000,1920000
2022-08-04 12:32:59.023000,1.33453,1.33441,4760000,2960000
2022-08-04 12:32:59.330000,1.33453,1.33441,8820000,5660000
2022-08-04 12:33:00.143000,1.33453,1.33446,4500000,2520000
2022-08-04 12:33:00.194000,1.33458,1.33451,1340000,1920000
2022-08-04 12:33:00.245000,1.3346,1.33451,1880000,5660000
2022-08-04 12:33:00.348000,1.33461,1.33451,1320000,1320000
2022-08-04 12:33:00.856000,1.33463,1.33453,7460000,1320000
2022-08-04 12:33:00.958000,1.33462,1.33453,1320000,1440000
2022-08-04 12:33:02.388000,1.33457,1.33452,1200000,3600000
2022-08-04 12:33:02.490000,1.33455,1.33447,1200000,2060000
2022-08-04 12:33:02.542000,1.33457,1.33448,3680000,1320000
2022-08-04 12:33:02.695000,1.33454,1.33445,2960000,1200000
2022-08-04 12:33:02.823000,1.33454,1.33444,7320000,1320000
2022-08-04 12:33:03.077000,1.33454,1.33444,4580000,1320000
2022-08-04 12:33:03.180000,1.33456,1.33446,4500000,4760000
2022-08-04 12:33:03.485000,1.33453,1.33443,4320000,6950000
2022-08-04 12:33:03.537000,1.33453,1.33442,4140000,6860000
2022-08-04 12:33:03.639000,1.33457,1.33446,8110000,1320000
2022-08-04 12:33:03.741000,1.33456,1.33446,4320000,4760000
2022-08-04 12:33:04.301000,1.33453,1.33444,2520000,2930000
2022-08-04 12:33:04.403000,1.33453,1.33443,2960000,4140000
2022-08-04 12:33:04.505000,1.33455,1.33443,7920000,4580000
2022-08-04 12:33:04.608000,1.33454,1.33446,1440000,1620000
2022-08-04 12:33:04.710000,1.33457,1.33446,4320000,5060000
2022-08-04 12:33:07.550000,1.33459,1.33451,1220000,1920000
2022-08-04 12:33:07.601000,1.33461,1.33453,1320000,1320000
2022-08-04 12:33:07.704000,1.33462,1.33453,2520000,3600000
2022-08-04 12:33:07.806000,1.33462,1.33452,2520000,4140000
2022-08-04 12:33:07.908000,1.33463,1.33452,5220000,1320000
2022-08-04 12:33:08.010000,1.33464,1.33452,7020000,4140000
2022-08-04 12:33:08.113000,1.33457,1.3345,1800000,1800000
2022-08-04 12:33:08.215000,1.33454,1.33443,3420000,5220000
2022-08-04 12:33:08.317000,1.33457,1.33447,6120000,4140000
2022-08-04 12:33:08.420000,1.33457,1.33445,3420000,4270000
2022-08-04 12:33:08.522000,1.33453,1.33442,2060000,1920000
2022-08-04 12:33:08.625000,1.33453,1.33443,1320000,1320000
2022-08-04 12:33:08.727000,1.33453,1.33442,2060000,5060000
2022-08-04 12:33:08.829000,1.33451,1.3344,1920000,5060000
2022-08-04 12:33:08.931000,1.33449,1.33439,2520000,3900000
2022-08-04 12:33:08.983000,1.33448,1.33438,2520000,1320000
2022-08-04 12:33:09.339000,1.33446,1.33437,3420000,3600000
2022-08-04 12:33:09.391000,1.33443,1.33434,1920000,2500000
2022-08-04 12:33:09.493000,1.33442,1.33431,4760000,4920000
2022-08-04 12:33:09.595000,1.33442,1.33431,6560000,4440000
2022-08-04 12:33:09.697000,1.33442,1.33431,4760000,5060000
2022-08-04 12:33:09.901000,1.33443,1.33435,1320000,1670000
2022-08-04 12:33:10.004000,1.33445,1.33435,4320000,5710000
2022-08-04 12:33:10.106000,1.33446,1.33436,7020000,3600000
2022-08-04 12:33:10.208000,1.33447,1.33437,1320000,5780000
2022-08-04 12:33:10.340000,1.33448,1.33438,1320000,4370000
2022-08-04 12:33:10.493000,1.33448,1.33439,1320000,3600000
2022-08-04 12:33:12.390000,1.33447,1.33438,1320000,4140000
2022-08-04 12:33:13.160000,1.33448,1.33438,5220000,4550000
2022-08-04 12:33:13.262000,1.3345,1.33439,1320000,1320000
2022-08-04 12:33:13.364000,1.33448,1.33439,1320000,4580000
2022-08-04 12:33:13.466000,1.33447,1.33438,1440000,3600000
2022-08-04 12:33:13.724000,1.33447,1.33438,1740000,3600000
2022-08-04 12:33:13.826000,1.33444,1.33437,1320000,3600000
2022-08-04 12:33:13.877000,1.3344,1.33433,1460000,3600000
2022-08-04 12:33:13.980000,1.33439,1.33427,1320000,5990000
2022-08-04 12:33:14.031000,1.33434,1.33425,1320000,5420000
2022-08-04 12:33:14.133000,1.33433,1.33423,1920000,4340000
2022-08-04 12:33:14.236000,1.33433,1.33424,1920000,3600000
2022-08-04 12:33:14.338000,1.33433,1.33423,1920000,4040000
2022-08-04 12:33:14.389000,1.33435,1.33423,1320000,5450000
2022-08-04 12:33:14.491000,1.33435,1.33425,4760000,4970000
2022-08-04 12:33:14.593000,1.33435,1.33426,1320000,4580000
2022-08-04 12:33:15.118000,1.33438,1.33428,7640000,1320000
2022-08-04 12:33:15.662000,1.33435,1.33428,2060000,1200000
2022-08-04 12:33:15.713000,1.33433,1.33425,1320000,4040000
2022-08-04 12:33:15.968000,1.33436,1.33428,2520000,3600000
2022-08-04 12:33:16.121000,1.33437,1.33427,1320000,5040000
2022-08-04 12:33:16.223000,1.33437,1.33428,1320000,4140000
2022-08-04 12:33:16.325000,1.33437,1.33428,3860000,3600000
2022-08-04 12:33:16.427000,1.33438,1.33426,1320000,4760000
2022-08-04 12:33:16.529000,1.33437,1.33428,1320000,4320000
2022-08-04 12:33:17.423000,1.33437,1.33427,8360000,4580000
2022-08-04 12:33:17.525000,1.3343,1.33422,1620000,4140000
2022-08-04 12:33:21.255000,1.33434,1.33427,1440000,2750000
2022-08-04 12:33:21.357000,1.33441,1.33432,2290000,5220000
2022-08-04 12:33:21.460000,1.33444,1.33437,1500000,1920000
2022-08-04 12:33:21.511000,1.33446,1.33437,2820000,1920000
2022-08-04 12:33:21.562000,1.33446,1.33436,1320000,6120000
2022-08-04 12:33:21.665000,1.33445,1.33437,1320000,4140000
2022-08-04 12:33:21.818000,1.33446,1.33437,1320000,4760000
2022-08-04 12:33:21.970000,1.33447,1.33438,1320000,4320000
2022-08-04 12:33:22.124000,1.33449,1.33439,1340000,3420000
2022-08-04 12:33:22.226000,1.33451,1.33442,1320000,1320000
2022-08-04 12:33:22.329000,1.3345,1.33441,1320000,5220000
2022-08-04 12:33:22.961000,1.33445,1.33438,1200000,1620000
2022-08-04 12:33:23.064000,1.33445,1.33437,1320000,3600000
2022-08-04 12:33:23.166000,1.33443,1.33433,1320000,5890000
2022-08-04 12:33:23.217000,1.33441,1.33433,1320000,3680000
2022-08-04 12:33:23.523000,1.3344,1.33431,4140000,1320000
2022-08-04 12:33:23.727000,1.33443,1.33434,2590000,4760000
2022-08-04 12:33:24.236000,1.33445,1.33435,4760000,4760000
2022-08-04 12:33:24.389000,1.33443,1.33435,1320000,4140000
2022-08-04 12:33:24.542000,1.33442,1.33433,1320000,4580000
2022-08-04 12:33:24.644000,1.33436,1.33429,1320000,1200000
2022-08-04 12:33:24.696000,1.33436,1.33424,2060000,4760000
2022-08-04 12:33:24.798000,1.33435,1.33423,1320000,4760000
