time,ask,bid,ask_volume,bid_volume
2020-08-07 13:55:00.037000,1.0584,1.05837,1000000,2890000
2020-08-07 13:55:00.563000,1.05837,1.05836,1000000,1310000
2020-08-07 13:55:00.614000,1.05836,1.05834,1870000,1750000
2020-08-07 13:55:00.665000,1.05835,1.05832,1500000,2500000
2020-08-07 13:55:00.766000,1.05834,1.05832,1000000,3750000
2020-08-07 13:55:00.817000,1.05831,1.05829,1250000,1820000
2020-08-07 13:55:00.868000,1.05831,1.05828,1750000,4500000
2020-08-07 13:55:00.919000,1.05832,1.0583,1000000,3940000
2020-08-07 13:55:01.021000,1.05833,1.0583,1000000,1000000
2020-08-07 13:55:01.122000,1.05834,1.0583,1500000,6820000
2020-08-07 13:55:01.224000,1.05834,1.0583,1970000,7310000
2020-08-07 13:55:01.335000,1.05834,1.0583,1500000,6260000
2020-08-07 13:55:01.757000,1.05834,1.05831,1000000,1000000
2020-08-07 13:55:02.752000,1.05833,1.0583,1200000,1000000
2020-08-07 13:55:02.854000,1.05833,1.05829,1200000,6940000
2020-08-07 13:55:03.309000,1.05832,1.05828,1000000,6260000
2020-08-07 13:55:03.410000,1.05831,1.05827,2140000,5250000
2020-08-07 13:55:03.663000,1.05832,1.05829,1000000,3000000
2020-08-07 13:55:03.765000,1.05833,1.0583,1950000,1000000
2020-08-07 13:55:03.916000,1.05832,1.05829,1000000,4500000
2020-08-07 13:55:05.765000,1.05831,1.05828,2910000,1000000
2020-08-07 13:55:05.866000,1.0583,1.05827,1570000,1000000
2020-08-07 13:55:06.170000,1.0583,1.05826,1000000,6190000
2020-08-07 13:55:07.089000,1.05829,1.05826,1000000,6190000
2020-08-07 13:55:07.190000,1.05829,1.05827,1000000,3000000
2020-08-07 13:55:07.292000,1.05826,1.05824,1000000,2700000
2020-08-07 13:55:07.646000,1.05824,1.05823,1000000,1000000
2020-08-07 13:55:08.158000,1.05828,1.05824,3750000,2690000
2020-08-07 13:55:08.562000,1.05828,1.05824,1000000,7120000
2020-08-07 13:55:08.613000,1.05829,1.05826,3750000,1250000
2020-08-07 13:55:10.576000,1.05827,1.05826,1000000,3000000
2020-08-07 13:55:10.678000,1.05825,1.05824,1000000,1000000
2020-08-07 13:55:10.780000,1.05823,1.0582,1000000,2140000
2020-08-07 13:55:10.881000,1.05826,1.05823,4120000,2440000
2020-08-07 13:55:11.084000,1.05824,1.05821,1000000,1500000
2020-08-07 13:55:11.786000,1.05824,1.0582,1000000,3940000
2020-08-07 13:55:11.938000,1.05821,1.05818,2140000,1000000
2020-08-07 13:55:12.040000,1.05819,1.05817,1000000,3000000
2020-08-07 13:55:13.855000,1.05821,1.05817,1000000,5810000
2020-08-07 13:55:13.956000,1.05821,1.05818,1000000,1250000
2020-08-07 13:55:14.158000,1.05821,1.05817,1500000,1310000
2020-08-07 13:55:14.260000,1.05821,1.05818,1000000,2440000
2020-08-07 13:55:17.409000,1.0582,1.05817,1100000,2500000
2020-08-07 13:55:17.510000,1.05819,1.05816,1000000,1500000
2020-08-07 13:55:17.611000,1.05819,1.05816,1500000,2500000
2020-08-07 13:55:17.662000,1.05817,1.05815,1000000,5440000
2020-08-07 13:55:17.763000,1.05817,1.05816,1000000,1250000
2020-08-07 13:55:18.016000,1.05816,1.05814,1000000,1500000
2020-08-07 13:55:18.320000,1.05818,1.05814,1690000,2060000
2020-08-07 13:55:18.522000,1.05818,1.05814,1500000,2500000
2020-08-07 13:55:18.819000,1.05817,1.05814,3000000,2120000
2020-08-07 13:55:18.971000,1.05818,1.05814,1500000,2870000
2020-08-07 13:55:19.223000,1.05817,1.05814,1000000,9000000
2020-08-07 13:55:19.325000,1.05817,1.05815,1000000,1370000
2020-08-07 13:55:19.733000,1.05817,1.05814,1000000,8620000
2020-08-07 13:55:22.263000,1.05816,1.05813,1000000,5140000
2020-08-07 13:55:22.466000,1.05815,1.05813,1000000,1500000
2020-08-07 13:55:23.204000,1.05816,1.05813,1000000,4760000
2020-08-07 13:55:23.305000,1.05817,1.05814,1000000,2060000
2020-08-07 13:55:23.407000,1.05818,1.05815,1500000,1250000
2020-08-07 13:55:23.861000,1.05817,1.05815,3000000,1250000
2020-08-07 13:55:24.218000,1.05818,1.05815,1500000,1250000
2020-08-07 13:55:26.815000,1.05821,1.05818,1870000,2250000
2020-08-07 13:55:26.968000,1.05821,1.05817,1500000,2060000
2020-08-07 13:55:27.071000,1.05821,1.05818,1500000,1250000
2020-08-07 13:55:28.603000,1.05818,1.05815,1500000,3750000
2020-08-07 13:55:28.654000,1.05816,1.05812,1690000,5510000
2020-08-07 13:55:30.240000,1.05814,1.05812,1200000,1000000
2020-08-07 13:55:30.342000,1.05816,1.05812,1000000,7540000
2020-08-07 13:55:30.393000,1.05816,1.05812,1100000,7390000
2020-08-07 13:55:30.444000,1.05817,1.05814,3820000,1120000
2020-08-07 13:55:31.663000,1.05817,1.05815,1000000,1010000
2020-08-07 13:55:32.507000,1.05818,1.05815,1500000,1570000
2020-08-07 13:55:32.608000,1.05822,1.05818,6820000,6750000
2020-08-07 13:55:32.760000,1.05819,1.05816,1500000,1810000
2020-08-07 13:55:32.862000,1.05819,1.05815,1500000,6720000
2020-08-07 13:55:32.963000,1.0582,1.05818,1000000,1000000
2020-08-07 13:55:33.064000,1.0582,1.05818,1000000,1000000
2020-08-07 13:55:33.317000,1.05819,1.05817,1000000,3940000
2020-08-07 13:55:33.368000,1.05817,1.05814,3750000,1120000
2020-08-07 13:55:33.419000,1.05815,1.05813,1000000,4870000
2020-08-07 13:55:33.520000,1.05814,1.05812,1000000,5440000
2020-08-07 13:55:34.277000,1.05816,1.05813,4500000,1000000
2020-08-07 13:55:34.379000,1.05817,1.05814,1000000,2250000
2020-08-07 13:55:34.481000,1.05817,1.05815,1000000,1250000
2020-08-07 13:55:34.834000,1.05817,1.05814,1000000,6450000
2020-08-07 13:55:36.137000,1.05817,1.05815,1000000,1250000
2020-08-07 13:55:36.238000,1.05818,1.05815,1000000,2510000
2020-08-07 13:55:37.545000,1.05818,1.05816,1000000,1000000
2020-08-07 13:55:37.596000,1.05819,1.05818,1000000,1000000
2020-08-07 13:55:37.647000,1.05823,1.05818,9490000,9700000
2020-08-07 13:55:38.305000,1.05823,1.05819,2440000,2660000
2020-08-07 13:55:39.288000,1.05822,1.05819,1000000,4200000
2020-08-07 13:55:39.390000,1.05821,1.05818,1000000,5140000
2020-08-07 13:55:39.594000,1.05822,1.05819,1000000,2140000
2020-08-07 13:55:39.695000,1.05823,1.0582,2250000,1200000
2020-08-07 13:55:42.159000,1.05822,1.05819,3000000,2140000
2020-08-07 13:55:42.321000,1.05823,1.05819,2700000,2890000
2020-08-07 13:55:43.044000,1.05823,1.05819,1500000,6410000
2020-08-07 13:55:44.062000,1.05822,1.05819,1100000,1500000
2020-08-07 13:55:48.253000,1.05821,1.05819,1100000,1500000
2020-08-07 13:55:48.355000,1.05823,1.0582,2250000,1000000
2020-08-07 13:55:48.506000,1.05823,1.05821,1500000,1000000
2020-08-07 13:55:48.608000,1.05823,1.0582,1500000,1250000
2020-08-07 13:55:51.148000,1.05823,1.0582,3000000,1820000
2020-08-07 13:55:51.731000,1.05822,1.05819,1950000,3560000
2020-08-07 13:55:51.833000,1.05821,1.05817,4950000,5570000
2020-08-07 13:55:51.984000,1.05822,1.05819,1000000,6060000
2020-08-07 13:55:52.288000,1.0582,1.05817,1000000,4570000
2020-08-07 13:55:52.389000,1.05821,1.05817,1950000,2890000
2020-08-07 13:55:52.940000,1.0582,1.05817,1000000,3000000
2020-08-07 13:55:53.042000,1.0582,1.05816,4500000,1870000
2020-08-07 13:55:53.092000,1.05817,1.05815,1000000,3940000
2020-08-07 13:55:53.346000,1.05819,1.05814,5250000,7260000
2020-08-07 13:55:53.447000,1.05818,1.05814,3000000,7260000
2020-08-07 13:55:53.903000,1.05818,1.05816,3450000,1750000
2020-08-07 13:55:53.954000,1.05822,1.05818,4050000,5940000
2020-08-07 13:55:54.004000,1.05819,1.05817,1690000,1120000
2020-08-07 13:55:54.106000,1.05817,1.05815,1000000,3000000
2020-08-07 13:55:54.207000,1.05817,1.05814,1000000,6820000
2020-08-07 13:55:54.308000,1.05818,1.05814,3750000,8320000
2020-08-07 13:55:54.982000,1.05819,1.05816,4500000,1220000
2020-08-07 13:55:55.083000,1.0582,1.05818,1000000,1690000
2020-08-07 13:55:55.184000,1.05821,1.05817,5250000,6850000
2020-08-07 13:55:55.437000,1.05822,1.05818,1500000,5910000
2020-08-07 13:55:55.921000,1.05822,1.05818,5700000,4690000
2020-08-07 13:55:56.023000,1.05819,1.05815,1500000,7040000
2020-08-07 13:55:56.124000,1.0582,1.05817,4950000,1000000
2020-08-07 13:55:57.097000,1.05819,1.05816,1500000,1000000
2020-08-07 13:55:58.667000,1.05815,1.05813,1000000,1200000
2020-08-07 13:55:58.769000,1.05816,1.05812,5250000,2290000
2020-08-07 13:55:58.870000,1.05815,1.05812,1000000,1600000
2020-08-07 13:55:58.984000,1.05815,1.05812,1000000,1100000
2020-08-07 13:55:59.136000,1.05816,1.05813,3000000,2890000
2020-08-07 13:55:59.237000,1.05817,1.05814,3750000,1200000
2020-08-07 13:55:59.978000,1.05815,1.05813,1000000,3000000
2020-08-07 13:56:00.079000,1.05815,1.05812,1000000,3820000
2020-08-07 13:56:00.943000,1.05816,1.05813,1000000,3850000
2020-08-07 13:56:01.044000,1.05818,1.05814,6070000,1570000
2020-08-07 13:56:01.497000,1.05818,1.05814,5250000,3100000
2020-08-07 13:56:01.890000,1.05819,1.05818,1690000,1000000
2020-08-07 13:56:01.941000,1.05821,1.05818,1250000,1760000
2020-08-07 13:56:01.992000,1.05823,1.0582,5890000,1250000
2020-08-07 13:56:02.102000,1.05822,1.0582,1000000,1250000
2020-08-07 13:56:02.306000,1.05822,1.05819,3750000,1570000
2020-08-07 13:56:03.168000,1.0582,1.05816,1690000,6660000
2020-08-07 13:56:03.473000,1.0582,1.05816,4760000,2440000
2020-08-07 13:56:03.575000,1.0582,1.05816,4570000,3250000
2020-08-07 13:56:05.448000,1.0582,1.05816,4690000,2890000
2020-08-07 13:56:06.736000,1.05819,1.05816,1600000,1250000
2020-08-07 13:56:07.107000,1.05819,1.05815,4950000,2500000
2020-08-07 13:56:07.411000,1.05818,1.05815,1000000,1750000
2020-08-07 13:56:07.512000,1.05818,1.05815,1500000,1250000
2020-08-07 13:56:15.156000,1.05818,1.05815,1000000,3660000
2020-08-07 13:56:15.258000,1.05822,1.05818,2890000,3260000
2020-08-07 13:56:15.359000,1.05821,1.05818,3750000,2510000
2020-08-07 13:56:16.170000,1.05821,1.05817,2140000,3560000
2020-08-07 13:56:16.272000,1.0582,1.05817,4390000,1500000
2020-08-07 13:56:16.865000,1.0582,1.05816,1760000,2890000
2020-08-07 13:56:17.119000,1.05819,1.05816,3000000,2140000
2020-08-07 13:56:20.989000,1.05818,1.05816,3000000,1000000
2020-08-07 13:56:23.595000,1.05819,1.05816,4570000,1000000
2020-08-07 13:56:24.425000,1.05816,1.05813,1000000,3450000
2020-08-07 13:56:25.098000,1.05815,1.05812,1000000,3070000
2020-08-07 13:56:25.200000,1.05816,1.05811,5700000,6470000
2020-08-07 13:56:25.301000,1.05814,1.05811,1250000,1760000
2020-08-07 13:56:25.453000,1.05814,1.0581,1000000,4390000
2020-08-07 13:56:27.287000,1.05813,1.0581,1100000,2250000
2020-08-07 13:56:34.049000,1.05815,1.05814,1310000,1000000
2020-08-07 13:56:34.100000,1.05817,1.05815,2140000,1000000
2020-08-07 13:56:34.203000,1.05815,1.05813,1000000,6320000
2020-08-07 13:56:34.305000,1.05817,1.05813,5890000,3140000
2020-08-07 13:56:34.407000,1.05816,1.05813,3000000,3140000
2020-08-07 13:56:34.563000,1.05817,1.05814,4500000,1010000
2020-08-07 13:56:34.817000,1.05817,1.05813,1950000,3940000
2020-08-07 13:56:37.919000,1.05816,1.05813,3000000,2440000
2020-08-07 13:56:39.656000,1.05815,1.05811,5890000,5140000
2020-08-07 13:56:39.757000,1.05815,1.05811,2440000,6660000
2020-08-07 13:56:39.859000,1.05816,1.05813,3750000,2140000
2020-08-07 13:56:39.960000,1.05817,1.05813,1000000,7040000
2020-08-07 13:56:40.534000,1.05817,1.05814,1000000,2470000
2020-08-07 13:56:40.909000,1.05818,1.05815,3750000,1950000
2020-08-07 13:56:41.010000,1.05818,1.05815,3750000,1970000
2020-08-07 13:56:41.488000,1.0582,1.05818,1000000,1000000
2020-08-07 13:56:41.691000,1.05821,1.05817,2950000,4500000
2020-08-07 13:56:41.793000,1.05821,1.05817,1000000,8350000
2020-08-07 13:56:42.147000,1.0582,1.05817,1000000,1750000
2020-08-07 13:56:42.501000,1.05821,1.05818,1500000,3190000
2020-08-07 13:56:43.056000,1.05821,1.05818,1000000,5870000
2020-08-07 13:56:43.158000,1.05823,1.0582,4500000,1500000
2020-08-07 13:56:43.209000,1.05823,1.0582,1000000,6040000
2020-08-07 13:56:43.260000,1.05823,1.0582,1200000,3940000
2020-08-07 13:56:43.361000,1.05824,1.05821,3000000,2470000
2020-08-07 13:56:43.463000,1.05825,1.05821,2250000,4600000
2020-08-07 13:56:45.586000,1.05823,1.05821,1200000,1250000
2020-08-07 13:56:45.687000,1.05823,1.05819,5700000,2140000
2020-08-07 13:56:45.789000,1.05823,1.0582,3750000,1200000
2020-08-07 13:56:46.143000,1.05822,1.05819,1000000,1950000
2020-08-07 13:56:46.244000,1.05822,1.05818,3040000,1000000
2020-08-07 13:56:46.346000,1.0582,1.05817,3750000,1390000
2020-08-07 13:56:47.104000,1.0582,1.05816,3750000,7970000
2020-08-07 13:56:47.155000,1.05823,1.05819,3150000,1760000
2020-08-07 13:56:47.408000,1.05823,1.05819,3750000,3660000
2020-08-07 13:56:47.660000,1.05823,1.05819,4200000,1760000
2020-08-07 13:56:47.812000,1.05824,1.05819,4690000,2890000
2020-08-07 13:56:47.863000,1.05823,1.05819,1220000,1690000
2020-08-07 13:56:48.077000,1.05823,1.05819,3820000,2140000
2020-08-07 13:56:48.236000,1.05823,1.05819,4970000,1690000
2020-08-07 13:56:48.539000,1.05823,1.05819,4570000,2140000
2020-08-07 13:56:50.203000,1.05821,1.05817,2140000,2620000
2020-08-07 13:56:54.710000,1.05819,1.05816,1000000,1250000
2020-08-07 13:56:55.164000,1.05817,1.05814,1100000,3750000
2020-08-07 13:56:55.265000,1.05817,1.05813,1570000,5700000
2020-08-07 13:56:55.367000,1.05817,1.05813,2720000,3750000
2020-08-07 13:56:55.922000,1.05816,1.05812,1100000,2320000
2020-08-07 13:56:56.023000,1.05815,1.05812,1500000,3000000
2020-08-07 13:56:56.125000,1.05815,1.05811,1500000,2250000
2020-08-07 13:56:56.621000,1.05816,1.05812,2320000,1500000
2020-08-07 13:56:59.349000,1.05816,1.05813,1500000,1200000
2020-08-07 13:56:59.602000,1.05816,1.05812,1570000,2890000
2020-08-07 13:56:59.704000,1.05815,1.05812,1570000,3000000
2020-08-07 13:56:59.805000,1.05815,1.05811,1570000,1950000
2020-08-07 13:57:00.213000,1.05814,1.05811,1000000,1200000
2020-08-07 13:57:00.984000,1.05814,1.05811,1220000,1000000
2020-08-07 13:57:01.389000,1.05814,1.05811,1500000,1000000
2020-08-07 13:57:02.390000,1.05815,1.05813,1370000,1000000
2020-08-07 13:57:02.493000,1.05816,1.05813,2500000,1950000
2020-08-07 13:57:02.848000,1.05816,1.05813,2250000,1390000
2020-08-07 13:57:02.950000,1.05815,1.05813,1000000,1850000
2020-08-07 13:57:03.052000,1.05816,1.05813,3250000,1200000
2020-08-07 13:57:04.283000,1.05816,1.05813,4690000,2660000
2020-08-07 13:57:04.602000,1.05816,1.05813,2500000,2290000
2020-08-07 13:57:04.703000,1.05816,1.05813,2500000,1200000
2020-08-07 13:57:06.995000,1.05816,1.05813,4690000,3410000
2020-08-07 13:57:07.046000,1.05818,1.05814,2250000,3600000
2020-08-07 13:57:07.148000,1.05819,1.05815,2250000,1950000
2020-08-07 13:57:07.653000,1.05821,1.05817,3820000,6040000
2020-08-07 13:57:09.529000,1.05821,1.05817,1000000,1200000
2020-08-07 13:57:09.732000,1.05822,1.05816,5510000,9100000
2020-08-07 13:57:09.990000,1.05822,1.05816,5510000,7600000
2020-08-07 13:57:10.091000,1.05821,1.05816,3000000,4470000
2020-08-07 13:57:11.340000,1.0582,1.05816,1000000,3250000
2020-08-07 13:57:11.643000,1.0582,1.05816,1000000,2440000
2020-08-07 13:57:12.865000,1.0582,1.05817,1000000,1000000
2020-08-07 13:57:13.326000,1.05819,1.05815,1000000,4450000
2020-08-07 13:57:13.478000,1.05819,1.05815,1100000,2700000
2020-08-07 13:57:13.882000,1.05819,1.05815,3750000,2720000
2020-08-07 13:57:14.337000,1.0582,1.05816,6190000,1970000
2020-08-07 13:57:14.691000,1.05821,1.05819,2200000,1120000
2020-08-07 13:57:14.793000,1.05823,1.0582,4390000,1000000
2020-08-07 13:57:14.894000,1.05823,1.0582,1000000,2850000
2020-08-07 13:57:15.552000,1.05823,1.05821,1000000,1100000
2020-08-07 13:57:15.754000,1.05824,1.05821,3000000,1100000
2020-08-07 13:57:15.855000,1.05824,1.05822,3000000,1000000
2020-08-07 13:57:16.159000,1.05825,1.05822,4500000,1000000
2020-08-07 13:57:16.418000,1.05826,1.05825,3000000,1500000
2020-08-07 13:57:16.469000,1.05828,1.05825,1000000,1950000
2020-08-07 13:57:16.570000,1.05829,1.05827,3000000,1000000
2020-08-07 13:57:16.671000,1.0583,1.05827,4690000,1000000
2020-08-07 13:57:16.975000,1.05831,1.05827,5440000,2700000
2020-08-07 13:57:17.077000,1.05832,1.05829,3750000,1950000
2020-08-07 13:57:17.178000,1.05834,1.05831,1000000,5100000
2020-08-07 13:57:17.280000,1.05835,1.05831,4690000,1500000
2020-08-07 13:57:17.634000,1.05835,1.05832,3190000,1000000
2020-08-07 13:57:17.786000,1.05836,1.05832,2440000,1000000
2020-08-07 13:57:23.939000,1.05834,1.05831,1970000,1000000
2020-08-07 13:57:23.990000,1.05832,1.05829,1100000,4500000
2020-08-07 13:57:24.142000,1.05832,1.05831,3000000,1000000
2020-08-07 13:57:24.193000,1.05834,1.05831,3000000,1000000
2020-08-07 13:57:24.294000,1.05835,1.05832,1500000,1000000
2020-08-07 13:57:26.457000,1.05836,1.05832,1760000,4570000
2020-08-07 13:57:26.509000,1.05837,1.05834,5140000,1500000
2020-08-07 13:57:26.611000,1.05833,1.05831,1000000,7200000
2020-08-07 13:57:26.713000,1.05833,1.0583,1950000,1690000
2020-08-07 13:57:26.969000,1.05832,1.05829,1000000,4500000
2020-08-07 13:57:28.039000,1.05831,1.05827,2140000,1000000
2020-08-07 13:57:28.604000,1.0583,1.05827,3000000,1000000
2020-08-07 13:57:28.705000,1.05829,1.05825,1600000,1500000
2020-08-07 13:57:28.807000,1.05826,1.05823,1950000,1000000
2020-08-07 13:57:28.908000,1.05826,1.05822,5700000,1000000
2020-08-07 13:57:29.010000,1.05824,1.05821,1000000,1500000
2020-08-07 13:57:31.169000,1.05824,1.05822,3000000,1000000
2020-08-07 13:57:31.271000,1.05827,1.05824,1700000,1500000
2020-08-07 13:57:31.373000,1.05827,1.05824,1200000,1500000
2020-08-07 13:57:32.516000,1.05827,1.05825,1200000,1000000
2020-08-07 13:57:33.464000,1.05828,1.05825,1000000,1000000
2020-08-07 13:57:34.337000,1.05828,1.05824,2140000,1500000
2020-08-07 13:57:34.489000,1.05828,1.05825,3750000,1000000
2020-08-07 13:57:35.614000,1.05827,1.05825,1000000,1000000
2020-08-07 13:57:36.266000,1.05827,1.05824,1200000,1500000
2020-08-07 13:57:36.519000,1.05825,1.05822,1200000,1870000
2020-08-07 13:57:37.906000,1.05826,1.05823,1250000,1000000
2020-08-07 13:57:38.058000,1.05827,1.05824,3320000,3000000
2020-08-07 13:57:38.159000,1.05827,1.05823,2140000,2250000
2020-08-07 13:57:38.260000,1.05827,1.05824,2140000,3000000
2020-08-07 13:57:38.615000,1.05829,1.05825,4570000,4390000
2020-08-07 13:57:38.966000,1.05829,1.05825,4500000,7540000
2020-08-07 13:57:39.118000,1.0583,1.05826,5290000,5250000
2020-08-07 13:57:39.321000,1.0583,1.05826,2910000,5250000
2020-08-07 13:57:40.287000,1.0583,1.05826,2510000,5700000
2020-08-07 13:57:41.658000,1.05833,1.0583,1000000,4000000
2020-08-07 13:57:41.709000,1.05834,1.0583,7840000,3000000
2020-08-07 13:57:41.810000,1.05833,1.0583,1200000,3750000
2020-08-07 13:57:43.209000,1.05833,1.05831,1500000,2100000
2020-08-07 13:57:43.260000,1.05835,1.05832,1000000,1200000
2020-08-07 13:57:43.361000,1.05835,1.05831,2100000,1690000
2020-08-07 13:57:43.664000,1.05835,1.05831,2140000,3750000
2020-08-07 13:57:43.967000,1.05834,1.05831,1000000,3750000
2020-08-07 13:57:44.068000,1.05834,1.05832,1000000,1000000
2020-08-07 13:57:44.170000,1.05835,1.05832,1200000,1000000
2020-08-07 13:57:44.423000,1.05834,1.05832,3000000,1000000
2020-08-07 13:57:48.537000,1.05835,1.05832,3750000,1100000
2020-08-07 13:57:52.176000,1.05832,1.05829,1500000,4570000
2020-08-07 13:57:52.278000,1.05829,1.05827,2250000,1870000
2020-08-07 13:57:52.329000,1.05826,1.05824,1000000,1200000
2020-08-07 13:57:52.531000,1.05826,1.05823,1000000,3940000
2020-08-07 13:57:52.885000,1.05825,1.05823,1000000,3750000
2020-08-07 13:57:52.986000,1.05825,1.05822,1000000,1690000
2020-08-07 13:57:53.087000,1.05825,1.05823,1000000,3000000
2020-08-07 13:57:53.383000,1.05825,1.05822,3750000,1500000
2020-08-07 13:57:53.484000,1.05825,1.05821,1200000,4950000
2020-08-07 13:57:53.586000,1.05822,1.0582,1000000,1500000
2020-08-07 13:57:54.242000,1.05824,1.0582,1250000,1200000
2020-08-07 13:57:54.445000,1.05823,1.0582,1500000,3070000
2020-08-07 13:57:54.757000,1.05824,1.0582,4690000,1200000
2020-08-07 13:57:54.960000,1.05823,1.0582,1200000,1250000
2020-08-07 13:57:55.668000,1.05824,1.0582,3750000,1410000
2020-08-07 13:57:56.762000,1.05823,1.0582,3000000,1410000
2020-08-07 13:57:56.864000,1.0582,1.05818,1000000,1010000
2020-08-07 13:57:56.965000,1.0582,1.05817,1000000,1250000
2020-08-07 13:57:57.219000,1.0582,1.05816,1000000,2140000
2020-08-07 13:57:57.371000,1.0582,1.05817,1000000,1250000
2020-08-07 13:57:57.829000,1.0582,1.05816,1000000,1390000
2020-08-07 13:57:58.342000,1.05818,1.05816,1000000,1950000
2020-08-07 13:57:58.596000,1.05818,1.05815,1000000,2140000
2020-08-07 13:57:58.698000,1.05817,1.05815,1000000,4500000
2020-08-07 13:57:59.156000,1.05818,1.05815,1000000,2140000
2020-08-07 13:58:00.680000,1.05819,1.05815,1690000,5950000
2020-08-07 13:58:00.882000,1.0582,1.05817,3940000,1200000
2020-08-07 13:58:00.984000,1.05821,1.05818,1000000,1690000
2020-08-07 13:58:01.085000,1.05822,1.05819,1100000,4690000
2020-08-07 13:58:01.490000,1.05826,1.05825,3370000,1000000
2020-08-07 13:58:01.541000,1.05828,1.05825,1390000,1000000
2020-08-07 13:58:01.996000,1.05829,1.05826,3750000,1410000
2020-08-07 13:58:02.097000,1.05831,1.05829,1000000,1100000
2020-08-07 13:58:02.300000,1.05831,1.05828,1000000,1010000
2020-08-07 13:58:02.502000,1.05832,1.05829,4690000,1100000
2020-08-07 13:58:02.603000,1.05832,1.05829,1000000,5160000
2020-08-07 13:58:03.591000,1.05834,1.0583,6250000,1220000
2020-08-07 13:58:03.693000,1.05834,1.05832,1000000,2440000
2020-08-07 13:58:04.148000,1.05832,1.0583,1100000,4500000
2020-08-07 13:58:04.501000,1.05831,1.05829,1000000,4570000
2020-08-07 13:58:04.603000,1.0583,1.05828,1000000,1000000
2020-08-07 13:58:05.159000,1.0583,1.05827,1690000,3000000
2020-08-07 13:58:05.264000,1.0583,1.05826,2140000,4500000
2020-08-07 13:58:06.859000,1.0583,1.05827,1000000,3820000
2020-08-07 13:58:07.112000,1.05829,1.05827,1000000,3000000
2020-08-07 13:58:07.213000,1.05829,1.05826,1000000,1500000
2020-08-07 13:58:07.597000,1.05832,1.05829,1760000,3940000
2020-08-07 13:58:07.699000,1.05831,1.05827,2700000,4500000
2020-08-07 13:58:07.951000,1.05831,1.05828,1570000,1000000
2020-08-07 13:58:08.163000,1.05831,1.05827,2320000,4570000
2020-08-07 13:58:10.144000,1.05831,1.05827,1870000,1600000
2020-08-07 13:58:10.909000,1.05831,1.05827,1870000,1570000
2020-08-07 13:58:11.562000,1.0583,1.05826,1500000,2540000
2020-08-07 13:58:11.664000,1.05829,1.05826,3000000,1790000
2020-08-07 13:58:11.815000,1.0583,1.05826,1500000,1790000
2020-08-07 13:58:12.169000,1.05829,1.05826,3000000,1100000
2020-08-07 13:58:12.270000,1.0583,1.05826,1500000,1100000
2020-08-07 13:58:12.731000,1.05825,1.05824,1000000,1120000
2020-08-07 13:58:12.782000,1.05825,1.05822,1690000,3070000
2020-08-07 13:58:13.186000,1.05825,1.05821,1690000,1760000
2020-08-07 13:58:13.237000,1.05823,1.05821,3000000,1010000
2020-08-07 13:58:13.743000,1.05824,1.0582,4500000,2600000
2020-08-07 13:58:14.532000,1.05821,1.05818,1500000,1200000
2020-08-07 13:58:14.633000,1.0582,1.05818,1000000,1200000
2020-08-07 13:58:14.837000,1.05821,1.0582,1500000,1100000
2020-08-07 13:58:14.939000,1.05824,1.0582,2890000,2510000
2020-08-07 13:58:15.041000,1.05824,1.05821,1690000,1100000
2020-08-07 13:58:15.142000,1.05823,1.0582,1000000,1760000
2020-08-07 13:58:15.244000,1.05823,1.05821,1000000,1100000
2020-08-07 13:58:15.346000,1.05824,1.05821,1500000,1100000
2020-08-07 13:58:15.630000,1.05824,1.0582,1500000,1760000
2020-08-07 13:58:15.732000,1.05824,1.05821,1500000,1100000
2020-08-07 13:58:16.246000,1.05824,1.0582,1500000,1690000
2020-08-07 13:58:16.348000,1.05824,1.05821,3750000,1570000
2020-08-07 13:58:17.394000,1.05824,1.0582,1000000,6290000
2020-08-07 13:58:17.496000,1.05824,1.0582,1000000,6290000
2020-08-07 13:58:17.808000,1.05824,1.0582,1000000,2510000
2020-08-07 13:58:17.960000,1.05824,1.0582,1000000,2540000
2020-08-07 13:58:18.905000,1.05823,1.0582,1000000,1010000
2020-08-07 13:58:21.653000,1.05823,1.0582,1000000,1100000
2020-08-07 13:58:21.755000,1.05824,1.05821,1250000,1010000
2020-08-07 13:58:21.907000,1.05824,1.0582,1200000,2700000
2020-08-07 13:58:22.059000,1.05824,1.0582,1000000,3790000
2020-08-07 13:58:22.412000,1.05824,1.0582,1000000,2700000
2020-08-07 13:58:22.564000,1.05824,1.0582,1000000,2850000
2020-08-07 13:58:25.702000,1.05824,1.0582,1000000,3450000
2020-08-07 13:58:25.753000,1.05824,1.05821,1250000,1410000
2020-08-07 13:58:25.804000,1.05824,1.0582,1000000,5140000
2020-08-07 13:58:25.855000,1.05824,1.05821,1250000,1410000
2020-08-07 13:58:25.905000,1.05824,1.0582,1000000,4200000
2020-08-07 13:58:25.956000,1.05824,1.05821,1250000,1410000
2020-08-07 13:58:26.639000,1.05824,1.05821,1250000,1390000
2020-08-07 13:58:26.943000,1.05824,1.0582,1250000,6290000
2020-08-07 13:58:30.115000,1.05825,1.05821,3850000,1250000
2020-08-07 13:58:30.318000,1.05825,1.05821,5350000,1250000
2020-08-07 13:58:30.470000,1.05825,1.05821,3850000,1250000
2020-08-07 13:58:33.759000,1.05824,1.05821,3600000,1000000
2020-08-07 13:58:34.062000,1.05824,1.05821,3450000,1000000
2020-08-07 13:58:34.418000,1.05824,1.05822,3640000,1000000
2020-08-07 13:58:34.470000,1.05827,1.05825,1120000,1410000
2020-08-07 13:58:34.572000,1.05827,1.05824,1000000,5160000
2020-08-07 13:58:36.260000,1.05828,1.05825,1690000,1200000
2020-08-07 13:58:36.362000,1.05829,1.05826,3620000,1220000
2020-08-07 13:58:36.515000,1.05829,1.05826,2060000,1970000
2020-08-07 13:58:37.700000,1.05828,1.05825,1500000,1010000
2020-08-07 13:58:38.106000,1.05827,1.05824,4690000,1220000
2020-08-07 13:58:38.158000,1.05825,1.05822,3000000,1460000
2020-08-07 13:58:39.600000,1.05824,1.0582,3750000,6700000
2020-08-07 13:58:41.133000,1.05823,1.0582,1000000,2950000
2020-08-07 13:58:43.662000,1.05822,1.05819,1500000,5200000
2020-08-07 13:58:43.763000,1.05821,1.05819,1000000,1250000
2020-08-07 13:58:44.784000,1.05821,1.05818,1000000,4390000
2020-08-07 13:58:45.155000,1.05822,1.05818,1690000,6850000
2020-08-07 13:58:54.782000,1.05819,1.05817,1200000,1690000
2020-08-07 13:58:54.833000,1.05819,1.05815,2850000,4200000
2020-08-07 13:58:54.934000,1.05818,1.05814,1200000,3640000
2020-08-07 13:58:55.035000,1.05817,1.05813,2890000,2890000
2020-08-07 13:58:55.439000,1.05817,1.05813,6700000,1950000
2020-08-07 13:58:55.541000,1.05815,1.05813,1000000,1000000
2020-08-07 13:58:55.643000,1.05814,1.0581,1950000,7820000
2020-08-07 13:58:55.746000,1.05813,1.0581,1000000,5950000
2020-08-07 13:58:56.965000,1.05814,1.05811,1000000,6850000
2020-08-07 13:58:57.426000,1.05814,1.05811,1000000,4390000
2020-08-07 13:59:00.116000,1.05815,1.05813,3190000,1200000
2020-08-07 13:59:00.217000,1.05817,1.05814,1000000,1200000
2020-08-07 13:59:00.675000,1.05819,1.05815,5290000,1500000
2020-08-07 13:59:00.985000,1.0582,1.05818,3000000,2500000
2020-08-07 13:59:01.087000,1.05821,1.05818,2250000,1100000
2020-08-07 13:59:01.916000,1.05821,1.05818,1500000,1410000
2020-08-07 13:59:03.506000,1.05821,1.05818,1000000,1760000
2020-08-07 13:59:04.094000,1.05821,1.05819,1000000,1010000
2020-08-07 13:59:04.196000,1.05823,1.05819,1500000,7040000
2020-08-07 13:59:04.299000,1.05824,1.0582,4950000,1760000
2020-08-07 13:59:04.806000,1.05826,1.05822,4500000,1750000
2020-08-07 13:59:04.958000,1.05826,1.05823,1000000,5160000
2020-08-07 13:59:05.060000,1.05826,1.05823,1000000,1010000
2020-08-07 13:59:05.598000,1.05827,1.05825,1000000,1200000
2020-08-07 13:59:05.700000,1.05828,1.05824,1200000,5510000
2020-08-07 13:59:05.852000,1.05827,1.05823,1500000,2910000
2020-08-07 13:59:07.068000,1.05829,1.05825,5440000,1220000
2020-08-07 13:59:07.169000,1.05828,1.05825,1200000,1000000
2020-08-07 13:59:08.092000,1.05829,1.05825,4500000,4350000
2020-08-07 13:59:08.193000,1.05828,1.05824,1950000,4570000
2020-08-07 13:59:08.295000,1.05827,1.05823,1000000,4040000
2020-08-07 13:59:10.781000,1.05827,1.05824,1000000,2100000
2020-08-07 13:59:10.882000,1.05828,1.05824,1500000,7160000
2020-08-07 13:59:10.933000,1.05826,1.05823,4500000,2320000
2020-08-07 13:59:11.085000,1.05826,1.05822,4500000,2890000
2020-08-07 13:59:11.186000,1.05826,1.05823,3750000,2250000
2020-08-07 13:59:11.288000,1.05827,1.05823,1500000,7540000
2020-08-07 13:59:12.686000,1.05827,1.05823,1500000,7390000
2020-08-07 13:59:12.788000,1.05828,1.05825,3750000,3000000
2020-08-07 13:59:12.890000,1.05825,1.05823,1000000,1270000
2020-08-07 13:59:12.991000,1.05825,1.05822,1000000,1570000
2020-08-07 13:59:13.547000,1.05825,1.05823,1000000,1200000
2020-08-07 13:59:13.649000,1.05826,1.05823,1000000,2910000
2020-08-07 13:59:16.063000,1.05827,1.05823,1500000,3660000
2020-08-07 13:59:16.601000,1.05826,1.05823,1000000,1100000
2020-08-07 13:59:16.702000,1.05826,1.05823,3750000,2160000
2020-08-07 13:59:19.670000,1.05825,1.05822,1000000,2540000
2020-08-07 13:59:19.772000,1.05824,1.0582,5250000,2890000
2020-08-07 13:59:19.873000,1.05824,1.0582,6600000,2440000
2020-08-07 13:59:20.024000,1.05822,1.05818,3190000,4120000
2020-08-07 13:59:20.773000,1.05821,1.05817,1500000,4390000
2020-08-07 13:59:20.824000,1.05819,1.05816,1220000,4690000
2020-08-07 13:59:22.758000,1.05818,1.05815,3820000,1000000
2020-08-07 13:59:22.860000,1.05818,1.05814,4570000,2890000
2020-08-07 13:59:22.962000,1.05818,1.05815,3820000,1000000
2020-08-07 13:59:23.063000,1.05818,1.05815,4220000,1000000
2020-08-07 13:59:23.274000,1.05818,1.05815,3820000,1000000
2020-08-07 13:59:27.756000,1.05818,1.05815,5160000,1000000
2020-08-07 13:59:28.254000,1.05816,1.05814,1100000,1000000
2020-08-07 13:59:28.305000,1.05815,1.05812,1010000,1000000
2020-08-07 13:59:28.558000,1.05816,1.05813,5500000,1950000
2020-08-07 13:59:28.609000,1.05817,1.05814,2510000,1000000
2020-08-07 13:59:30.081000,1.05816,1.05813,1000000,4500000
2020-08-07 13:59:30.182000,1.05817,1.05813,2890000,3750000
2020-08-07 13:59:30.737000,1.05815,1.05813,1000000,1000000
2020-08-07 13:59:30.838000,1.05815,1.05812,1000000,1500000
2020-08-07 13:59:30.989000,1.05816,1.05812,2140000,2320000
2020-08-07 13:59:31.091000,1.05816,1.05813,1200000,1120000
2020-08-07 13:59:31.394000,1.05816,1.05813,2200000,1000000
2020-08-07 13:59:31.495000,1.05816,1.05812,2950000,1570000
2020-08-07 13:59:32.161000,1.05816,1.05812,1760000,5140000
2020-08-07 13:59:32.262000,1.05816,1.05813,1100000,2810000
2020-08-07 13:59:32.768000,1.05817,1.05813,1760000,4010000
2020-08-07 13:59:33.182000,1.05816,1.05813,1000000,5510000
2020-08-07 13:59:33.384000,1.05815,1.05812,1100000,4690000
2020-08-07 13:59:34.513000,1.05815,1.05813,1000000,1000000
2020-08-07 13:59:35.716000,1.05817,1.05813,2570000,2700000
2020-08-07 13:59:35.818000,1.05817,1.05813,1760000,7010000
2020-08-07 13:59:35.919000,1.05817,1.05814,1100000,1250000
2020-08-07 13:59:36.383000,1.05817,1.05814,2160000,1000000
2020-08-07 13:59:36.484000,1.05817,1.05813,2910000,4690000
2020-08-07 13:59:36.637000,1.05816,1.05812,1760000,2890000
2020-08-07 13:59:36.739000,1.05815,1.05811,2570000,1950000
2020-08-07 13:59:36.840000,1.05817,1.05813,5160000,2810000
2020-08-07 13:59:36.942000,1.05817,1.05813,1760000,6260000
2020-08-07 13:59:37.196000,1.05816,1.05813,3000000,2890000
2020-08-07 13:59:37.946000,1.05816,1.05812,4760000,5140000
2020-08-07 13:59:38.350000,1.05815,1.05812,1000000,2140000
2020-08-07 13:59:38.654000,1.05816,1.05812,5320000,2510000
2020-08-07 13:59:42.778000,1.05817,1.05814,5440000,1950000
2020-08-07 13:59:43.412000,1.05817,1.05814,1000000,2910000
2020-08-07 13:59:43.735000,1.05818,1.05815,1500000,1100000
2020-08-07 13:59:44.986000,1.05819,1.05815,5440000,2290000
2020-08-07 13:59:45.088000,1.05819,1.05815,5510000,1690000
2020-08-07 13:59:45.240000,1.05819,1.05815,2910000,2440000
2020-08-07 13:59:45.341000,1.0582,1.05817,4690000,2140000
2020-08-07 13:59:45.493000,1.05819,1.05816,1970000,1000000
2020-08-07 13:59:45.595000,1.05819,1.05816,1000000,1200000
2020-08-07 13:59:45.696000,1.05818,1.05816,1100000,1000000
2020-08-07 13:59:46.413000,1.05823,1.0582,3750000,1600000
2020-08-07 13:59:46.515000,1.05823,1.0582,1000000,1250000
2020-08-07 13:59:46.616000,1.05822,1.0582,1000000,1250000
2020-08-07 13:59:46.718000,1.05823,1.0582,1200000,1000000
2020-08-07 13:59:46.870000,1.05823,1.05821,1000000,1000000
2020-08-07 13:59:46.971000,1.05827,1.05823,2140000,6640000
2020-08-07 13:59:47.073000,1.05826,1.05822,1310000,3040000
2020-08-07 13:59:47.174000,1.05826,1.05822,1010000,5140000
2020-08-07 13:59:47.376000,1.05825,1.05822,1200000,3750000
2020-08-07 13:59:47.428000,1.05823,1.05821,1000000,1950000
2020-08-07 13:59:49.550000,1.05827,1.05824,1000000,1100000
2020-08-07 13:59:49.652000,1.05827,1.05823,2000000,4410000
2020-08-07 13:59:49.753000,1.05824,1.05822,1000000,1000000
2020-08-07 13:59:49.955000,1.05826,1.05824,1000000,1100000
2020-08-07 13:59:50.006000,1.05828,1.05824,1950000,4760000
2020-08-07 13:59:50.107000,1.05827,1.05822,1000000,5100000
2020-08-07 13:59:50.209000,1.05824,1.05822,1000000,4500000
2020-08-07 13:59:50.311000,1.05825,1.05823,1500000,1000000
2020-08-07 13:59:50.412000,1.05826,1.05823,1000000,1390000
2020-08-07 13:59:50.513000,1.05825,1.05823,1000000,1390000
2020-08-07 13:59:50.615000,1.05823,1.05822,1000000,1000000
2020-08-07 13:59:51.019000,1.05824,1.05821,1000000,3820000
2020-08-07 13:59:51.414000,1.05826,1.05823,1000000,1200000
2020-08-07 13:59:51.515000,1.05825,1.05822,1000000,1600000
2020-08-07 13:59:51.617000,1.05826,1.05823,1000000,2290000
2020-08-07 13:59:51.769000,1.05825,1.05823,1000000,4390000
2020-08-07 13:59:51.870000,1.05824,1.05822,1000000,1000000
2020-08-07 13:59:51.971000,1.05824,1.05822,1000000,1000000
2020-08-07 13:59:52.073000,1.05826,1.05825,1000000,1000000
2020-08-07 13:59:52.174000,1.05825,1.05823,1000000,2200000
2020-08-07 13:59:52.276000,1.05824,1.05822,1000000,1250000
2020-08-07 13:59:52.326000,1.05825,1.05824,1000000,1000000
2020-08-07 13:59:52.377000,1.05828,1.05825,1000000,1200000
2020-08-07 13:59:52.580000,1.05825,1.05822,1000000,2350000
2020-08-07 13:59:52.681000,1.05825,1.05823,1000000,2140000
2020-08-07 13:59:52.783000,1.05827,1.05823,4120000,1450000
2020-08-07 13:59:52.834000,1.05827,1.05825,3750000,1450000
2020-08-07 13:59:52.935000,1.05828,1.05823,1870000,4970000
2020-08-07 13:59:53.189000,1.05828,1.05825,1000000,1450000
2020-08-07 13:59:53.731000,1.0583,1.05828,1000000,1390000
2020-08-07 13:59:53.782000,1.05832,1.05829,1000000,1390000
2020-08-07 13:59:53.884000,1.05832,1.0583,1000000,3000000
2020-08-07 13:59:53.986000,1.05832,1.05829,1000000,1850000
2020-08-07 13:59:54.524000,1.05833,1.05829,3820000,1250000
2020-08-07 13:59:54.576000,1.05829,1.05826,1000000,2220000
2020-08-07 13:59:54.677000,1.05831,1.05829,1000000,1850000
2020-08-07 13:59:54.779000,1.05829,1.05827,1000000,3190000
2020-08-07 13:59:54.880000,1.0583,1.05827,1000000,2220000
2020-08-07 13:59:54.981000,1.05828,1.05826,1000000,1250000
2020-08-07 13:59:55.133000,1.05825,1.05824,1000000,1000000
2020-08-07 13:59:55.235000,1.05827,1.05823,5320000,1390000
2020-08-07 13:59:55.336000,1.05824,1.05822,1000000,1250000
2020-08-07 13:59:55.387000,1.05827,1.05825,4120000,1000000
2020-08-07 13:59:55.489000,1.05826,1.05824,1000000,1390000
2020-08-07 13:59:55.540000,1.05824,1.05822,1000000,1250000
2020-08-07 13:59:55.642000,1.05826,1.05824,1000000,1010000
2020-08-07 13:59:55.794000,1.05826,1.05824,1000000,1720000
2020-08-07 13:59:55.896000,1.05826,1.05823,1000000,1910000
2020-08-07 13:59:55.997000,1.05825,1.05823,1120000,1000000
2020-08-07 13:59:56.048000,1.05827,1.05825,3750000,1000000
2020-08-07 13:59:56.149000,1.05826,1.05824,1000000,1000000
2020-08-07 13:59:56.200000,1.05826,1.05822,1250000,1120000
2020-08-07 13:59:56.251000,1.05826,1.05825,1000000,1000000
2020-08-07 13:59:56.302000,1.05828,1.05824,1250000,2250000
2020-08-07 13:59:56.404000,1.05825,1.05823,1310000,1000000
2020-08-07 13:59:56.505000,1.05827,1.05824,1250000,1000000
2020-08-07 13:59:56.606000,1.05828,1.05824,1690000,1000000
2020-08-07 13:59:56.859000,1.05829,1.05825,1250000,1000000
2020-08-07 13:59:56.961000,1.05828,1.05825,1000000,1000000
2020-08-07 13:59:57.475000,1.05827,1.05823,1870000,3000000
2020-08-07 13:59:57.526000,1.05825,1.05823,1000000,3000000
2020-08-07 13:59:57.577000,1.05825,1.05821,1000000,1000000
2020-08-07 13:59:58.217000,1.05824,1.05821,1000000,1000000
2020-08-07 13:59:58.854000,1.05824,1.05819,4500000,1120000
2020-08-07 13:59:58.955000,1.05821,1.05819,1000000,1000000
2020-08-07 13:59:59.057000,1.05821,1.05818,1000000,1690000
2020-08-07 13:59:59.412000,1.0582,1.05818,1000000,1000000
2020-08-07 13:59:59.513000,1.05821,1.05819,1000000,3000000
2020-08-07 13:59:59.917000,1.0582,1.05818,1000000,1000000
2020-08-07 14:00:00.228000,1.05821,1.05818,1000000,3940000
2020-08-07 14:00:00.329000,1.05823,1.05819,3000000,2500000
2020-08-07 14:00:00.431000,1.05821,1.05819,1000000,1000000
2020-08-07 14:00:00.533000,1.05822,1.05819,1500000,1000000
2020-08-07 14:00:00.737000,1.05821,1.05819,1000000,1000000
2020-08-07 14:00:00.939000,1.05822,1.05818,1500000,2190000
2020-08-07 14:00:01.040000,1.05823,1.05819,2440000,3750000
2020-08-07 14:00:01.293000,1.05823,1.05821,1000000,1000000
2020-08-07 14:00:01.600000,1.05822,1.05818,1000000,3750000
2020-08-07 14:00:01.651000,1.0582,1.05817,1000000,3190000
2020-08-07 14:00:01.803000,1.0582,1.05815,1690000,3940000
2020-08-07 14:00:01.905000,1.05819,1.05817,1000000,1000000
2020-08-07 14:00:02.056000,1.05818,1.05816,1000000,1000000
2020-08-07 14:00:02.158000,1.05817,1.05813,1000000,3190000
2020-08-07 14:00:02.208000,1.05817,1.05814,1000000,1250000
2020-08-07 14:00:02.259000,1.05819,1.05818,1000000,1000000
2020-08-07 14:00:02.361000,1.0582,1.05818,1000000,1000000
2020-08-07 14:00:02.462000,1.0582,1.05815,1000000,5250000
2020-08-07 14:00:02.765000,1.0582,1.05816,1000000,3000000
2020-08-07 14:00:02.866000,1.0582,1.05815,1000000,4690000
2020-08-07 14:00:02.917000,1.0582,1.05817,1000000,2250000
2020-08-07 14:00:02.968000,1.05823,1.05819,1000000,2350000
2020-08-07 14:00:03.069000,1.05824,1.0582,5440000,1000000
2020-08-07 14:00:03.171000,1.05825,1.0582,1690000,3000000
2020-08-07 14:00:03.273000,1.05824,1.05819,3000000,1870000
2020-08-07 14:00:03.374000,1.05827,1.05823,1000000,1690000
2020-08-07 14:00:03.526000,1.05828,1.05823,2440000,1870000
2020-08-07 14:00:03.627000,1.05828,1.05824,1500000,4000000
2020-08-07 14:00:03.729000,1.05829,1.05824,1690000,3560000
2020-08-07 14:00:03.830000,1.0583,1.05826,4690000,1000000
2020-08-07 14:00:03.931000,1.0583,1.05825,1690000,4120000
2020-08-07 14:00:04.033000,1.05827,1.05823,1000000,3940000
2020-08-07 14:00:04.134000,1.05826,1.05823,1000000,1250000
2020-08-07 14:00:04.236000,1.05825,1.05823,1000000,3000000
2020-08-07 14:00:04.337000,1.05825,1.05822,1000000,3190000
2020-08-07 14:00:04.438000,1.05824,1.0582,1000000,1000000
2020-08-07 14:00:04.518000,1.05822,1.05818,1500000,5250000
2020-08-07 14:00:04.620000,1.05819,1.05815,1000000,1250000
2020-08-07 14:00:04.721000,1.05817,1.05814,1000000,3000000
2020-08-07 14:00:04.873000,1.05818,1.05814,1000000,3750000
2020-08-07 14:00:05.077000,1.05819,1.05814,1250000,3750000
2020-08-07 14:00:05.230000,1.05819,1.05815,1250000,1000000
2020-08-07 14:00:05.383000,1.0582,1.05815,1250000,1500000
2020-08-07 14:00:05.637000,1.0582,1.05816,1500000,1500000
2020-08-07 14:00:05.739000,1.05823,1.0582,1250000,1000000
2020-08-07 14:00:05.840000,1.05821,1.05818,1690000,3000000
2020-08-07 14:00:05.891000,1.0582,1.05816,1500000,1250000
2020-08-07 14:00:06.042000,1.0582,1.05817,1000000,1500000
2020-08-07 14:00:06.144000,1.0582,1.05816,1250000,1000000
2020-08-07 14:00:06.498000,1.05819,1.05815,1000000,1120000
2020-08-07 14:00:06.599000,1.05818,1.05815,1250000,3750000
2020-08-07 14:00:06.650000,1.05816,1.05813,1250000,1000000
2020-08-07 14:00:07.105000,1.05819,1.05815,3310000,1000000
2020-08-07 14:00:07.206000,1.05819,1.05815,1690000,1000000
2020-08-07 14:00:07.358000,1.05819,1.05815,1000000,2850000
2020-08-07 14:00:10.494000,1.05819,1.05817,1000000,1000000
2020-08-07 14:00:10.798000,1.05819,1.05818,1000000,1000000
2020-08-07 14:00:10.950000,1.0582,1.05818,3750000,1000000
2020-08-07 14:00:11.051000,1.05822,1.0582,1000000,1000000
2020-08-07 14:00:11.203000,1.05821,1.05817,4390000,1000000
2020-08-07 14:00:11.346000,1.0582,1.05817,3000000,1000000
2020-08-07 14:00:11.448000,1.05819,1.05816,1000000,2510000
2020-08-07 14:00:11.932000,1.05821,1.05818,1690000,1100000
2020-08-07 14:00:12.033000,1.05822,1.05818,3190000,1220000
2020-08-07 14:00:12.134000,1.05821,1.05817,2890000,1500000
2020-08-07 14:00:12.236000,1.0582,1.05817,1000000,1000000
2020-08-07 14:00:12.287000,1.0582,1.05819,1000000,1000000
2020-08-07 14:00:12.439000,1.05822,1.05819,2440000,1000000
2020-08-07 14:00:13.200000,1.05823,1.0582,2440000,1100000
2020-08-07 14:00:14.088000,1.05824,1.05821,4690000,1000000
2020-08-07 14:00:14.896000,1.0582,1.05817,3000000,2510000
2020-08-07 14:00:14.998000,1.0582,1.05816,6640000,1000000
2020-08-07 14:00:15.402000,1.05816,1.05813,5290000,1000000
2020-08-07 14:00:15.504000,1.0581,1.05809,1000000,1000000
2020-08-07 14:00:15.640000,1.0581,1.05808,1870000,1000000
2020-08-07 14:00:15.742000,1.05809,1.05807,1250000,1000000
2020-08-07 14:00:15.843000,1.05809,1.05806,1250000,4570000
2020-08-07 14:00:15.996000,1.0581,1.05808,1250000,1000000
2020-08-07 14:00:16.300000,1.05812,1.05809,1200000,1000000
2020-08-07 14:00:16.402000,1.05812,1.05808,3450000,1950000
2020-08-07 14:00:16.605000,1.05811,1.05808,1200000,1000000
2020-08-07 14:00:16.706000,1.0581,1.05807,1250000,1570000
2020-08-07 14:00:16.858000,1.05811,1.05807,6640000,1570000
2020-08-07 14:00:17.717000,1.05812,1.05809,1250000,1100000
2020-08-07 14:00:18.474000,1.05813,1.05809,1000000,5910000
2020-08-07 14:00:18.677000,1.05815,1.05813,1100000,1000000
2020-08-07 14:00:18.778000,1.05815,1.05813,1820000,1000000
2020-08-07 14:00:19.022000,1.05815,1.05811,1820000,7200000
2020-08-07 14:00:19.275000,1.05813,1.0581,2140000,3000000
2020-08-07 14:00:19.376000,1.05813,1.05809,5890000,1500000
2020-08-07 14:00:19.477000,1.0581,1.05808,1690000,3750000
2020-08-07 14:00:19.579000,1.0581,1.05807,4690000,1000000
2020-08-07 14:00:19.731000,1.05809,1.05806,1570000,4690000
2020-08-07 14:00:19.833000,1.05808,1.05805,1000000,5950000
2020-08-07 14:00:20.035000,1.05808,1.05805,1000000,5890000
2020-08-07 14:00:20.187000,1.05809,1.05806,1690000,1950000
2020-08-07 14:00:20.288000,1.0581,1.05806,5440000,5160000
2020-08-07 14:00:20.558000,1.0581,1.05806,4760000,5140000
2020-08-07 14:00:20.811000,1.05809,1.05806,1250000,5700000
2020-08-07 14:00:20.913000,1.05808,1.05805,3470000,3000000
2020-08-07 14:00:20.963000,1.05807,1.05803,2320000,4390000
2020-08-07 14:00:21.065000,1.05805,1.05803,1000000,3000000
2020-08-07 14:00:21.470000,1.05806,1.05803,1100000,4500000
2020-08-07 14:00:21.573000,1.05807,1.05803,3190000,5250000
2020-08-07 14:00:21.878000,1.05807,1.05803,2250000,3470000
2020-08-07 14:00:22.030000,1.05807,1.05803,2250000,3070000
2020-08-07 14:00:22.132000,1.05806,1.05803,1500000,3000000
2020-08-07 14:00:23.516000,1.05807,1.05804,2440000,3070000
2020-08-07 14:00:24.147000,1.05807,1.05803,2510000,5700000
2020-08-07 14:00:25.150000,1.05807,1.05804,1500000,1010000
2020-08-07 14:00:25.251000,1.05807,1.05803,2250000,5510000
2020-08-07 14:00:25.352000,1.05806,1.05803,1000000,5510000
2020-08-07 14:00:25.778000,1.05804,1.05801,1690000,3450000
2020-08-07 14:00:25.980000,1.05805,1.05801,1500000,1600000
2020-08-07 14:00:26.932000,1.05806,1.05803,1500000,1100000
2020-08-07 14:00:27.084000,1.05807,1.05803,2440000,5320000
2020-08-07 14:00:27.236000,1.05807,1.05803,1500000,6790000
2020-08-07 14:00:27.338000,1.05809,1.05806,1250000,2440000
2020-08-07 14:00:27.439000,1.0581,1.05808,1250000,1000000
2020-08-07 14:00:27.541000,1.05811,1.05809,1250000,1500000
2020-08-07 14:00:27.654000,1.05812,1.05809,1760000,1000000
2020-08-07 14:00:28.190000,1.05812,1.05808,1690000,5510000
2020-08-07 14:00:28.395000,1.05813,1.0581,1760000,1000000
2020-08-07 14:00:28.598000,1.05813,1.05809,2910000,1250000
2020-08-07 14:00:29.010000,1.05813,1.0581,2140000,1000000
2020-08-07 14:00:29.112000,1.05809,1.05807,1690000,3750000
2020-08-07 14:00:29.566000,1.05808,1.05806,1750000,3000000
2020-08-07 14:00:29.668000,1.05808,1.05805,2950000,3000000
2020-08-07 14:00:29.819000,1.05807,1.05803,1250000,6640000
2020-08-07 14:00:30.022000,1.05807,1.05804,1250000,3000000
2020-08-07 14:00:30.729000,1.05806,1.05804,1000000,3000000
2020-08-07 14:00:30.844000,1.05807,1.05805,1000000,4390000
2020-08-07 14:00:30.945000,1.05808,1.05805,1200000,4690000
2020-08-07 14:00:31.199000,1.05808,1.05805,3010000,1000000
2020-08-07 14:00:32.010000,1.05809,1.05807,1200000,1690000
2020-08-07 14:00:32.112000,1.0581,1.05808,1000000,1250000
2020-08-07 14:00:32.315000,1.05808,1.05806,1000000,1390000
2020-08-07 14:00:32.467000,1.05807,1.05805,1000000,3000000
2020-08-07 14:00:32.568000,1.05805,1.05804,1000000,1000000
2020-08-07 14:00:32.875000,1.05805,1.05803,1000000,1250000
2020-08-07 14:00:32.977000,1.05803,1.058,1000000,3070000
2020-08-07 14:00:33.028000,1.05801,1.05799,1000000,4010000
2020-08-07 14:00:33.129000,1.05798,1.05796,1000000,5320000
2020-08-07 14:00:33.231000,1.05802,1.05801,1000000,1100000
2020-08-07 14:00:33.333000,1.05805,1.05803,1000000,1220000
2020-08-07 14:00:33.434000,1.05804,1.05801,1500000,1450000
2020-08-07 14:00:33.536000,1.05803,1.058,1000000,5200000
2020-08-07 14:00:33.586000,1.05804,1.05801,1000000,3970000
2020-08-07 14:00:34.445000,1.05804,1.05801,1000000,5810000
2020-08-07 14:00:34.597000,1.05804,1.05802,1000000,1220000
2020-08-07 14:00:35.256000,1.05805,1.05801,2140000,6260000
2020-08-07 14:00:35.307000,1.05805,1.05801,1500000,7160000
2020-08-07 14:00:35.698000,1.0581,1.05809,2250000,1000000
2020-08-07 14:00:35.748000,1.05813,1.0581,1720000,1750000
2020-08-07 14:00:35.799000,1.05811,1.05809,1000000,1760000
2020-08-07 14:00:36.002000,1.05811,1.05808,1500000,5700000
2020-08-07 14:00:36.103000,1.05811,1.05809,1000000,3750000
2020-08-07 14:00:38.487000,1.05815,1.05813,1120000,1950000
2020-08-07 14:00:38.601000,1.05819,1.05817,1250000,5910000
2020-08-07 14:00:38.703000,1.05818,1.05817,1500000,1250000
2020-08-07 14:00:38.755000,1.05817,1.05815,1000000,3070000
2020-08-07 14:00:39.061000,1.0582,1.05817,1000000,8290000
2020-08-07 14:00:39.163000,1.05818,1.05817,1000000,1250000
2020-08-07 14:00:39.214000,1.05817,1.05815,1000000,4390000
2020-08-07 14:00:39.316000,1.05816,1.05814,1000000,1390000
2020-08-07 14:00:40.024000,1.05815,1.05812,1000000,4540000
2020-08-07 14:00:40.126000,1.05814,1.05811,1000000,5890000
2020-08-07 14:00:40.278000,1.05815,1.05811,2440000,3750000
2020-08-07 14:00:40.379000,1.05814,1.0581,1000000,1950000
2020-08-07 14:00:40.481000,1.05813,1.0581,1000000,4950000
2020-08-07 14:00:43.879000,1.05814,1.0581,1000000,4950000
2020-08-07 14:00:44.031000,1.05811,1.05808,1250000,2700000
2020-08-07 14:00:44.132000,1.05813,1.0581,1000000,1100000
2020-08-07 14:00:47.316000,1.0581,1.05808,1000000,4390000
2020-08-07 14:00:47.417000,1.05811,1.05809,1000000,1100000
2020-08-07 14:00:47.468000,1.05813,1.05809,4690000,1200000
2020-08-07 14:00:47.569000,1.05813,1.0581,3750000,1000000
2020-08-07 14:00:49.434000,1.05813,1.05809,1000000,4390000
2020-08-07 14:00:50.241000,1.05813,1.05809,1000000,2290000
2020-08-07 14:00:50.544000,1.05815,1.05812,3940000,1750000
2020-08-07 14:00:50.646000,1.05816,1.05813,1000000,4760000
2020-08-07 14:00:50.999000,1.05816,1.05813,1000000,5290000
2020-08-07 14:00:51.101000,1.05818,1.05815,1000000,5140000
2020-08-07 14:00:51.202000,1.05818,1.05815,1000000,5950000
2020-08-07 14:00:51.556000,1.05819,1.05817,1000000,1000000
2020-08-07 14:00:51.607000,1.05821,1.05818,1120000,1950000
2020-08-07 14:00:51.708000,1.05822,1.0582,1500000,1000000
2020-08-07 14:00:51.860000,1.05822,1.05819,2890000,1000000
2020-08-07 14:00:51.962000,1.05822,1.05819,3040000,1000000
2020-08-07 14:00:52.265000,1.05823,1.05819,1950000,5510000
2020-08-07 14:00:52.771000,1.05822,1.05819,1250000,4200000
2020-08-07 14:00:52.873000,1.05821,1.05818,1500000,4200000
2020-08-07 14:00:52.974000,1.0582,1.05818,1000000,1000000
2020-08-07 14:00:53.076000,1.05821,1.05818,2890000,1000000
2020-08-07 14:00:53.177000,1.05821,1.05819,1000000,1200000
2020-08-07 14:00:53.228000,1.05823,1.05819,2140000,4200000
2020-08-07 14:00:53.409000,1.05822,1.05819,1000000,3750000
2020-08-07 14:00:53.560000,1.05823,1.0582,3750000,1200000
2020-08-07 14:00:54.066000,1.05824,1.0582,4390000,1200000
2020-08-07 14:00:54.520000,1.05823,1.0582,3000000,2140000
2020-08-07 14:00:54.622000,1.05824,1.05822,1000000,1000000
2020-08-07 14:00:54.976000,1.05824,1.05821,1200000,1000000
2020-08-07 14:00:55.229000,1.05824,1.05821,1600000,1000000
2020-08-07 14:00:55.341000,1.05824,1.05821,1200000,1000000
2020-08-07 14:00:56.307000,1.05824,1.05822,1000000,1000000
2020-08-07 14:00:58.137000,1.05828,1.05825,5450000,1000000
2020-08-07 14:00:58.442000,1.05828,1.05825,1390000,1000000
2020-08-07 14:01:00.789000,1.05826,1.05824,1000000,1000000
2020-08-07 14:01:00.890000,1.05827,1.05824,2890000,1000000
2020-08-07 14:01:01.254000,1.05827,1.05825,1250000,1000000
2020-08-07 14:01:01.355000,1.05828,1.05825,3940000,1000000
2020-08-07 14:01:01.811000,1.05829,1.05826,3260000,1000000
2020-08-07 14:01:02.014000,1.0583,1.05827,4390000,1000000
2020-08-07 14:01:04.095000,1.05831,1.05827,2440000,2510000
2020-08-07 14:01:04.197000,1.05834,1.05831,2350000,1000000
2020-08-07 14:01:04.399000,1.05834,1.05832,1450000,1000000
2020-08-07 14:01:04.620000,1.05835,1.05832,4750000,1000000
2020-08-07 14:01:04.721000,1.05835,1.05833,3190000,1000000
2020-08-07 14:01:05.039000,1.05831,1.0583,1250000,3750000
2020-08-07 14:01:05.090000,1.05831,1.05828,1250000,1500000
2020-08-07 14:01:05.191000,1.05832,1.05828,2440000,4690000
2020-08-07 14:01:05.292000,1.05833,1.05829,2510000,1690000
2020-08-07 14:01:05.949000,1.05835,1.05832,1120000,1250000
2020-08-07 14:01:06.506000,1.05836,1.05832,4950000,1690000
2020-08-07 14:01:06.938000,1.05836,1.05833,1000000,1000000
2020-08-07 14:01:07.040000,1.05835,1.05833,3000000,1000000
2020-08-07 14:01:07.142000,1.05835,1.05832,3000000,1100000
2020-08-07 14:01:07.963000,1.05835,1.05832,6790000,1000000
2020-08-07 14:01:08.266000,1.05835,1.05832,3640000,1000000
2020-08-07 14:01:08.921000,1.05835,1.05833,1000000,3000000
2020-08-07 14:01:08.972000,1.05837,1.05834,2250000,2250000
2020-08-07 14:01:09.275000,1.05837,1.05835,1690000,1000000
2020-08-07 14:01:09.983000,1.05837,1.05834,1690000,1000000
2020-08-07 14:01:10.817000,1.05837,1.05836,1000000,1000000
2020-08-07 14:01:10.918000,1.05838,1.05835,1000000,1570000
2020-08-07 14:01:11.019000,1.05839,1.05838,1250000,1000000
2020-08-07 14:01:11.172000,1.05841,1.05839,1250000,1000000
2020-08-07 14:01:11.323000,1.05842,1.05839,1390000,1000000
2020-08-07 14:01:11.627000,1.05843,1.05839,3820000,1100000
2020-08-07 14:01:12.667000,1.05843,1.05842,4690000,1000000
2020-08-07 14:01:12.821000,1.05843,1.05841,1760000,1000000
2020-08-07 14:01:13.024000,1.05846,1.05843,5510000,1000000
2020-08-07 14:01:13.127000,1.05846,1.05844,1000000,1000000
2020-08-07 14:01:13.710000,1.05847,1.05844,1000000,1250000
2020-08-07 14:01:14.014000,1.05848,1.05845,3820000,1250000
2020-08-07 14:01:15.530000,1.05847,1.05845,1000000,1250000
2020-08-07 14:01:17.229000,1.0585,1.05847,5020000,1000000
2020-08-07 14:01:17.281000,1.05851,1.05849,3170000,1000000
2020-08-07 14:01:17.483000,1.05852,1.05849,5720000,1000000
2020-08-07 14:01:18.045000,1.05852,1.05849,5250000,1000000
2020-08-07 14:01:18.247000,1.05852,1.05849,3220000,1000000
2020-08-07 14:01:18.404000,1.05851,1.05848,2140000,1000000
2020-08-07 14:01:18.505000,1.0585,1.05848,1500000,1000000
2020-08-07 14:01:18.657000,1.05851,1.05849,1000000,1000000
2020-08-07 14:01:18.961000,1.05851,1.05848,2140000,1000000
2020-08-07 14:01:19.620000,1.0585,1.05846,2720000,6000000
2020-08-07 14:01:19.721000,1.05849,1.05846,1970000,1500000
2020-08-07 14:01:19.974000,1.05849,1.05846,1570000,1000000
2020-08-07 14:01:20.350000,1.05849,1.05845,4600000,2250000
2020-08-07 14:01:20.805000,1.05847,1.05844,1100000,1500000
2020-08-07 14:01:20.906000,1.05847,1.05845,1100000,1000000
2020-08-07 14:01:21.109000,1.05845,1.05843,2810000,1000000
2020-08-07 14:01:21.520000,1.05845,1.05842,1100000,4500000
2020-08-07 14:01:21.830000,1.05844,1.05842,4760000,1000000
2020-08-07 14:01:22.083000,1.05844,1.05843,1000000,1000000
2020-08-07 14:01:22.319000,1.05844,1.05842,1010000,1000000
2020-08-07 14:01:22.925000,1.05844,1.05842,2160000,1000000
2020-08-07 14:01:23.709000,1.05844,1.05842,3940000,1000000
2020-08-07 14:01:24.012000,1.05844,1.05841,1010000,1250000
2020-08-07 14:01:24.285000,1.05843,1.05841,3470000,1250000
2020-08-07 14:01:24.387000,1.05841,1.0584,1000000,1000000
2020-08-07 14:01:24.589000,1.0584,1.05838,1000000,1000000
2020-08-07 14:01:24.640000,1.05837,1.05835,3070000,1000000
2020-08-07 14:01:24.743000,1.05836,1.05834,1200000,1750000
2020-08-07 14:01:25.913000,1.05837,1.05834,1250000,2440000
2020-08-07 14:01:26.014000,1.05838,1.05835,1250000,1690000
2020-08-07 14:01:26.116000,1.05838,1.05835,3660000,1000000
2020-08-07 14:01:26.369000,1.05838,1.05835,1000000,1000000
2020-08-07 14:01:26.511000,1.0584,1.05836,4950000,1500000
2020-08-07 14:01:26.614000,1.0584,1.05837,2160000,3000000
2020-08-07 14:01:26.716000,1.0584,1.05838,2950000,1000000
2020-08-07 14:01:27.083000,1.05837,1.05835,1100000,3750000
2020-08-07 14:01:27.184000,1.05837,1.05834,1200000,2440000
2020-08-07 14:01:27.286000,1.05839,1.05835,5100000,3190000
2020-08-07 14:01:27.810000,1.0584,1.05837,4540000,1000000
2020-08-07 14:01:28.064000,1.0584,1.05837,5290000,1000000
2020-08-07 14:01:28.217000,1.05833,1.05832,1250000,1250000
2020-08-07 14:01:28.319000,1.05834,1.05832,1000000,1000000
2020-08-07 14:01:28.421000,1.05835,1.05832,3000000,1000000
2020-08-07 14:01:28.674000,1.05836,1.05833,1000000,1500000
2020-08-07 14:01:28.927000,1.05836,1.05835,1000000,2250000
2020-08-07 14:01:28.978000,1.05839,1.05835,2660000,4500000
2020-08-07 14:01:29.433000,1.05839,1.05836,2100000,1000000
2020-08-07 14:01:30.091000,1.05838,1.05835,1200000,3750000
2020-08-07 14:01:30.193000,1.05837,1.05834,1500000,1000000
2020-08-07 14:01:33.073000,1.05837,1.05836,3000000,1000000
2020-08-07 14:01:35.092000,1.05839,1.05836,4500000,1000000
2020-08-07 14:01:35.345000,1.0584,1.05837,1000000,1950000
2020-08-07 14:01:35.894000,1.05841,1.0584,1000000,1000000
2020-08-07 14:01:36.198000,1.05842,1.0584,1000000,1000000
2020-08-07 14:01:38.019000,1.05845,1.05842,3970000,1000000
2020-08-07 14:01:38.120000,1.05844,1.05841,6600000,1000000
2020-08-07 14:01:39.293000,1.05844,1.05839,6790000,6640000
2020-08-07 14:01:40.071000,1.05842,1.05839,2140000,3750000
2020-08-07 14:01:40.122000,1.05841,1.05837,2950000,2320000
2020-08-07 14:01:40.223000,1.05839,1.05835,3450000,5890000
2020-08-07 14:01:40.325000,1.05838,1.05835,1950000,3940000
2020-08-07 14:01:40.427000,1.05838,1.05834,2890000,2700000
2020-08-07 14:01:41.632000,1.05838,1.05835,1690000,1200000
2020-08-07 14:01:42.425000,1.05839,1.05835,2890000,5890000
2020-08-07 14:01:42.880000,1.05838,1.05835,4200000,1250000
2020-08-07 14:01:43.585000,1.05838,1.05836,1000000,1500000
2020-08-07 14:01:43.636000,1.0584,1.05837,3940000,1500000
2020-08-07 14:01:43.889000,1.0584,1.05837,1410000,1000000
2020-08-07 14:01:43.990000,1.05838,1.05835,3450000,1690000
2020-08-07 14:01:44.092000,1.05838,1.05834,5140000,1760000
2020-08-07 14:01:44.194000,1.05837,1.05834,1250000,1950000
2020-08-07 14:01:44.548000,1.05837,1.05834,2290000,1000000
2020-08-07 14:01:44.651000,1.05835,1.05832,1250000,1500000
2020-08-07 14:01:48.955000,1.05836,1.05833,1010000,3750000
2020-08-07 14:01:49.006000,1.05839,1.05836,4090000,1500000
2020-08-07 14:01:49.108000,1.05839,1.05836,2850000,1000000
2020-08-07 14:01:49.412000,1.05839,1.05836,1950000,1000000
2020-08-07 14:01:52.243000,1.05839,1.05835,2250000,4760000
2020-08-07 14:01:53.931000,1.05838,1.05835,3750000,1000000
2020-08-07 14:01:54.386000,1.05838,1.05834,1000000,6260000
2020-08-07 14:01:56.407000,1.05839,1.05836,1500000,1000000
2020-08-07 14:01:56.660000,1.05839,1.05835,1500000,7390000
2020-08-07 14:01:57.871000,1.0584,1.05837,2700000,1000000
2020-08-07 14:01:57.976000,1.0584,1.05837,3040000,1000000
2020-08-07 14:01:58.179000,1.0584,1.05837,2890000,1000000
2020-08-07 14:01:58.592000,1.0584,1.05837,3040000,1000000
2020-08-07 14:01:58.643000,1.0584,1.05837,2890000,1000000
2020-08-07 14:01:58.744000,1.0584,1.05837,3040000,1000000
2020-08-07 14:01:58.845000,1.0584,1.05836,3790000,1000000
2020-08-07 14:02:00.158000,1.05838,1.05836,1000000,3000000
2020-08-07 14:02:00.259000,1.05838,1.05835,1000000,4500000
2020-08-07 14:02:02.038000,1.05839,1.05836,1500000,1000000
2020-08-07 14:02:02.139000,1.05839,1.05836,2100000,1000000
2020-08-07 14:02:02.493000,1.05839,1.05836,1950000,1000000
2020-08-07 14:02:03.628000,1.05837,1.05835,4690000,1000000
2020-08-07 14:02:03.780000,1.05838,1.05835,2890000,1000000
2020-08-07 14:02:04.297000,1.05838,1.05835,6040000,1000000
2020-08-07 14:02:04.398000,1.05838,1.05835,2440000,1000000
2020-08-07 14:02:05.374000,1.05837,1.05835,3000000,1000000
2020-08-07 14:02:06.259000,1.05835,1.05833,1250000,1500000
2020-08-07 14:02:06.462000,1.05836,1.05834,1000000,3000000
2020-08-07 14:02:06.518000,1.05839,1.05836,6340000,1000000
2020-08-07 14:02:06.986000,1.05839,1.05836,1200000,2500000
2020-08-07 14:02:07.138000,1.05839,1.05836,1200000,1500000
2020-08-07 14:02:07.391000,1.05838,1.05835,1000000,5510000
2020-08-07 14:02:08.340000,1.05838,1.05834,1950000,2810000
2020-08-07 14:02:08.745000,1.05838,1.05834,3750000,3790000
2020-08-07 14:02:09.301000,1.05839,1.05836,3750000,1250000
2020-08-07 14:02:10.131000,1.05839,1.05834,2290000,7070000
2020-08-07 14:02:10.549000,1.05839,1.05834,1760000,7600000
2020-08-07 14:02:11.107000,1.05839,1.05836,1760000,1000000
2020-08-07 14:02:11.220000,1.05838,1.05836,1250000,1000000
2020-08-07 14:02:11.710000,1.05839,1.05837,4500000,1000000
2020-08-07 14:02:11.899000,1.05839,1.05837,1220000,1000000
2020-08-07 14:02:12,1.05839,1.05837,1100000,1000000
2020-08-07 14:02:12.253000,1.05838,1.05834,1450000,5890000
2020-08-07 14:02:12.355000,1.05838,1.05835,1450000,3000000
2020-08-07 14:02:12.659000,1.05839,1.05835,1690000,5540000
2020-08-07 14:02:12.761000,1.05838,1.05836,1250000,1000000
2020-08-07 14:02:12.863000,1.05839,1.05837,1250000,1000000
2020-08-07 14:02:12.964000,1.05839,1.05837,1250000,1000000
2020-08-07 14:02:13.388000,1.05837,1.05835,1250000,1000000
2020-08-07 14:02:14.066000,1.05835,1.05833,1220000,1250000
2020-08-07 14:02:14.117000,1.05832,1.0583,1250000,2700000
2020-08-07 14:02:14.168000,1.05831,1.05829,4000000,1000000
2020-08-07 14:02:14.219000,1.05833,1.0583,2890000,1500000
2020-08-07 14:02:14.320000,1.05831,1.05829,1250000,3820000
2020-08-07 14:02:14.422000,1.05833,1.0583,1940000,1500000
2020-08-07 14:02:14.524000,1.05834,1.05831,2950000,1500000
2020-08-07 14:02:14.727000,1.05834,1.05832,1750000,1500000
2020-08-07 14:02:14.828000,1.05835,1.05832,1750000,4500000
2020-08-07 14:02:15.232000,1.05837,1.05835,1690000,1870000
2020-08-07 14:02:15.333000,1.05837,1.05836,1250000,3750000
2020-08-07 14:02:15.435000,1.05838,1.05835,3140000,1000000
2020-08-07 14:02:15.537000,1.05837,1.05835,1250000,1000000
2020-08-07 14:02:15.689000,1.05839,1.05836,1450000,3750000
2020-08-07 14:02:16.212000,1.0584,1.05836,3700000,5510000
2020-08-07 14:02:16.313000,1.0584,1.05837,3700000,1000000
2020-08-07 14:02:16.717000,1.05842,1.05841,1690000,1950000
2020-08-07 14:02:16.819000,1.05843,1.05842,1000000,1690000
2020-08-07 14:02:16.869000,1.05846,1.05842,3320000,2890000
2020-08-07 14:02:17.124000,1.05844,1.05841,2970000,1500000
2020-08-07 14:02:17.328000,1.05845,1.05843,1500000,1000000
2020-08-07 14:02:17.430000,1.05847,1.05843,4410000,1500000
2020-08-07 14:02:17.784000,1.05846,1.05842,4760000,5700000
2020-08-07 14:02:17.886000,1.05846,1.05843,1010000,1500000
2020-08-07 14:02:19.149000,1.05846,1.05844,4010000,1000000
2020-08-07 14:02:19.402000,1.05848,1.05845,1000000,1000000
2020-08-07 14:02:19.453000,1.05849,1.05847,4010000,1500000
2020-08-07 14:02:19.554000,1.0585,1.05848,1260000,1000000
2020-08-07 14:02:19.656000,1.05849,1.05847,2220000,1000000
2020-08-07 14:02:20.061000,1.0585,1.05848,1250000,1000000
2020-08-07 14:02:20.162000,1.05851,1.05849,2140000,1000000
2020-08-07 14:02:20.453000,1.05852,1.05849,4760000,1000000
2020-08-07 14:02:20.554000,1.05852,1.0585,1760000,1000000
2020-08-07 14:02:21.518000,1.05852,1.0585,1100000,1000000
2020-08-07 14:02:21.872000,1.05853,1.05851,1000000,1000000
2020-08-07 14:02:22.530000,1.05855,1.05852,1450000,1870000
2020-08-07 14:02:22.631000,1.05854,1.05853,1250000,1500000
2020-08-07 14:02:23.551000,1.05856,1.05854,1500000,1500000
2020-08-07 14:02:23.602000,1.05859,1.05856,3720000,1500000
2020-08-07 14:02:23.703000,1.05859,1.05855,2970000,3750000
2020-08-07 14:02:24.312000,1.05859,1.05855,1690000,4200000
2020-08-07 14:02:24.413000,1.05859,1.05855,2500000,4200000
2020-08-07 14:02:25.423000,1.05855,1.05854,1500000,1000000
2020-08-07 14:02:25.474000,1.05854,1.05852,1200000,2700000
2020-08-07 14:02:25.575000,1.05854,1.05851,3100000,1000000
2020-08-07 14:02:25.828000,1.05853,1.05851,2890000,1000000
2020-08-07 14:02:25.930000,1.05852,1.0585,2250000,1000000
2020-08-07 14:02:26.031000,1.05852,1.05849,2220000,1000000
2020-08-07 14:02:26.183000,1.05852,1.0585,1010000,1000000
2020-08-07 14:02:26.335000,1.05853,1.0585,1010000,1250000
2020-08-07 14:02:26.436000,1.05853,1.0585,1820000,1000000
2020-08-07 14:02:26.538000,1.05853,1.0585,1010000,1000000
2020-08-07 14:02:28.327000,1.05854,1.05851,4970000,1000000
2020-08-07 14:02:28.732000,1.05853,1.0585,2910000,1000000
2020-08-07 14:02:29.003000,1.05853,1.0585,2910000,1000000
2020-08-07 14:02:29.257000,1.05849,1.05847,1200000,12340000
2020-08-07 14:02:29.307000,1.05848,1.05845,4200000,1500000
2020-08-07 14:02:29.409000,1.05847,1.05844,1500000,1200000
2020-08-07 14:02:29.662000,1.05846,1.05842,6640000,1500000
2020-08-07 14:02:29.763000,1.05845,1.05842,1250000,1500000
2020-08-07 14:02:30.299000,1.05845,1.05843,1010000,1000000
2020-08-07 14:02:30.653000,1.05844,1.05843,1250000,1000000
2020-08-07 14:02:30.755000,1.05842,1.05839,1200000,1000000
2020-08-07 14:02:30.857000,1.05842,1.05839,2910000,1000000
2020-08-07 14:02:31.160000,1.05841,1.05838,1100000,1000000
2020-08-07 14:02:32.011000,1.05842,1.05839,4390000,1000000
2020-08-07 14:02:32.264000,1.05842,1.05839,1600000,1000000
2020-08-07 14:02:32.366000,1.0584,1.05838,3000000,1000000
2020-08-07 14:02:32.467000,1.05841,1.05838,1950000,1000000
2020-08-07 14:02:33.569000,1.05841,1.05839,1000000,1000000
2020-08-07 14:02:33.823000,1.0584,1.05838,1570000,1000000
2020-08-07 14:02:33.924000,1.05839,1.05838,1000000,1000000
2020-08-07 14:02:33.975000,1.05837,1.05834,1200000,1200000
2020-08-07 14:02:34.077000,1.05836,1.05834,1200000,1000000
2020-08-07 14:02:34.533000,1.05835,1.05833,1000000,1000000
2020-08-07 14:02:34.634000,1.05836,1.05834,1950000,1000000
2020-08-07 14:02:34.736000,1.05836,1.05833,1950000,1000000
2020-08-07 14:02:35.279000,1.05835,1.05833,1000000,1000000
2020-08-07 14:02:35.633000,1.05835,1.05832,1220000,1690000
2020-08-07 14:02:35.735000,1.05835,1.05833,1970000,1000000
2020-08-07 14:02:35.836000,1.05835,1.05833,1000000,1000000
2020-08-07 14:02:37.318000,1.05835,1.05832,5320000,1000000
2020-08-07 14:02:39.566000,1.05834,1.05832,1100000,3750000
2020-08-07 14:02:39.617000,1.05832,1.05829,3070000,2700000
2020-08-07 14:02:39.719000,1.05834,1.05831,4220000,1500000
2020-08-07 14:02:39.821000,1.05834,1.05831,1100000,1500000
2020-08-07 14:02:40.074000,1.05835,1.05832,1010000,1250000
2020-08-07 14:02:40.176000,1.05835,1.05832,1820000,1000000
2020-08-07 14:02:40.328000,1.05835,1.05832,2350000,1000000
2020-08-07 14:02:40.429000,1.05835,1.05832,2220000,1000000
2020-08-07 14:02:40.985000,1.05835,1.05832,1010000,1000000
2020-08-07 14:02:44.406000,1.05835,1.05831,1010000,4950000
2020-08-07 14:02:44.558000,1.05834,1.05831,3000000,1200000
2020-08-07 14:02:44.911000,1.05835,1.05831,1010000,1200000
2020-08-07 14:02:45.114000,1.05835,1.05831,1010000,4450000
2020-08-07 14:02:45.215000,1.05837,1.05834,1570000,2250000
2020-08-07 14:02:45.317000,1.05833,1.0583,1100000,6560000
2020-08-07 14:02:45.923000,1.05833,1.0583,1000000,6290000
2020-08-07 14:02:46.303000,1.05832,1.05829,1500000,5570000
2020-08-07 14:02:46.354000,1.05834,1.0583,5620000,6350000
2020-08-07 14:02:46.556000,1.05834,1.0583,1500000,7220000
2020-08-07 14:02:49.447000,1.05835,1.05831,5250000,2160000
2020-08-07 14:02:49.935000,1.05835,1.05831,2320000,5140000
2020-08-07 14:02:50.851000,1.05834,1.05831,3750000,2700000
2020-08-07 14:02:50.952000,1.05835,1.05831,2320000,5140000
2020-08-07 14:02:53.663000,1.05832,1.05829,5320000,1120000
2020-08-07 14:02:53.766000,1.05833,1.05831,1000000,1000000
2020-08-07 14:02:53.868000,1.05834,1.05831,3820000,1000000
2020-08-07 14:02:56.991000,1.05831,1.05828,2700000,3200000
2020-08-07 14:02:57.195000,1.05833,1.0583,1950000,1870000
2020-08-07 14:02:57.465000,1.05832,1.0583,1200000,1000000
2020-08-07 14:02:57.516000,1.0583,1.05827,2290000,6000000
2020-08-07 14:02:57.618000,1.05831,1.0583,4120000,1000000
2020-08-07 14:02:57.669000,1.05834,1.05831,6670000,1000000
2020-08-07 14:02:57.770000,1.05834,1.05831,3450000,1000000
2020-08-07 14:02:57.871000,1.05833,1.0583,1950000,1000000
2020-08-07 14:02:58.124000,1.05833,1.05831,1000000,1000000
2020-08-07 14:03:00.457000,1.05834,1.05831,4500000,1100000
2020-08-07 14:03:01.378000,1.05833,1.05831,1000000,1100000
2020-08-07 14:03:03.092000,1.05833,1.0583,1500000,4760000
2020-08-07 14:03:03.194000,1.05833,1.0583,1000000,5160000
2020-08-07 14:03:03.396000,1.05833,1.05829,2250000,2910000
2020-08-07 14:03:04.005000,1.05834,1.0583,5250000,6220000
2020-08-07 14:03:06.607000,1.05833,1.05831,1000000,1200000
2020-08-07 14:03:06.709000,1.05834,1.0583,5700000,1950000
2020-08-07 14:03:06.962000,1.05834,1.0583,5250000,2470000
2020-08-07 14:03:10.691000,1.05833,1.05831,1000000,1200000
2020-08-07 14:03:11.016000,1.05834,1.05831,1000000,1200000
2020-08-07 14:03:14.813000,1.05838,1.05836,6940000,1000000
2020-08-07 14:03:14.914000,1.05838,1.05835,3790000,3000000
2020-08-07 14:03:15.016000,1.05837,1.05834,1200000,5440000
2020-08-07 14:03:15.168000,1.05835,1.05832,1950000,5320000
2020-08-07 14:03:15.269000,1.05834,1.0583,2910000,8120000
2020-08-07 14:03:15.421000,1.05835,1.05831,5440000,2250000
2020-08-07 14:03:15.523000,1.05835,1.05832,1000000,6040000
2020-08-07 14:03:15.776000,1.05835,1.05832,2250000,3750000
2020-08-07 14:03:16.734000,1.05837,1.05836,3750000,1000000
2020-08-07 14:03:16.786000,1.05839,1.05837,7570000,1000000
2020-08-07 14:03:17.055000,1.05839,1.05836,13570000,3000000
2020-08-07 14:03:17.157000,1.05839,1.05835,2910000,2250000
2020-08-07 14:03:18.068000,1.05837,1.05835,1100000,1000000
2020-08-07 14:03:18.119000,1.05835,1.05832,1500000,5350000
2020-08-07 14:03:18.220000,1.05835,1.05832,1500000,4500000
2020-08-07 14:03:20.819000,1.05838,1.05836,1100000,1000000
2020-08-07 14:03:20.971000,1.05839,1.05836,1250000,1000000
2020-08-07 14:03:22.159000,1.0584,1.05836,5510000,5140000
2020-08-07 14:03:22.261000,1.0584,1.05837,4690000,1200000
2020-08-07 14:03:22.565000,1.05843,1.05839,4690000,3940000
2020-08-07 14:03:22.717000,1.05845,1.05841,6700000,2320000
2020-08-07 14:03:24.374000,1.05843,1.05841,3000000,1000000
2020-08-07 14:03:25.881000,1.05844,1.05841,2140000,1000000
2020-08-07 14:03:26.133000,1.05843,1.05841,3750000,1000000
2020-08-07 14:03:26.235000,1.05841,1.05838,1000000,2140000
2020-08-07 14:03:26.287000,1.05838,1.05836,1000000,3150000
2020-08-07 14:03:26.388000,1.05839,1.05836,1690000,3750000
2020-08-07 14:03:26.540000,1.05838,1.05836,1390000,3000000
2020-08-07 14:03:26.592000,1.05837,1.05834,1690000,3640000
2020-08-07 14:03:27.115000,1.05839,1.05835,2140000,3820000
2020-08-07 14:03:27.166000,1.0584,1.05837,4500000,1000000
2020-08-07 14:03:27.693000,1.05841,1.05838,1500000,1200000
2020-08-07 14:03:27.796000,1.05842,1.05838,2140000,5700000
2020-08-07 14:03:28.049000,1.05842,1.05838,1000000,6040000
2020-08-07 14:03:28.838000,1.05842,1.05839,1000000,1220000
2020-08-07 14:03:29.186000,1.05845,1.05841,6070000,2140000
2020-08-07 14:03:29.289000,1.05846,1.05842,3040000,2250000
2020-08-07 14:03:29.340000,1.05847,1.05845,3000000,1100000
2020-08-07 14:03:29.441000,1.05849,1.05847,2160000,1000000
2020-08-07 14:03:29.542000,1.05849,1.05847,1250000,1000000
2020-08-07 14:03:30.801000,1.05851,1.05848,1010000,3000000
2020-08-07 14:03:30.903000,1.05851,1.05848,1000000,1450000
2020-08-07 14:03:30.954000,1.05849,1.05847,1000000,4000000
2020-08-07 14:03:31.055000,1.05849,1.05845,1250000,3100000
2020-08-07 14:03:32.131000,1.0585,1.05846,5440000,1390000
2020-08-07 14:03:32.788000,1.05848,1.05845,1760000,3750000
2020-08-07 14:03:32.890000,1.05847,1.05844,3820000,1500000
2020-08-07 14:03:32.941000,1.05849,1.05845,1500000,5140000
2020-08-07 14:03:33.094000,1.05851,1.05847,1100000,5140000
2020-08-07 14:03:33.196000,1.05853,1.05849,3740000,1000000
2020-08-07 14:03:33.550000,1.05853,1.05849,5440000,1000000
2020-08-07 14:03:33.651000,1.05854,1.0585,2570000,6450000
2020-08-07 14:03:33.753000,1.05854,1.0585,4570000,6640000
2020-08-07 14:03:33.905000,1.05856,1.05852,6320000,1950000
2020-08-07 14:03:34.990000,1.05856,1.05853,4070000,1000000
2020-08-07 14:03:35.092000,1.05866,1.05862,2250000,2100000
2020-08-07 14:03:35.193000,1.05868,1.05865,3750000,3010000
2020-08-07 14:03:35.295000,1.05867,1.05865,1570000,2250000
2020-08-07 14:03:36.359000,1.05865,1.05862,3000000,3070000
2020-08-07 14:03:36.461000,1.05865,1.0586,2140000,6450000
2020-08-07 14:03:36.562000,1.05865,1.05861,2140000,3000000
2020-08-07 14:03:36.714000,1.05866,1.05863,3190000,1200000
2020-08-07 14:03:36.815000,1.05867,1.05865,1760000,2250000
2020-08-07 14:03:37.788000,1.05866,1.05865,1500000,2250000
2020-08-07 14:03:38.147000,1.05867,1.05865,1100000,2250000
2020-08-07 14:03:38.249000,1.05866,1.05863,1000000,5140000
2020-08-07 14:03:38.356000,1.05866,1.05863,1000000,5290000
2020-08-07 14:03:39.173000,1.05866,1.05863,1000000,4390000
2020-08-07 14:03:39.274000,1.05866,1.05864,1000000,1000000
2020-08-07 14:03:39.629000,1.05866,1.05863,1690000,4200000
2020-08-07 14:03:39.731000,1.05866,1.05862,2440000,3750000
2020-08-07 14:03:40.173000,1.05868,1.05865,1500000,1000000
2020-08-07 14:03:40.528000,1.05868,1.05864,1950000,1010000
2020-08-07 14:03:40.635000,1.05868,1.05864,1500000,1410000
2020-08-07 14:03:41.090000,1.05867,1.05864,1000000,1010000
2020-08-07 14:03:41.191000,1.05866,1.05863,1000000,4570000
2020-08-07 14:03:42.007000,1.05866,1.05864,3750000,1000000
2020-08-07 14:03:42.615000,1.05867,1.05865,1000000,1000000
2020-08-07 14:03:42.922000,1.05868,1.05865,1000000,1950000
2020-08-07 14:03:44.175000,1.05867,1.05864,1000000,1760000
2020-08-07 14:03:44.378000,1.05866,1.05864,1000000,1100000
2020-08-07 14:03:44.479000,1.05866,1.05864,1000000,1600000
2020-08-07 14:03:44.984000,1.0587,1.05867,3190000,1970000
2020-08-07 14:03:45.140000,1.05869,1.05866,1000000,5100000
2020-08-07 14:03:46.204000,1.05869,1.05867,1000000,1220000
2020-08-07 14:03:46.764000,1.05869,1.05867,1250000,2250000
2020-08-07 14:03:47.172000,1.0587,1.05867,3750000,2700000
2020-08-07 14:03:47.628000,1.05869,1.05866,1250000,3120000
2020-08-07 14:03:47.830000,1.05868,1.05866,1000000,2370000
2020-08-07 14:03:47.983000,1.05865,1.05863,1000000,3450000
2020-08-07 14:03:48.084000,1.05865,1.05862,1000000,1200000
2020-08-07 14:03:49.110000,1.05866,1.05864,1000000,2200000
2020-08-07 14:03:49.211000,1.05866,1.05864,1000000,2200000
2020-08-07 14:03:49.312000,1.05866,1.05864,1000000,1390000
2020-08-07 14:03:49.521000,1.05866,1.05864,1000000,2260000
2020-08-07 14:03:49.877000,1.05867,1.05865,1000000,1200000
2020-08-07 14:03:49.979000,1.05868,1.05865,1000000,1200000
2020-08-07 14:03:50.131000,1.05868,1.05866,1000000,5820000
2020-08-07 14:03:50.233000,1.05869,1.05867,1000000,1100000
2020-08-07 14:03:50.284000,1.05871,1.05868,4690000,1200000
2020-08-07 14:03:50.386000,1.05871,1.0587,1000000,1000000
2020-08-07 14:03:50.487000,1.05872,1.05869,1000000,4390000
2020-08-07 14:03:51.150000,1.05872,1.05869,1000000,6760000
2020-08-07 14:03:51.803000,1.05873,1.05869,1760000,7510000
2020-08-07 14:03:52.106000,1.05874,1.05872,3940000,1200000
2020-08-07 14:03:52.157000,1.05877,1.05875,1000000,1000000
2020-08-07 14:03:52.258000,1.05878,1.05876,1000000,1500000
2020-08-07 14:03:52.309000,1.0588,1.05877,4500000,1250000
2020-08-07 14:03:52.461000,1.0588,1.05877,1250000,1010000
2020-08-07 14:03:52.664000,1.05885,1.05884,1120000,1870000
2020-08-07 14:03:52.715000,1.059,1.05889,3000000,10000000
2020-08-07 14:03:52.816000,1.05894,1.05891,1000000,1000000
2020-08-07 14:03:52.867000,1.05897,1.05893,6120000,2250000
2020-08-07 14:03:52.918000,1.05894,1.05891,1100000,10200000
2020-08-07 14:03:53.019000,1.05891,1.0589,1000000,1000000
2020-08-07 14:03:53.070000,1.05893,1.05891,1100000,3400000
2020-08-07 14:03:53.172000,1.05892,1.05891,1500000,1000000
2020-08-07 14:03:53.223000,1.05892,1.05889,1000000,1200000
2020-08-07 14:03:53.324000,1.05894,1.05892,1000000,1000000
2020-08-07 14:03:53.375000,1.05891,1.05888,1250000,2170000
2020-08-07 14:03:53.476000,1.05892,1.05889,1000000,1100000
2020-08-07 14:03:53.527000,1.05894,1.0589,1000000,3220000
2020-08-07 14:03:53.629000,1.05894,1.05892,1000000,7720000
2020-08-07 14:03:53.730000,1.05895,1.05893,1000000,5320000
2020-08-07 14:03:53.781000,1.05893,1.0589,1000000,1950000
2020-08-07 14:03:53.883000,1.05889,1.05887,1000000,2140000
2020-08-07 14:03:53.984000,1.0589,1.05889,1000000,1250000
2020-08-07 14:03:54.086000,1.05892,1.05889,1500000,1100000
2020-08-07 14:03:54.187000,1.05891,1.05889,1000000,2200000
2020-08-07 14:03:54.289000,1.05892,1.05889,1000000,4390000
2020-08-07 14:03:54.542000,1.05891,1.05888,1000000,2410000
2020-08-07 14:03:54.744000,1.05892,1.05889,1000000,1410000
2020-08-07 14:03:54.846000,1.05892,1.05889,1000000,1690000
2020-08-07 14:03:55.048000,1.0589,1.05888,1000000,4690000
2020-08-07 14:03:55.150000,1.0589,1.05888,1000000,1010000
2020-08-07 14:03:55.302000,1.0589,1.05889,1000000,1250000
2020-08-07 14:03:56.315000,1.0589,1.05888,1000000,1760000
2020-08-07 14:03:56.367000,1.05887,1.05885,1000000,1600000
2020-08-07 14:03:56.470000,1.05887,1.05884,1000000,1810000
2020-08-07 14:03:56.774000,1.0589,1.05888,3000000,1750000
2020-08-07 14:03:56.876000,1.05891,1.05888,1000000,2200000
2020-08-07 14:03:57.963000,1.05891,1.05889,1000000,2560000
2020-08-07 14:03:58.064000,1.05888,1.05886,1500000,1250000
2020-08-07 14:03:58.115000,1.05886,1.05885,1000000,7760000
2020-08-07 14:03:58.217000,1.05886,1.05884,1000000,1250000
2020-08-07 14:03:59.166000,1.05886,1.05885,1000000,2250000
2020-08-07 14:03:59.983000,1.05886,1.05883,1000000,4010000
2020-08-07 14:04:00.338000,1.05889,1.05887,1000000,1950000
2020-08-07 14:04:00.440000,1.05891,1.05889,1570000,1250000
2020-08-07 14:04:00.612000,1.05888,1.05884,1500000,4510000
2020-08-07 14:04:00.765000,1.05888,1.05884,2250000,3940000
2020-08-07 14:04:00.816000,1.05885,1.05884,1000000,1250000
2020-08-07 14:04:01.328000,1.05888,1.05885,1000000,5200000
2020-08-07 14:04:01.430000,1.05887,1.05885,1000000,1000000
2020-08-07 14:04:01.532000,1.05886,1.05884,1000000,1500000
2020-08-07 14:04:02.406000,1.05887,1.05885,1000000,1870000
2020-08-07 14:04:02.508000,1.05886,1.05884,1000000,1690000
2020-08-07 14:04:02.610000,1.05885,1.05882,1600000,5060000
2020-08-07 14:04:02.814000,1.05884,1.05881,2700000,1690000
2020-08-07 14:04:02.915000,1.05885,1.05883,1250000,4950000
2020-08-07 14:04:03.017000,1.05885,1.05883,1000000,2290000
2020-08-07 14:04:03.068000,1.05887,1.05885,3750000,1000000
2020-08-07 14:04:03.373000,1.05887,1.05883,3750000,3040000
2020-08-07 14:04:03.920000,1.05885,1.05884,1000000,1000000
2020-08-07 14:04:04.021000,1.05885,1.05883,1000000,1200000
2020-08-07 14:04:06.368000,1.05885,1.05882,1000000,1950000
2020-08-07 14:04:06.469000,1.05883,1.05882,1100000,1000000
2020-08-07 14:04:06.571000,1.05884,1.05882,1200000,1000000
2020-08-07 14:04:07.228000,1.05885,1.05882,1000000,4390000
2020-08-07 14:04:07.329000,1.0589,1.05887,1100000,3940000
2020-08-07 14:04:07.432000,1.0589,1.05888,1000000,1000000
2020-08-07 14:04:07.588000,1.05891,1.05889,1000000,1310000
2020-08-07 14:04:07.691000,1.05894,1.05889,7540000,4390000
2020-08-07 14:04:07.893000,1.05892,1.05889,1000000,4390000
2020-08-07 14:04:08.147000,1.0589,1.05889,1000000,1250000
2020-08-07 14:04:08.372000,1.0589,1.05888,1000000,2140000
2020-08-07 14:04:08.878000,1.05889,1.05885,1000000,7610000
2020-08-07 14:04:08.980000,1.05887,1.05884,1000000,4200000
2020-08-07 14:04:09.233000,1.05887,1.05884,1000000,3750000
2020-08-07 14:04:09.334000,1.05889,1.05887,1000000,1000000
2020-08-07 14:04:09.436000,1.0589,1.05886,1500000,4390000
2020-08-07 14:04:09.537000,1.0589,1.05887,1500000,3940000
2020-08-07 14:04:10.536000,1.0589,1.05888,1000000,1000000
2020-08-07 14:04:10.637000,1.05891,1.05888,1000000,4890000
2020-08-07 14:04:11.093000,1.0589,1.05887,1000000,5200000
2020-08-07 14:04:11.295000,1.0589,1.05887,1000000,1270000
2020-08-07 14:04:11.448000,1.05888,1.05885,1200000,4200000
2020-08-07 14:04:11.553000,1.0589,1.05887,1500000,2140000
2020-08-07 14:04:12.110000,1.05888,1.05887,1000000,3000000
2020-08-07 14:04:12.213000,1.0589,1.05886,1500000,1850000
2020-08-07 14:04:12.264000,1.05885,1.05883,1000000,1010000
2020-08-07 14:04:12.366000,1.05885,1.05882,1000000,5450000
2020-08-07 14:04:12.569000,1.05886,1.05884,1000000,1000000
2020-08-07 14:04:12.671000,1.05888,1.05886,1000000,1000000
2020-08-07 14:04:12.824000,1.0589,1.05886,1950000,1100000
2020-08-07 14:04:12.976000,1.05889,1.05885,1500000,4410000
2020-08-07 14:04:13.078000,1.05888,1.05885,1000000,4220000
2020-08-07 14:04:13.179000,1.05887,1.05885,1000000,3750000
2020-08-07 14:04:13.534000,1.05887,1.05884,1000000,1010000
2020-08-07 14:04:13.999000,1.05886,1.05884,1000000,3000000
2020-08-07 14:04:14.050000,1.05886,1.05882,1000000,4390000
2020-08-07 14:04:14.152000,1.05886,1.05883,1000000,1250000
2020-08-07 14:04:14.255000,1.05888,1.05886,1000000,1200000
2020-08-07 14:04:14.357000,1.05887,1.05883,1000000,3150000
2020-08-07 14:04:14.962000,1.05887,1.05883,1000000,1390000
2020-08-07 14:04:15.063000,1.05887,1.05884,1000000,3000000
2020-08-07 14:04:15.164000,1.05887,1.05883,1000000,1390000
2020-08-07 14:04:15.266000,1.05887,1.05884,1000000,3000000
2020-08-07 14:04:15.820000,1.05887,1.05883,1000000,1390000
2020-08-07 14:04:15.922000,1.05887,1.05884,1000000,3000000
2020-08-07 14:04:16.023000,1.05887,1.05883,1000000,2140000
2020-08-07 14:04:16.291000,1.05887,1.05884,1000000,3000000
2020-08-07 14:04:17.834000,1.05887,1.05883,1000000,1390000
2020-08-07 14:04:17.935000,1.05887,1.05884,1000000,3000000
2020-08-07 14:04:18.037000,1.05887,1.05883,1000000,1390000
2020-08-07 14:04:18.239000,1.05887,1.05884,1000000,3000000
2020-08-07 14:04:18.683000,1.05887,1.05883,1690000,4200000
2020-08-07 14:04:19.497000,1.05887,1.05884,1220000,1000000
2020-08-07 14:04:19.600000,1.05887,1.05884,1100000,1000000
2020-08-07 14:04:21.109000,1.05888,1.05885,3750000,1390000
2020-08-07 14:04:21.212000,1.05887,1.05884,1100000,3000000
2020-08-07 14:04:21.313000,1.05887,1.05883,1100000,2140000
2020-08-07 14:04:21.685000,1.05886,1.05883,1000000,1390000
2020-08-07 14:04:22.090000,1.05887,1.05883,1100000,2140000
2020-08-07 14:04:24.101000,1.05887,1.05884,1100000,1000000
2020-08-07 14:04:24.303000,1.05889,1.05885,1000000,3790000
2020-08-07 14:04:24.404000,1.05886,1.05884,1000000,1690000
2020-08-07 14:04:24.684000,1.05886,1.05883,1100000,1000000
2020-08-07 14:04:25.342000,1.05884,1.05882,1000000,2140000
2020-08-07 14:04:25.443000,1.05884,1.05881,1250000,2140000
2020-08-07 14:04:25.545000,1.05883,1.05881,1000000,1250000
2020-08-07 14:04:25.646000,1.05884,1.0588,1000000,4160000
2020-08-07 14:04:25.697000,1.05887,1.05884,1000000,1200000
2020-08-07 14:04:25.849000,1.05887,1.05883,1500000,6710000
2020-08-07 14:04:25.951000,1.05887,1.05884,1000000,1390000
2020-08-07 14:04:26.204000,1.05888,1.05883,1500000,9170000
2020-08-07 14:04:26.255000,1.05886,1.05883,1000000,5140000
2020-08-07 14:04:26.915000,1.05886,1.05883,1000000,3040000
2020-08-07 14:04:27.017000,1.05886,1.05883,1000000,1000000
2020-08-07 14:04:27.118000,1.05887,1.05883,3750000,2440000
2020-08-07 14:04:27.321000,1.05887,1.05884,1000000,1000000
2020-08-07 14:04:27.423000,1.05887,1.05883,1000000,5440000
2020-08-07 14:04:27.575000,1.05887,1.05884,1000000,1000000
2020-08-07 14:04:27.981000,1.05889,1.05886,1000000,1500000
2020-08-07 14:04:28.134000,1.05889,1.05886,1000000,1970000
2020-08-07 14:04:28.236000,1.0589,1.05887,2250000,1100000
2020-08-07 14:04:28.698000,1.0589,1.05888,1000000,1000000
2020-08-07 14:04:28.800000,1.05892,1.05888,1000000,2850000
2020-08-07 14:04:29.104000,1.05893,1.05888,1500000,2100000
2020-08-07 14:04:29.205000,1.05893,1.0589,1000000,1220000
2020-08-07 14:04:29.256000,1.05895,1.05892,3000000,1200000
2020-08-07 14:04:29.307000,1.05898,1.05894,10890000,1000000
2020-08-07 14:04:30.115000,1.05898,1.05896,3190000,1000000
2020-08-07 14:04:30.368000,1.05898,1.05896,1750000,1000000
2020-08-07 14:04:30.916000,1.05898,1.05896,1250000,1000000
2020-08-07 14:04:32.433000,1.059,1.05897,2140000,1250000
2020-08-07 14:04:32.535000,1.059,1.05896,5250000,1760000
2020-08-07 14:04:32.906000,1.059,1.05896,5250000,2290000
2020-08-07 14:04:33.512000,1.05899,1.05896,1000000,2290000
2020-08-07 14:04:33.614000,1.059,1.05897,1000000,1910000
2020-08-07 14:04:33.719000,1.059,1.05896,1000000,5100000
2020-08-07 14:04:33.820000,1.059,1.05895,5250000,6410000
2020-08-07 14:04:33.922000,1.05899,1.05895,1000000,5850000
2020-08-07 14:04:34.023000,1.059,1.05895,5250000,8290000
2020-08-07 14:04:34.385000,1.05899,1.05895,3750000,2850000
2020-08-07 14:04:34.487000,1.05896,1.05895,1000000,2250000
2020-08-07 14:04:34.588000,1.059,1.05897,1500000,2100000
2020-08-07 14:04:34.639000,1.059,1.05896,2440000,1650000
2020-08-07 14:04:34.741000,1.05897,1.05895,1000000,1500000
2020-08-07 14:04:34.842000,1.05899,1.05895,2440000,4500000
2020-08-07 14:04:34.893000,1.05896,1.05895,1000000,1500000
2020-08-07 14:04:34.994000,1.05898,1.05895,1000000,4500000
2020-08-07 14:04:35.046000,1.05896,1.05895,1000000,1500000
2020-08-07 14:04:35.096000,1.05898,1.05895,1000000,4500000
2020-08-07 14:04:35.827000,1.05896,1.05893,3000000,5700000
2020-08-07 14:04:36.616000,1.05896,1.05893,1000000,2850000
2020-08-07 14:04:37.036000,1.059,1.05896,3250000,2290000
2020-08-07 14:04:37.087000,1.05898,1.05895,1000000,2700000
2020-08-07 14:04:37.342000,1.05897,1.05894,1000000,1850000
2020-08-07 14:04:37.807000,1.05898,1.05894,4500000,1850000
2020-08-07 14:04:38.215000,1.05898,1.05895,3750000,3410000
2020-08-07 14:04:38.318000,1.05899,1.05895,5700000,1200000
2020-08-07 14:04:38.419000,1.05899,1.05895,5250000,2100000
2020-08-07 14:04:39.320000,1.05898,1.05895,1000000,2100000
2020-08-07 14:04:39.684000,1.05898,1.05895,1000000,3850000
2020-08-07 14:04:39.836000,1.05898,1.05894,1000000,3790000
2020-08-07 14:04:39.988000,1.05896,1.05893,1000000,1950000
2020-08-07 14:04:40.090000,1.05896,1.05893,1000000,1600000
2020-08-07 14:04:40.292000,1.05896,1.05893,1000000,3790000
2020-08-07 14:04:40.444000,1.05899,1.05896,1250000,3790000
2020-08-07 14:04:40.495000,1.05898,1.05895,1000000,1570000
2020-08-07 14:04:40.698000,1.05898,1.05894,6940000,1950000
2020-08-07 14:04:40.950000,1.05898,1.05894,5250000,2100000
2020-08-07 14:04:41.102000,1.05897,1.05894,1000000,2100000
2020-08-07 14:04:41.203000,1.05898,1.05894,6000000,1500000
2020-08-07 14:04:41.450000,1.05897,1.05894,3000000,1500000
2020-08-07 14:04:41.677000,1.05896,1.05894,1000000,1000000
2020-08-07 14:04:42.175000,1.05898,1.05894,1500000,4950000
2020-08-07 14:04:43.058000,1.05895,1.05892,1250000,1100000
2020-08-07 14:04:43.160000,1.05896,1.0589,4310000,9410000
2020-08-07 14:04:43.262000,1.05893,1.05891,1000000,1200000
2020-08-07 14:04:43.464000,1.05894,1.05891,1500000,1600000
2020-08-07 14:04:44.894000,1.05894,1.05891,3750000,1200000
2020-08-07 14:04:45.908000,1.05894,1.05892,1000000,1600000
2020-08-07 14:04:45.959000,1.05896,1.05892,1500000,5100000
2020-08-07 14:04:46.061000,1.05896,1.05893,1000000,1600000
2020-08-07 14:04:46.950000,1.05896,1.05893,1250000,1200000
2020-08-07 14:04:47.509000,1.05896,1.05893,1250000,1600000
2020-08-07 14:04:47.865000,1.05897,1.05893,1500000,5290000
2020-08-07 14:04:49.031000,1.05895,1.05892,1000000,2100000
2020-08-07 14:04:49.132000,1.05894,1.05891,1000000,3790000
2020-08-07 14:04:49.234000,1.05898,1.05894,6000000,2660000
2020-08-07 14:04:49.386000,1.05898,1.05894,2440000,5320000
2020-08-07 14:04:49.437000,1.05896,1.05892,2250000,3040000
2020-08-07 14:04:49.539000,1.05897,1.05895,3750000,1000000
2020-08-07 14:04:49.893000,1.05897,1.05894,1250000,1950000
2020-08-07 14:04:50.251000,1.05897,1.05894,1250000,2100000
2020-08-07 14:04:51.009000,1.05897,1.05894,1250000,1950000
2020-08-07 14:04:51.110000,1.05897,1.05894,1000000,2100000
2020-08-07 14:04:52.081000,1.05897,1.05894,1000000,4950000
2020-08-07 14:04:54.758000,1.05897,1.05893,1690000,4200000
2020-08-07 14:04:54.861000,1.05896,1.05893,1000000,3750000
2020-08-07 14:04:55.470000,1.05897,1.05893,1690000,4200000
2020-08-07 14:04:55.572000,1.05897,1.05893,1690000,4350000
2020-08-07 14:04:56.360000,1.05896,1.05893,1000000,2250000
2020-08-07 14:04:57.410000,1.05895,1.05893,1690000,1000000
2020-08-07 14:04:57.511000,1.05895,1.05892,2440000,1000000
2020-08-07 14:04:57.903000,1.05894,1.05892,1000000,1000000
2020-08-07 14:04:59.027000,1.05893,1.05891,1250000,3750000
2020-08-07 14:04:59.128000,1.05892,1.05889,1750000,4950000
2020-08-07 14:04:59.230000,1.05892,1.05889,3440000,4200000
2020-08-07 14:04:59.331000,1.05892,1.05889,2250000,2140000
2020-08-07 14:04:59.382000,1.05892,1.0589,1000000,1600000
2020-08-07 14:04:59.484000,1.05892,1.05889,2440000,4200000
2020-08-07 14:04:59.534000,1.05892,1.05889,1000000,5100000
2020-08-07 14:04:59.790000,1.05892,1.05889,1000000,5100000
2020-08-07 14:05:00.196000,1.05894,1.0589,3250000,1600000
2020-08-07 14:05:00.298000,1.05893,1.0589,1250000,1000000
2020-08-07 14:05:00.401000,1.05892,1.0589,1750000,1000000
2020-08-07 14:05:00.453000,1.0589,1.05888,1250000,5250000
2020-08-07 14:05:00.505000,1.0589,1.05887,2500000,1000000
2020-08-07 14:05:01.096000,1.0589,1.05887,1000000,2590000
2020-08-07 14:05:01.198000,1.05891,1.05888,3190000,1000000
2020-08-07 14:05:01.813000,1.05892,1.0589,1000000,1250000
2020-08-07 14:05:01.915000,1.05892,1.05891,1250000,1000000
2020-08-07 14:05:02.016000,1.05892,1.0589,1250000,1000000
2020-08-07 14:05:02.998000,1.05891,1.0589,1250000,1000000
2020-08-07 14:05:03.503000,1.05892,1.0589,1390000,1000000
2020-08-07 14:05:03.807000,1.05891,1.05889,1250000,1000000
2020-08-07 14:05:04.060000,1.05889,1.05888,1250000,1000000
2020-08-07 14:05:04.162000,1.05888,1.05885,6040000,1000000
2020-08-07 14:05:04.313000,1.05888,1.05886,2440000,1000000
2020-08-07 14:05:05.060000,1.05888,1.05886,4690000,1000000
2020-08-07 14:05:06.043000,1.05888,1.05886,1390000,1000000
2020-08-07 14:05:06.195000,1.05887,1.05883,1570000,5620000
2020-08-07 14:05:06.297000,1.05886,1.05883,1690000,1000000
2020-08-07 14:05:06.398000,1.05885,1.05883,1250000,1000000
2020-08-07 14:05:06.554000,1.05884,1.05882,1250000,1000000
2020-08-07 14:05:07.795000,1.05883,1.05881,3190000,1000000
2020-08-07 14:05:07.896000,1.05884,1.05882,1250000,1000000
2020-08-07 14:05:08.049000,1.05884,1.05883,1250000,1000000
2020-08-07 14:05:08.150000,1.05885,1.05883,1760000,1000000
2020-08-07 14:05:08.252000,1.05884,1.05882,1250000,1000000
2020-08-07 14:05:08.353000,1.05884,1.05882,1250000,1000000
2020-08-07 14:05:08.455000,1.05885,1.05882,1760000,1000000
2020-08-07 14:05:09.112000,1.05886,1.05884,3820000,1000000
2020-08-07 14:05:09.214000,1.05889,1.05886,6640000,1000000
2020-08-07 14:05:09.366000,1.05891,1.05886,5160000,1900000
2020-08-07 14:05:09.518000,1.05891,1.05889,1760000,1000000
2020-08-07 14:05:09.957000,1.05893,1.0589,4750000,1200000
2020-08-07 14:05:10.059000,1.05893,1.0589,1410000,1000000
2020-08-07 14:05:10.160000,1.05893,1.05889,4410000,3750000
2020-08-07 14:05:10.262000,1.05893,1.0589,6410000,1000000
2020-08-07 14:05:11.292000,1.05893,1.05889,5290000,3000000
2020-08-07 14:05:11.817000,1.0589,1.05888,3940000,1000000
2020-08-07 14:05:11.918000,1.05891,1.05889,1390000,1000000
2020-08-07 14:05:12.020000,1.05892,1.0589,4500000,1000000
2020-08-07 14:05:12.223000,1.05892,1.0589,4570000,1000000
2020-08-07 14:05:12.839000,1.05892,1.05889,1100000,1690000
2020-08-07 14:05:12.940000,1.05892,1.05889,1220000,1250000
2020-08-07 14:05:12.991000,1.05894,1.05892,1000000,1000000
2020-08-07 14:05:13.194000,1.05891,1.0589,1000000,1000000
2020-08-07 14:05:13.296000,1.0589,1.05889,1000000,1000000
2020-08-07 14:05:13.953000,1.0589,1.05888,3750000,1000000
2020-08-07 14:05:14.660000,1.0589,1.05887,1220000,1000000
2020-08-07 14:05:14.812000,1.0589,1.05887,1100000,1000000
2020-08-07 14:05:14.964000,1.05891,1.05888,4220000,1000000
2020-08-07 14:05:16.696000,1.0589,1.05888,3070000,1000000
2020-08-07 14:05:16.798000,1.05887,1.05886,1100000,1000000
2020-08-07 14:05:16.899000,1.05888,1.05887,3000000,1000000
2020-08-07 14:05:17.001000,1.05891,1.05889,4950000,1000000
2020-08-07 14:05:17.873000,1.05893,1.0589,4970000,1000000
2020-08-07 14:05:17.974000,1.05894,1.05892,3940000,1000000
2020-08-07 14:05:18.278000,1.05894,1.05892,3000000,1000000
2020-08-07 14:05:18.380000,1.05895,1.05894,1000000,1000000
2020-08-07 14:05:18.481000,1.05896,1.05894,3070000,1000000
2020-08-07 14:05:18.880000,1.05897,1.05895,1500000,1000000
2020-08-07 14:05:19.667000,1.05898,1.05895,1000000,1690000
2020-08-07 14:05:20.576000,1.05898,1.05897,1000000,1000000
2020-08-07 14:05:22.408000,1.05899,1.05897,3070000,1250000
2020-08-07 14:05:22.509000,1.059,1.05898,5250000,1000000
2020-08-07 14:05:22.611000,1.059,1.05899,1000000,1000000
2020-08-07 14:05:23.482000,1.05899,1.05898,1000000,1000000
2020-08-07 14:05:23.988000,1.059,1.05899,1000000,1000000
2020-08-07 14:05:24.090000,1.059,1.05898,1000000,2440000
2020-08-07 14:05:25.209000,1.059,1.05899,1000000,1000000
2020-08-07 14:05:25.260000,1.05905,1.05903,1500000,1000000
2020-08-07 14:05:25.311000,1.05906,1.05903,1310000,1570000
2020-08-07 14:05:25.362000,1.05907,1.05905,4390000,1000000
2020-08-07 14:05:25.412000,1.05907,1.05904,1450000,3750000
2020-08-07 14:05:25.514000,1.05908,1.05904,5160000,4690000
2020-08-07 14:05:25.565000,1.05908,1.05906,4570000,1000000
2020-08-07 14:05:25.666000,1.05908,1.05906,4010000,1000000
2020-08-07 14:05:25.970000,1.0591,1.05909,1250000,1000000
2020-08-07 14:05:26.072000,1.05911,1.0591,1000000,1500000
2020-08-07 14:05:26.275000,1.05911,1.05909,4200000,1000000
2020-08-07 14:05:26.477000,1.05912,1.05909,2140000,1000000
2020-08-07 14:05:26.629000,1.05912,1.0591,1690000,1000000
2020-08-07 14:05:26.832000,1.05913,1.0591,4390000,1000000
2020-08-07 14:05:27.034000,1.05912,1.0591,1500000,1000000
2020-08-07 14:05:27.339000,1.05913,1.05911,3750000,1000000
2020-08-07 14:05:27.546000,1.05908,1.05907,1000000,3750000
2020-08-07 14:05:27.648000,1.05908,1.05906,4950000,1000000
2020-08-07 14:05:27.800000,1.05907,1.05906,1500000,1000000
2020-08-07 14:05:28.420000,1.05907,1.05905,1000000,1000000
2020-08-07 14:05:28.684000,1.05905,1.05904,1500000,1000000
2020-08-07 14:05:28.785000,1.05904,1.05903,1250000,1000000
2020-08-07 14:05:28.887000,1.05905,1.05903,1500000,1000000
2020-08-07 14:05:29.394000,1.05906,1.05905,1000000,1000000
2020-08-07 14:05:29.495000,1.05908,1.05906,1000000,1000000
2020-08-07 14:05:30.939000,1.0591,1.05908,4120000,1000000
2020-08-07 14:05:31.041000,1.05911,1.05909,1000000,1000000
2020-08-07 14:05:31.142000,1.05909,1.05907,1000000,3750000
2020-08-07 14:05:31.244000,1.05908,1.05906,1950000,3750000
2020-08-07 14:05:31.446000,1.0591,1.05908,3750000,1000000
2020-08-07 14:05:31.598000,1.0591,1.05908,1000000,1000000
2020-08-07 14:05:31.851000,1.0591,1.05907,2250000,4690000
2020-08-07 14:05:31.953000,1.05908,1.05906,1000000,3750000
2020-08-07 14:05:32.458000,1.05907,1.05904,1500000,3450000
2020-08-07 14:05:32.560000,1.05907,1.05903,4950000,6450000
2020-08-07 14:05:32.625000,1.05905,1.05903,1000000,6450000
2020-08-07 14:05:33.600000,1.05907,1.05903,4950000,5700000
2020-08-07 14:05:34.469000,1.05908,1.05905,1950000,1000000
2020-08-07 14:05:35.025000,1.05909,1.05907,3000000,4000000
2020-08-07 14:05:35.076000,1.05911,1.05909,1570000,1190000
2020-08-07 14:05:35.177000,1.05912,1.05909,2250000,1190000
2020-08-07 14:05:35.380000,1.0591,1.05907,1500000,2250000
2020-08-07 14:05:35.532000,1.0591,1.05906,3750000,5880000
2020-08-07 14:05:35.886000,1.0591,1.05907,2250000,1190000
2020-08-07 14:05:36.712000,1.0591,1.05906,3000000,4690000
2020-08-07 14:05:37.066000,1.0591,1.05906,3600000,4690000
2020-08-07 14:05:37.167000,1.0591,1.05906,3000000,8280000
2020-08-07 14:05:37.510000,1.05911,1.05908,1000000,7710000
2020-08-07 14:05:37.611000,1.05914,1.05912,5440000,1000000
2020-08-07 14:05:37.662000,1.05915,1.05913,1000000,1190000
2020-08-07 14:05:37.764000,1.05915,1.05913,1500000,6690000
2020-08-07 14:05:37.872000,1.05915,1.05913,1500000,1000000
2020-08-07 14:05:37.973000,1.05915,1.05912,2250000,1190000
2020-08-07 14:05:39.663000,1.05915,1.05913,1000000,1500000
2020-08-07 14:05:39.765000,1.05915,1.05914,1000000,1000000
2020-08-07 14:05:40.018000,1.05915,1.05913,1000000,1500000
2020-08-07 14:05:40.373000,1.05915,1.05911,4500000,3000000
2020-08-07 14:05:40.729000,1.05913,1.05911,1200000,1000000
2020-08-07 14:05:40.780000,1.05912,1.05909,1000000,1940000
2020-08-07 14:05:41.717000,1.05914,1.0591,5510000,2930000
2020-08-07 14:05:41.819000,1.05915,1.05914,1000000,1250000
2020-08-07 14:05:41.870000,1.05917,1.05914,1950000,4690000
2020-08-07 14:05:42.333000,1.05918,1.05915,4500000,1180000
2020-08-07 14:05:42.586000,1.05918,1.05915,1500000,1830000
2020-08-07 14:05:42.687000,1.0592,1.05916,1000000,4930000
2020-08-07 14:05:42.789000,1.0592,1.05917,1500000,1080000
2020-08-07 14:05:43.316000,1.0592,1.05919,1000000,1500000
2020-08-07 14:05:43.418000,1.05922,1.05919,1000000,4500000
2020-08-07 14:05:43.519000,1.05924,1.0592,5250000,4370000
2020-08-07 14:05:43.621000,1.05923,1.0592,1570000,3940000
2020-08-07 14:05:43.672000,1.05921,1.05919,1000000,1750000
2020-08-07 14:05:43.774000,1.0592,1.05918,1000000,3750000
2020-08-07 14:05:44.078000,1.05922,1.0592,1000000,3750000
2020-08-07 14:05:44.180000,1.05925,1.05922,2510000,1000000
2020-08-07 14:05:44.283000,1.05925,1.05922,1250000,1000000
2020-08-07 14:05:44.384000,1.05925,1.05922,4750000,1950000
2020-08-07 14:05:44.486000,1.05925,1.05922,3750000,1950000
2020-08-07 14:05:44.890000,1.05939,1.05936,21820000,2180000
2020-08-07 14:05:44.941000,1.05933,1.05932,1000000,1000000
2020-08-07 14:05:44.992000,1.0593,1.05929,1000000,1250000
2020-08-07 14:05:45.043000,1.05926,1.05924,1500000,1000000
2020-08-07 14:05:45.145000,1.05927,1.05925,1000000,1560000
2020-08-07 14:05:45.196000,1.05929,1.05926,2440000,3750000
2020-08-07 14:05:45.399000,1.05928,1.05924,1000000,3810000
2020-08-07 14:05:45.450000,1.05929,1.05926,1500000,3750000
2020-08-07 14:05:45.551000,1.05929,1.05925,4500000,1930000
2020-08-07 14:05:45.653000,1.05928,1.05925,1500000,4500000
2020-08-07 14:05:45.754000,1.05929,1.05927,1000000,1000000
2020-08-07 14:05:45.805000,1.05928,1.05925,1000000,1000000
2020-08-07 14:05:46.542000,1.05926,1.05923,1500000,3430000
2020-08-07 14:05:46.745000,1.05926,1.05922,3000000,6250000
2020-08-07 14:05:46.846000,1.05926,1.05922,3000000,6390000
2020-08-07 14:05:46.947000,1.05928,1.05925,48070000,2680000
2020-08-07 14:05:47.049000,1.0593,1.05927,1390000,1500000
2020-08-07 14:05:47.151000,1.0593,1.05928,3750000,1000000
2020-08-07 14:05:47.253000,1.05929,1.05926,1000000,3750000
2020-08-07 14:05:47.354000,1.0593,1.05928,3750000,1000000
2020-08-07 14:05:47.456000,1.05931,1.05928,1500000,4180000
2020-08-07 14:05:48.589000,1.05927,1.05926,1000000,1000000
2020-08-07 14:05:48.691000,1.05927,1.05924,1000000,1180000
2020-08-07 14:05:51.086000,1.05926,1.05924,1000000,1250000
2020-08-07 14:05:51.238000,1.05928,1.05925,1500000,1000000
2020-08-07 14:05:51.542000,1.05931,1.05927,6070000,1250000
2020-08-07 14:05:51.796000,1.05931,1.05928,1000000,1000000
2020-08-07 14:05:51.846000,1.05929,1.05927,1000000,3000000
2020-08-07 14:05:51.897000,1.05929,1.05925,1500000,5130000
2020-08-07 14:05:52.252000,1.05931,1.05927,1500000,6290000
2020-08-07 14:05:52.354000,1.05929,1.05925,5910000,1500000
2020-08-07 14:05:52.760000,1.05927,1.05923,4570000,3290000
2020-08-07 14:05:52.861000,1.05925,1.05923,1000000,1940000
2020-08-07 14:05:53.267000,1.05925,1.05924,1000000,1000000
2020-08-07 14:05:53.369000,1.05925,1.05923,1000000,1000000
2020-08-07 14:05:53.472000,1.05922,1.0592,1000000,1830000
2020-08-07 14:05:53.574000,1.05925,1.05921,2250000,2160000
2020-08-07 14:05:54.080000,1.05924,1.05921,1000000,4190000
2020-08-07 14:05:54.384000,1.05923,1.05921,3000000,1000000
2020-08-07 14:05:56.349000,1.05923,1.05919,3940000,4500000
2020-08-07 14:05:56.501000,1.05923,1.0592,3000000,1190000
2020-08-07 14:05:57.978000,1.05924,1.05922,3000000,1000000
2020-08-07 14:05:58.080000,1.05925,1.05921,1500000,4500000
2020-08-07 14:05:58.182000,1.05925,1.05922,1000000,1000000
2020-08-07 14:05:58.386000,1.05925,1.05921,4690000,4570000
2020-08-07 14:05:58.539000,1.05924,1.05921,1750000,3000000
2020-08-07 14:05:58.640000,1.05923,1.05919,1250000,4200000
2020-08-07 14:05:58.843000,1.05924,1.0592,1500000,5130000
2020-08-07 14:05:59.096000,1.05923,1.0592,1250000,3000000
2020-08-07 14:05:59.197000,1.05923,1.05919,5500000,3000000
2020-08-07 14:05:59.350000,1.05923,1.0592,1250000,3750000
2020-08-07 14:05:59.451000,1.05923,1.05919,1500000,5130000
2020-08-07 14:05:59.553000,1.05923,1.0592,1250000,3000000
2020-08-07 14:05:59.756000,1.05924,1.0592,4500000,4690000
2020-08-07 14:05:59.959000,1.05923,1.0592,2320000,3750000
2020-08-07 14:06:00.061000,1.05923,1.05919,4690000,3000000
2020-08-07 14:06:00.163000,1.05922,1.05919,1760000,3000000
2020-08-07 14:06:00.317000,1.05923,1.0592,3750000,1000000
2020-08-07 14:06:00.418000,1.05924,1.0592,5250000,4500000
2020-08-07 14:06:00.469000,1.05925,1.05923,4120000,1190000
2020-08-07 14:06:00.520000,1.05928,1.05925,3070000,1000000
2020-08-07 14:06:00.723000,1.05928,1.05926,1100000,1000000
2020-08-07 14:06:00.976000,1.0593,1.05928,4690000,1000000
2020-08-07 14:06:01.027000,1.05933,1.05931,3000000,1000000
2020-08-07 14:06:01.128000,1.05933,1.0593,2970000,3000000
2020-08-07 14:06:01.231000,1.0593,1.05929,1000000,1120000
2020-08-07 14:06:01.283000,1.05932,1.05929,1250000,3000000
2020-08-07 14:06:01.384000,1.0593,1.05929,1000000,1000000
2020-08-07 14:06:01.793000,1.05933,1.0593,3000000,1250000
2020-08-07 14:06:01.844000,1.05934,1.05932,3000000,1000000
2020-08-07 14:06:01.945000,1.05935,1.05932,1690000,1000000
2020-08-07 14:06:02.316000,1.05935,1.05933,1000000,1000000
2020-08-07 14:06:02.367000,1.05937,1.05936,1250000,1000000
2020-08-07 14:06:02.418000,1.0594,1.05936,17990000,4500000
2020-08-07 14:06:02.469000,1.0594,1.05939,1250000,1500000
2020-08-07 14:06:02.520000,1.05942,1.05939,2140000,1000000
2020-08-07 14:06:02.722000,1.05943,1.05938,6710000,2880000
2020-08-07 14:06:02.875000,1.05943,1.05938,5900000,3690000
2020-08-07 14:06:02.976000,1.05943,1.05941,1690000,1000000
2020-08-07 14:06:03.178000,1.05944,1.05942,4000000,1500000
2020-08-07 14:06:03.229000,1.05945,1.05942,1000000,4190000
2020-08-07 14:06:03.334000,1.05945,1.05942,5500000,1190000
2020-08-07 14:06:03.436000,1.05942,1.0594,1000000,2140000
2020-08-07 14:06:03.538000,1.05943,1.0594,1500000,1690000
2020-08-07 14:06:03.640000,1.05943,1.05941,1000000,1000000
2020-08-07 14:06:03.741000,1.05944,1.05941,1500000,1690000
2020-08-07 14:06:04.196000,1.05943,1.05941,1000000,1000000
2020-08-07 14:06:04.298000,1.05941,1.05938,1500000,3940000
2020-08-07 14:06:04.399000,1.05941,1.05937,1750000,3750000
2020-08-07 14:06:04.501000,1.05941,1.05938,1000000,4500000
2020-08-07 14:06:04.653000,1.05943,1.05939,7940000,1500000
2020-08-07 14:06:04.856000,1.05944,1.05941,6120000,1000000
2020-08-07 14:06:04.957000,1.05944,1.05941,1000000,1000000
2020-08-07 14:06:06.659000,1.05943,1.05941,1190000,1000000
2020-08-07 14:06:06.761000,1.05942,1.05938,3190000,1940000
2020-08-07 14:06:06.812000,1.0594,1.05937,1000000,2890000
2020-08-07 14:06:06.914000,1.05941,1.05939,1000000,1500000
2020-08-07 14:06:07.015000,1.05942,1.0594,1000000,1500000
2020-08-07 14:06:07.066000,1.05945,1.05941,8960000,1500000
2020-08-07 14:06:07.117000,1.05946,1.05945,1250000,1000000
2020-08-07 14:06:07.219000,1.05947,1.05945,1090000,1000000
2020-08-07 14:06:07.270000,1.05947,1.05944,1190000,1690000
2020-08-07 14:06:07.473000,1.05946,1.05943,3030000,3000000
2020-08-07 14:06:08.938000,1.05942,1.05941,1000000,4690000
2020-08-07 14:06:09.040000,1.05942,1.05939,1000000,1600000
2020-08-07 14:06:09.091000,1.05961,1.05957,1000000,1200000
2020-08-07 14:06:09.142000,1.05949,1.05948,1000000,1000000
2020-08-07 14:06:09.193000,1.05953,1.05951,3750000,1120000
2020-08-07 14:06:09.244000,1.05948,1.05947,1000000,1000000
2020-08-07 14:06:09.346000,1.05949,1.05946,1250000,1970000
2020-08-07 14:06:09.447000,1.05949,1.05946,1500000,1000000
2020-08-07 14:06:09.549000,1.05949,1.05946,4190000,1000000
2020-08-07 14:06:10.054000,1.05949,1.05945,4190000,4500000
2020-08-07 14:06:11.177000,1.05948,1.05945,1000000,4500000
2020-08-07 14:06:11.733000,1.0595,1.05946,6440000,1570000
2020-08-07 14:06:11.784000,1.05951,1.05949,66820000,1000000
2020-08-07 14:06:11.886000,1.05952,1.05949,1000000,1570000
2020-08-07 14:06:11.987000,1.05953,1.05951,1000000,1000000
2020-08-07 14:06:12.089000,1.05955,1.05951,2940000,1950000
