time,ask,bid,ask_volume,bid_volume
2022-03-10 13:25:00.044000,1.15954,1.15952,3220000,1200000
2022-03-10 13:25:00.095000,1.15951,1.15947,2020000,3190000
2022-03-10 13:25:00.197000,1.1595,1.15946,1350000,1200000
2022-03-10 13:25:00.249000,1.15948,1.15944,1910000,1200000
2022-03-10 13:25:00.371000,1.15949,1.15943,1350000,1200000
2022-03-10 13:25:00.474000,1.15948,1.15944,2490000,1200000
2022-03-10 13:25:00.525000,1.15947,1.15941,1720000,1980000
2022-03-10 13:25:00.628000,1.15945,1.15941,1200000,1200000
2022-03-10 13:25:00.831000,1.15945,1.15942,1350000,1200000
2022-03-10 13:25:00.934000,1.15946,1.15944,1200000,1440000
2022-03-10 13:25:00.985000,1.15948,1.15944,1800000,1440000
2022-03-10 13:25:03.956000,1.1595,1.15944,2290000,1200000
2022-03-10 13:25:04.059000,1.1595,1.15946,1910000,1200000
2022-03-10 13:25:05.461000,1.1595,1.15946,1020000,1200000
2022-03-10 13:25:06.441000,1.15949,1.15945,1660000,1200000
2022-03-10 13:25:06.645000,1.1595,1.15946,2290000,1200000
2022-03-10 13:25:07.505000,1.15949,1.15945,1120000,1350000
2022-03-10 13:25:08.462000,1.1595,1.15945,2110000,1200000
2022-03-10 13:25:08.738000,1.1595,1.15945,1870000,1200000
2022-03-10 13:25:10.034000,1.1595,1.15946,2560000,1200000
2022-03-10 13:25:10.136000,1.1595,1.15946,1420000,1200000
2022-03-10 13:25:13.106000,1.1595,1.15945,4000000,1350000
2022-03-10 13:25:13.208000,1.15949,1.15946,1550000,1200000
2022-03-10 13:25:13.412000,1.15949,1.15946,1200000,1200000
2022-03-10 13:25:14.696000,1.1595,1.15946,3010000,1800000
2022-03-10 13:25:15.094000,1.1595,1.15946,2740000,1800000
2022-03-10 13:25:15.736000,1.15949,1.15946,1910000,1200000
2022-03-10 13:25:15.838000,1.15949,1.15946,1570000,1200000
2022-03-10 13:25:16.041000,1.15951,1.15946,1200000,1350000
2022-03-10 13:25:16.093000,1.15952,1.1595,1890000,1200000
2022-03-10 13:25:16.195000,1.15953,1.1595,1570000,1200000
2022-03-10 13:25:16.399000,1.15953,1.15949,1910000,1800000
2022-03-10 13:25:16.602000,1.15951,1.15949,1120000,1200000
2022-03-10 13:25:17.074000,1.15952,1.15949,2110000,1200000
2022-03-10 13:25:17.354000,1.15952,1.15949,2740000,1200000
2022-03-10 13:25:17.456000,1.15952,1.15948,3010000,1800000
2022-03-10 13:25:18.143000,1.15953,1.1595,1200000,1200000
2022-03-10 13:25:18.246000,1.15956,1.15952,2340000,1200000
2022-03-10 13:25:18.577000,1.15956,1.15952,1690000,1800000
2022-03-10 13:25:20.360000,1.15957,1.15951,1660000,1800000
2022-03-10 13:25:20.462000,1.15956,1.15953,1690000,1200000
2022-03-10 13:25:20.564000,1.15956,1.15952,2440000,1800000
2022-03-10 13:25:20.666000,1.15957,1.15952,1690000,1200000
2022-03-10 13:25:22.758000,1.15958,1.15955,1720000,1800000
2022-03-10 13:25:22.809000,1.15959,1.15955,2560000,1800000
2022-03-10 13:25:23.459000,1.15959,1.15955,2740000,1800000
2022-03-10 13:25:23.979000,1.15959,1.15954,1850000,1800000
2022-03-10 13:25:25.043000,1.15959,1.15954,1200000,1800000
2022-03-10 13:25:25.961000,1.15961,1.15959,1910000,1800000
2022-03-10 13:25:28.149000,1.15962,1.15959,1400000,1200000
2022-03-10 13:25:29.761000,1.15963,1.15959,5370000,1200000
2022-03-10 13:25:31.282000,1.15961,1.15958,2740000,1200000
2022-03-10 13:25:31.384000,1.15961,1.15957,2740000,1800000
2022-03-10 13:25:32.089000,1.15961,1.15959,1300000,1200000
2022-03-10 13:25:32.140000,1.15963,1.1596,2020000,1200000
2022-03-10 13:25:32.293000,1.15964,1.15961,1100000,1200000
2022-03-10 13:25:32.345000,1.15965,1.15962,2340000,1200000
2022-03-10 13:25:32.447000,1.15965,1.15961,1350000,2250000
2022-03-10 13:25:33.987000,1.15966,1.15962,2550000,1800000
2022-03-10 13:25:34.089000,1.15966,1.15962,2790000,1800000
2022-03-10 13:25:34.243000,1.15966,1.15963,1200000,1200000
2022-03-10 13:25:37.754000,1.15967,1.15963,2560000,1200000
2022-03-10 13:25:37.919000,1.15968,1.15962,2740000,1200000
2022-03-10 13:25:38.614000,1.15968,1.15965,1720000,1200000
2022-03-10 13:25:38.665000,1.1597,1.15966,1350000,1350000
2022-03-10 13:25:38.768000,1.15972,1.15969,1800000,1200000
2022-03-10 13:25:38.870000,1.15973,1.15969,1200000,2250000
2022-03-10 13:25:39.329000,1.15972,1.15969,1350000,1200000
2022-03-10 13:25:39.482000,1.15975,1.15972,2250000,1200000
2022-03-10 13:25:39.584000,1.15978,1.15974,2560000,1200000
2022-03-10 13:25:39.686000,1.15977,1.15973,1200000,2250000
2022-03-10 13:25:40.093000,1.15978,1.15975,2250000,1200000
2022-03-10 13:25:40.195000,1.15979,1.15975,1200000,1200000
2022-03-10 13:25:40.449000,1.15978,1.15974,1200000,1350000
2022-03-10 13:25:40.551000,1.15977,1.15973,1200000,2250000
2022-03-10 13:25:41.237000,1.15978,1.15974,1200000,1200000
2022-03-10 13:25:43.085000,1.15979,1.15975,1200000,1200000
2022-03-10 13:25:44.858000,1.15979,1.15973,1200000,2250000
2022-03-10 13:25:45.745000,1.15979,1.15975,1200000,1350000
2022-03-10 13:25:46.051000,1.15979,1.15973,1200000,2250000
2022-03-10 13:25:46.736000,1.15977,1.15973,1200000,1800000
2022-03-10 13:25:46.838000,1.15975,1.15972,1200000,1350000
2022-03-10 13:25:47.041000,1.15975,1.15971,1200000,1200000
2022-03-10 13:25:47.144000,1.15974,1.15971,1200000,1200000
2022-03-10 13:25:47.954000,1.15976,1.15972,1350000,2250000
2022-03-10 13:25:48.056000,1.15976,1.15972,1200000,1720000
2022-03-10 13:25:48.311000,1.15976,1.15972,1200000,1800000
2022-03-10 13:25:48.995000,1.15976,1.15971,1570000,2700000
2022-03-10 13:25:49.097000,1.15973,1.15969,1200000,2700000
2022-03-10 13:25:49.830000,1.15972,1.15969,1200000,1350000
2022-03-10 13:25:50.473000,1.15975,1.15973,1100000,2020000
2022-03-10 13:25:50.524000,1.15976,1.15974,1580000,1200000
2022-03-10 13:25:50.627000,1.15977,1.15974,1200000,1200000
2022-03-10 13:25:50.729000,1.15976,1.15973,1200000,1350000
2022-03-10 13:25:50.881000,1.15977,1.15973,1200000,2250000
2022-03-10 13:25:51.136000,1.15977,1.15971,2810000,4330000
2022-03-10 13:25:51.239000,1.15976,1.1597,3460000,3880000
2022-03-10 13:25:51.290000,1.15974,1.1597,1200000,2250000
2022-03-10 13:25:53.402000,1.15976,1.15972,1350000,1350000
2022-03-10 13:25:53.555000,1.15975,1.15971,1200000,2700000
2022-03-10 13:25:54.201000,1.15976,1.15972,1200000,1350000
2022-03-10 13:25:54.505000,1.15975,1.15971,1200000,2700000
2022-03-10 13:25:56.592000,1.15975,1.15971,1200000,2660000
2022-03-10 13:25:56.796000,1.15976,1.15973,1350000,1200000
2022-03-10 13:25:59.518000,1.15976,1.15974,1200000,1200000
2022-03-10 13:25:59.620000,1.15977,1.15974,1200000,1200000
2022-03-10 13:25:59.824000,1.15977,1.15973,1200000,2700000
2022-03-10 13:26:00.028000,1.15976,1.15971,1600000,3220000
2022-03-10 13:26:00.079000,1.15973,1.15969,1200000,1200000
2022-03-10 13:26:00.186000,1.15973,1.15968,1350000,2250000
2022-03-10 13:26:00.288000,1.15971,1.15968,1200000,1350000
2022-03-10 13:26:02.202000,1.15971,1.15967,1200000,1800000
2022-03-10 13:26:02.457000,1.15972,1.15968,1200000,1800000
2022-03-10 13:26:03.328000,1.15974,1.15969,1200000,2980000
2022-03-10 13:26:03.379000,1.15975,1.15971,1200000,1350000
2022-03-10 13:26:03.481000,1.15975,1.15971,1200000,1600000
2022-03-10 13:26:04.140000,1.15975,1.15971,1200000,2700000
2022-03-10 13:26:04.191000,1.15973,1.15969,1200000,2470000
2022-03-10 13:26:04.293000,1.15972,1.15969,1200000,1200000
2022-03-10 13:26:04.446000,1.15972,1.15968,1200000,2250000
2022-03-10 13:26:08.305000,1.1597,1.15966,1200000,1100000
2022-03-10 13:26:08.357000,1.1597,1.15965,1200000,2250000
2022-03-10 13:26:08.459000,1.1597,1.15965,1200000,2100000
2022-03-10 13:26:08.612000,1.15971,1.15966,1200000,1200000
2022-03-10 13:26:15.166000,1.15972,1.15968,1200000,2100000
2022-03-10 13:26:15.370000,1.15972,1.15968,1200000,2700000
2022-03-10 13:26:15.523000,1.15972,1.15968,1200000,2850000
2022-03-10 13:26:16.113000,1.1597,1.15968,1200000,1200000
2022-03-10 13:26:16.265000,1.1597,1.15967,1200000,1800000
2022-03-10 13:26:17.137000,1.1597,1.15967,1200000,2100000
2022-03-10 13:26:18.264000,1.15971,1.15967,2150000,1200000
2022-03-10 13:26:18.366000,1.1597,1.15966,1200000,2530000
2022-03-10 13:26:20.092000,1.1597,1.15966,2470000,1200000
2022-03-10 13:26:20.194000,1.15967,1.15963,1200000,1200000
2022-03-10 13:26:20.296000,1.15967,1.15964,1200000,1350000
2022-03-10 13:26:20.398000,1.15966,1.15964,1200000,1350000
2022-03-10 13:26:20.786000,1.15966,1.15963,1200000,1800000
2022-03-10 13:26:21.675000,1.15968,1.15962,1200000,2700000
2022-03-10 13:26:22.196000,1.15967,1.15963,1200000,2470000
2022-03-10 13:26:22.348000,1.15967,1.15963,1200000,2700000
2022-03-10 13:26:22.697000,1.15967,1.15963,1200000,2470000
2022-03-10 13:26:23.308000,1.15969,1.15965,1200000,2250000
2022-03-10 13:26:23.410000,1.15967,1.15964,1200000,1200000
2022-03-10 13:26:23.513000,1.15966,1.15963,1200000,2470000
2022-03-10 13:26:25.776000,1.15966,1.15963,1200000,2250000
2022-03-10 13:26:26.145000,1.15966,1.15963,1200000,2470000
2022-03-10 13:26:28.681000,1.15971,1.15966,2660000,3150000
2022-03-10 13:26:28.732000,1.15971,1.15968,1420000,1200000
2022-03-10 13:26:28.834000,1.15972,1.15968,1200000,1200000
2022-03-10 13:26:28.937000,1.15972,1.15968,1200000,2250000
2022-03-10 13:26:29.039000,1.15973,1.15967,1200000,2470000
2022-03-10 13:26:29.833000,1.15972,1.15968,1200000,2250000
2022-03-10 13:26:33.997000,1.15973,1.1597,1200000,1600000
2022-03-10 13:26:34.100000,1.15975,1.15969,1200000,2470000
2022-03-10 13:26:34.202000,1.15976,1.15972,1200000,2700000
2022-03-10 13:26:34.253000,1.15976,1.15973,1200000,1100000
2022-03-10 13:26:34.558000,1.15976,1.15973,1200000,2340000
2022-03-10 13:26:34.660000,1.15976,1.15973,1200000,2170000
2022-03-10 13:26:35.563000,1.15976,1.15973,1200000,2340000
2022-03-10 13:26:36.813000,1.15977,1.15973,1200000,3300000
2022-03-10 13:26:37.827000,1.15977,1.15974,1200000,1100000
2022-03-10 13:26:38.818000,1.15978,1.15973,1200000,1200000
2022-03-10 13:26:39.079000,1.15976,1.15974,1200000,1200000
2022-03-10 13:26:40.200000,1.15976,1.15973,1200000,2340000
2022-03-10 13:26:40.926000,1.15977,1.15973,1200000,2340000
2022-03-10 13:26:41.734000,1.15977,1.15972,3190000,2850000
2022-03-10 13:26:41.785000,1.15973,1.15969,1120000,2790000
2022-03-10 13:26:42.968000,1.15974,1.1597,1200000,2790000
2022-03-10 13:26:43.071000,1.15975,1.15971,1200000,1200000
2022-03-10 13:26:43.223000,1.15975,1.1597,1200000,3240000
2022-03-10 13:26:43.982000,1.15975,1.1597,1200000,2920000
2022-03-10 13:26:44.297000,1.15976,1.15972,1200000,1350000
2022-03-10 13:26:45.012000,1.15975,1.15971,1200000,2470000
2022-03-10 13:26:45.471000,1.15975,1.15971,1440000,2700000
2022-03-10 13:26:46.842000,1.15975,1.15971,1200000,2470000
2022-03-10 13:26:47.375000,1.15975,1.15971,1200000,2700000
2022-03-10 13:26:48.358000,1.15974,1.1597,1200000,1800000
2022-03-10 13:26:48.663000,1.15974,1.1597,1200000,1720000
2022-03-10 13:26:49.076000,1.15974,1.1597,1200000,1800000
2022-03-10 13:26:49.414000,1.15974,1.1597,1200000,1720000
2022-03-10 13:26:51.030000,1.15975,1.15971,1120000,1350000
2022-03-10 13:26:51.082000,1.15973,1.15968,1570000,2980000
2022-03-10 13:26:51.185000,1.15972,1.15968,3010000,1200000
2022-03-10 13:26:51.337000,1.15972,1.15968,3620000,1200000
2022-03-10 13:26:51.440000,1.15972,1.15968,2960000,1200000
2022-03-10 13:26:51.799000,1.15973,1.1597,1120000,1200000
2022-03-10 13:26:51.951000,1.15974,1.1597,3240000,1200000
2022-03-10 13:26:54.570000,1.15973,1.1597,1120000,1200000
2022-03-10 13:26:54.622000,1.15971,1.15967,1120000,2700000
2022-03-10 13:26:56.832000,1.15971,1.15966,1120000,1200000
2022-03-10 13:26:56.935000,1.1597,1.15966,1120000,2250000
2022-03-10 13:26:57.521000,1.15971,1.15967,2250000,1200000
2022-03-10 13:27:00.094000,1.15971,1.15967,2170000,1350000
2022-03-10 13:27:00.202000,1.15971,1.15967,2250000,1350000
2022-03-10 13:27:03.015000,1.15971,1.15967,2810000,1200000
2022-03-10 13:27:03.066000,1.15968,1.15965,1610000,2250000
2022-03-10 13:27:03.168000,1.15966,1.15964,1200000,1200000
2022-03-10 13:27:03.220000,1.1597,1.15965,5180000,1800000
2022-03-10 13:27:03.322000,1.15971,1.15966,5490000,1200000
2022-03-10 13:27:04.203000,1.15971,1.15966,3490000,1200000
2022-03-10 13:27:05.397000,1.15971,1.15967,2250000,1200000
2022-03-10 13:27:11.874000,1.15971,1.15968,1800000,1200000
2022-03-10 13:27:12.027000,1.15971,1.1597,1200000,1200000
2022-03-10 13:27:16.691000,1.15972,1.15968,1200000,1200000
2022-03-10 13:27:18.038000,1.15972,1.1597,1200000,1200000
2022-03-10 13:27:18.140000,1.15972,1.15968,1200000,1200000
2022-03-10 13:27:18.344000,1.15971,1.15968,1200000,1890000
2022-03-10 13:27:23.376000,1.15972,1.15968,3010000,1200000
2022-03-10 13:27:23.594000,1.15973,1.15966,2920000,1440000
2022-03-10 13:27:23.696000,1.15971,1.15967,1200000,1200000
2022-03-10 13:27:27.985000,1.15972,1.15967,1200000,1200000
2022-03-10 13:27:30.791000,1.15971,1.15967,1800000,1200000
2022-03-10 13:27:33.706000,1.15972,1.15967,1800000,1200000
2022-03-10 13:27:37.602000,1.15972,1.15968,2110000,1200000
2022-03-10 13:27:38.555000,1.1597,1.15967,1300000,1200000
2022-03-10 13:27:41.267000,1.15967,1.15964,2020000,1100000
2022-03-10 13:27:41.319000,1.15968,1.15962,2470000,1200000
2022-03-10 13:27:41.421000,1.15966,1.15962,1800000,1200000
2022-03-10 13:27:41.726000,1.15967,1.1596,2700000,1200000
2022-03-10 13:27:42.132000,1.15966,1.15961,2470000,1200000
2022-03-10 13:27:42.285000,1.15966,1.15962,2250000,1200000
2022-03-10 13:27:44.661000,1.15967,1.15963,2850000,1200000
2022-03-10 13:27:45.413000,1.15967,1.15963,2700000,1200000
2022-03-10 13:27:47.856000,1.15967,1.15963,6550000,1200000
2022-03-10 13:27:52.514000,1.15967,1.15963,1800000,1200000
2022-03-10 13:27:52.776000,1.15967,1.15963,2550000,1200000
2022-03-10 13:27:53.081000,1.15967,1.15962,2970000,1200000
2022-03-10 13:27:53.373000,1.15966,1.15962,2370000,1200000
2022-03-10 13:27:53.797000,1.15967,1.15961,2340000,1200000
2022-03-10 13:27:54.678000,1.15967,1.15964,1890000,1200000
2022-03-10 13:27:54.780000,1.15967,1.15963,2340000,1200000
2022-03-10 13:27:57.627000,1.15967,1.15962,2920000,1200000
2022-03-10 13:27:57.730000,1.15964,1.1596,4280000,1200000
2022-03-10 13:27:57.832000,1.15964,1.15959,2970000,1200000
2022-03-10 13:28:00.118000,1.15964,1.1596,1200000,1200000
2022-03-10 13:28:00.221000,1.15966,1.15962,4140000,1200000
2022-03-10 13:28:00.322000,1.15966,1.15962,3670000,1200000
2022-03-10 13:28:01.148000,1.15966,1.15962,4140000,1200000
2022-03-10 13:28:02.382000,1.15966,1.15961,3690000,1200000
2022-03-10 13:28:08.371000,1.15965,1.1596,2100000,1440000
2022-03-10 13:28:08.473000,1.15963,1.15958,2100000,1440000
2022-03-10 13:28:11.187000,1.15962,1.15958,1600000,1200000
2022-03-10 13:28:11.289000,1.15962,1.15957,1600000,2340000
2022-03-10 13:28:11.888000,1.15961,1.15956,2250000,1440000
2022-03-10 13:28:12.793000,1.15962,1.15956,2250000,1200000
2022-03-10 13:28:13.601000,1.15961,1.15956,2250000,1440000
2022-03-10 13:28:15.534000,1.15963,1.15959,2850000,1200000
2022-03-10 13:28:15.585000,1.15965,1.15958,3150000,1200000
2022-03-10 13:28:15.995000,1.15963,1.15959,1200000,1200000
2022-03-10 13:28:16.097000,1.1596,1.15956,1600000,1440000
2022-03-10 13:28:16.149000,1.15962,1.15957,2850000,1200000
2022-03-10 13:28:18.137000,1.15962,1.15958,2100000,1200000
2022-03-10 13:28:19.546000,1.15962,1.15958,1350000,1200000
2022-03-10 13:28:24.218000,1.15962,1.15959,1350000,1200000
2022-03-10 13:28:25.234000,1.15964,1.15959,1200000,1200000
2022-03-10 13:28:25.337000,1.15963,1.15959,1350000,1440000
2022-03-10 13:28:26.005000,1.15963,1.15959,1600000,1200000
2022-03-10 13:28:28.273000,1.15964,1.15959,1200000,2340000
2022-03-10 13:28:28.325000,1.15967,1.15961,1200000,1200000
2022-03-10 13:28:28.427000,1.15967,1.15962,2700000,1200000
2022-03-10 13:28:29.042000,1.15966,1.15962,1800000,1440000
2022-03-10 13:28:30.147000,1.15966,1.15962,1720000,1200000
2022-03-10 13:28:31.304000,1.15969,1.15966,1100000,1440000
2022-03-10 13:28:31.355000,1.1597,1.15967,1350000,1200000
2022-03-10 13:28:32.701000,1.15972,1.15968,1800000,1200000
2022-03-10 13:28:33.847000,1.15974,1.15969,1800000,2790000
2022-03-10 13:28:34.030000,1.15973,1.15968,1200000,1840000
2022-03-10 13:28:34.182000,1.15973,1.15968,1350000,1440000
2022-03-10 13:28:39.692000,1.15973,1.15968,1200000,1800000
2022-03-10 13:28:40.227000,1.15977,1.15973,3600000,1120000
2022-03-10 13:28:40.278000,1.15979,1.15974,1900000,1890000
2022-03-10 13:28:40.380000,1.15979,1.15974,1350000,1440000
2022-03-10 13:28:40.482000,1.15978,1.15974,1200000,1200000
2022-03-10 13:28:40.584000,1.15978,1.15974,1600000,1200000
2022-03-10 13:28:40.829000,1.15978,1.15974,1200000,1200000
2022-03-10 13:28:40.931000,1.15978,1.15974,1600000,1200000
2022-03-10 13:28:41.242000,1.15978,1.15974,1200000,1200000
2022-03-10 13:28:41.344000,1.15978,1.15974,1600000,1200000
2022-03-10 13:28:42.004000,1.15974,1.15972,1200000,1440000
2022-03-10 13:28:42.056000,1.15974,1.15969,1800000,1890000
2022-03-10 13:28:42.158000,1.15973,1.15968,1350000,1440000
2022-03-10 13:28:42.517000,1.15973,1.15967,1800000,2340000
2022-03-10 13:28:44.420000,1.15973,1.15967,1720000,2340000
2022-03-10 13:28:44.522000,1.15972,1.15966,2100000,1720000
2022-03-10 13:28:44.624000,1.15973,1.15965,2250000,1840000
2022-03-10 13:28:44.727000,1.15972,1.15966,2470000,1440000
2022-03-10 13:28:44.829000,1.15972,1.15966,2470000,1720000
2022-03-10 13:28:45.515000,1.15972,1.15966,2470000,1440000
2022-03-10 13:28:45.668000,1.1597,1.15966,1200000,1440000
2022-03-10 13:28:47.162000,1.15971,1.15966,1800000,1440000
2022-03-10 13:28:47.619000,1.15965,1.15961,3490000,10960000
2022-03-10 13:28:47.671000,1.15964,1.15961,1910000,1200000
2022-03-10 13:28:47.722000,1.15965,1.15958,1600000,1440000
2022-03-10 13:28:47.773000,1.15965,1.1596,1350000,1720000
2022-03-10 13:28:47.825000,1.15965,1.1596,1350000,1200000
2022-03-10 13:28:48.082000,1.15967,1.15965,2850000,3600000
2022-03-10 13:28:48.133000,1.15973,1.15971,1120000,1800000
2022-03-10 13:28:48.184000,1.15978,1.15973,4300000,1800000
2022-03-10 13:28:48.236000,1.15978,1.15974,1800000,1320000
2022-03-10 13:28:48.287000,1.15981,1.15975,1200000,1200000
2022-03-10 13:28:48.339000,1.15982,1.15977,1570000,1440000
2022-03-10 13:28:48.390000,1.15984,1.15977,2700000,1440000
2022-03-10 13:28:49.103000,1.15984,1.15978,2700000,1200000
2022-03-10 13:28:50.612000,1.15984,1.15978,3220000,1200000
2022-03-10 13:28:50.917000,1.15983,1.15977,1600000,1440000
2022-03-10 13:28:52.235000,1.15984,1.15978,1350000,1200000
2022-03-10 13:28:53.724000,1.15983,1.15978,1200000,1890000
2022-03-10 13:28:54.651000,1.15986,1.15978,3150000,1200000
2022-03-10 13:28:54.753000,1.15984,1.15978,1200000,3240000
2022-03-10 13:28:54.927000,1.15984,1.15979,1200000,1200000
2022-03-10 13:28:55.897000,1.15985,1.15979,2250000,1200000
2022-03-10 13:28:55.998000,1.15985,1.15979,2100000,1200000
2022-03-10 13:28:56.151000,1.15985,1.15981,1120000,1800000
2022-03-10 13:28:56.304000,1.15986,1.1598,2590000,1350000
2022-03-10 13:28:56.600000,1.15985,1.1598,1050000,1200000
2022-03-10 13:28:56.702000,1.15985,1.15979,1350000,1200000
2022-03-10 13:28:57.257000,1.15983,1.15979,2290000,1200000
2022-03-10 13:28:57.309000,1.15983,1.15975,1350000,2110000
2022-03-10 13:28:57.411000,1.15983,1.15977,1700000,1200000
2022-03-10 13:28:58.635000,1.15986,1.15979,2550000,1200000
2022-03-10 13:28:59.327000,1.15982,1.15978,1120000,1200000
2022-03-10 13:28:59.429000,1.15982,1.15976,1350000,2340000
2022-03-10 13:28:59.532000,1.15984,1.15977,1990000,1200000
2022-03-10 13:28:59.583000,1.15981,1.15975,2990000,2170000
2022-03-10 13:28:59.686000,1.15981,1.15974,1200000,1200000
2022-03-10 13:28:59.788000,1.1598,1.15974,1200000,1440000
2022-03-10 13:29:01.464000,1.1598,1.15973,1200000,1890000
2022-03-10 13:29:01.565000,1.1598,1.15973,2170000,1350000
2022-03-10 13:29:03.264000,1.15976,1.1597,4950000,1800000
2022-03-10 13:29:03.315000,1.15972,1.15965,1600000,1890000
2022-03-10 13:29:03.816000,1.15971,1.15964,4490000,2170000
2022-03-10 13:29:05.612000,1.15973,1.15964,2060000,1910000
2022-03-10 13:29:05.984000,1.15971,1.15965,1690000,1100000
2022-03-10 13:29:06.719000,1.1597,1.15963,2110000,1910000
2022-03-10 13:29:07.627000,1.1597,1.15963,2030000,1910000
2022-03-10 13:29:07.729000,1.1597,1.15963,2030000,1570000
2022-03-10 13:29:08.385000,1.15968,1.15961,2340000,4330000
2022-03-10 13:29:08.487000,1.15968,1.15961,2220000,1350000
2022-03-10 13:29:09.809000,1.15967,1.1596,1700000,3110000
2022-03-10 13:29:10.600000,1.15967,1.1596,1610000,2470000
2022-03-10 13:29:10.753000,1.15965,1.1596,1320000,1200000
2022-03-10 13:29:11.161000,1.15968,1.15959,5540000,1200000
2022-03-10 13:29:12.360000,1.15966,1.1596,1200000,1600000
2022-03-10 13:29:12.461000,1.15967,1.1596,1440000,1600000
2022-03-10 13:29:12.685000,1.15967,1.1596,1840000,1200000
2022-03-10 13:29:12.908000,1.15967,1.1596,1890000,1200000
2022-03-10 13:29:18.192000,1.15969,1.1596,3160000,1800000
2022-03-10 13:29:18.294000,1.1597,1.1596,1810000,2250000
2022-03-10 13:29:18.411000,1.15967,1.1596,3360000,1200000
2022-03-10 13:29:19.410000,1.15966,1.1596,1800000,1200000
2022-03-10 13:29:21.839000,1.15963,1.1596,1200000,1200000
2022-03-10 13:29:21.941000,1.15966,1.15959,1320000,1200000
2022-03-10 13:29:23.211000,1.15965,1.1596,3480000,1200000
2022-03-10 13:29:27.290000,1.15963,1.1596,1200000,1200000
2022-03-10 13:29:27.341000,1.15965,1.1596,3440000,1200000
2022-03-10 13:29:28.863000,1.15965,1.1596,4750000,1200000
2022-03-10 13:29:29.817000,1.15965,1.15956,3850000,2550000
2022-03-10 13:29:30.910000,1.15966,1.15957,4980000,1200000
2022-03-10 13:29:31.012000,1.15965,1.15956,4660000,1200000
2022-03-10 13:29:31.644000,1.15966,1.15956,5430000,2980000
2022-03-10 13:29:31.746000,1.15965,1.15956,1200000,2530000
2022-03-10 13:29:32.127000,1.15966,1.15956,4890000,2530000
2022-03-10 13:29:33.499000,1.15965,1.15957,1200000,1200000
2022-03-10 13:29:33.885000,1.15966,1.15957,2860000,1200000
2022-03-10 13:29:34.108000,1.15968,1.15958,1600000,1200000
2022-03-10 13:29:34.160000,1.15968,1.15958,3760000,2530000
2022-03-10 13:29:40.230000,1.15967,1.15958,2860000,1200000
2022-03-10 13:29:40.994000,1.15969,1.15957,4660000,1200000
2022-03-10 13:29:42.840000,1.15968,1.15957,1200000,2080000
2022-03-10 13:29:46.040000,1.15966,1.15957,1200000,2080000
2022-03-10 13:29:47.097000,1.15968,1.15957,2860000,2080000
2022-03-10 13:29:47.368000,1.15969,1.15956,5110000,2710000
2022-03-10 13:29:47.794000,1.15969,1.15958,4210000,1630000
2022-03-10 13:29:48.354000,1.15969,1.15959,1350000,1630000
2022-03-10 13:29:49.067000,1.1597,1.15955,5290000,1960000
2022-03-10 13:29:49.720000,1.1597,1.15956,5290000,1200000
2022-03-10 13:29:50.577000,1.1596,1.15953,1800000,5230000
2022-03-10 13:29:50.679000,1.15965,1.15952,1200000,1800000
2022-03-10 13:29:50.730000,1.15963,1.15953,3170000,1800000
2022-03-10 13:29:50.782000,1.15963,1.15943,2990000,1960000
2022-03-10 13:29:50.934000,1.15964,1.15951,1800000,1630000
2022-03-10 13:29:50.985000,1.15967,1.15943,1600000,1960000
2022-03-10 13:29:51.278000,1.1596,1.15943,1600000,1960000
2022-03-10 13:29:51.380000,1.15971,1.15944,2100000,1600000
2022-03-10 13:29:51.570000,1.15965,1.15941,2100000,2100000
2022-03-10 13:29:51.727000,1.15965,1.15941,2850000,3460000
2022-03-10 13:29:52.169000,1.15965,1.15944,2100000,4350000
2022-03-10 13:29:52.322000,1.15965,1.15944,2100000,2100000
2022-03-10 13:29:52.534000,1.15965,1.15941,2100000,2710000
2022-03-10 13:29:52.894000,1.15961,1.15938,1600000,4210000
2022-03-10 13:29:53.152000,1.15961,1.15939,1350000,3460000
2022-03-10 13:29:57.882000,1.15966,1.1594,6140000,1960000
2022-03-10 13:29:58.873000,1.15966,1.15939,1200000,1960000
2022-03-10 13:29:59.448000,1.15965,1.15942,1200000,1960000
2022-03-10 13:29:59.549000,1.15967,1.15941,4680000,1960000
2022-03-10 13:29:59.651000,1.15966,1.15939,1200000,2710000
2022-03-10 13:30:00.191000,1.15966,1.1594,3600000,2710000
2022-03-10 13:30:00.522000,1.15966,1.15952,2700000,2080000
2022-03-10 13:30:00.624000,1.15971,1.15948,1200000,2710000
2022-03-10 13:30:00.827000,1.15972,1.15948,3760000,2710000
2022-03-10 13:30:01.132000,1.15972,1.15948,3760000,2710000
2022-03-10 13:30:01.373000,1.1603,1.16009,490000,670000
2022-03-10 13:30:01.425000,1.16005,1.15997,1350000,1200000
2022-03-10 13:30:01.476000,1.16009,1.15991,1350000,1800000
2022-03-10 13:30:01.578000,1.16006,1.15991,3760000,1800000
2022-03-10 13:30:01.951000,1.16006,1.15991,3760000,2100000
2022-03-10 13:30:02.537000,1.16009,1.15998,900000,1630000
2022-03-10 13:30:02.968000,1.16006,1.15994,900000,2080000
2022-03-10 13:30:03.164000,1.16006,1.15998,1200000,1630000
2022-03-10 13:30:03.266000,1.16014,1.15994,450000,1960000
2022-03-10 13:30:03.671000,1.16014,1.15997,450000,1630000
2022-03-10 13:30:03.773000,1.16014,1.15996,450000,1630000
2022-03-10 13:30:04.118000,1.16014,1.16002,450000,1200000
2022-03-10 13:30:04.169000,1.16014,1.15996,450000,1630000
2022-03-10 13:30:04.321000,1.16009,1.15996,1800000,1630000
2022-03-10 13:30:04.373000,1.16009,1.15994,1350000,1200000
2022-03-10 13:30:04.474000,1.16009,1.15995,2250000,1630000
2022-03-10 13:30:04.526000,1.16009,1.1599,2250000,1720000
2022-03-10 13:30:04.627000,1.16009,1.15997,1350000,1630000
2022-03-10 13:30:04.904000,1.16009,1.1599,1350000,1720000
2022-03-10 13:30:05.269000,1.16009,1.1599,1350000,3090000
2022-03-10 13:30:05.320000,1.16009,1.15995,1350000,1630000
2022-03-10 13:30:05.422000,1.16009,1.15996,1350000,1630000
2022-03-10 13:30:05.600000,1.16009,1.1599,1350000,3090000
2022-03-10 13:30:05.998000,1.16008,1.1599,1200000,2710000
2022-03-10 13:30:06.100000,1.16007,1.15989,1600000,2340000
2022-03-10 13:30:06.152000,1.16007,1.15987,3310000,3150000
2022-03-10 13:30:06.203000,1.16003,1.15986,1350000,1600000
2022-03-10 13:30:06.254000,1.16002,1.15983,1600000,1350000
2022-03-10 13:30:06.306000,1.16003,1.15978,1600000,2980000
2022-03-10 13:30:06.357000,1.16001,1.15983,1720000,1600000
2022-03-10 13:30:06.408000,1.16,1.15981,1350000,1350000
2022-03-10 13:30:07.362000,1.16001,1.15987,1720000,1630000
2022-03-10 13:30:07.681000,1.16001,1.15981,1720000,1350000
2022-03-10 13:30:08.010000,1.16001,1.15981,1720000,1600000
2022-03-10 13:30:08.740000,1.16002,1.15988,2860000,1350000
2022-03-10 13:30:08.843000,1.16003,1.15988,5560000,1800000
2022-03-10 13:30:09.097000,1.16001,1.15986,1350000,1960000
2022-03-10 13:30:09.148000,1.16001,1.15984,1720000,1630000
2022-03-10 13:30:09.199000,1.16001,1.15982,1720000,1200000
2022-03-10 13:30:09.302000,1.16001,1.15979,1720000,1960000
2022-03-10 13:30:09.435000,1.16001,1.15987,1720000,1630000
2022-03-10 13:30:09.537000,1.16001,1.15979,1720000,1960000
2022-03-10 13:30:09.705000,1.16001,1.15983,1720000,1200000
2022-03-10 13:30:09.858000,1.16001,1.15981,1720000,1600000
2022-03-10 13:30:10.167000,1.15984,1.15976,1200000,1200000
2022-03-10 13:30:10.269000,1.15983,1.1597,1800000,1600000
2022-03-10 13:30:10.647000,1.15982,1.15972,4890000,1630000
2022-03-10 13:30:10.698000,1.15981,1.15969,1200000,2530000
2022-03-10 13:30:10.750000,1.15981,1.15962,1200000,3220000
2022-03-10 13:30:10.801000,1.15984,1.15969,2990000,2250000
2022-03-10 13:30:10.904000,1.15986,1.15969,1800000,2100000
2022-03-10 13:30:11.006000,1.15982,1.15969,2860000,2080000
2022-03-10 13:30:11.108000,1.15984,1.15969,1200000,2250000
2022-03-10 13:30:11.210000,1.15985,1.15969,1800000,1800000
2022-03-10 13:30:11.261000,1.15985,1.15971,2860000,1630000
2022-03-10 13:30:11.363000,1.15975,1.15968,1850000,1200000
2022-03-10 13:30:11.466000,1.15974,1.15955,1350000,4330000
2022-03-10 13:30:11.848000,1.15973,1.15958,2860000,1630000
2022-03-10 13:30:12.536000,1.15972,1.15956,2860000,1630000
2022-03-10 13:30:12.739000,1.15973,1.15955,3310000,4330000
2022-03-10 13:30:12.861000,1.15974,1.15955,5610000,4210000
2022-03-10 13:30:13.065000,1.1596,1.15955,1120000,1200000
2022-03-10 13:30:13.168000,1.15942,1.15939,1350000,1200000
2022-03-10 13:30:13.219000,1.15947,1.1594,2470000,1630000
2022-03-10 13:30:13.271000,1.15949,1.1594,1600000,1600000
2022-03-10 13:30:13.322000,1.15949,1.15939,1200000,1200000
2022-03-10 13:30:13.373000,1.15959,1.15936,3310000,3430000
2022-03-10 13:30:13.475000,1.1596,1.15937,1100000,1600000
2022-03-10 13:30:13.527000,1.15961,1.15947,2860000,1350000
2022-03-10 13:30:13.629000,1.15962,1.15947,5560000,2100000
2022-03-10 13:30:13.832000,1.15962,1.15947,2700000,1800000
2022-03-10 13:30:14.356000,1.15962,1.15948,2700000,1200000
2022-03-10 13:30:14.548000,1.15962,1.15949,2700000,1630000
2022-03-10 13:30:14.826000,1.15963,1.15947,2700000,1200000
2022-03-10 13:30:14.928000,1.15962,1.15948,3240000,2870000
2022-03-10 13:30:15.295000,1.15962,1.15948,2920000,3860000
2022-03-10 13:30:15.592000,1.15955,1.1595,2250000,1630000
2022-03-10 13:30:15.695000,1.15955,1.15947,1700000,1200000
2022-03-10 13:30:15.746000,1.15952,1.15947,1840000,1200000
2022-03-10 13:30:15.797000,1.15951,1.15938,1200000,2120000
2022-03-10 13:30:15.849000,1.15949,1.15937,1200000,1720000
2022-03-10 13:30:16.154000,1.15949,1.15941,1200000,1630000
2022-03-10 13:30:16.206000,1.1595,1.15938,1470000,1120000
2022-03-10 13:30:16.257000,1.1595,1.15937,3570000,2080000
2022-03-10 13:30:16.410000,1.1595,1.15937,5820000,2170000
2022-03-10 13:30:16.512000,1.1595,1.15936,4320000,2080000
2022-03-10 13:30:16.716000,1.15949,1.15938,1220000,1630000
2022-03-10 13:30:16.767000,1.15941,1.15936,1890000,1200000
2022-03-10 13:30:16.819000,1.15941,1.15929,1200000,3360000
2022-03-10 13:30:16.972000,1.15938,1.1593,2860000,1990000
2022-03-10 13:30:17.159000,1.15939,1.1593,1200000,1990000
2022-03-10 13:30:17.362000,1.15939,1.1593,1890000,4200000
2022-03-10 13:30:17.515000,1.15938,1.1593,2860000,2560000
2022-03-10 13:30:17.617000,1.15938,1.1593,2860000,2560000
2022-03-10 13:30:18.466000,1.15938,1.1593,3310000,2340000
2022-03-10 13:30:18.568000,1.15935,1.1593,1890000,1800000
2022-03-10 13:30:18.619000,1.15935,1.15924,3320000,1840000
2022-03-10 13:30:18.721000,1.15933,1.15923,1440000,2170000
2022-03-10 13:30:19.381000,1.15922,1.15919,1200000,1080000
2022-03-10 13:30:19.433000,1.15929,1.15917,1720000,1570000
2022-03-10 13:30:19.535000,1.15927,1.15914,1200000,1500000
2022-03-10 13:30:19.638000,1.15929,1.15918,3220000,1200000
2022-03-10 13:30:19.741000,1.1593,1.1592,2860000,1120000
2022-03-10 13:30:19.843000,1.15932,1.15919,1840000,4140000
2022-03-10 13:30:19.945000,1.15932,1.15919,1840000,2020000
2022-03-10 13:30:19.996000,1.15932,1.15919,1840000,3010000
2022-03-10 13:30:20.098000,1.15932,1.15919,1840000,3210000
2022-03-10 13:30:20.201000,1.15933,1.1592,3310000,2080000
2022-03-10 13:30:20.303000,1.15936,1.15926,1200000,2790000
2022-03-10 13:30:20.405000,1.15939,1.15932,1200000,1320000
2022-03-10 13:30:20.508000,1.15942,1.15931,3410000,1220000
2022-03-10 13:30:20.813000,1.15941,1.15927,4660000,1450000
2022-03-10 13:30:20.864000,1.15941,1.15931,3150000,2220000
2022-03-10 13:30:21.018000,1.15943,1.15932,1850000,2030000
2022-03-10 13:30:21.222000,1.15946,1.15935,1200000,1100000
2022-03-10 13:30:21.375000,1.15948,1.15937,4110000,1630000
2022-03-10 13:30:21.427000,1.15947,1.15935,1600000,1200000
2022-03-10 13:30:21.579000,1.15944,1.15932,1600000,2640000
2022-03-10 13:30:21.681000,1.15944,1.15932,2290000,2640000
2022-03-10 13:30:21.733000,1.15943,1.15932,1200000,3020000
2022-03-10 13:30:21.835000,1.15942,1.15931,1200000,1610000
2022-03-10 13:30:21.938000,1.1594,1.15928,1200000,3020000
2022-03-10 13:30:22.040000,1.15938,1.15928,1100000,1020000
2022-03-10 13:30:22.142000,1.15937,1.15925,5690000,2650000
2022-03-10 13:30:22.244000,1.15935,1.15925,2570000,1860000
2022-03-10 13:30:22.346000,1.15935,1.15925,1120000,2420000
2022-03-10 13:30:22.448000,1.15936,1.15924,1200000,1970000
2022-03-10 13:30:22.550000,1.15939,1.15926,1700000,1860000
2022-03-10 13:30:22.754000,1.1594,1.15929,1200000,5080000
2022-03-10 13:30:22.856000,1.15938,1.15927,1200000,1210000
2022-03-10 13:30:22.958000,1.1594,1.15928,1200000,3210000
2022-03-10 13:30:23.009000,1.1594,1.15929,1200000,1840000
2022-03-10 13:30:23.162000,1.15942,1.15929,1200000,1470000
2022-03-10 13:30:23.265000,1.15937,1.15928,1850000,1210000
2022-03-10 13:30:23.418000,1.15938,1.15929,1200000,1630000
2022-03-10 13:30:23.469000,1.15939,1.15928,1200000,2030000
2022-03-10 13:30:23.571000,1.15942,1.1593,1200000,1440000
2022-03-10 13:30:23.622000,1.15941,1.15932,3850000,1210000
2022-03-10 13:30:23.674000,1.15941,1.1593,1200000,2470000
2022-03-10 13:30:23.776000,1.1594,1.15927,1220000,1500000
2022-03-10 13:30:23.828000,1.1594,1.15928,1440000,3210000
2022-03-10 13:30:23.879000,1.1594,1.15932,1700000,1200000
2022-03-10 13:30:23.981000,1.15941,1.15928,1700000,1210000
2022-03-10 13:30:24.033000,1.15943,1.15934,1700000,1200000
2022-03-10 13:30:24.084000,1.15944,1.15935,1120000,2530000
2022-03-10 13:30:24.186000,1.15943,1.15934,1200000,1320000
2022-03-10 13:30:24.491000,1.15945,1.15934,4610000,1320000
2022-03-10 13:30:24.593000,1.15945,1.15934,1120000,1320000
2022-03-10 13:30:24.695000,1.15945,1.15933,2310000,2850000
2022-03-10 13:30:24.798000,1.15947,1.15933,3620000,2220000
2022-03-10 13:30:25.028000,1.15947,1.15937,1890000,3070000
2022-03-10 13:30:25.181000,1.15949,1.1594,3150000,2170000
2022-03-10 13:30:25.284000,1.15952,1.15939,1220000,3540000
2022-03-10 13:30:26.210000,1.15951,1.15941,1350000,1240000
2022-03-10 13:30:26.312000,1.15948,1.15939,1220000,1630000
2022-03-10 13:30:26.414000,1.15948,1.15936,1220000,3020000
2022-03-10 13:30:26.928000,1.15946,1.15936,1840000,1630000
2022-03-10 13:30:27.030000,1.15941,1.15929,1220000,1810000
2022-03-10 13:30:27.132000,1.15942,1.15931,1720000,1720000
2022-03-10 13:30:27.234000,1.15943,1.1593,1440000,4900000
2022-03-10 13:30:27.337000,1.15945,1.15932,1220000,1720000
2022-03-10 13:30:27.388000,1.15935,1.15929,1200000,3910000
2022-03-10 13:30:27.440000,1.1594,1.15929,1720000,2220000
2022-03-10 13:30:27.542000,1.15936,1.1593,1120000,1630000
2022-03-10 13:30:27.644000,1.15933,1.15925,1120000,2080000
2022-03-10 13:30:27.695000,1.15933,1.15923,1890000,1720000
2022-03-10 13:30:27.797000,1.15932,1.15922,1440000,1840000
2022-03-10 13:30:27.899000,1.1593,1.15922,1200000,2830000
2022-03-10 13:30:28.001000,1.15927,1.15916,4470000,2220000
2022-03-10 13:30:28.053000,1.15927,1.15922,1800000,1630000
2022-03-10 13:30:28.104000,1.15929,1.15918,1350000,6580000
2022-03-10 13:30:28.206000,1.15929,1.1592,1440000,2170000
2022-03-10 13:30:28.308000,1.15928,1.15919,1120000,2270000
2022-03-10 13:30:28.411000,1.15929,1.15918,1440000,4710000
2022-03-10 13:30:28.513000,1.15928,1.15918,2920000,3770000
2022-03-10 13:30:28.565000,1.15924,1.15918,1440000,1200000
2022-03-10 13:30:28.667000,1.15926,1.15914,1440000,1440000
2022-03-10 13:30:28.718000,1.15923,1.15913,1200000,1840000
2022-03-10 13:30:28.820000,1.15926,1.15912,1620000,1720000
2022-03-10 13:30:28.935000,1.15919,1.15909,2550000,1860000
2022-03-10 13:30:29.039000,1.15912,1.15905,1200000,1860000
2022-03-10 13:30:29.141000,1.1591,1.15903,1350000,2080000
2022-03-10 13:30:29.192000,1.15909,1.15902,1350000,2980000
2022-03-10 13:30:29.244000,1.15911,1.15902,3240000,1630000
2022-03-10 13:30:29.295000,1.15911,1.15901,1600000,1630000
2022-03-10 13:30:29.448000,1.15911,1.15903,1440000,1630000
2022-03-10 13:30:29.551000,1.15913,1.15901,1890000,2170000
2022-03-10 13:30:29.602000,1.15909,1.15898,1200000,2830000
2022-03-10 13:30:29.705000,1.1591,1.159,1320000,1440000
2022-03-10 13:30:29.807000,1.1591,1.159,1200000,1440000
2022-03-10 13:30:29.960000,1.1591,1.15899,1120000,1440000
2022-03-10 13:30:30.062000,1.15911,1.15899,1700000,1720000
2022-03-10 13:30:30.164000,1.15911,1.15899,1240000,1720000
2022-03-10 13:30:30.622000,1.15909,1.15899,1200000,1240000
2022-03-10 13:30:30.674000,1.159,1.15896,1440000,1350000
2022-03-10 13:30:30.725000,1.15901,1.15894,1200000,3070000
2022-03-10 13:30:30.777000,1.15898,1.15895,1200000,1200000
2022-03-10 13:30:30.828000,1.15905,1.15894,1220000,1320000
2022-03-10 13:30:30.930000,1.15904,1.15893,1220000,1200000
2022-03-10 13:30:31.032000,1.15905,1.15892,1320000,1440000
2022-03-10 13:30:31.084000,1.15903,1.15891,1220000,1890000
2022-03-10 13:30:31.439000,1.1589,1.15887,1800000,1350000
2022-03-10 13:30:31.491000,1.15889,1.15879,1720000,1720000
2022-03-10 13:30:31.542000,1.15886,1.15878,1600000,1720000
2022-03-10 13:30:31.695000,1.15885,1.15874,1990000,3720000
2022-03-10 13:30:31.747000,1.15885,1.15877,1200000,2830000
2022-03-10 13:30:31.849000,1.15889,1.15877,1840000,1720000
2022-03-10 13:30:31.951000,1.1589,1.15876,1700000,1720000
2022-03-10 13:30:32.155000,1.15888,1.15877,1120000,1720000
2022-03-10 13:30:32.257000,1.15889,1.15877,1200000,1720000
2022-03-10 13:30:32.765000,1.1589,1.15878,4230000,1720000
2022-03-10 13:30:32.917000,1.1589,1.1588,1320000,2170000
2022-03-10 13:30:32.969000,1.15891,1.15883,1320000,1350000
2022-03-10 13:30:33.094000,1.15901,1.15897,1800000,1200000
2022-03-10 13:30:33.146000,1.15904,1.15896,2860000,1800000
2022-03-10 13:30:33.250000,1.15904,1.15896,1200000,3210000
2022-03-10 13:30:33.352000,1.15907,1.15899,1200000,1320000
2022-03-10 13:30:33.454000,1.15904,1.15896,4300000,1700000
2022-03-10 13:30:33.506000,1.15908,1.15897,1620000,3070000
2022-03-10 13:30:33.658000,1.15908,1.15897,2220000,1720000
2022-03-10 13:30:33.761000,1.1591,1.15898,2220000,2170000
2022-03-10 13:30:33.863000,1.1591,1.15899,2560000,1440000
2022-03-10 13:30:33.966000,1.1591,1.159,1320000,1440000
2022-03-10 13:30:34.169000,1.15912,1.15901,1440000,1440000
2022-03-10 13:30:34.221000,1.15911,1.15899,1200000,1440000
2022-03-10 13:30:34.374000,1.1591,1.15902,1200000,1200000
2022-03-10 13:30:34.425000,1.15919,1.15913,1800000,2970000
2022-03-10 13:30:34.527000,1.15921,1.15915,2340000,1350000
2022-03-10 13:30:34.630000,1.1592,1.15914,2340000,1600000
2022-03-10 13:30:34.681000,1.1592,1.15917,1800000,1200000
2022-03-10 13:30:34.732000,1.15923,1.15916,1440000,1350000
2022-03-10 13:30:34.784000,1.15923,1.15918,1200000,1200000
2022-03-10 13:30:34.835000,1.15925,1.15918,2700000,1200000
2022-03-10 13:30:34.937000,1.15924,1.15916,1440000,1200000
2022-03-10 13:30:34.988000,1.15922,1.15917,1320000,1200000
2022-03-10 13:30:35.192000,1.15924,1.15916,2700000,1200000
2022-03-10 13:30:35.294000,1.15924,1.15917,1200000,1200000
2022-03-10 13:30:35.345000,1.15926,1.15917,1440000,1440000
2022-03-10 13:30:35.447000,1.15926,1.15918,1440000,1200000
2022-03-10 13:30:35.498000,1.15927,1.15921,1320000,1200000
2022-03-10 13:30:35.601000,1.15929,1.15926,2250000,1350000
2022-03-10 13:30:35.652000,1.15934,1.15926,1240000,1200000
2022-03-10 13:30:35.856000,1.15934,1.15926,3690000,1200000
2022-03-10 13:30:35.958000,1.15933,1.15926,1200000,1200000
2022-03-10 13:30:36.060000,1.15934,1.15926,2790000,1200000
2022-03-10 13:30:36.162000,1.15928,1.15922,1200000,3070000
2022-03-10 13:30:36.213000,1.15921,1.15914,1200000,1200000
2022-03-10 13:30:36.265000,1.15921,1.15913,2700000,1320000
2022-03-10 13:30:36.367000,1.15921,1.15913,1800000,1720000
2022-03-10 13:30:36.469000,1.15925,1.15917,1200000,1720000
2022-03-10 13:30:36.673000,1.15925,1.15918,1200000,1720000
2022-03-10 13:30:36.746000,1.15925,1.15917,1200000,2080000
2022-03-10 13:30:36.904000,1.15925,1.15917,1200000,2590000
2022-03-10 13:30:37.006000,1.15925,1.15918,1200000,2170000
2022-03-10 13:30:37.577000,1.15925,1.15916,1200000,2080000
2022-03-10 13:30:37.680000,1.15925,1.15918,1800000,1630000
2022-03-10 13:30:37.782000,1.15925,1.15915,1200000,3070000
2022-03-10 13:30:37.884000,1.15925,1.15916,1200000,1440000
2022-03-10 13:30:38.138000,1.15925,1.15915,1800000,1440000
2022-03-10 13:30:38.241000,1.15925,1.15916,1800000,1440000
2022-03-10 13:30:38.926000,1.15925,1.15919,1200000,2340000
2022-03-10 13:30:38.977000,1.15925,1.15916,1800000,1320000
2022-03-10 13:30:39.029000,1.15925,1.15918,1200000,1720000
2022-03-10 13:30:39.132000,1.15926,1.15923,1200000,1350000
2022-03-10 13:30:39.234000,1.15935,1.15928,1720000,2920000
2022-03-10 13:30:39.286000,1.15939,1.1593,6070000,1100000
2022-03-10 13:30:39.337000,1.15938,1.15928,1200000,2340000
2022-03-10 13:30:39.643000,1.15937,1.15932,1800000,1200000
2022-03-10 13:30:39.746000,1.15937,1.15932,1890000,1200000
2022-03-10 13:30:39.797000,1.15937,1.15929,1800000,1440000
2022-03-10 13:30:39.899000,1.15937,1.15933,1800000,1200000
2022-03-10 13:30:40.001000,1.15942,1.15933,5260000,1200000
2022-03-10 13:30:40.307000,1.15942,1.15931,1240000,1800000
2022-03-10 13:30:40.409000,1.15939,1.15929,4300000,1200000
2022-03-10 13:30:40.511000,1.15938,1.15928,1200000,3070000
2022-03-10 13:30:41.126000,1.15934,1.15925,1200000,1610000
2022-03-10 13:30:41.228000,1.15932,1.15924,1200000,1630000
2022-03-10 13:30:41.330000,1.15927,1.15921,1200000,1440000
2022-03-10 13:30:41.432000,1.15935,1.15925,4610000,1200000
2022-03-10 13:30:41.483000,1.15927,1.15922,1200000,1440000
2022-03-10 13:30:41.586000,1.15926,1.1592,1200000,1440000
2022-03-10 13:30:41.637000,1.15935,1.15925,2920000,1440000
2022-03-10 13:30:41.688000,1.15935,1.15925,1440000,1440000
2022-03-10 13:30:41.892000,1.1594,1.15931,1320000,1200000
2022-03-10 13:30:42.045000,1.15941,1.15929,1240000,3070000
2022-03-10 13:30:42.198000,1.15931,1.15928,2370000,1600000
2022-03-10 13:30:42.250000,1.15924,1.15916,1990000,2980000
2022-03-10 13:30:42.301000,1.15923,1.15915,1200000,1440000
2022-03-10 13:30:42.403000,1.1592,1.15913,1320000,1200000
2022-03-10 13:30:42.506000,1.15914,1.15908,1350000,1200000
2022-03-10 13:30:42.608000,1.15914,1.15905,1100000,1440000
2022-03-10 13:30:42.659000,1.15915,1.15911,1850000,1200000
2022-03-10 13:30:42.863000,1.15918,1.15913,1850000,1200000
2022-03-10 13:30:42.914000,1.15919,1.15913,1600000,1200000
2022-03-10 13:30:42.966000,1.15922,1.15913,3490000,1200000
2022-03-10 13:30:43.068000,1.15922,1.15913,1200000,1200000
2022-03-10 13:30:43.220000,1.15921,1.15913,1200000,1200000
2022-03-10 13:30:43.483000,1.15926,1.15918,1600000,1890000
2022-03-10 13:30:43.534000,1.15926,1.15918,1200000,1890000
2022-03-10 13:30:43.738000,1.15925,1.15918,2340000,1320000
2022-03-10 13:30:43.840000,1.15924,1.15917,2560000,2100000
2022-03-10 13:30:43.942000,1.15924,1.15917,1440000,1200000
2022-03-10 13:30:43.994000,1.15923,1.15914,1720000,1350000
2022-03-10 13:30:44.096000,1.15923,1.15912,1720000,1200000
2022-03-10 13:30:44.249000,1.15919,1.15913,1200000,2340000
2022-03-10 13:30:44.300000,1.15921,1.15914,1200000,1440000
2022-03-10 13:30:44.402000,1.15922,1.15914,1200000,1440000
2022-03-10 13:30:44.504000,1.15921,1.15913,1440000,1200000
2022-03-10 13:30:44.555000,1.15917,1.1591,1120000,1200000
2022-03-10 13:30:44.709000,1.15916,1.15908,1200000,1440000
2022-03-10 13:30:44.811000,1.15916,1.15909,1200000,1200000
2022-03-10 13:30:44.964000,1.15915,1.15908,1200000,3070000
2022-03-10 13:30:45.219000,1.15914,1.15908,1200000,1200000
2022-03-10 13:30:45.392000,1.15914,1.15907,1200000,2340000
2022-03-10 13:30:45.494000,1.15915,1.15907,1200000,2340000
2022-03-10 13:30:45.596000,1.15917,1.15907,1720000,2340000
2022-03-10 13:30:45.698000,1.15917,1.15907,1440000,3580000
2022-03-10 13:30:45.918000,1.15917,1.15907,2220000,2340000
2022-03-10 13:30:46.020000,1.15916,1.15906,3720000,1440000
2022-03-10 13:30:46.123000,1.15917,1.15905,1890000,2730000
2022-03-10 13:30:46.225000,1.15922,1.15914,1200000,1120000
2022-03-10 13:30:46.379000,1.15922,1.15911,1320000,2950000
2022-03-10 13:30:46.481000,1.1592,1.15912,1320000,1320000
2022-03-10 13:30:46.633000,1.1592,1.15912,1200000,1240000
2022-03-10 13:30:46.735000,1.15921,1.15912,1320000,1240000
2022-03-10 13:30:46.837000,1.1592,1.15912,1200000,1240000
2022-03-10 13:30:46.889000,1.15916,1.15907,1200000,2770000
2022-03-10 13:30:46.941000,1.15914,1.15905,1200000,1620000
2022-03-10 13:30:47.043000,1.15914,1.15905,1320000,1860000
2022-03-10 13:30:47.821000,1.15916,1.15908,3780000,2870000
2022-03-10 13:30:47.872000,1.15918,1.1591,1320000,1320000
2022-03-10 13:30:47.974000,1.15919,1.15909,2790000,2730000
2022-03-10 13:30:48.076000,1.15918,1.15909,1020000,2610000
2022-03-10 13:30:48.384000,1.1592,1.15916,1200000,1200000
2022-03-10 13:30:48.486000,1.15925,1.15919,1800000,2170000
2022-03-10 13:30:48.944000,1.15925,1.15918,1200000,1720000
2022-03-10 13:30:49.046000,1.15925,1.15917,1800000,1970000
2022-03-10 13:30:50.290000,1.15925,1.15921,1200000,2020000
2022-03-10 13:30:50.392000,1.15927,1.15923,1200000,1200000
2022-03-10 13:30:50.596000,1.15926,1.15922,1200000,2340000
2022-03-10 13:30:50.902000,1.15926,1.15922,1200000,1200000
2022-03-10 13:30:51.004000,1.15926,1.15921,1200000,1440000
2022-03-10 13:30:51.107000,1.15925,1.1592,1200000,3070000
2022-03-10 13:30:51.209000,1.15925,1.15918,1200000,3070000
2022-03-10 13:30:51.801000,1.15926,1.1592,1200000,1660000
2022-03-10 13:30:51.954000,1.15926,1.15921,1200000,2030000
2022-03-10 13:30:52.005000,1.15931,1.15922,1240000,2530000
2022-03-10 13:30:52.056000,1.15926,1.15921,1200000,1890000
2022-03-10 13:30:52.819000,1.15926,1.15921,1200000,1840000
2022-03-10 13:30:53.175000,1.15925,1.1592,1200000,1240000
2022-03-10 13:30:53.277000,1.15925,1.15919,1200000,2610000
2022-03-10 13:30:53.582000,1.15925,1.15922,1200000,1200000
2022-03-10 13:30:53.685000,1.15925,1.15918,1200000,3970000
2022-03-10 13:30:53.787000,1.15925,1.15919,1200000,1890000
2022-03-10 13:30:53.838000,1.15926,1.15921,1200000,2650000
2022-03-10 13:30:54.093000,1.15925,1.15919,1200000,2870000
2022-03-10 13:30:54.297000,1.15925,1.15919,1200000,2230000
2022-03-10 13:30:54.501000,1.15925,1.15917,1890000,4480000
2022-03-10 13:30:54.603000,1.15925,1.15917,1200000,5050000
2022-03-10 13:30:54.655000,1.15925,1.15917,3720000,3430000
2022-03-10 13:30:54.706000,1.15924,1.15913,1200000,1200000
2022-03-10 13:30:54.758000,1.1592,1.15912,2790000,1200000
2022-03-10 13:30:54.860000,1.15915,1.15913,1200000,1200000
2022-03-10 13:30:54.962000,1.15917,1.15913,1800000,1200000
2022-03-10 13:30:55.064000,1.15917,1.15912,1200000,1200000
2022-03-10 13:30:55.167000,1.15915,1.15909,2990000,1200000
2022-03-10 13:30:55.218000,1.15916,1.15912,3240000,1200000
2022-03-10 13:30:55.320000,1.15915,1.15911,2110000,1200000
2022-03-10 13:30:55.473000,1.15913,1.15904,1200000,1840000
2022-03-10 13:30:55.575000,1.15912,1.15903,1200000,2830000
2022-03-10 13:30:56.159000,1.15912,1.15903,1440000,1200000
2022-03-10 13:30:56.261000,1.15909,1.15903,1120000,1200000
2022-03-10 13:30:56.312000,1.15906,1.15899,1440000,1200000
2022-03-10 13:30:56.414000,1.15905,1.15899,1440000,1200000
2022-03-10 13:30:56.668000,1.15906,1.15899,1440000,1200000
2022-03-10 13:30:57.644000,1.15905,1.15896,1440000,1320000
2022-03-10 13:30:57.746000,1.15907,1.15897,2560000,2550000
2022-03-10 13:30:57.899000,1.15905,1.15896,1200000,1620000
2022-03-10 13:30:58.245000,1.15905,1.15896,1440000,1440000
2022-03-10 13:30:58.347000,1.15904,1.15893,1890000,1350000
2022-03-10 13:30:58.449000,1.15903,1.15894,2370000,1200000
2022-03-10 13:30:58.602000,1.15903,1.15894,1660000,1350000
2022-03-10 13:30:58.704000,1.15903,1.15893,2340000,1890000
2022-03-10 13:30:58.806000,1.15901,1.15892,1890000,1350000
2022-03-10 13:30:58.908000,1.159,1.15891,1890000,1600000
2022-03-10 13:30:59.011000,1.15902,1.15892,2560000,1720000
2022-03-10 13:30:59.214000,1.15902,1.15892,2560000,1720000
2022-03-10 13:30:59.454000,1.15884,1.15881,1350000,1200000
2022-03-10 13:30:59.505000,1.15891,1.15882,2470000,4140000
2022-03-10 13:30:59.557000,1.15891,1.15882,2250000,2250000
2022-03-10 13:30:59.608000,1.1589,1.1588,1200000,3150000
2022-03-10 13:30:59.766000,1.15889,1.1588,1200000,3150000
2022-03-10 13:30:59.969000,1.1589,1.1588,1570000,2250000
2022-03-10 13:31:00.071000,1.1589,1.15881,1200000,1200000
2022-03-10 13:31:00.173000,1.15889,1.1588,1570000,2700000
2022-03-10 13:31:00.278000,1.15892,1.15883,2020000,1350000
2022-03-10 13:31:00.737000,1.15886,1.15882,1200000,1200000
2022-03-10 13:31:00.839000,1.15886,1.15876,1200000,2100000
2022-03-10 13:31:01.093000,1.15886,1.15879,1200000,1630000
2022-03-10 13:31:01.196000,1.15893,1.15886,1350000,1570000
2022-03-10 13:31:01.298000,1.15896,1.15889,1200000,1200000
2022-03-10 13:31:01.350000,1.15896,1.15887,3760000,1350000
2022-03-10 13:31:01.452000,1.15895,1.15885,1200000,2470000
2022-03-10 13:31:01.921000,1.15896,1.15887,1320000,1120000
2022-03-10 13:31:02.023000,1.15896,1.15886,1320000,2790000
2022-03-10 13:31:02.125000,1.15895,1.15886,1200000,1440000
2022-03-10 13:31:02.814000,1.15897,1.15886,1200000,2780000
2022-03-10 13:31:03.255000,1.15893,1.15885,1200000,1440000
2022-03-10 13:31:03.766000,1.15896,1.15891,2170000,1350000
2022-03-10 13:31:03.868000,1.15902,1.15895,1200000,1100000
2022-03-10 13:31:03.920000,1.15905,1.15897,4050000,2080000
2022-03-10 13:31:04.073000,1.1591,1.15901,1800000,3520000
2022-03-10 13:31:04.175000,1.15912,1.15901,1440000,2920000
2022-03-10 13:31:04.328000,1.15912,1.15903,2340000,1890000
2022-03-10 13:31:04.582000,1.15912,1.15904,2340000,1630000
2022-03-10 13:31:04.684000,1.15912,1.15903,2340000,3520000
2022-03-10 13:31:04.786000,1.15915,1.15906,2790000,3240000
2022-03-10 13:31:04.888000,1.15913,1.15906,1200000,2620000
2022-03-10 13:31:04.990000,1.15912,1.15904,1200000,3940000
2022-03-10 13:31:05.041000,1.15911,1.15904,1440000,2080000
2022-03-10 13:31:05.143000,1.15911,1.15901,3760000,2030000
2022-03-10 13:31:05.405000,1.15912,1.15904,1200000,1720000
2022-03-10 13:31:05.507000,1.15914,1.15903,1200000,1720000
2022-03-10 13:31:05.609000,1.15914,1.15905,1200000,2970000
2022-03-10 13:31:05.761000,1.15914,1.15907,1200000,1200000
2022-03-10 13:31:05.867000,1.15915,1.15904,1200000,2970000
2022-03-10 13:31:05.969000,1.15915,1.15907,1200000,3540000
2022-03-10 13:31:06.071000,1.15916,1.15907,1200000,2460000
2022-03-10 13:31:06.377000,1.15915,1.15907,1200000,1320000
2022-03-10 13:31:06.580000,1.15915,1.15905,1440000,3960000
2022-03-10 13:31:07.104000,1.15911,1.15904,1320000,1960000
2022-03-10 13:31:07.206000,1.1591,1.15903,1200000,1240000
2022-03-10 13:31:07.461000,1.1591,1.15902,1200000,1890000
2022-03-10 13:31:07.563000,1.15909,1.15902,1200000,1890000
2022-03-10 13:31:07.817000,1.15908,1.15901,1200000,1720000
2022-03-10 13:31:08.122000,1.15912,1.15905,1200000,2590000
2022-03-10 13:31:08.174000,1.15909,1.15902,1200000,1200000
2022-03-10 13:31:08.276000,1.15907,1.15899,1200000,1890000
2022-03-10 13:31:08.328000,1.15907,1.159,1200000,1800000
2022-03-10 13:31:08.480000,1.15908,1.15901,1200000,1350000
2022-03-10 13:31:10.682000,1.15908,1.15901,1200000,3160000
2022-03-10 13:31:10.784000,1.15908,1.15901,1200000,3520000
2022-03-10 13:31:11.089000,1.15907,1.15901,1200000,1320000
2022-03-10 13:31:11.344000,1.15908,1.15901,1200000,1220000
2022-03-10 13:31:11.446000,1.15909,1.15902,1200000,1320000
2022-03-10 13:31:11.649000,1.15909,1.15902,1200000,3210000
2022-03-10 13:31:12.007000,1.15911,1.15904,1200000,1320000
2022-03-10 13:31:12.159000,1.1591,1.15904,1200000,2170000
2022-03-10 13:31:13.504000,1.15912,1.15903,1200000,1320000
2022-03-10 13:31:13.606000,1.15912,1.15904,1200000,3160000
2022-03-10 13:31:13.708000,1.15913,1.15906,1200000,3520000
2022-03-10 13:31:14.371000,1.15914,1.15907,1200000,1350000
2022-03-10 13:31:14.708000,1.15917,1.15909,1350000,4230000
2022-03-10 13:31:14.810000,1.15918,1.1591,1200000,2780000
2022-03-10 13:31:14.912000,1.15918,1.15911,1200000,4710000
2022-03-10 13:31:15.014000,1.15919,1.15912,1200000,2790000
2022-03-10 13:31:15.117000,1.15918,1.15912,1200000,1630000
2022-03-10 13:31:15.219000,1.15917,1.15911,1200000,2620000
2022-03-10 13:31:15.321000,1.15918,1.15911,1200000,3520000
2022-03-10 13:31:15.423000,1.15916,1.1591,1200000,1630000
2022-03-10 13:31:15.475000,1.15915,1.15908,1200000,1200000
2022-03-10 13:31:15.577000,1.15916,1.15908,1200000,1840000
2022-03-10 13:31:15.679000,1.15915,1.15908,1200000,3520000
2022-03-10 13:31:16.015000,1.15918,1.15911,1200000,1350000
2022-03-10 13:31:16.321000,1.15917,1.1591,1200000,3540000
2022-03-10 13:31:16.423000,1.15915,1.15909,1200000,2530000
2022-03-10 13:31:16.525000,1.15914,1.15908,1200000,2620000
2022-03-10 13:31:16.932000,1.15915,1.15906,1200000,3520000
2022-03-10 13:31:17.034000,1.15911,1.15904,1200000,2550000
2022-03-10 13:31:17.136000,1.15911,1.15904,1200000,1620000
2022-03-10 13:31:17.188000,1.15913,1.15906,1200000,1890000
2022-03-10 13:31:17.442000,1.15913,1.15907,1200000,2080000
2022-03-10 13:31:17.595000,1.15914,1.15907,1200000,2620000
2022-03-10 13:31:17.697000,1.15915,1.15907,1200000,1630000
2022-03-10 13:31:17.866000,1.15915,1.15909,1200000,1630000
2022-03-10 13:31:17.968000,1.15914,1.15907,1200000,2830000
2022-03-10 13:31:18.324000,1.15918,1.15912,1200000,2740000
2022-03-10 13:31:18.375000,1.1592,1.15914,1200000,1200000
2022-03-10 13:31:18.427000,1.15919,1.15912,1200000,1350000
2022-03-10 13:31:18.529000,1.15918,1.15912,1200000,1320000
2022-03-10 13:31:18.631000,1.15915,1.15908,1200000,3520000
2022-03-10 13:31:18.733000,1.15915,1.15908,1200000,3160000
2022-03-10 13:31:19.445000,1.15915,1.15908,1200000,1890000
2022-03-10 13:31:19.864000,1.15916,1.15909,1200000,4330000
2022-03-10 13:31:19.967000,1.15915,1.15908,1200000,2610000
2022-03-10 13:31:20.069000,1.15914,1.15908,1200000,2620000
2022-03-10 13:31:20.323000,1.15915,1.15908,1200000,2620000
2022-03-10 13:31:20.578000,1.15917,1.15909,1200000,3360000
2022-03-10 13:31:20.680000,1.15916,1.15909,1200000,1200000
2022-03-10 13:31:20.782000,1.15915,1.15908,1200000,1350000
2022-03-10 13:31:21.395000,1.15915,1.15908,1200000,1600000
2022-03-10 13:31:21.497000,1.15916,1.15908,1440000,3090000
2022-03-10 13:31:21.599000,1.15914,1.15907,1200000,1720000
2022-03-10 13:31:21.701000,1.15914,1.15907,1200000,1800000
2022-03-10 13:31:22.225000,1.15912,1.15905,1320000,1320000
2022-03-10 13:31:22.328000,1.15913,1.15905,1620000,3160000
2022-03-10 13:31:22.430000,1.15913,1.15905,1620000,3520000
2022-03-10 13:31:22.532000,1.15914,1.15906,2360000,1800000
2022-03-10 13:31:22.685000,1.15914,1.15906,1440000,1720000
2022-03-10 13:31:22.787000,1.15913,1.15906,1200000,2080000
2022-03-10 13:31:22.889000,1.15911,1.15905,1200000,1200000
2022-03-10 13:31:23.143000,1.15911,1.15904,1200000,1720000
2022-03-10 13:31:23.347000,1.1591,1.15904,1200000,1200000
2022-03-10 13:31:23.703000,1.15912,1.15904,1350000,1100000
2022-03-10 13:31:23.805000,1.15912,1.15904,1350000,1200000
2022-03-10 13:31:24.060000,1.15911,1.15906,1200000,1100000
2022-03-10 13:31:24.162000,1.15911,1.15905,1200000,1440000
2022-03-10 13:31:25.310000,1.15912,1.15905,1200000,4420000
2022-03-10 13:31:25.412000,1.15912,1.15906,1200000,1200000
2022-03-10 13:31:25.616000,1.15914,1.15907,1440000,1350000
2022-03-10 13:31:25.870000,1.15917,1.15913,1100000,1570000
2022-03-10 13:31:25.922000,1.15919,1.15912,1200000,5320000
2022-03-10 13:31:26.024000,1.15921,1.15914,1200000,2100000
2022-03-10 13:31:26.126000,1.15924,1.15917,3760000,2170000
2022-03-10 13:31:26.229000,1.15927,1.1592,3920000,1800000
2022-03-10 13:31:26.331000,1.15927,1.15922,3760000,1200000
2022-03-10 13:31:26.433000,1.15929,1.15923,1200000,2080000
2022-03-10 13:31:26.484000,1.15927,1.15922,1200000,1200000
2022-03-10 13:31:26.588000,1.15929,1.15923,1200000,1200000
2022-03-10 13:31:26.690000,1.15929,1.15922,1200000,3150000
2022-03-10 13:31:26.842000,1.15927,1.15922,1200000,1800000
2022-03-10 13:31:26.945000,1.15925,1.15922,1200000,1200000
2022-03-10 13:31:26.996000,1.15925,1.1592,1200000,1200000
2022-03-10 13:31:27.149000,1.15926,1.1592,1200000,1200000
2022-03-10 13:31:27.301000,1.15926,1.15922,1200000,1200000
2022-03-10 13:31:27.353000,1.15928,1.15922,1200000,1200000
2022-03-10 13:31:27.455000,1.15929,1.15924,3600000,1200000
2022-03-10 13:31:27.558000,1.15928,1.15922,1200000,1800000
2022-03-10 13:31:27.711000,1.1593,1.15923,1200000,1800000
2022-03-10 13:31:27.762000,1.15928,1.15922,1200000,1800000
2022-03-10 13:31:28.548000,1.15928,1.1592,1200000,2970000
2022-03-10 13:31:28.650000,1.15924,1.1592,1200000,1200000
2022-03-10 13:31:28.854000,1.15926,1.15919,1200000,1200000
2022-03-10 13:31:29.505000,1.15923,1.1592,1200000,1200000
2022-03-10 13:31:29.760000,1.15919,1.15913,1550000,1200000
2022-03-10 13:31:29.862000,1.1592,1.15913,1670000,1800000
2022-03-10 13:31:29.964000,1.1592,1.15913,1670000,1440000
2022-03-10 13:31:30.427000,1.15919,1.15913,1200000,2620000
2022-03-10 13:31:30.630000,1.15919,1.15914,1200000,1630000
2022-03-10 13:31:30.733000,1.15921,1.15919,1200000,1200000
2022-03-10 13:31:30.835000,1.15922,1.1592,1200000,1200000
2022-03-10 13:31:31.128000,1.15921,1.15918,1200000,1200000
2022-03-10 13:31:31.535000,1.15926,1.1592,1200000,1350000
2022-03-10 13:31:31.586000,1.15927,1.15922,1200000,1630000
2022-03-10 13:31:31.688000,1.15927,1.1592,1200000,2470000
2022-03-10 13:31:31.790000,1.15924,1.1592,1200000,1200000
2022-03-10 13:31:31.893000,1.15926,1.1592,2920000,1200000
2022-03-10 13:31:32.045000,1.15927,1.1592,1320000,1350000
2022-03-10 13:31:32.147000,1.15926,1.1592,1200000,1350000
2022-03-10 13:31:32.250000,1.15925,1.1592,1200000,1200000
2022-03-10 13:31:32.454000,1.15926,1.1592,1320000,1200000
2022-03-10 13:31:33.221000,1.15925,1.1592,1320000,1200000
2022-03-10 13:31:33.273000,1.15923,1.1592,1200000,1200000
2022-03-10 13:31:33.425000,1.15924,1.1592,1200000,1200000
2022-03-10 13:31:33.528000,1.15924,1.15919,1200000,1200000
2022-03-10 13:31:33.579000,1.15925,1.1592,1200000,1200000
2022-03-10 13:31:34.784000,1.15929,1.15922,1800000,1600000
2022-03-10 13:31:34.995000,1.15926,1.15922,1200000,1200000
2022-03-10 13:31:35.098000,1.15926,1.1592,1200000,3240000
2022-03-10 13:31:35.251000,1.15926,1.1592,1200000,2170000
2022-03-10 13:31:35.674000,1.15926,1.1592,1200000,1440000
2022-03-10 13:31:35.776000,1.15924,1.15919,1570000,1200000
2022-03-10 13:31:35.879000,1.15918,1.15915,1350000,1350000
2022-03-10 13:31:35.981000,1.15918,1.15911,1200000,1200000
2022-03-10 13:31:36.083000,1.15917,1.1591,1200000,1800000
2022-03-10 13:31:37.074000,1.15915,1.15909,1200000,2080000
2022-03-10 13:31:37.176000,1.15914,1.15908,1200000,1320000
2022-03-10 13:31:37.481000,1.15912,1.15906,1200000,1320000
2022-03-10 13:31:37.584000,1.15911,1.15905,1200000,1200000
2022-03-10 13:31:37.686000,1.1591,1.15904,1720000,1630000
2022-03-10 13:31:37.788000,1.1591,1.15903,1570000,3240000
2022-03-10 13:31:37.891000,1.15908,1.15903,1200000,1630000
2022-03-10 13:31:37.993000,1.15908,1.15901,1200000,4420000
2022-03-10 13:31:38.096000,1.15908,1.15902,1200000,2170000
2022-03-10 13:31:38.248000,1.15907,1.15901,1200000,1700000
2022-03-10 13:31:38.706000,1.15906,1.15901,1200000,2080000
2022-03-10 13:31:38.808000,1.15906,1.159,1200000,2410000
2022-03-10 13:31:38.910000,1.15906,1.159,1800000,1960000
2022-03-10 13:31:38.962000,1.159,1.15896,1020000,1100000
2022-03-10 13:31:39.064000,1.15898,1.15892,1200000,1600000
2022-03-10 13:31:39.166000,1.15898,1.15892,1200000,1600000
2022-03-10 13:31:40.182000,1.15896,1.1589,1200000,1200000
2022-03-10 13:31:40.623000,1.15896,1.15889,1900000,3160000
2022-03-10 13:31:40.674000,1.15894,1.15888,1120000,1320000
2022-03-10 13:31:40.726000,1.15889,1.15882,1200000,1120000
2022-03-10 13:31:40.777000,1.15893,1.15886,1720000,2550000
2022-03-10 13:31:40.829000,1.15895,1.15888,1200000,1200000
2022-03-10 13:31:40.931000,1.15895,1.15889,1200000,1200000
2022-03-10 13:31:41.134000,1.15895,1.1589,1200000,1200000
2022-03-10 13:31:41.237000,1.15896,1.1589,1200000,1200000
2022-03-10 13:31:41.953000,1.15899,1.15891,1850000,2530000
2022-03-10 13:31:42.055000,1.15898,1.15892,1120000,1200000
2022-03-10 13:31:42.157000,1.15895,1.15892,1200000,1200000
2022-03-10 13:31:42.209000,1.15894,1.1589,1200000,1200000
2022-03-10 13:31:42.311000,1.15893,1.15888,1200000,1200000
2022-03-10 13:31:42.413000,1.15892,1.15887,1200000,1200000
2022-03-10 13:31:42.617000,1.15892,1.15886,1200000,1440000
2022-03-10 13:31:42.719000,1.15893,1.15886,1200000,3240000
2022-03-10 13:31:42.923000,1.15889,1.15885,1200000,2250000
2022-03-10 13:31:43.025000,1.15889,1.15882,1200000,2340000
2022-03-10 13:31:43.228000,1.15889,1.15883,1200000,1200000
2022-03-10 13:31:43.330000,1.15891,1.15883,1200000,1200000
2022-03-10 13:31:43.432000,1.1589,1.15883,1200000,1440000
2022-03-10 13:31:43.686000,1.15888,1.15881,1200000,3960000
2022-03-10 13:31:43.788000,1.15889,1.15883,1200000,1630000
2022-03-10 13:31:43.891000,1.15885,1.15882,1200000,1200000
2022-03-10 13:31:43.942000,1.15887,1.15879,1200000,2080000
2022-03-10 13:31:44.045000,1.15886,1.15879,1200000,3690000
2022-03-10 13:31:44.197000,1.15886,1.1588,1200000,1200000
2022-03-10 13:31:44.248000,1.15883,1.1588,1200000,1200000
2022-03-10 13:31:44.401000,1.15884,1.1588,1200000,1200000
2022-03-10 13:31:44.629000,1.15885,1.15879,1200000,4850000
2022-03-10 13:31:44.898000,1.15886,1.15881,1200000,1320000
2022-03-10 13:31:45,1.15891,1.15885,1310000,1200000
2022-03-10 13:31:45.102000,1.15891,1.15887,1200000,1600000
2022-03-10 13:31:45.255000,1.15892,1.15888,1200000,1320000
2022-03-10 13:31:45.459000,1.15893,1.15888,1200000,1890000
2022-03-10 13:31:45.853000,1.15893,1.15888,1200000,2220000
2022-03-10 13:31:45.955000,1.15893,1.15888,1200000,3430000
2022-03-10 13:31:46.108000,1.15892,1.15886,1200000,1320000
2022-03-10 13:31:46.210000,1.15891,1.15886,1200000,1200000
2022-03-10 13:31:46.651000,1.15891,1.15885,1200000,2340000
2022-03-10 13:31:47.058000,1.15891,1.15885,1200000,2170000
2022-03-10 13:31:47.160000,1.15891,1.15886,1200000,1200000
2022-03-10 13:31:47.262000,1.15892,1.15886,1200000,1200000
2022-03-10 13:31:48.043000,1.1589,1.15885,1200000,1600000
2022-03-10 13:31:48.094000,1.15889,1.15883,1200000,1990000
2022-03-10 13:31:48.196000,1.15888,1.15883,1200000,1200000
2022-03-10 13:31:48.298000,1.15888,1.15882,1200000,2340000
2022-03-10 13:31:48.814000,1.15886,1.15879,1200000,2790000
2022-03-10 13:31:48.916000,1.15886,1.15879,1200000,2550000
2022-03-10 13:31:49.018000,1.15884,1.15878,1200000,1840000
2022-03-10 13:31:49.121000,1.15884,1.15878,1200000,1890000
2022-03-10 13:31:49.223000,1.15882,1.15876,1200000,1320000
2022-03-10 13:31:50.001000,1.15882,1.15875,1200000,2790000
2022-03-10 13:31:50.480000,1.15883,1.15879,1200000,1200000
2022-03-10 13:31:50.532000,1.15885,1.1588,1200000,1200000
2022-03-10 13:31:50.583000,1.15889,1.15883,1200000,1600000
2022-03-10 13:31:50.685000,1.1589,1.15883,1200000,3910000
2022-03-10 13:31:50.787000,1.15889,1.15883,1200000,1700000
2022-03-10 13:31:51.042000,1.15889,1.15882,1600000,2340000
2022-03-10 13:31:51.145000,1.15888,1.15881,1200000,1440000
2022-03-10 13:31:51.297000,1.15888,1.15881,1200000,1720000
2022-03-10 13:31:51.877000,1.15889,1.15883,1200000,1320000
2022-03-10 13:31:52.392000,1.15885,1.15879,1200000,1890000
2022-03-10 13:31:52.498000,1.15883,1.15876,1200000,4420000
2022-03-10 13:31:52.552000,1.15886,1.15881,1100000,2850000
2022-03-10 13:31:52.604000,1.15888,1.15881,1320000,1440000
2022-03-10 13:31:53.857000,1.15887,1.1588,1200000,1890000
2022-03-10 13:31:54.225000,1.15886,1.15877,1200000,1840000
2022-03-10 13:31:54.276000,1.15884,1.15877,1200000,4420000
2022-03-10 13:31:54.530000,1.15882,1.15875,1200000,1440000
2022-03-10 13:31:55.445000,1.1588,1.15873,1440000,1800000
2022-03-10 13:31:56.525000,1.15876,1.15872,2020000,1200000
2022-03-10 13:31:56.627000,1.15875,1.15869,1350000,1200000
2022-03-10 13:31:56.730000,1.15877,1.15871,1320000,1200000
2022-03-10 13:31:57.035000,1.15876,1.1587,1200000,1200000
2022-03-10 13:31:57.787000,1.15874,1.15867,1200000,2590000
2022-03-10 13:31:58.194000,1.15871,1.15867,1320000,1200000
2022-03-10 13:31:58.245000,1.15871,1.15864,1350000,1350000
2022-03-10 13:31:58.348000,1.1587,1.15863,1200000,1890000
2022-03-10 13:31:58.602000,1.15872,1.15868,1800000,1200000
2022-03-10 13:31:58.654000,1.15877,1.1587,1660000,1890000
2022-03-10 13:31:58.756000,1.15878,1.15871,1200000,1200000
2022-03-10 13:31:59.959000,1.1588,1.15873,1200000,2560000
2022-03-10 13:32:00.061000,1.15884,1.15878,1200000,1200000
2022-03-10 13:32:00.163000,1.15885,1.15878,1320000,1200000
2022-03-10 13:32:00.978000,1.15888,1.15881,2340000,1200000
2022-03-10 13:32:01.360000,1.15889,1.15884,1350000,1200000
2022-03-10 13:32:01.411000,1.15891,1.15884,1200000,1200000
2022-03-10 13:32:01.513000,1.15891,1.15884,1200000,1800000
2022-03-10 13:32:01.994000,1.15894,1.15886,1200000,1200000
2022-03-10 13:32:02.147000,1.15894,1.15888,1200000,1630000
2022-03-10 13:32:02.350000,1.15894,1.15889,1200000,1200000
2022-03-10 13:32:02.402000,1.15896,1.15889,2920000,1910000
2022-03-10 13:32:02.657000,1.15895,1.15889,1200000,1910000
2022-03-10 13:32:02.759000,1.15894,1.15888,1200000,1200000
2022-03-10 13:32:02.861000,1.15895,1.15888,1320000,3090000
2022-03-10 13:32:03.167000,1.15895,1.15888,1200000,2170000
2022-03-10 13:32:03.269000,1.15896,1.1589,1320000,1350000
2022-03-10 13:32:03.371000,1.15898,1.15891,6100000,1200000
2022-03-10 13:32:03.862000,1.15899,1.15893,1700000,1200000
2022-03-10 13:32:03.964000,1.15899,1.15892,1320000,1200000
2022-03-10 13:32:04.168000,1.15897,1.1589,1200000,3910000
2022-03-10 13:32:04.524000,1.15899,1.15892,1440000,1200000
2022-03-10 13:32:04.881000,1.15896,1.1589,1320000,2080000
2022-03-10 13:32:05.085000,1.15899,1.15891,1890000,1200000
2022-03-10 13:32:05.187000,1.159,1.15895,1200000,1200000
2022-03-10 13:32:05.289000,1.15901,1.15895,1200000,1200000
2022-03-10 13:32:05.392000,1.15902,1.15893,1200000,2530000
2022-03-10 13:32:05.494000,1.15901,1.15895,1200000,1200000
2022-03-10 13:32:05.598000,1.15901,1.15894,1200000,2530000
2022-03-10 13:32:05.852000,1.159,1.15892,1200000,1890000
2022-03-10 13:32:06.006000,1.15901,1.15894,1190000,1200000
2022-03-10 13:32:06.159000,1.15902,1.15895,1350000,1200000
2022-03-10 13:32:06.261000,1.15902,1.15896,1350000,2530000
2022-03-10 13:32:06.414000,1.15902,1.15897,1200000,1630000
2022-03-10 13:32:06.515000,1.15902,1.15896,1200000,1200000
2022-03-10 13:32:07.249000,1.15901,1.15895,1200000,1200000
2022-03-10 13:32:07.859000,1.15901,1.15894,1350000,1200000
2022-03-10 13:32:08.281000,1.15901,1.15894,1720000,1200000
2022-03-10 13:32:08.817000,1.159,1.15894,1100000,1200000
2022-03-10 13:32:08.869000,1.15897,1.15891,1350000,3700000
2022-03-10 13:32:09.174000,1.15898,1.15891,1800000,1350000
2022-03-10 13:32:09.276000,1.15899,1.15892,1800000,1350000
2022-03-10 13:32:09.710000,1.15898,1.15891,1800000,1350000
2022-03-10 13:32:10.015000,1.159,1.15893,6440000,1350000
2022-03-10 13:32:10.067000,1.15897,1.15891,1200000,1350000
2022-03-10 13:32:11.612000,1.15893,1.15887,1720000,1980000
2022-03-10 13:32:11.715000,1.15891,1.15885,1600000,1200000
2022-03-10 13:32:11.817000,1.15891,1.15889,1100000,1200000
2022-03-10 13:32:11.869000,1.15892,1.15885,2550000,1200000
2022-03-10 13:32:12.073000,1.1589,1.15883,1350000,1200000
2022-03-10 13:32:12.175000,1.1589,1.15883,3670000,1200000
2022-03-10 13:32:12.479000,1.15889,1.15883,1200000,1200000
2022-03-10 13:32:12.737000,1.15889,1.15883,1320000,1200000
2022-03-10 13:32:12.789000,1.15887,1.1588,2100000,3430000
2022-03-10 13:32:13.959000,1.15887,1.1588,1350000,1800000
2022-03-10 13:32:14.634000,1.15888,1.15882,1350000,1200000
2022-03-10 13:32:14.939000,1.15887,1.15879,1350000,1350000
2022-03-10 13:32:15.092000,1.15886,1.1588,1700000,1200000
2022-03-10 13:32:15.617000,1.15886,1.1588,1320000,1200000
2022-03-10 13:32:17.077000,1.15884,1.15877,1200000,1350000
2022-03-10 13:32:17.586000,1.15883,1.15875,1200000,1200000
2022-03-10 13:32:17.840000,1.15886,1.1588,3240000,1200000
2022-03-10 13:32:17.943000,1.15888,1.15881,1440000,1200000
2022-03-10 13:32:18.518000,1.15886,1.15879,1390000,1440000
2022-03-10 13:32:18.722000,1.15885,1.15878,1190000,3520000
2022-03-10 13:32:19.382000,1.15886,1.1588,1590000,1200000
2022-03-10 13:32:19.484000,1.15886,1.15879,1440000,1200000
2022-03-10 13:32:19.997000,1.15887,1.1588,2550000,1200000
2022-03-10 13:32:20.100000,1.15887,1.15881,1600000,1200000
2022-03-10 13:32:20.202000,1.15885,1.15879,1200000,1200000
2022-03-10 13:32:20.304000,1.15882,1.15877,1200000,1630000
2022-03-10 13:32:20.356000,1.15882,1.15875,1200000,2110000
2022-03-10 13:32:20.965000,1.15882,1.15875,1600000,2620000
2022-03-10 13:32:21.068000,1.15882,1.15876,1350000,1200000
2022-03-10 13:32:21.373000,1.15884,1.15876,1800000,1440000
2022-03-10 13:32:21.526000,1.15883,1.15879,1800000,1020000
2022-03-10 13:32:21.629000,1.15883,1.15881,1800000,1120000
2022-03-10 13:32:21.681000,1.15889,1.15882,1600000,1570000
2022-03-10 13:32:21.783000,1.1589,1.15883,1800000,3430000
2022-03-10 13:32:21.834000,1.15892,1.15885,3690000,1200000
2022-03-10 13:32:22.038000,1.15892,1.15885,2920000,1200000
2022-03-10 13:32:23.039000,1.15891,1.15884,2250000,1800000
2022-03-10 13:32:23.217000,1.15891,1.15885,2250000,1200000
2022-03-10 13:32:23.319000,1.15891,1.15884,2250000,1800000
2022-03-10 13:32:23.832000,1.15891,1.15884,1200000,2100000
2022-03-10 13:32:23.935000,1.15894,1.15887,3670000,1350000
2022-03-10 13:32:24.037000,1.15894,1.15888,1050000,1120000
2022-03-10 13:32:24.240000,1.15895,1.15888,2420000,2740000
2022-03-10 13:32:25.172000,1.15895,1.15888,5350000,1890000
2022-03-10 13:32:25.274000,1.15894,1.15887,2100000,2170000
2022-03-10 13:32:25.376000,1.15894,1.15887,2470000,2360000
2022-03-10 13:32:25.732000,1.15894,1.15887,2550000,1720000
2022-03-10 13:32:25.986000,1.15894,1.15888,1350000,1350000
2022-03-10 13:32:27.254000,1.15894,1.15887,1350000,3240000
2022-03-10 13:32:27.581000,1.15894,1.15887,1720000,1890000
2022-03-10 13:32:27.835000,1.15893,1.15887,1100000,1890000
2022-03-10 13:32:27.937000,1.15892,1.15886,1100000,2170000
2022-03-10 13:32:28.141000,1.1589,1.15885,1350000,1200000
2022-03-10 13:32:28.243000,1.1589,1.15884,1200000,1200000
2022-03-10 13:32:30.140000,1.15889,1.15883,1100000,1440000
2022-03-10 13:32:30.242000,1.1589,1.15882,1120000,1200000
2022-03-10 13:32:31.966000,1.15889,1.15883,1100000,1200000
2022-03-10 13:32:32.069000,1.15886,1.1588,1100000,1200000
2022-03-10 13:32:32.209000,1.15881,1.15876,1100000,1720000
2022-03-10 13:32:32.262000,1.15884,1.15878,1200000,1200000
2022-03-10 13:32:32.466000,1.15883,1.15877,2250000,1440000
2022-03-10 13:32:35.406000,1.15883,1.15876,3300000,1200000
2022-03-10 13:32:36.549000,1.15882,1.15875,1720000,2340000
2022-03-10 13:32:37.311000,1.15882,1.15875,1200000,2340000
2022-03-10 13:32:37.464000,1.15877,1.15872,1200000,2470000
2022-03-10 13:32:37.515000,1.15876,1.1587,1800000,3520000
2022-03-10 13:32:37.617000,1.15874,1.15869,1200000,1200000
2022-03-10 13:32:37.720000,1.15872,1.15866,1720000,1200000
2022-03-10 13:32:37.823000,1.15872,1.15865,2170000,2020000
2022-03-10 13:32:37.925000,1.15871,1.15865,1610000,1660000
2022-03-10 13:32:38.179000,1.15872,1.15865,2470000,2170000
2022-03-10 13:32:38.281000,1.15873,1.15867,1350000,2340000
2022-03-10 13:32:38.416000,1.15874,1.15868,1720000,1440000
2022-03-10 13:32:38.569000,1.15874,1.15868,1350000,1440000
2022-03-10 13:32:39.982000,1.15876,1.1587,5370000,1200000
2022-03-10 13:32:40.033000,1.15876,1.1587,5040000,1200000
2022-03-10 13:32:40.409000,1.15876,1.15871,1800000,1800000
2022-03-10 13:32:40.562000,1.15876,1.15872,1800000,1200000
2022-03-10 13:32:40.613000,1.15879,1.15873,1800000,1200000
2022-03-10 13:32:40.766000,1.15879,1.15874,1200000,1200000
2022-03-10 13:32:41.173000,1.15879,1.15875,1200000,1890000
2022-03-10 13:32:41.276000,1.15879,1.15876,1200000,1200000
2022-03-10 13:32:41.479000,1.1588,1.15877,1200000,1440000
2022-03-10 13:32:41.531000,1.15886,1.15879,2170000,1200000
2022-03-10 13:32:41.633000,1.15886,1.15879,2340000,1200000
2022-03-10 13:32:41.902000,1.15885,1.15879,1350000,1200000
2022-03-10 13:32:42.004000,1.15885,1.15878,1350000,1440000
2022-03-10 13:32:42.374000,1.15886,1.15879,2550000,1200000
2022-03-10 13:32:42.476000,1.15885,1.15878,1890000,1200000
2022-03-10 13:32:42.680000,1.15885,1.15878,2220000,1200000
2022-03-10 13:32:42.832000,1.15885,1.15879,1220000,1200000
2022-03-10 13:32:42.935000,1.15885,1.15878,1890000,1200000
2022-03-10 13:32:43.037000,1.15884,1.15877,1440000,1350000
2022-03-10 13:32:43.291000,1.15884,1.15878,2790000,1200000
2022-03-10 13:32:43.393000,1.15884,1.15877,1200000,1200000
2022-03-10 13:32:43.495000,1.15883,1.15877,2790000,1200000
2022-03-10 13:32:43.597000,1.15884,1.15878,1440000,1200000
2022-03-10 13:32:44.773000,1.15885,1.15879,2920000,1200000
2022-03-10 13:32:44.976000,1.15886,1.15877,2920000,1200000
2022-03-10 13:32:45.628000,1.15884,1.1588,1200000,1200000
2022-03-10 13:32:45.730000,1.15885,1.15879,1700000,1200000
2022-03-10 13:32:45.934000,1.15885,1.15881,1100000,1200000
2022-03-10 13:32:46.755000,1.15885,1.15881,1200000,1200000
2022-03-10 13:32:46.908000,1.15887,1.15883,1200000,1200000
2022-03-10 13:32:46.960000,1.1589,1.15883,5100000,1840000
2022-03-10 13:32:47.062000,1.1589,1.15885,3600000,2530000
2022-03-10 13:32:48.095000,1.15891,1.15883,4050000,1200000
2022-03-10 13:32:48.197000,1.1589,1.15885,4500000,1200000
2022-03-10 13:32:48.552000,1.1589,1.15884,5920000,1630000
2022-03-10 13:32:48.654000,1.15889,1.15883,1350000,1350000
2022-03-10 13:32:48.756000,1.15889,1.15884,2250000,1200000
2022-03-10 13:32:48.909000,1.15891,1.15883,5400000,1200000
2022-03-10 13:32:49.113000,1.1589,1.15885,4050000,1200000
2022-03-10 13:32:49.215000,1.1589,1.15886,3600000,1200000
2022-03-10 13:32:50.496000,1.1589,1.15887,3600000,1200000
2022-03-10 13:32:51.654000,1.1589,1.15884,4240000,1200000
2022-03-10 13:32:51.757000,1.15887,1.15883,1100000,1200000
2022-03-10 13:32:51.808000,1.1589,1.15883,2170000,1200000
2022-03-10 13:32:51.961000,1.15889,1.15885,1440000,1200000
2022-03-10 13:32:52.063000,1.15889,1.15883,1840000,1200000
2022-03-10 13:32:52.166000,1.15888,1.15883,1730000,1200000
2022-03-10 13:32:52.268000,1.15889,1.15883,1700000,1200000
2022-03-10 13:32:52.370000,1.15889,1.15886,1100000,1200000
2022-03-10 13:32:52.422000,1.1589,1.15883,4800000,1200000
2022-03-10 13:32:52.524000,1.1589,1.15884,4050000,1200000
2022-03-10 13:32:53.759000,1.1589,1.15883,5170000,1200000
2022-03-10 13:32:53.810000,1.15889,1.15883,1100000,1200000
2022-03-10 13:32:54.145000,1.1589,1.15885,5550000,1200000
2022-03-10 13:32:54.248000,1.1589,1.15885,4050000,1200000
2022-03-10 13:32:54.654000,1.15888,1.15882,1800000,1200000
2022-03-10 13:32:55.128000,1.15888,1.15883,1700000,1200000
2022-03-10 13:32:55.230000,1.15888,1.15882,1700000,1200000
2022-03-10 13:32:55.676000,1.15883,1.1588,1100000,1800000
2022-03-10 13:32:55.727000,1.15884,1.1588,1200000,1200000
2022-03-10 13:32:55.830000,1.15884,1.15879,1320000,1200000
2022-03-10 13:32:55.983000,1.15884,1.15879,1100000,1200000
2022-03-10 13:32:56.440000,1.15884,1.15878,2170000,1200000
2022-03-10 13:32:57.869000,1.15882,1.15877,1350000,1200000
2022-03-10 13:32:59.687000,1.15883,1.15878,2250000,1200000
2022-03-10 13:32:59.789000,1.15884,1.15879,3600000,1200000
2022-03-10 13:32:59.891000,1.15883,1.15878,2250000,1800000
2022-03-10 13:33:00.148000,1.15883,1.15879,2250000,1200000
2022-03-10 13:33:00.859000,1.15887,1.15884,1100000,1200000
2022-03-10 13:33:00.910000,1.15889,1.15884,1100000,1200000
2022-03-10 13:33:01.114000,1.15888,1.15883,1800000,1350000
2022-03-10 13:33:01.216000,1.15888,1.15882,3300000,1200000
2022-03-10 13:33:01.588000,1.15887,1.15882,1200000,1200000
2022-03-10 13:33:02.056000,1.15887,1.15882,1100000,1800000
2022-03-10 13:33:02.158000,1.15886,1.15881,2170000,1200000
2022-03-10 13:33:02.260000,1.15885,1.1588,1600000,1200000
2022-03-10 13:33:02.413000,1.15886,1.15881,1100000,1200000
2022-03-10 13:33:02.515000,1.15887,1.15882,1100000,1200000
2022-03-10 13:33:03.092000,1.15888,1.15883,1100000,1200000
2022-03-10 13:33:03.194000,1.1589,1.15884,4420000,1200000
2022-03-10 13:33:03.304000,1.1589,1.15886,4050000,1200000
2022-03-10 13:33:03.682000,1.1589,1.15885,4050000,1200000
2022-03-10 13:33:03.784000,1.15889,1.15884,1600000,1800000
2022-03-10 13:33:03.886000,1.15888,1.15883,1350000,1800000
2022-03-10 13:33:03.988000,1.15888,1.15883,1600000,1200000
2022-03-10 13:33:04.862000,1.15886,1.15882,1200000,1800000
2022-03-10 13:33:04.964000,1.15886,1.15881,2170000,1200000
2022-03-10 13:33:05.270000,1.15887,1.15881,5920000,1200000
2022-03-10 13:33:06.234000,1.15887,1.15879,4590000,1200000
2022-03-10 13:33:06.337000,1.15885,1.15879,2810000,1200000
2022-03-10 13:33:06.490000,1.15885,1.15879,3690000,1200000
2022-03-10 13:33:06.643000,1.15886,1.15879,1350000,1200000
2022-03-10 13:33:07.001000,1.15886,1.15879,2970000,1350000
2022-03-10 13:33:07.103000,1.15885,1.15878,3120000,1200000
2022-03-10 13:33:07.256000,1.15885,1.15878,3700000,1200000
2022-03-10 13:33:07.358000,1.15885,1.15878,2970000,1350000
2022-03-10 13:33:07.460000,1.15886,1.1588,2920000,1200000
2022-03-10 13:33:07.562000,1.15886,1.15881,2170000,1200000
2022-03-10 13:33:07.664000,1.15888,1.15882,1450000,1350000
2022-03-10 13:33:07.716000,1.15889,1.15883,3690000,1800000
2022-03-10 13:33:07.819000,1.15889,1.15884,1020000,1350000
2022-03-10 13:33:07.921000,1.15889,1.15883,1320000,1350000
2022-03-10 13:33:08.074000,1.15888,1.15882,1850000,4290000
2022-03-10 13:33:08.177000,1.15886,1.1588,3300000,1350000
2022-03-10 13:33:08.313000,1.15888,1.15882,4160000,1350000
2022-03-10 13:33:09.859000,1.15887,1.15882,1500000,1200000
2022-03-10 13:33:09.962000,1.15887,1.15881,4420000,1800000
2022-03-10 13:33:10.115000,1.15886,1.15882,1700000,1200000
2022-03-10 13:33:10.377000,1.15886,1.15882,1200000,1200000
2022-03-10 13:33:11.592000,1.15884,1.15881,1990000,1200000
2022-03-10 13:33:11.643000,1.15883,1.15878,2250000,1350000
2022-03-10 13:33:12.656000,1.15883,1.15877,4590000,2700000
2022-03-10 13:33:13.718000,1.15883,1.15877,5780000,1200000
2022-03-10 13:33:13.828000,1.15882,1.15878,1700000,1200000
2022-03-10 13:33:13.930000,1.15882,1.15877,1700000,1800000
2022-03-10 13:33:14.494000,1.15882,1.15878,1100000,2700000
2022-03-10 13:33:14.545000,1.15883,1.15878,1350000,2700000
2022-03-10 13:33:14.698000,1.15883,1.15879,3240000,1200000
2022-03-10 13:33:15.193000,1.15883,1.15878,3690000,1200000
2022-03-10 13:33:15.295000,1.15883,1.15878,3300000,1200000
2022-03-10 13:33:16.244000,1.15883,1.15876,3720000,1350000
2022-03-10 13:33:16.787000,1.15883,1.15877,3600000,1890000
2022-03-10 13:33:16.889000,1.15883,1.15878,3600000,1200000
2022-03-10 13:33:17.600000,1.15883,1.15878,2920000,1200000
2022-03-10 13:33:17.753000,1.15883,1.15876,1020000,1200000
2022-03-10 13:33:17.805000,1.15882,1.15876,2960000,1350000
2022-03-10 13:33:17.907000,1.15882,1.15875,1320000,1200000
2022-03-10 13:33:18.009000,1.15881,1.15876,1870000,1200000
2022-03-10 13:33:18.073000,1.15882,1.15875,1210000,1200000
2022-03-10 13:33:18.129000,1.1588,1.15874,1610000,1200000
2022-03-10 13:33:18.231000,1.1588,1.15875,1350000,1200000
2022-03-10 13:33:18.486000,1.15882,1.15874,2790000,1600000
2022-03-10 13:33:18.588000,1.1588,1.15875,1200000,1200000
2022-03-10 13:33:18.690000,1.15881,1.15875,1210000,1200000
2022-03-10 13:33:19.070000,1.15881,1.15876,1800000,1350000
2022-03-10 13:33:19.172000,1.15883,1.15877,3370000,1800000
2022-03-10 13:33:19.275000,1.15884,1.15878,1350000,1200000
2022-03-10 13:33:19.630000,1.15885,1.15879,3460000,1200000
2022-03-10 13:33:19.834000,1.15886,1.15881,1700000,1200000
2022-03-10 13:33:19.936000,1.15887,1.15881,1610000,1200000
2022-03-10 13:33:20.905000,1.15888,1.15882,3190000,1350000
2022-03-10 13:33:21.007000,1.15888,1.15883,1660000,1200000
2022-03-10 13:33:21.109000,1.15888,1.15882,3190000,1350000
2022-03-10 13:33:21.945000,1.15887,1.15882,1550000,2250000
2022-03-10 13:33:22.047000,1.15887,1.15882,1050000,1800000
2022-03-10 13:33:22.512000,1.15888,1.15882,2660000,1800000
2022-03-10 13:33:22.996000,1.15888,1.1588,1990000,2470000
2022-03-10 13:33:23.047000,1.15886,1.1588,1200000,3240000
2022-03-10 13:33:23.221000,1.15887,1.15879,2170000,1200000
2022-03-10 13:33:23.373000,1.15887,1.15878,2550000,3970000
2022-03-10 13:33:23.526000,1.15885,1.15879,3670000,2250000
2022-03-10 13:33:23.679000,1.15884,1.15879,2060000,1350000
2022-03-10 13:33:24.035000,1.15882,1.15877,1320000,1800000
2022-03-10 13:33:24.187000,1.15882,1.15877,1800000,1350000
2022-03-10 13:33:25.183000,1.15883,1.15877,3790000,1350000
2022-03-10 13:33:25.765000,1.15883,1.15878,1200000,1890000
2022-03-10 13:33:25.867000,1.15884,1.15879,1100000,1200000
2022-03-10 13:33:26.121000,1.15884,1.15879,2340000,1200000
2022-03-10 13:33:26.617000,1.15884,1.15878,3240000,2250000
2022-03-10 13:33:27.064000,1.15884,1.15878,3670000,1800000
2022-03-10 13:33:27.115000,1.15883,1.15877,1670000,1800000
2022-03-10 13:33:27.217000,1.15882,1.15876,2850000,2700000
2022-03-10 13:33:27.320000,1.15881,1.15876,1420000,2250000
2022-03-10 13:33:27.371000,1.15882,1.15876,1610000,2250000
2022-03-10 13:33:27.524000,1.15882,1.15877,1350000,1200000
2022-03-10 13:33:28.109000,1.1588,1.15878,1200000,1200000
2022-03-10 13:33:28.211000,1.15881,1.15878,1120000,1200000
2022-03-10 13:33:28.456000,1.15882,1.15876,2290000,2700000
2022-03-10 13:33:28.660000,1.15882,1.15876,1350000,2470000
2022-03-10 13:33:28.775000,1.15883,1.15877,3790000,1200000
2022-03-10 13:33:29.435000,1.15883,1.15877,2060000,2100000
2022-03-10 13:33:29.537000,1.15883,1.15877,1570000,2170000
2022-03-10 13:33:30.529000,1.15884,1.15879,1200000,1320000
2022-03-10 13:33:30.885000,1.15884,1.15878,2870000,1350000
2022-03-10 13:33:31.445000,1.15882,1.15876,3790000,1800000
2022-03-10 13:33:32.417000,1.15882,1.15876,2920000,1800000
2022-03-10 13:33:32.925000,1.15882,1.15877,1990000,1200000
2022-03-10 13:33:33.027000,1.15882,1.15876,2250000,1720000
2022-03-10 13:33:33.281000,1.15882,1.15876,2470000,1600000
2022-03-10 13:33:33.485000,1.15882,1.15876,2250000,1720000
2022-03-10 13:33:34.010000,1.15883,1.15877,2920000,2700000
2022-03-10 13:33:34.062000,1.15883,1.15878,2020000,1600000
2022-03-10 13:33:34.165000,1.15878,1.15876,1050000,1200000
2022-03-10 13:33:34.217000,1.15876,1.15872,1650000,1200000
2022-03-10 13:33:34.269000,1.15874,1.15871,1050000,1200000
2022-03-10 13:33:34.371000,1.15874,1.1587,1100000,1200000
2022-03-10 13:33:34.575000,1.15876,1.1587,2920000,1200000
2022-03-10 13:33:34.677000,1.15875,1.1587,1610000,1200000
2022-03-10 13:33:34.982000,1.15877,1.15871,4350000,1350000
2022-03-10 13:33:35.237000,1.15877,1.1587,3410000,3600000
2022-03-10 13:33:35.339000,1.15875,1.15869,2790000,1200000
2022-03-10 13:33:35.441000,1.1587,1.15864,2740000,4950000
2022-03-10 13:33:35.544000,1.15867,1.15863,1650000,1800000
2022-03-10 13:33:35.798000,1.15868,1.15866,1100000,1200000
2022-03-10 13:33:35.900000,1.15871,1.15866,2250000,1200000
2022-03-10 13:33:36.155000,1.1587,1.15866,1610000,1200000
2022-03-10 13:33:36.308000,1.1587,1.15864,1720000,1200000
2022-03-10 13:33:36.512000,1.15871,1.15866,1100000,2560000
2022-03-10 13:33:36.563000,1.15872,1.15866,1350000,1570000
2022-03-10 13:33:36.665000,1.15873,1.15868,1200000,1200000
2022-03-10 13:33:36.767000,1.15875,1.15867,1800000,1350000
2022-03-10 13:33:37.509000,1.15876,1.1587,2470000,1200000
2022-03-10 13:33:37.561000,1.15877,1.15871,2250000,1200000
2022-03-10 13:33:37.663000,1.15876,1.15868,1570000,2250000
2022-03-10 13:33:37.867000,1.15873,1.15867,3560000,2470000
2022-03-10 13:33:37.969000,1.15874,1.15866,3190000,1350000
2022-03-10 13:33:38.427000,1.15872,1.15866,3220000,1200000
2022-03-10 13:33:38.529000,1.15869,1.15864,1350000,1200000
2022-03-10 13:33:38.632000,1.15868,1.15863,1350000,1800000
2022-03-10 13:33:38.734000,1.15869,1.15863,1350000,1200000
2022-03-10 13:33:38.836000,1.15869,1.15864,1100000,1200000
2022-03-10 13:33:39.006000,1.1587,1.15864,1350000,2790000
2022-03-10 13:33:39.263000,1.15869,1.15864,1200000,2700000
2022-03-10 13:33:39.423000,1.15869,1.15865,1200000,1200000
2022-03-10 13:33:39.474000,1.15872,1.15867,1100000,1200000
2022-03-10 13:33:39.576000,1.15876,1.15871,1100000,1350000
2022-03-10 13:33:39.628000,1.15877,1.15871,1200000,1350000
2022-03-10 13:33:39.780000,1.15878,1.15872,1350000,1200000
2022-03-10 13:33:40.444000,1.15881,1.15877,1720000,1200000
2022-03-10 13:33:40.495000,1.15883,1.15878,1120000,1200000
2022-03-10 13:33:40.597000,1.15883,1.15876,4140000,1720000
2022-03-10 13:33:40.801000,1.15883,1.15876,3690000,1350000
2022-03-10 13:33:41.004000,1.15883,1.15878,1350000,1200000
2022-03-10 13:33:41.157000,1.15884,1.15878,2250000,1550000
2022-03-10 13:33:41.259000,1.15885,1.15879,2250000,1120000
2022-03-10 13:33:41.361000,1.15886,1.15878,2810000,1200000
2022-03-10 13:33:42.229000,1.15884,1.15878,1120000,2790000
2022-03-10 13:33:42.331000,1.15882,1.15876,1800000,3600000
2022-03-10 13:33:42.433000,1.15883,1.15877,2790000,1350000
2022-03-10 13:33:42.535000,1.15883,1.15878,1200000,1200000
2022-03-10 13:33:42.738000,1.15885,1.15877,1800000,1200000
2022-03-10 13:33:42.840000,1.15885,1.1588,2470000,1200000
2022-03-10 13:33:42.942000,1.15886,1.15881,1800000,1200000
2022-03-10 13:33:43.044000,1.15887,1.15881,2920000,1200000
2022-03-10 13:33:43.146000,1.15885,1.1588,1200000,1200000
2022-03-10 13:33:43.753000,1.15883,1.1588,1120000,1200000
2022-03-10 13:33:43.805000,1.15881,1.15877,1800000,1200000
2022-03-10 13:33:43.907000,1.15882,1.15875,1800000,1200000
2022-03-10 13:33:44.009000,1.15882,1.15877,1720000,1200000
2022-03-10 13:33:44.336000,1.15883,1.15879,2100000,1200000
2022-03-10 13:33:44.489000,1.15884,1.15879,1800000,1200000
2022-03-10 13:33:44.591000,1.15885,1.1588,1720000,1200000
2022-03-10 13:33:45.150000,1.15885,1.15881,1720000,1200000
2022-03-10 13:33:45.253000,1.15887,1.15881,3300000,1350000
2022-03-10 13:33:45.405000,1.15887,1.15882,2100000,1200000
2022-03-10 13:33:45.457000,1.15889,1.15884,5100000,1200000
2022-03-10 13:33:45.508000,1.15889,1.15884,1570000,1350000
2022-03-10 13:33:45.610000,1.15891,1.15886,2170000,1200000
2022-03-10 13:33:45.712000,1.15891,1.15887,1570000,1200000
2022-03-10 13:33:45.923000,1.15893,1.15887,3560000,1200000
2022-03-10 13:33:45.975000,1.1589,1.15886,1550000,1200000
2022-03-10 13:33:46.077000,1.1589,1.15885,1120000,1200000
2022-03-10 13:33:46.382000,1.15889,1.15885,1550000,1200000
2022-03-10 13:33:46.535000,1.1589,1.15885,2100000,1200000
2022-03-10 13:33:47.212000,1.15888,1.15884,1610000,1200000
2022-03-10 13:33:47.314000,1.15889,1.15883,3940000,1800000
2022-03-10 13:33:47.442000,1.15889,1.15884,2740000,1200000
2022-03-10 13:33:47.544000,1.15888,1.15883,2100000,1800000
2022-03-10 13:33:47.799000,1.15886,1.15882,1570000,1200000
2022-03-10 13:33:47.901000,1.15885,1.15879,1850000,1200000
2022-03-10 13:33:48.968000,1.15883,1.15879,1100000,1200000
2022-03-10 13:33:49.070000,1.15883,1.15878,2210000,1200000
2022-03-10 13:33:49.784000,1.15883,1.15878,2470000,1200000
2022-03-10 13:33:49.937000,1.15882,1.15878,1100000,1200000
2022-03-10 13:33:50.355000,1.15884,1.15879,1600000,1200000
2022-03-10 13:33:50.559000,1.15885,1.15879,3790000,1800000
2022-03-10 13:33:50.864000,1.15885,1.15879,1800000,2250000
2022-03-10 13:33:50.915000,1.15885,1.15881,1200000,1200000
2022-03-10 13:33:51.017000,1.15886,1.15882,1350000,1200000
2022-03-10 13:33:51.069000,1.15889,1.15883,3670000,1200000
2022-03-10 13:33:51.171000,1.1589,1.15884,2470000,1200000
2022-03-10 13:33:51.475000,1.15891,1.15884,2920000,1200000
2022-03-10 13:33:52.182000,1.15888,1.15883,1720000,1200000
2022-03-10 13:33:52.284000,1.15887,1.15882,3410000,1800000
2022-03-10 13:33:52.488000,1.15888,1.15882,3150000,1200000
2022-03-10 13:33:52.904000,1.15888,1.15881,1550000,1200000
2022-03-10 13:33:53.108000,1.15888,1.15882,1350000,1200000
2022-03-10 13:33:53.261000,1.15889,1.15882,2550000,1200000
2022-03-10 13:33:53.363000,1.15888,1.15883,1570000,1200000
2022-03-10 13:33:53.516000,1.15889,1.15884,1720000,1200000
2022-03-10 13:33:54.165000,1.1589,1.15884,1800000,1200000
2022-03-10 13:33:54.332000,1.15892,1.15884,6440000,1200000
2022-03-10 13:33:55.304000,1.15892,1.15884,7000000,1200000
2022-03-10 13:33:55.457000,1.15891,1.15885,6320000,1200000
2022-03-10 13:33:55.560000,1.15889,1.15884,1550000,1200000
2022-03-10 13:33:56.073000,1.15888,1.1588,2020000,1350000
2022-03-10 13:33:56.175000,1.15887,1.15881,2360000,1200000
2022-03-10 13:33:56.328000,1.15887,1.15882,1990000,1200000
2022-03-10 13:33:56.641000,1.15885,1.1588,1670000,1200000
2022-03-10 13:33:56.744000,1.15884,1.15879,1570000,1200000
2022-03-10 13:33:56.846000,1.15884,1.15878,2170000,1200000
2022-03-10 13:33:56.948000,1.15881,1.15875,2660000,1200000
2022-03-10 13:33:57.588000,1.15882,1.15876,1100000,1200000
2022-03-10 13:33:57.640000,1.15883,1.15878,1350000,1200000
2022-03-10 13:33:58.301000,1.15883,1.15878,3190000,1200000
2022-03-10 13:33:58.454000,1.15883,1.15876,3940000,1800000
2022-03-10 13:33:59.449000,1.1588,1.15874,2470000,2470000
2022-03-10 13:33:59.551000,1.1588,1.15873,1910000,2700000
2022-03-10 13:33:59.654000,1.15879,1.15875,1200000,1800000
2022-03-10 13:33:59.806000,1.15881,1.15875,2470000,2250000
2022-03-10 13:34:00.061000,1.1588,1.15873,1670000,1200000
2022-03-10 13:34:00.163000,1.15879,1.15874,1600000,1200000
2022-03-10 13:34:00.418000,1.15877,1.15871,4440000,1350000
2022-03-10 13:34:00.520000,1.15875,1.15869,4270000,1200000
2022-03-10 13:34:00.622000,1.15875,1.15868,1720000,1200000
2022-03-10 13:34:00.775000,1.15872,1.15867,3150000,1200000
2022-03-10 13:34:00.827000,1.15871,1.15866,1600000,1200000
2022-03-10 13:34:00.980000,1.1587,1.15865,1910000,1200000
2022-03-10 13:34:01.132000,1.1587,1.15866,1570000,1200000
2022-03-10 13:34:01.571000,1.15873,1.15868,1350000,1200000
2022-03-10 13:34:01.673000,1.15875,1.15869,2870000,1200000
2022-03-10 13:34:01.776000,1.15873,1.15868,1610000,1200000
2022-03-10 13:34:01.878000,1.15871,1.15866,2420000,1200000
2022-03-10 13:34:01.980000,1.15869,1.15864,1050000,1200000
2022-03-10 13:34:02.133000,1.15871,1.15865,1910000,1200000
2022-03-10 13:34:02.236000,1.15871,1.15865,1350000,1800000
2022-03-10 13:34:02.287000,1.15872,1.15868,1100000,1550000
2022-03-10 13:34:02.339000,1.15875,1.15869,1350000,1350000
2022-03-10 13:34:02.493000,1.15875,1.15869,1200000,2170000
2022-03-10 13:34:02.544000,1.15878,1.15872,1440000,1200000
2022-03-10 13:34:03.002000,1.15879,1.15873,2700000,1350000
2022-03-10 13:34:03.104000,1.15879,1.15872,1440000,1200000
2022-03-10 13:34:03.206000,1.15878,1.15873,1050000,1200000
2022-03-10 13:34:03.613000,1.15878,1.15873,2700000,1800000
2022-03-10 13:34:03.664000,1.15878,1.15875,1200000,1800000
2022-03-10 13:34:03.715000,1.15883,1.15877,1200000,1200000
2022-03-10 13:34:03.818000,1.15884,1.15878,1200000,1350000
2022-03-10 13:34:04.284000,1.15883,1.15877,1120000,1350000
2022-03-10 13:34:04.386000,1.15881,1.15875,1200000,2470000
2022-03-10 13:34:04.489000,1.1588,1.15875,1100000,1200000
2022-03-10 13:34:04.642000,1.15879,1.15872,1350000,1800000
2022-03-10 13:34:04.744000,1.15878,1.15873,1600000,1800000
2022-03-10 13:34:04.846000,1.15879,1.15873,2920000,1800000
2022-03-10 13:34:05.518000,1.15879,1.15873,3150000,1800000
2022-03-10 13:34:05.774000,1.1588,1.15872,2470000,1200000
2022-03-10 13:34:06.029000,1.15876,1.15871,2020000,1200000
2022-03-10 13:34:06.285000,1.15877,1.15872,1850000,1200000
2022-03-10 13:34:06.387000,1.15879,1.15871,2340000,1200000
2022-03-10 13:34:06.692000,1.15877,1.15871,1800000,1800000
2022-03-10 13:34:06.845000,1.15877,1.1587,1320000,1800000
2022-03-10 13:34:06.947000,1.15878,1.15872,3720000,1200000
2022-03-10 13:34:07.049000,1.15878,1.15872,3240000,1200000
2022-03-10 13:34:07.405000,1.15878,1.15873,1200000,1200000
2022-03-10 13:34:07.558000,1.15882,1.15876,2290000,1200000
2022-03-10 13:34:07.609000,1.15883,1.15877,2790000,1200000
2022-03-10 13:34:07.915000,1.15882,1.15876,2700000,1720000
2022-03-10 13:34:07.966000,1.1588,1.15876,2250000,1100000
2022-03-10 13:34:08.017000,1.1588,1.15875,2340000,1200000
2022-03-10 13:34:08.779000,1.1588,1.15874,3300000,1200000
2022-03-10 13:34:08.881000,1.15879,1.15873,2590000,1350000
2022-03-10 13:34:09.237000,1.15878,1.15873,2000000,1200000
2022-03-10 13:34:09.339000,1.15877,1.15872,2340000,1800000
2022-03-10 13:34:09.441000,1.15876,1.15872,1350000,1200000
2022-03-10 13:34:09.493000,1.15876,1.1587,2250000,1350000
2022-03-10 13:34:09.696000,1.15877,1.15871,2470000,1200000
2022-03-10 13:34:09.900000,1.15877,1.15871,2700000,1200000
2022-03-10 13:34:10.074000,1.15877,1.15871,4420000,1200000
2022-03-10 13:34:10.581000,1.15877,1.15871,4140000,1200000
2022-03-10 13:34:10.684000,1.15877,1.15872,1350000,1200000
2022-03-10 13:34:11.266000,1.15876,1.15871,1350000,1350000
2022-03-10 13:34:11.368000,1.15876,1.1587,2170000,1200000
2022-03-10 13:34:11.470000,1.15876,1.15871,1200000,1200000
2022-03-10 13:34:12.025000,1.15878,1.15872,3820000,1350000
2022-03-10 13:34:12.127000,1.15878,1.15873,1200000,1200000
2022-03-10 13:34:13.128000,1.15878,1.15874,1100000,1200000
2022-03-10 13:34:13.230000,1.15878,1.15873,1100000,1800000
2022-03-10 13:34:13.383000,1.15878,1.15873,1120000,1200000
2022-03-10 13:34:14.248000,1.15879,1.15874,1600000,1200000
2022-03-10 13:34:14.299000,1.1588,1.15874,3150000,1800000
2022-03-10 13:34:14.401000,1.1588,1.15874,2850000,1800000
2022-03-10 13:34:14.504000,1.15882,1.15876,6810000,1200000
2022-03-10 13:34:14.606000,1.15882,1.15876,1350000,2470000
2022-03-10 13:34:14.717000,1.15885,1.15878,1200000,1800000
2022-03-10 13:34:14.819000,1.15886,1.1588,3220000,1200000
2022-03-10 13:34:15.074000,1.15887,1.15879,3240000,1200000
2022-03-10 13:34:15.525000,1.15887,1.15881,2100000,1200000
2022-03-10 13:34:15.932000,1.15887,1.15881,1800000,1120000
2022-03-10 13:34:16.100000,1.15886,1.15878,1200000,4290000
2022-03-10 13:34:16.455000,1.15885,1.15879,1600000,1600000
2022-03-10 13:34:16.557000,1.15885,1.15879,1600000,1350000
2022-03-10 13:34:16.660000,1.15886,1.1588,2700000,1200000
2022-03-10 13:34:16.762000,1.15887,1.15881,1800000,2470000
2022-03-10 13:34:16.864000,1.15888,1.15883,1100000,1800000
2022-03-10 13:34:16.915000,1.1589,1.15884,2100000,1350000
2022-03-10 13:34:17.017000,1.15889,1.15884,1350000,1200000
2022-03-10 13:34:17.068000,1.15888,1.15882,2250000,1200000
2022-03-10 13:34:17.120000,1.15886,1.15881,2250000,1100000
2022-03-10 13:34:17.171000,1.15886,1.1588,2100000,1200000
2022-03-10 13:34:17.273000,1.15886,1.1588,1800000,1200000
2022-03-10 13:34:17.629000,1.15888,1.15882,2470000,1350000
2022-03-10 13:34:17.731000,1.1589,1.15884,1720000,1200000
2022-03-10 13:34:17.833000,1.15888,1.15884,1800000,1200000
2022-03-10 13:34:17.936000,1.15888,1.1588,2700000,1350000
2022-03-10 13:34:18.038000,1.15887,1.15882,2470000,1200000
2022-03-10 13:34:18.141000,1.15887,1.15881,2850000,1200000
2022-03-10 13:34:18.243000,1.15885,1.1588,1200000,1200000
2022-03-10 13:34:18.446000,1.15886,1.1588,2250000,1890000
2022-03-10 13:34:18.599000,1.15886,1.1588,1200000,2170000
2022-03-10 13:34:18.702000,1.15885,1.1588,1200000,1350000
2022-03-10 13:34:18.956000,1.15885,1.15878,1800000,2340000
2022-03-10 13:34:19.068000,1.15885,1.15878,2170000,1350000
2022-03-10 13:34:19.373000,1.15885,1.15878,3690000,1800000
2022-03-10 13:34:19.475000,1.15885,1.15879,2250000,1200000
2022-03-10 13:34:19.881000,1.15885,1.15879,1350000,1800000
2022-03-10 13:34:19.983000,1.15885,1.1588,1350000,1600000
2022-03-10 13:34:20.348000,1.15885,1.15879,4720000,1350000
2022-03-10 13:34:20.400000,1.15884,1.15879,2360000,1200000
2022-03-10 13:34:20.502000,1.15882,1.15879,1350000,1200000
2022-03-10 13:34:20.907000,1.15882,1.15877,1350000,1800000
2022-03-10 13:34:21.161000,1.15882,1.15878,1200000,1800000
2022-03-10 13:34:21.708000,1.15884,1.15878,1350000,2790000
2022-03-10 13:34:21.810000,1.15884,1.15879,1350000,1200000
2022-03-10 13:34:22.431000,1.15884,1.15879,1050000,1800000
2022-03-10 13:34:23.012000,1.15884,1.15877,1120000,1800000
2022-03-10 13:34:24.449000,1.15882,1.15878,2020000,1800000
2022-03-10 13:34:24.552000,1.15879,1.15877,1900000,1200000
2022-03-10 13:34:24.755000,1.15878,1.15873,1610000,1200000
2022-03-10 13:34:24.857000,1.15878,1.15872,2590000,1800000
2022-03-10 13:34:24.959000,1.15877,1.15873,1050000,1200000
2022-03-10 13:34:25.652000,1.15871,1.15868,1200000,2170000
2022-03-10 13:34:25.703000,1.15873,1.15867,1800000,3690000
2022-03-10 13:34:25.754000,1.15872,1.15866,1420000,2170000
2022-03-10 13:34:25.856000,1.15871,1.15865,1800000,2790000
2022-03-10 13:34:26.534000,1.15868,1.15862,1910000,3910000
2022-03-10 13:34:26.636000,1.15867,1.15862,1050000,1720000
2022-03-10 13:34:26.738000,1.15867,1.15862,1050000,1200000
2022-03-10 13:34:26.840000,1.15864,1.1586,1350000,1200000
2022-03-10 13:34:26.942000,1.15864,1.15859,1350000,1350000
2022-03-10 13:34:27.761000,1.15863,1.15859,1300000,1200000
2022-03-10 13:34:27.812000,1.15864,1.15859,4270000,1120000
2022-03-10 13:34:27.864000,1.15862,1.15856,1550000,1720000
2022-03-10 13:34:28.067000,1.15861,1.15856,1350000,1200000
2022-03-10 13:34:28.589000,1.15862,1.15857,1350000,1200000
2022-03-10 13:34:28.692000,1.15862,1.15856,2250000,1350000
2022-03-10 13:34:29.251000,1.15859,1.15853,1120000,4060000
2022-03-10 13:34:29.353000,1.15858,1.15853,1200000,1440000
2022-03-10 13:34:29.557000,1.1586,1.15852,1200000,2340000
2022-03-10 13:34:29.853000,1.15861,1.15855,2470000,1350000
2022-03-10 13:34:29.955000,1.15863,1.15857,1350000,1200000
2022-03-10 13:34:30.108000,1.15864,1.15858,2100000,1200000
2022-03-10 13:34:30.363000,1.15862,1.15856,1200000,1890000
2022-03-10 13:34:30.634000,1.15863,1.15857,2470000,1350000
2022-03-10 13:34:30.990000,1.15864,1.15858,4540000,1350000
2022-03-10 13:34:31.194000,1.15863,1.15857,2100000,1800000
2022-03-10 13:34:31.245000,1.1586,1.15857,1600000,1200000
2022-03-10 13:34:31.347000,1.15859,1.15854,1050000,1800000
2022-03-10 13:34:31.449000,1.15859,1.15853,1990000,1800000
2022-03-10 13:34:31.703000,1.1586,1.15852,1800000,2560000
2022-03-10 13:34:31.755000,1.1586,1.15855,1600000,1200000
2022-03-10 13:34:31.857000,1.15862,1.15857,1600000,1200000
2022-03-10 13:34:31.959000,1.15862,1.15857,1200000,1200000
2022-03-10 13:34:32.369000,1.15863,1.15857,1800000,1350000
2022-03-10 13:34:32.674000,1.15865,1.15857,2100000,1200000
2022-03-10 13:34:32.725000,1.15865,1.15859,2470000,1200000
2022-03-10 13:34:33.135000,1.15865,1.15859,2920000,1800000
2022-03-10 13:34:33.288000,1.15866,1.1586,3410000,1570000
2022-03-10 13:34:33.339000,1.15868,1.15862,1200000,1350000
2022-03-10 13:34:33.441000,1.15869,1.15863,1350000,1200000
2022-03-10 13:34:33.848000,1.1587,1.15864,1720000,1200000
2022-03-10 13:34:34.001000,1.15871,1.15865,1800000,1350000
2022-03-10 13:34:34.103000,1.1587,1.15865,1200000,1350000
2022-03-10 13:34:34.357000,1.15868,1.15863,1200000,1720000
2022-03-10 13:34:34.459000,1.1587,1.15862,2700000,1350000
2022-03-10 13:34:34.663000,1.15869,1.15861,1610000,1350000
2022-03-10 13:34:34.767000,1.15868,1.15861,1100000,1200000
2022-03-10 13:34:34.869000,1.15867,1.15861,2920000,1200000
2022-03-10 13:34:35.377000,1.15867,1.15862,2250000,1200000
2022-03-10 13:34:35.597000,1.15868,1.15862,2250000,1350000
2022-03-10 13:34:35.707000,1.15868,1.15863,1350000,1200000
2022-03-10 13:34:36.012000,1.1587,1.15864,1720000,1350000
2022-03-10 13:34:36.114000,1.1587,1.15864,1350000,1200000
2022-03-10 13:34:36.216000,1.1587,1.15865,1350000,1200000
2022-03-10 13:34:36.318000,1.15872,1.15866,3600000,1120000
2022-03-10 13:34:36.420000,1.15872,1.15867,1350000,1200000
2022-03-10 13:34:36.522000,1.15872,1.15866,1350000,1200000
2022-03-10 13:34:36.573000,1.1587,1.15865,1120000,1350000
2022-03-10 13:34:36.625000,1.15869,1.15863,1350000,1350000
2022-03-10 13:34:36.727000,1.15868,1.15863,1200000,1350000
2022-03-10 13:34:36.880000,1.15869,1.15863,1350000,2340000
2022-03-10 13:34:36.982000,1.15869,1.15863,1350000,2170000
2022-03-10 13:34:37.135000,1.15869,1.15863,1350000,2340000
2022-03-10 13:34:37.542000,1.15867,1.15862,1350000,1100000
2022-03-10 13:34:37.594000,1.15867,1.15861,1640000,1800000
2022-03-10 13:34:37.747000,1.15868,1.15863,2700000,1200000
2022-03-10 13:34:38.052000,1.15869,1.15862,1350000,1600000
2022-03-10 13:34:38.154000,1.1587,1.15864,3240000,1200000
2022-03-10 13:34:38.612000,1.15871,1.15868,1200000,1200000
2022-03-10 13:34:38.714000,1.15873,1.15868,3600000,1200000
2022-03-10 13:34:39.035000,1.15875,1.15871,1800000,2560000
2022-03-10 13:34:39.087000,1.15877,1.15871,1200000,2470000
2022-03-10 13:34:39.240000,1.15874,1.15869,2920000,2920000
2022-03-10 13:34:39.291000,1.15875,1.15867,6300000,2560000
2022-03-10 13:34:39.342000,1.15871,1.15868,1120000,1200000
2022-03-10 13:34:39.394000,1.1587,1.15865,1200000,2470000
2022-03-10 13:34:39.496000,1.1587,1.15864,1800000,2340000
2022-03-10 13:34:39.649000,1.15871,1.15865,1120000,1200000
2022-03-10 13:34:39.832000,1.15871,1.15866,1200000,2170000
2022-03-10 13:34:39.934000,1.15874,1.15869,1200000,1890000
2022-03-10 13:34:40.036000,1.15874,1.15868,1200000,1350000
2022-03-10 13:34:40.139000,1.15873,1.15867,3150000,1350000
2022-03-10 13:34:40.241000,1.15873,1.15868,3150000,1200000
2022-03-10 13:34:40.620000,1.15872,1.15866,3600000,1350000
2022-03-10 13:34:40.722000,1.15872,1.15867,1800000,1200000
2022-03-10 13:34:40.824000,1.15871,1.15866,1200000,1350000
2022-03-10 13:34:40.927000,1.15871,1.15864,1350000,1200000
2022-03-10 13:34:40.978000,1.15869,1.15863,1120000,1890000
2022-03-10 13:34:41.080000,1.15869,1.15864,1120000,1200000
2022-03-10 13:34:41.182000,1.15868,1.15863,1200000,1350000
2022-03-10 13:34:41.284000,1.15869,1.15863,2920000,1350000
2022-03-10 13:34:41.386000,1.1587,1.15866,1350000,1200000
2022-03-10 13:34:41.742000,1.15872,1.15866,2250000,1120000
2022-03-10 13:34:41.844000,1.15872,1.15867,2250000,1200000
2022-03-10 13:34:43.245000,1.1587,1.15865,1200000,1890000
2022-03-10 13:34:43.348000,1.1587,1.15864,3170000,1200000
2022-03-10 13:34:43.450000,1.15868,1.15863,1200000,1200000
2022-03-10 13:34:43.552000,1.15866,1.15861,1350000,1200000
2022-03-10 13:34:43.807000,1.15867,1.15861,2250000,1200000
