time,ask,bid,ask_volume,bid_volume
2019-04-18 13:55:06.857000,1.11873,1.11871,1000000,3370000
2019-04-18 13:55:07.702000,1.11874,1.11871,1690000,3370000
2019-04-18 13:55:11.848000,1.11873,1.11871,1000000,3000000
2019-04-18 13:55:14.834000,1.11874,1.11871,4690000,2320000
2019-04-18 13:55:19.020000,1.11873,1.11871,1000000,2700000
2019-04-18 13:55:19.262000,1.11874,1.11871,7690000,2120000
2019-04-18 13:55:19.364000,1.11872,1.1187,1000000,1810000
2019-04-18 13:55:21.043000,1.11873,1.1187,2510000,1810000
2019-04-18 13:55:25.136000,1.11872,1.1187,1000000,1810000
2019-04-18 13:55:25.985000,1.11873,1.1187,2740000,1250000
2019-04-18 13:55:27.514000,1.11872,1.1187,1000000,1250000
2019-04-18 13:55:27.753000,1.11873,1.11871,2440000,1310000
2019-04-18 13:55:27.856000,1.11872,1.11871,1000000,1120000
2019-04-18 13:55:32.496000,1.11868,1.11866,1250000,1690000
2019-04-18 13:55:32.598000,1.11868,1.11866,7370000,1570000
2019-04-18 13:55:32.670000,1.11866,1.11864,1500000,2700000
2019-04-18 13:55:32.721000,1.11865,1.11863,1250000,1000000
2019-04-18 13:55:32.772000,1.11866,1.11864,2440000,2810000
2019-04-18 13:55:32.824000,1.11867,1.11865,3190000,1000000
2019-04-18 13:55:40.802000,1.11865,1.11864,1500000,1120000
2019-04-18 13:55:40.904000,1.11864,1.11863,1690000,1950000
2019-04-18 13:55:41.008000,1.11864,1.11862,2440000,1810000
2019-04-18 13:55:41.110000,1.11863,1.11861,2440000,2210000
2019-04-18 13:55:41.264000,1.11863,1.11861,3750000,1000000
2019-04-18 13:55:41.367000,1.11863,1.11861,1870000,2120000
2019-04-18 13:55:41.724000,1.11864,1.11861,1690000,3870000
2019-04-18 13:55:41.879000,1.11864,1.11862,1250000,2750000
2019-04-18 13:55:43.131000,1.11864,1.11861,2440000,3620000
2019-04-18 13:55:46.455000,1.11854,1.11852,2440000,1250000
2019-04-18 13:55:46.557000,1.11854,1.11851,2500000,2320000
2019-04-18 13:55:46.716000,1.11854,1.11851,3750000,1790000
2019-04-18 13:55:47.725000,1.11853,1.11851,1000000,2500000
2019-04-18 13:55:47.828000,1.11853,1.11851,1690000,1250000
2019-04-18 13:55:48.134000,1.11853,1.11851,1250000,1750000
2019-04-18 13:55:49.113000,1.11854,1.11851,3940000,1750000
2019-04-18 13:55:49.317000,1.11859,1.11856,1250000,1000000
2019-04-18 13:55:49.437000,1.11859,1.11857,2810000,1250000
2019-04-18 13:55:49.593000,1.11859,1.11857,1000000,2120000
2019-04-18 13:55:49.755000,1.1186,1.11857,4220000,1310000
2019-04-18 13:55:50.010000,1.1186,1.11857,1910000,2120000
2019-04-18 13:55:50.170000,1.1186,1.11857,3470000,1310000
2019-04-18 13:55:50.528000,1.1186,1.11857,1690000,3620000
2019-04-18 13:55:50.641000,1.1186,1.11858,2720000,1000000
2019-04-18 13:55:50.797000,1.1186,1.11858,2660000,1310000
2019-04-18 13:55:50.902000,1.1186,1.11858,2720000,1120000
2019-04-18 13:55:51.005000,1.1186,1.11857,4220000,2810000
2019-04-18 13:55:51.405000,1.11862,1.11861,1420000,6190000
2019-04-18 13:55:51.456000,1.11864,1.11862,1250000,2190000
2019-04-18 13:55:51.691000,1.11863,1.1186,1370000,3950000
2019-04-18 13:55:51.743000,1.11864,1.11862,1250000,1310000
2019-04-18 13:55:51.845000,1.11865,1.11863,1910000,1250000
2019-04-18 13:55:51.947000,1.11866,1.11864,1250000,1310000
2019-04-18 13:55:52.340000,1.11868,1.11867,1570000,6560000
2019-04-18 13:55:52.391000,1.11871,1.11867,3250000,10260000
2019-04-18 13:55:52.964000,1.11872,1.11869,2200000,5560000
2019-04-18 13:55:53.016000,1.11873,1.11871,1010000,1250000
2019-04-18 13:55:53.404000,1.11874,1.11871,1750000,3690000
2019-04-18 13:55:53.646000,1.11874,1.11871,2120000,1500000
2019-04-18 13:55:53.748000,1.11874,1.11871,2200000,1500000
2019-04-18 13:55:53.851000,1.11874,1.11871,6640000,1500000
2019-04-18 13:55:53.953000,1.11874,1.11871,7450000,1250000
2019-04-18 13:55:54.118000,1.11874,1.11871,6700000,1000000
2019-04-18 13:55:54.476000,1.11873,1.1187,1250000,4310000
2019-04-18 13:55:54.565000,1.11874,1.11871,7240000,2120000
2019-04-18 13:55:54.677000,1.11874,1.11871,7370000,1000000
2019-04-18 13:55:54.936000,1.11873,1.11871,1250000,1000000
2019-04-18 13:55:55.190000,1.11873,1.1187,1690000,2620000
2019-04-18 13:55:55.293000,1.11873,1.1187,1750000,3370000
2019-04-18 13:55:55.943000,1.11872,1.11869,2120000,2250000
2019-04-18 13:55:56.096000,1.11872,1.11869,3250000,1120000
2019-04-18 13:55:56.834000,1.11872,1.1187,1000000,2810000
2019-04-18 13:55:56.937000,1.11873,1.11871,2440000,1310000
2019-04-18 13:55:57.272000,1.11873,1.11871,1000000,2120000
2019-04-18 13:55:57.528000,1.11874,1.11871,6190000,3620000
2019-04-18 13:55:58.570000,1.11875,1.11874,4570000,1250000
2019-04-18 13:55:58.710000,1.11877,1.11873,8350000,4500000
2019-04-18 13:55:58.814000,1.11877,1.11873,7750000,4570000
2019-04-18 13:55:59.049000,1.11878,1.11876,4570000,3250000
2019-04-18 13:55:59.193000,1.1188,1.11878,1550000,2060000
2019-04-18 13:55:59.296000,1.1188,1.11878,2440000,1500000
2019-04-18 13:55:59.465000,1.1188,1.11877,3250000,8560000
2019-04-18 13:56:00.124000,1.1188,1.11877,7220000,3560000
2019-04-18 13:56:07.215000,1.11879,1.11876,3250000,4510000
2019-04-18 13:56:08.211000,1.11879,1.11876,3940000,3820000
2019-04-18 13:56:08.368000,1.11879,1.11876,4000000,3010000
2019-04-18 13:56:11.491000,1.11877,1.11875,1250000,2620000
2019-04-18 13:56:12.640000,1.11874,1.11873,4690000,1000000
2019-04-18 13:56:12.694000,1.11874,1.11871,5500000,4390000
2019-04-18 13:56:13.531000,1.11874,1.11872,6000000,1500000
2019-04-18 13:56:13.583000,1.11875,1.11874,3750000,5510000
2019-04-18 13:56:13.685000,1.11876,1.11875,1000000,1250000
2019-04-18 13:56:13.852000,1.11876,1.11875,1000000,1250000
2019-04-18 13:56:15.392000,1.11877,1.11874,1250000,3560000
2019-04-18 13:56:17.798000,1.11876,1.11873,1250000,4060000
2019-04-18 13:56:18.748000,1.11874,1.11872,2500000,1120000
2019-04-18 13:56:18.850000,1.11874,1.11872,4300000,1000000
2019-04-18 13:56:18.953000,1.11874,1.11872,2440000,1310000
2019-04-18 13:56:19.054000,1.11874,1.11872,2440000,1810000
2019-04-18 13:56:19.159000,1.11876,1.11874,2510000,2440000
2019-04-18 13:56:20.461000,1.11876,1.11874,1000000,1750000
2019-04-18 13:56:20.593000,1.11877,1.11874,2320000,1750000
2019-04-18 13:56:20.761000,1.11876,1.11874,1000000,1750000
2019-04-18 13:56:20.863000,1.11877,1.11874,2320000,1750000
2019-04-18 13:56:23.536000,1.11878,1.11874,3560000,3250000
2019-04-18 13:56:23.739000,1.11877,1.11874,1000000,3250000
2019-04-18 13:56:26.442000,1.11878,1.11875,5140000,1310000
2019-04-18 13:56:26.612000,1.11878,1.11875,5160000,1310000
2019-04-18 13:56:27.719000,1.11876,1.11874,1000000,2870000
2019-04-18 13:56:27.821000,1.11877,1.11874,1570000,2870000
2019-04-18 13:56:30.114000,1.11877,1.11875,1500000,1750000
2019-04-18 13:56:30.783000,1.11878,1.11875,1760000,2870000
2019-04-18 13:56:33.254000,1.11878,1.11875,4200000,1120000
2019-04-18 13:56:33.442000,1.11876,1.11875,1000000,1120000
2019-04-18 13:56:33.544000,1.11877,1.11875,2510000,1120000
2019-04-18 13:56:34.414000,1.11876,1.11873,3250000,3310000
2019-04-18 13:56:34.550000,1.11876,1.11873,2320000,2620000
2019-04-18 13:56:36.806000,1.11874,1.11873,1690000,1000000
2019-04-18 13:56:36.857000,1.11873,1.11871,1250000,9790000
2019-04-18 13:56:38.329000,1.11873,1.11871,1250000,1690000
2019-04-18 13:56:39.422000,1.11872,1.1187,1690000,2190000
2019-04-18 13:56:39.944000,1.11871,1.1187,1250000,1000000
2019-04-18 13:56:40.833000,1.11871,1.11868,1690000,3000000
2019-04-18 13:56:42.625000,1.11871,1.1187,1000000,1250000
2019-04-18 13:56:42.730000,1.11872,1.1187,3190000,2060000
2019-04-18 13:56:43.276000,1.11872,1.11871,1500000,1310000
2019-04-18 13:56:43.429000,1.11871,1.11869,1250000,1390000
2019-04-18 13:56:43.559000,1.1187,1.11869,1250000,1000000
2019-04-18 13:56:43.713000,1.1187,1.11867,1250000,6640000
2019-04-18 13:56:43.843000,1.11867,1.11866,1250000,3450000
2019-04-18 13:56:43.894000,1.11865,1.11862,4750000,3310000
2019-04-18 13:56:43.997000,1.11866,1.11864,3070000,1000000
2019-04-18 13:56:44.101000,1.11867,1.11864,1250000,3310000
2019-04-18 13:56:44.534000,1.11865,1.11863,1250000,4500000
2019-04-18 13:56:44.845000,1.11865,1.11862,1750000,3560000
2019-04-18 13:56:45.168000,1.11863,1.11861,1000000,2560000
2019-04-18 13:56:46.855000,1.11863,1.11861,2250000,1250000
2019-04-18 13:56:47.867000,1.11863,1.11861,2250000,1750000
2019-04-18 13:56:49.224000,1.11863,1.1186,2250000,3370000
2019-04-18 13:56:49.327000,1.11861,1.11859,2250000,1100000
2019-04-18 13:56:49.469000,1.11862,1.1186,1500000,3560000
2019-04-18 13:56:49.522000,1.11863,1.11861,1250000,2440000
2019-04-18 13:56:50.306000,1.11863,1.1186,2500000,2810000
2019-04-18 13:56:50.556000,1.11863,1.11861,1570000,1750000
2019-04-18 13:56:50.665000,1.11864,1.11861,3260000,1750000
2019-04-18 13:56:50.818000,1.11864,1.11861,1000000,7750000
2019-04-18 13:56:50.974000,1.11865,1.11863,1750000,1870000
2019-04-18 13:56:51.076000,1.11865,1.11862,1750000,3500000
2019-04-18 13:56:53.200000,1.11865,1.11862,1990000,1750000
2019-04-18 13:56:53.303000,1.11865,1.11862,2800000,3690000
2019-04-18 13:56:53.471000,1.11865,1.11862,2800000,3560000
2019-04-18 13:56:55.696000,1.11866,1.11864,1870000,1870000
2019-04-18 13:56:55.799000,1.11867,1.11864,2160000,1250000
2019-04-18 13:56:55.923000,1.11867,1.11864,1840000,1250000
2019-04-18 13:56:57.688000,1.11868,1.11866,5250000,2120000
2019-04-18 13:56:57.790000,1.1187,1.11868,1000000,2940000
2019-04-18 13:56:57.841000,1.11871,1.11868,2440000,2940000
2019-04-18 13:56:58.167000,1.1187,1.11867,2500000,1310000
2019-04-18 13:56:58.428000,1.1187,1.11867,2440000,1310000
2019-04-18 13:56:59.017000,1.1187,1.11867,1250000,2950000
2019-04-18 13:56:59.422000,1.1187,1.11867,1750000,2060000
2019-04-18 13:57:00.740000,1.11868,1.11866,5060000,1250000
2019-04-18 13:57:00.842000,1.11869,1.11866,1250000,5250000
2019-04-18 13:57:00.944000,1.11869,1.11867,1000000,2870000
2019-04-18 13:57:01.808000,1.1187,1.11867,2440000,3250000
2019-04-18 13:57:07.442000,1.11868,1.11867,3790000,1000000
2019-04-18 13:57:07.494000,1.11867,1.11864,1690000,4160000
2019-04-18 13:57:07.655000,1.11867,1.11866,1100000,10690000
2019-04-18 13:57:07.706000,1.11869,1.11867,1000000,2690000
2019-04-18 13:57:08.062000,1.1187,1.11867,3640000,2690000
2019-04-18 13:57:08.218000,1.11869,1.11866,1000000,2810000
2019-04-18 13:57:08.320000,1.1187,1.11867,3640000,1000000
2019-04-18 13:57:08.531000,1.1187,1.11867,2890000,2500000
2019-04-18 13:57:12.067000,1.11872,1.1187,1950000,1810000
2019-04-18 13:57:12.170000,1.11873,1.1187,2140000,1810000
2019-04-18 13:57:21.267000,1.11873,1.11871,2500000,1100000
2019-04-18 13:57:22.357000,1.11873,1.1187,3250000,3640000
2019-04-18 13:57:22.512000,1.11872,1.1187,1250000,1200000
2019-04-18 13:57:26.518000,1.11872,1.11871,1000000,1250000
2019-04-18 13:57:26.621000,1.11873,1.1187,2500000,2440000
2019-04-18 13:57:29.670000,1.11873,1.11871,3190000,1250000
2019-04-18 13:57:29.941000,1.11873,1.1187,2500000,2060000
2019-04-18 13:57:35.081000,1.11871,1.11869,2870000,1100000
2019-04-18 13:57:41.162000,1.11871,1.1187,2620000,1000000
2019-04-18 13:57:41.264000,1.11872,1.11869,7250000,1250000
2019-04-18 13:57:41.394000,1.11872,1.11869,6370000,1250000
2019-04-18 13:57:42.092000,1.11871,1.11869,1000000,1250000
2019-04-18 13:57:42.770000,1.11872,1.1187,3000000,1250000
2019-04-18 13:57:42.920000,1.11872,1.1187,1500000,1250000
2019-04-18 13:57:49.577000,1.11871,1.11869,1000000,1760000
2019-04-18 13:57:52.138000,1.11871,1.11868,4370000,1000000
2019-04-18 13:57:52.189000,1.11871,1.11868,2620000,2320000
2019-04-18 13:57:52.495000,1.1187,1.11868,1000000,2320000
2019-04-18 13:57:52.650000,1.11871,1.11868,1870000,2320000
2019-04-18 13:57:52.808000,1.1187,1.11868,1000000,2320000
2019-04-18 13:57:53.136000,1.11871,1.11868,1870000,2320000
2019-04-18 13:57:53.410000,1.1187,1.11868,1750000,1500000
2019-04-18 13:57:54.950000,1.1187,1.11867,2500000,4390000
2019-04-18 13:57:58.691000,1.11869,1.11867,1870000,2120000
2019-04-18 13:57:59.698000,1.1187,1.11867,1250000,5320000
2019-04-18 13:58:02.076000,1.1187,1.11869,2060000,1000000
2019-04-18 13:58:06.831000,1.11871,1.11868,3620000,1870000
2019-04-18 13:58:06.882000,1.11871,1.11869,2620000,1250000
2019-04-18 13:58:06.988000,1.11871,1.11868,4940000,1120000
2019-04-18 13:58:20.407000,1.11869,1.11867,2870000,1000000
2019-04-18 13:58:20.509000,1.11869,1.11867,1310000,1250000
2019-04-18 13:58:26.008000,1.11869,1.11868,1250000,1000000
2019-04-18 13:58:27.535000,1.11869,1.11867,1250000,1690000
2019-04-18 13:58:30.314000,1.11869,1.11868,1000000,6190000
2019-04-18 13:58:30.416000,1.11871,1.11869,1500000,2370000
2019-04-18 13:58:30.519000,1.11871,1.11869,1370000,1000000
2019-04-18 13:58:30.649000,1.1187,1.11868,1250000,1870000
2019-04-18 13:58:39.642000,1.1187,1.11868,1000000,1250000
2019-04-18 13:58:39.745000,1.11872,1.1187,3940000,2310000
2019-04-18 13:58:39.848000,1.11872,1.11869,1000000,3010000
2019-04-18 13:58:39.964000,1.11872,1.11869,3000000,2510000
2019-04-18 13:58:40.067000,1.11871,1.11869,1500000,1250000
2019-04-18 13:58:40.307000,1.1187,1.11868,1250000,1870000
2019-04-18 13:58:40.464000,1.1187,1.11868,2500000,1000000
2019-04-18 13:58:45.810000,1.1187,1.11867,4310000,2500000
2019-04-18 13:58:45.913000,1.11869,1.11867,1000000,2200000
2019-04-18 13:58:46.240000,1.1187,1.11867,5060000,3700000
2019-04-18 13:58:59.010000,1.1187,1.11867,4370000,1250000
2019-04-18 13:58:59.606000,1.11869,1.11866,3560000,4070000
2019-04-18 13:58:59.709000,1.11869,1.11867,1500000,2120000
2019-04-18 13:58:59.811000,1.1187,1.11867,4500000,3620000
2019-04-18 13:59:00.027000,1.1187,1.11867,7000000,1310000
2019-04-18 13:59:00.283000,1.1187,1.11867,6190000,2120000
2019-04-18 13:59:00.979000,1.1187,1.11866,4370000,8700000
2019-04-18 13:59:01.351000,1.1187,1.11867,2810000,1750000
2019-04-18 13:59:01.798000,1.1187,1.11866,2810000,7140000
2019-04-18 13:59:01.926000,1.1187,1.11867,2810000,1750000
2019-04-18 13:59:03.208000,1.1187,1.11866,6620000,7200000
2019-04-18 13:59:03.309000,1.1187,1.11867,5810000,1370000
2019-04-18 13:59:03.500000,1.11869,1.11867,1500000,1370000
2019-04-18 13:59:03.704000,1.11869,1.11866,1690000,6450000
2019-04-18 13:59:05.502000,1.11869,1.11867,1500000,1370000
2019-04-18 13:59:09.054000,1.1187,1.11867,6560000,1370000
2019-04-18 13:59:09.155000,1.11869,1.11867,1500000,1370000
2019-04-18 13:59:09.257000,1.1187,1.11867,6560000,1370000
2019-04-18 13:59:09.849000,1.11869,1.11867,1500000,1370000
2019-04-18 13:59:10.629000,1.11869,1.11866,2440000,6450000
2019-04-18 13:59:10.783000,1.11869,1.11867,2250000,1750000
2019-04-18 13:59:12.084000,1.11869,1.11866,2440000,6450000
2019-04-18 13:59:12.990000,1.11867,1.11866,1000000,1760000
2019-04-18 13:59:13.261000,1.11868,1.11866,3940000,1310000
2019-04-18 13:59:13.620000,1.11869,1.11866,3560000,1370000
2019-04-18 13:59:15.590000,1.11869,1.11867,2250000,2120000
2019-04-18 13:59:16.051000,1.1187,1.11867,3940000,2870000
2019-04-18 13:59:17.413000,1.11869,1.11866,1310000,2120000
2019-04-18 13:59:17.516000,1.11868,1.11865,4370000,2440000
2019-04-18 13:59:17.731000,1.11866,1.11863,1000000,3070000
2019-04-18 13:59:17.833000,1.11867,1.11863,2060000,3820000
2019-04-18 13:59:17.936000,1.11867,1.11863,2560000,3450000
2019-04-18 13:59:24.455000,1.11867,1.11865,2060000,1000000
2019-04-18 13:59:24.559000,1.11867,1.11865,2190000,1000000
2019-04-18 13:59:24.791000,1.11867,1.11865,2060000,1000000
2019-04-18 13:59:25.055000,1.11867,1.11865,2190000,1000000
2019-04-18 13:59:25.319000,1.11867,1.11865,1690000,1000000
2019-04-18 13:59:25.903000,1.11867,1.11864,1690000,1250000
2019-04-18 13:59:26.939000,1.11867,1.11865,1690000,1000000
2019-04-18 13:59:29.360000,1.11867,1.11865,2190000,1000000
2019-04-18 13:59:29.584000,1.11867,1.11864,2190000,1250000
2019-04-18 13:59:30.095000,1.11866,1.11863,1370000,1100000
2019-04-18 13:59:30.249000,1.11866,1.11862,1750000,5890000
2019-04-18 13:59:34.224000,1.11867,1.11866,3070000,1250000
2019-04-18 13:59:34.430000,1.11868,1.11866,6560000,1250000
2019-04-18 13:59:35.600000,1.11868,1.11867,5810000,1000000
2019-04-18 13:59:35.903000,1.11869,1.11868,5810000,1000000
2019-04-18 13:59:37.072000,1.11871,1.11869,1500000,1000000
2019-04-18 13:59:37.204000,1.11871,1.11869,1370000,1000000
2019-04-18 13:59:38.331000,1.11872,1.11869,5810000,1250000
2019-04-18 13:59:38.451000,1.11874,1.11871,9100000,1250000
2019-04-18 13:59:39.105000,1.11874,1.11872,6370000,1000000
2019-04-18 13:59:47.598000,1.11874,1.11871,9370000,1000000
2019-04-18 13:59:47.802000,1.11873,1.1187,1310000,1250000
2019-04-18 13:59:48.016000,1.11874,1.11871,9450000,1000000
2019-04-18 13:59:48.323000,1.11873,1.1187,1310000,1250000
2019-04-18 13:59:51.723000,1.11873,1.11871,1310000,1690000
2019-04-18 13:59:56.859000,1.11873,1.11871,1250000,1690000
2019-04-18 13:59:57.666000,1.11874,1.11871,7310000,1250000
2019-04-18 13:59:58.053000,1.11874,1.11871,7370000,1690000
2019-04-18 14:00:00.016000,1.11874,1.11871,5620000,1000000
2019-04-18 14:00:00.137000,1.11874,1.11871,5870000,1690000
2019-04-18 14:00:00.830000,1.11874,1.1187,2870000,1000000
2019-04-18 14:00:01.917000,1.11873,1.11869,1870000,1250000
2019-04-18 14:00:02.070000,1.11869,1.11867,1250000,1000000
2019-04-18 14:00:02.174000,1.11868,1.11866,5130000,1500000
2019-04-18 14:00:02.641000,1.11868,1.11865,2440000,1750000
2019-04-18 14:00:03.082000,1.11868,1.11865,2870000,1690000
2019-04-18 14:00:03.468000,1.11868,1.11864,4750000,2140000
2019-04-18 14:00:06.744000,1.11867,1.11863,1310000,1120000
2019-04-18 14:00:11.290000,1.11867,1.11863,2810000,3320000
2019-04-18 14:00:12.410000,1.11866,1.11863,1000000,4070000
2019-04-18 14:00:12.887000,1.11866,1.11863,1690000,3260000
2019-04-18 14:00:13.358000,1.11866,1.11864,1250000,1200000
2019-04-18 14:00:13.776000,1.11866,1.11863,1690000,1760000
2019-04-18 14:00:16.542000,1.11865,1.11863,1250000,1200000
2019-04-18 14:00:16.644000,1.11866,1.11862,7500000,5140000
2019-04-18 14:00:18.622000,1.11866,1.11862,1120000,3010000
2019-04-18 14:00:21.995000,1.11866,1.11862,1870000,2060000
2019-04-18 14:00:22.465000,1.11866,1.11863,1870000,1000000
2019-04-18 14:00:23.269000,1.11866,1.11863,1120000,4350000
2019-04-18 14:00:24.268000,1.11867,1.11863,4690000,4450000
2019-04-18 14:00:24.809000,1.11866,1.11863,1250000,4390000
2019-04-18 14:00:25.244000,1.11867,1.11863,2810000,5200000
2019-04-18 14:00:28.778000,1.11866,1.11863,1000000,5220000
2019-04-18 14:00:28.896000,1.11866,1.11863,1690000,4390000
2019-04-18 14:00:29.328000,1.11867,1.11863,3940000,4470000
2019-04-18 14:00:30.070000,1.11866,1.11863,1000000,2720000
2019-04-18 14:00:30.246000,1.11865,1.11863,2870000,1120000
2019-04-18 14:00:32.547000,1.11865,1.11862,2870000,5510000
2019-04-18 14:00:38.272000,1.11866,1.11862,6620000,5910000
2019-04-18 14:00:38.374000,1.11866,1.11863,6620000,1390000
2019-04-18 14:00:39.722000,1.11866,1.11863,2620000,2570000
2019-04-18 14:00:40.417000,1.11866,1.11863,2060000,1390000
2019-04-18 14:00:41.194000,1.11866,1.11863,1120000,2950000
2019-04-18 14:00:43.941000,1.11866,1.11863,2810000,2140000
2019-04-18 14:00:46.821000,1.11865,1.11862,1000000,4500000
2019-04-18 14:00:47.349000,1.11863,1.11861,2250000,4120000
2019-04-18 14:00:47.452000,1.1186,1.11858,1870000,1000000
2019-04-18 14:00:47.562000,1.1186,1.11857,1870000,1250000
2019-04-18 14:00:47.664000,1.11861,1.11858,3620000,1250000
2019-04-18 14:00:47.766000,1.1186,1.11857,3690000,3250000
2019-04-18 14:00:47.868000,1.1186,1.11857,4310000,3250000
2019-04-18 14:00:48.016000,1.1186,1.11857,5120000,1690000
2019-04-18 14:00:48.494000,1.1186,1.11858,2060000,1250000
2019-04-18 14:00:48.801000,1.1186,1.11858,1000000,3250000
2019-04-18 14:00:49.059000,1.11861,1.11858,2440000,3250000
2019-04-18 14:00:49.623000,1.11862,1.11861,1100000,9560000
2019-04-18 14:00:49.697000,1.11864,1.11862,1120000,1690000
2019-04-18 14:00:49.806000,1.11865,1.11862,1120000,4250000
2019-04-18 14:00:49.910000,1.11865,1.11862,1370000,3310000
2019-04-18 14:00:50.197000,1.11865,1.11863,1250000,2060000
2019-04-18 14:00:50.996000,1.11866,1.11863,1870000,2870000
2019-04-18 14:00:53.749000,1.11867,1.11865,3640000,1000000
2019-04-18 14:00:59.135000,1.11867,1.11865,2500000,1000000
2019-04-18 14:00:59.237000,1.11867,1.11865,2810000,1000000
2019-04-18 14:01:03.210000,1.11875,1.11873,18260000,1000000
2019-04-18 14:01:03.314000,1.11874,1.11872,12370000,2000000
2019-04-18 14:01:10.983000,1.11875,1.11874,5330000,13690000
2019-04-18 14:01:11.035000,1.11879,1.11876,1950000,1810000
2019-04-18 14:01:11.137000,1.11879,1.11877,1000000,2370000
2019-04-18 14:01:12.379000,1.11879,1.11876,1690000,1620000
2019-04-18 14:01:21.086000,1.1188,1.11879,4870000,1690000
2019-04-18 14:01:21.189000,1.11883,1.11882,1000000,5810000
2019-04-18 14:01:21.293000,1.11885,1.11884,1250000,1000000
2019-04-18 14:01:22.295000,1.11886,1.11884,2440000,1000000
2019-04-18 14:01:23.549000,1.11885,1.11884,3370000,1000000
2019-04-18 14:01:23.714000,1.11881,1.11879,1750000,1000000
2019-04-18 14:01:23.817000,1.1188,1.11878,5500000,1200000
2019-04-18 14:01:26.193000,1.1188,1.11878,1690000,1000000
2019-04-18 14:01:30.006000,1.11879,1.11877,1000000,1500000
2019-04-18 14:01:30.107000,1.1188,1.11877,6940000,1500000
2019-04-18 14:01:30.219000,1.11879,1.11877,1000000,1000000
2019-04-18 14:01:30.476000,1.1188,1.11877,6940000,1000000
2019-04-18 14:01:32.558000,1.11879,1.11877,3000000,1000000
2019-04-18 14:01:32.610000,1.11875,1.11874,2440000,1000000
2019-04-18 14:01:32.712000,1.11874,1.11872,2440000,1330000
2019-04-18 14:01:32.815000,1.11874,1.11871,7750000,2640000
2019-04-18 14:01:33.763000,1.11873,1.11871,2500000,1000000
2019-04-18 14:01:34.976000,1.1187,1.11868,1250000,2510000
2019-04-18 14:01:35.190000,1.11868,1.11866,5690000,1390000
2019-04-18 14:01:35.292000,1.11867,1.11865,1690000,1250000
2019-04-18 14:01:35.394000,1.11868,1.11865,3490000,2250000
2019-04-18 14:01:35.496000,1.11868,1.11866,2550000,1370000
2019-04-18 14:01:35.548000,1.11868,1.11864,2800000,5770000
2019-04-18 14:01:35.682000,1.11867,1.11864,1250000,2940000
2019-04-18 14:01:36.034000,1.11867,1.11863,2500000,1990000
2019-04-18 14:01:36.136000,1.11865,1.11863,1250000,1120000
2019-04-18 14:01:36.241000,1.11865,1.11862,1250000,2640000
2019-04-18 14:01:40.778000,1.11865,1.11863,1000000,1690000
2019-04-18 14:01:40.882000,1.11866,1.11863,2140000,2190000
2019-04-18 14:01:41.251000,1.11867,1.11863,2440000,3750000
2019-04-18 14:01:42.524000,1.11867,1.11865,1100000,1690000
2019-04-18 14:01:42.627000,1.11868,1.11866,4760000,1000000
2019-04-18 14:01:42.747000,1.11868,1.11865,2570000,1500000
2019-04-18 14:01:43.865000,1.11867,1.11864,1690000,1750000
2019-04-18 14:01:45.045000,1.11866,1.11864,1000000,1750000
2019-04-18 14:01:46.240000,1.11867,1.11864,1690000,1750000
2019-04-18 14:01:47.262000,1.11866,1.11864,1250000,1120000
2019-04-18 14:01:47.314000,1.11865,1.11862,1000000,4820000
2019-04-18 14:01:47.367000,1.11861,1.11858,2500000,1100000
2019-04-18 14:01:47.419000,1.11861,1.11858,1690000,1760000
2019-04-18 14:01:47.544000,1.1186,1.11857,3320000,1810000
2019-04-18 14:01:49.199000,1.1186,1.11859,1500000,1120000
2019-04-18 14:01:49.302000,1.11861,1.11858,1690000,1310000
2019-04-18 14:01:50.994000,1.11862,1.11858,3640000,2250000
2019-04-18 14:01:51.096000,1.11863,1.11861,1350000,2940000
2019-04-18 14:01:51.199000,1.11862,1.11861,1250000,1120000
2019-04-18 14:01:51.302000,1.11862,1.11859,3620000,1120000
2019-04-18 14:01:51.537000,1.11862,1.11859,1690000,2810000
2019-04-18 14:01:51.724000,1.11862,1.11859,2120000,1120000
2019-04-18 14:01:52.063000,1.11863,1.11861,1200000,2120000
2019-04-18 14:01:52.165000,1.11865,1.11861,4790000,3370000
2019-04-18 14:01:52.268000,1.11865,1.11863,3570000,1000000
2019-04-18 14:01:52.502000,1.11866,1.11863,1690000,2190000
2019-04-18 14:01:52.604000,1.11866,1.11864,1250000,1000000
2019-04-18 14:01:53.731000,1.11866,1.11863,2500000,1870000
2019-04-18 14:01:54.030000,1.11865,1.11863,1000000,1810000
2019-04-18 14:01:54.134000,1.11865,1.11863,1750000,1000000
2019-04-18 14:01:54.238000,1.11865,1.11862,2570000,2940000
2019-04-18 14:01:54.342000,1.11862,1.1186,1500000,2250000
2019-04-18 14:01:54.479000,1.11862,1.11859,3750000,1000000
2019-04-18 14:01:54.531000,1.11861,1.11858,2870000,4120000
2019-04-18 14:01:54.582000,1.11862,1.11858,6650000,5560000
2019-04-18 14:01:55.172000,1.1186,1.11857,1120000,4500000
2019-04-18 14:01:55.477000,1.11859,1.11857,1250000,2190000
2019-04-18 14:01:55.584000,1.11859,1.11857,1010000,1310000
2019-04-18 14:01:59.301000,1.1186,1.11857,1100000,2120000
2019-04-18 14:01:59.582000,1.11861,1.11859,1000000,1250000
2019-04-18 14:02:00.151000,1.11862,1.11859,1000000,1810000
2019-04-18 14:02:00.255000,1.11863,1.11861,1570000,2620000
2019-04-18 14:02:00.357000,1.11865,1.11862,2510000,1310000
2019-04-18 14:02:01.280000,1.11865,1.11862,1100000,2120000
2019-04-18 14:02:01.764000,1.11865,1.11863,1100000,1250000
2019-04-18 14:02:02.484000,1.11866,1.11863,1390000,1250000
2019-04-18 14:02:03.317000,1.11867,1.11864,8100000,2120000
2019-04-18 14:02:03.420000,1.11867,1.11864,1000000,2620000
2019-04-18 14:02:05.887000,1.11868,1.11866,6260000,1250000
2019-04-18 14:02:09.396000,1.11867,1.11865,1000000,1870000
2019-04-18 14:02:09.834000,1.11868,1.11865,3820000,1250000
2019-04-18 14:02:09.939000,1.11869,1.11867,1690000,2060000
2019-04-18 14:02:10.458000,1.11868,1.11866,1000000,5250000
2019-04-18 14:02:10.561000,1.11867,1.11866,1250000,1120000
2019-04-18 14:02:10.663000,1.11868,1.11865,1250000,4870000
2019-04-18 14:02:11.725000,1.11866,1.11865,1000000,2250000
2019-04-18 14:02:11.852000,1.11867,1.11864,1000000,1120000
2019-04-18 14:02:12.259000,1.11866,1.11864,1000000,1120000
2019-04-18 14:02:12.425000,1.11865,1.11864,1000000,1250000
2019-04-18 14:02:12.680000,1.11865,1.11863,1000000,2810000
2019-04-18 14:02:12.845000,1.11865,1.11862,1250000,1690000
2019-04-18 14:02:13.276000,1.11864,1.11862,1000000,1690000
2019-04-18 14:02:13.383000,1.11865,1.11862,1250000,2440000
2019-04-18 14:02:13.592000,1.11861,1.1186,1250000,3070000
2019-04-18 14:02:13.645000,1.11858,1.11857,1500000,1310000
2019-04-18 14:02:14.337000,1.11859,1.11856,3940000,2120000
2019-04-18 14:02:15.271000,1.11858,1.11855,1000000,4500000
2019-04-18 14:02:15.731000,1.11859,1.11856,2810000,2870000
2019-04-18 14:02:15.948000,1.11861,1.11859,1500000,2120000
2019-04-18 14:02:16.051000,1.11862,1.11859,7130000,2870000
2019-04-18 14:02:16.154000,1.11861,1.11859,1500000,2870000
2019-04-18 14:02:16.257000,1.1186,1.11858,1000000,1750000
2019-04-18 14:02:16.450000,1.1186,1.11857,1000000,3000000
2019-04-18 14:02:18.009000,1.11858,1.11857,1000000,1250000
2019-04-18 14:02:18.163000,1.11859,1.11856,2440000,2120000
2019-04-18 14:02:18.480000,1.11858,1.11856,1000000,1750000
2019-04-18 14:02:18.591000,1.11859,1.11856,2440000,2500000
2019-04-18 14:02:19.217000,1.11856,1.11854,7250000,2320000
2019-04-18 14:02:19.396000,1.11854,1.11852,1250000,3310000
2019-04-18 14:02:19.549000,1.11854,1.11852,1250000,1310000
2019-04-18 14:02:19.652000,1.11853,1.11851,1000000,3000000
2019-04-18 14:02:19.902000,1.11854,1.11851,1390000,3750000
2019-04-18 14:02:22.663000,1.11853,1.11851,1000000,1750000
2019-04-18 14:02:22.766000,1.1185,1.11849,1250000,2320000
2019-04-18 14:02:22.868000,1.1185,1.11847,3810000,5560000
2019-04-18 14:02:22.977000,1.1185,1.11847,2120000,4690000
2019-04-18 14:02:23.079000,1.11851,1.11848,3220000,2620000
2019-04-18 14:02:23.181000,1.11851,1.11848,2320000,3370000
2019-04-18 14:02:23.406000,1.11851,1.11848,2350000,2620000
2019-04-18 14:02:23.769000,1.11851,1.11848,1570000,3370000
2019-04-18 14:02:24.123000,1.11852,1.11848,2140000,3750000
2019-04-18 14:02:24.328000,1.11853,1.11851,2660000,1250000
2019-04-18 14:02:24.484000,1.11854,1.11851,1690000,4750000
2019-04-18 14:02:24.886000,1.11855,1.11851,4010000,4690000
2019-04-18 14:02:24.989000,1.11855,1.11851,2510000,5620000
2019-04-18 14:02:25.111000,1.11855,1.11851,2950000,5500000
2019-04-18 14:02:25.633000,1.11855,1.11851,3260000,4060000
2019-04-18 14:02:25.736000,1.11855,1.11851,2890000,3190000
2019-04-18 14:02:25.838000,1.11855,1.11851,1820000,3250000
2019-04-18 14:02:26.212000,1.11855,1.11851,1390000,4000000
2019-04-18 14:02:26.466000,1.11855,1.11852,1310000,2500000
2019-04-18 14:02:26.684000,1.11855,1.11852,2870000,1250000
2019-04-18 14:02:26.787000,1.11855,1.11851,2810000,4010000
2019-04-18 14:02:26.890000,1.11855,1.11851,3620000,4820000
2019-04-18 14:02:27.680000,1.11855,1.11852,1250000,4440000
2019-04-18 14:02:28.013000,1.11857,1.11855,4600000,1500000
2019-04-18 14:02:28.115000,1.11858,1.11856,1000000,1250000
2019-04-18 14:02:28.637000,1.11858,1.11856,1250000,1250000
2019-04-18 14:02:29.237000,1.11858,1.11856,1120000,1250000
2019-04-18 14:02:29.347000,1.11858,1.11856,1250000,1250000
2019-04-18 14:02:29.603000,1.11856,1.11854,1690000,4440000
2019-04-18 14:02:29.706000,1.11856,1.11853,8950000,2250000
2019-04-18 14:02:29.816000,1.11855,1.11852,1750000,5440000
2019-04-18 14:02:29.919000,1.11855,1.11852,1000000,2440000
2019-04-18 14:02:30.282000,1.11855,1.11852,1750000,2440000
2019-04-18 14:02:31.543000,1.11855,1.11852,1760000,1500000
2019-04-18 14:02:31.697000,1.11855,1.11853,1250000,1690000
2019-04-18 14:02:31.853000,1.11855,1.11852,3320000,4060000
2019-04-18 14:02:32.130000,1.11855,1.11852,3270000,1250000
2019-04-18 14:02:39.836000,1.11855,1.11852,2890000,1500000
2019-04-18 14:02:39.939000,1.11855,1.11852,2870000,1690000
2019-04-18 14:02:41.291000,1.11855,1.11852,2060000,1500000
2019-04-18 14:02:41.393000,1.11855,1.11852,2200000,2440000
2019-04-18 14:02:41.546000,1.11855,1.11852,2060000,1500000
2019-04-18 14:02:41.710000,1.11855,1.11852,2120000,2810000
2019-04-18 14:02:41.864000,1.11855,1.11852,2510000,1870000
2019-04-18 14:02:43.634000,1.11855,1.11852,2950000,2440000
2019-04-18 14:02:44.163000,1.11855,1.11852,2060000,1870000
2019-04-18 14:02:44.265000,1.11855,1.11852,2200000,2440000
2019-04-18 14:02:44.367000,1.11855,1.11852,2510000,1870000
2019-04-18 14:02:44.496000,1.11855,1.11852,2200000,2440000
2019-04-18 14:02:48.207000,1.11855,1.11852,2510000,1870000
2019-04-18 14:02:48.360000,1.11855,1.11852,3320000,2440000
2019-04-18 14:02:50.553000,1.11855,1.11852,2440000,1870000
2019-04-18 14:02:50.702000,1.11855,1.11852,2500000,3190000
2019-04-18 14:02:53.857000,1.11855,1.11852,1690000,1500000
2019-04-18 14:02:53.959000,1.11855,1.11852,2500000,1310000
2019-04-18 14:03:01.351000,1.11855,1.11852,1250000,3000000
2019-04-18 14:03:01.465000,1.11855,1.11852,1250000,3940000
2019-04-18 14:03:01.619000,1.11855,1.11852,1250000,4000000
2019-04-18 14:03:01.822000,1.11855,1.11852,1250000,3940000
2019-04-18 14:03:01.944000,1.11855,1.11852,1250000,4000000
2019-04-18 14:03:02.047000,1.11855,1.11852,1010000,1500000
2019-04-18 14:03:02.575000,1.11855,1.11852,1250000,2500000
2019-04-18 14:03:03.345000,1.11855,1.11852,2570000,3190000
2019-04-18 14:03:03.510000,1.11855,1.11852,2060000,2870000
2019-04-18 14:03:03.612000,1.11855,1.11852,2200000,3190000
2019-04-18 14:03:03.868000,1.11855,1.11852,2140000,2870000
2019-04-18 14:03:04.958000,1.11855,1.11852,1350000,2810000
2019-04-18 14:03:05.372000,1.11855,1.11852,1390000,3620000
2019-04-18 14:03:05.474000,1.11855,1.11852,1250000,3560000
2019-04-18 14:03:05.587000,1.11855,1.11852,1010000,4000000
2019-04-18 14:03:06.524000,1.11855,1.11852,1310000,1870000
2019-04-18 14:03:11.002000,1.11855,1.11853,1500000,1750000
2019-04-18 14:03:11.105000,1.11856,1.11853,9940000,2250000
2019-04-18 14:03:11.207000,1.11856,1.11853,10000000,2190000
2019-04-18 14:03:11.724000,1.11855,1.11853,2440000,1690000
2019-04-18 14:03:15.126000,1.11852,1.11851,1250000,1000000
2019-04-18 14:03:15.262000,1.11853,1.11851,1010000,2440000
2019-04-18 14:03:15.519000,1.11854,1.11851,2060000,3250000
2019-04-18 14:03:15.624000,1.11853,1.11851,1000000,1250000
2019-04-18 14:03:15.773000,1.11852,1.1185,1000000,1750000
2019-04-18 14:03:16.131000,1.1185,1.11848,2870000,3750000
2019-04-18 14:03:16.296000,1.1185,1.11847,5050000,1250000
2019-04-18 14:03:16.399000,1.1185,1.11848,1200000,7370000
2019-04-18 14:03:16.502000,1.11851,1.11848,1600000,15250000
2019-04-18 14:03:16.715000,1.11852,1.11849,2060000,2620000
2019-04-18 14:03:16.817000,1.11853,1.11849,4610000,15370000
2019-04-18 14:03:18.271000,1.11853,1.11849,1760000,5620000
2019-04-18 14:03:18.549000,1.11855,1.11853,1000000,2250000
2019-04-18 14:03:18.600000,1.11856,1.11853,4870000,2250000
2019-04-18 14:03:18.652000,1.11857,1.11855,3450000,2120000
2019-04-18 14:03:18.754000,1.11858,1.11855,1250000,4500000
2019-04-18 14:03:18.923000,1.11859,1.11855,2890000,5250000
2019-04-18 14:03:19.027000,1.11859,1.11858,1000000,1250000
2019-04-18 14:03:19.130000,1.11861,1.11858,1890000,3190000
2019-04-18 14:03:19.255000,1.11861,1.11858,1500000,4190000
2019-04-18 14:03:19.408000,1.11861,1.11859,1000000,2750000
2019-04-18 14:03:19.511000,1.11862,1.11859,3750000,1870000
2019-04-18 14:03:19.659000,1.11863,1.11861,4010000,2560000
2019-04-18 14:03:19.765000,1.11864,1.11862,1250000,3690000
2019-04-18 14:03:19.868000,1.11865,1.11864,1250000,1000000
2019-04-18 14:03:20.042000,1.11866,1.11864,1750000,5250000
2019-04-18 14:03:20.402000,1.11867,1.11865,1010000,1310000
2019-04-18 14:03:22.675000,1.11867,1.11864,1750000,2190000
2019-04-18 14:03:25.799000,1.11865,1.11862,1750000,10200000
2019-04-18 14:03:26.158000,1.11865,1.11863,2060000,1310000
2019-04-18 14:03:26.271000,1.11866,1.11863,1100000,3250000
2019-04-18 14:03:27.138000,1.11866,1.11864,1500000,1250000
2019-04-18 14:03:27.711000,1.11867,1.11864,1950000,1250000
2019-04-18 14:03:31.439000,1.11867,1.11864,1720000,1750000
2019-04-18 14:03:31.791000,1.11866,1.11863,2320000,4000000
2019-04-18 14:03:31.844000,1.11866,1.11863,2570000,1870000
2019-04-18 14:03:32.049000,1.11865,1.11862,1250000,2810000
2019-04-18 14:03:32.212000,1.11866,1.11862,4040000,3560000
2019-04-18 14:03:32.314000,1.11866,1.11863,2470000,1250000
2019-04-18 14:03:32.417000,1.11866,1.11863,2200000,1250000
2019-04-18 14:03:32.641000,1.11866,1.11863,2320000,1750000
2019-04-18 14:03:32.855000,1.11867,1.11864,3820000,2120000
2019-04-18 14:03:35.678000,1.11866,1.11864,1500000,1250000
2019-04-18 14:03:35.781000,1.11866,1.11863,2570000,2060000
2019-04-18 14:03:35.949000,1.11866,1.11863,1570000,2870000
2019-04-18 14:03:36.611000,1.11866,1.11863,2500000,1310000
2019-04-18 14:03:36.713000,1.11866,1.11863,2700000,2120000
2019-04-18 14:03:37.741000,1.11866,1.11863,1220000,1750000
2019-04-18 14:03:39.001000,1.11867,1.11863,2910000,3250000
2019-04-18 14:03:39.396000,1.11867,1.11864,3600000,1250000
2019-04-18 14:03:39.648000,1.11867,1.11865,1570000,1250000
2019-04-18 14:03:39.750000,1.11868,1.11865,5510000,1810000
2019-04-18 14:03:39.852000,1.11868,1.11864,4760000,4750000
2019-04-18 14:03:41.086000,1.11868,1.11866,5060000,1000000
2019-04-18 14:03:41.189000,1.11868,1.11865,5510000,2560000
2019-04-18 14:03:41.394000,1.11868,1.11865,5660000,1810000
2019-04-18 14:03:41.518000,1.11868,1.11864,5660000,4750000
2019-04-18 14:03:43.470000,1.11868,1.11864,6560000,3620000
2019-04-18 14:03:44.186000,1.11865,1.11863,3190000,2620000
2019-04-18 14:03:44.289000,1.11864,1.11861,5610000,1690000
2019-04-18 14:03:44.716000,1.11864,1.11862,1850000,1250000
2019-04-18 14:03:44.820000,1.11864,1.11862,2140000,1690000
2019-04-18 14:03:46.535000,1.11865,1.11863,1970000,1690000
2019-04-18 14:03:46.638000,1.11866,1.11864,1950000,2870000
2019-04-18 14:03:46.792000,1.11866,1.11864,1000000,2060000
2019-04-18 14:03:46.898000,1.11867,1.11864,2820000,2120000
2019-04-18 14:03:47.001000,1.11867,1.11864,2320000,2120000
2019-04-18 14:03:47.389000,1.11867,1.11865,1950000,1250000
2019-04-18 14:03:47.491000,1.11867,1.11864,1570000,4500000
2019-04-18 14:03:51.211000,1.11867,1.11864,1220000,3000000
2019-04-18 14:03:51.395000,1.11867,1.11864,1200000,2500000
2019-04-18 14:03:51.598000,1.11867,1.11864,1600000,2500000
2019-04-18 14:03:56.468000,1.11867,1.11864,1500000,2120000
2019-04-18 14:03:57.500000,1.11867,1.11865,2100000,1250000
2019-04-18 14:03:58.607000,1.11866,1.11864,2200000,1500000
2019-04-18 14:03:58.811000,1.11866,1.11863,2440000,2940000
2019-04-18 14:03:58.981000,1.11866,1.11863,2290000,2440000
2019-04-18 14:03:59.136000,1.11866,1.11863,2140000,2440000
2019-04-18 14:03:59.630000,1.11866,1.11864,1200000,1250000
2019-04-18 14:03:59.733000,1.11867,1.11864,3260000,1250000
2019-04-18 14:04:00.200000,1.11867,1.11864,4690000,2500000
2019-04-18 14:04:00.302000,1.11866,1.11863,1750000,3370000
2019-04-18 14:04:00.461000,1.11866,1.11863,2200000,2250000
2019-04-18 14:04:02.332000,1.11867,1.11864,7040000,1250000
2019-04-18 14:04:02.436000,1.11867,1.11865,2320000,1250000
2019-04-18 14:04:04.202000,1.11866,1.11863,1750000,3560000
2019-04-18 14:04:04.319000,1.11865,1.11863,1250000,1000000
2019-04-18 14:04:05.706000,1.11865,1.11863,1000000,1250000
2019-04-18 14:04:05.838000,1.11866,1.11863,2890000,1250000
2019-04-18 14:04:06.564000,1.11866,1.11863,2950000,1120000
2019-04-18 14:04:06.616000,1.11866,1.11863,2140000,1310000
2019-04-18 14:04:06.668000,1.11866,1.11863,4070000,1120000
2019-04-18 14:04:06.771000,1.11866,1.11863,3320000,1000000
2019-04-18 14:04:06.896000,1.11866,1.11863,2950000,1120000
2019-04-18 14:04:06.947000,1.11866,1.11863,2890000,1310000
2019-04-18 14:04:09.821000,1.11866,1.11863,1500000,2500000
2019-04-18 14:04:10.873000,1.11867,1.11864,4390000,1250000
2019-04-18 14:04:12.587000,1.11867,1.11865,3260000,1000000
2019-04-18 14:04:13.310000,1.11866,1.11865,1000000,1250000
2019-04-18 14:04:14.320000,1.11866,1.11863,1100000,1750000
2019-04-18 14:04:14.794000,1.11865,1.11863,1250000,1250000
2019-04-18 14:04:15.211000,1.11865,1.11863,1000000,1750000
2019-04-18 14:04:15.314000,1.11865,1.11863,1250000,1250000
2019-04-18 14:04:15.518000,1.11865,1.11863,1200000,1750000
2019-04-18 14:04:16.432000,1.11864,1.11863,1000000,1000000
2019-04-18 14:04:16.585000,1.11865,1.11863,1570000,2500000
2019-04-18 14:04:16.687000,1.11864,1.11863,1000000,1690000
2019-04-18 14:04:17.052000,1.11865,1.11863,1570000,2500000
2019-04-18 14:04:17.444000,1.11867,1.11865,1200000,2620000
2019-04-18 14:04:18.507000,1.11867,1.11864,1000000,3560000
2019-04-18 14:04:18.660000,1.11867,1.11864,1310000,2870000
2019-04-18 14:04:20.099000,1.11867,1.11865,1250000,1750000
2019-04-18 14:04:20.202000,1.11869,1.11867,1390000,11560000
2019-04-18 14:04:20.583000,1.1187,1.11868,1250000,2750000
2019-04-18 14:04:22.311000,1.11872,1.11871,1000000,1250000
2019-04-18 14:04:23.004000,1.11872,1.1187,1000000,1250000
2019-04-18 14:04:24.738000,1.11872,1.11871,1250000,1000000
2019-04-18 14:04:25.330000,1.11872,1.1187,1250000,1000000
2019-04-18 14:04:27.763000,1.11871,1.1187,1000000,1000000
2019-04-18 14:04:27.865000,1.11871,1.11868,1500000,3500000
2019-04-18 14:04:28.140000,1.1187,1.11868,1250000,1000000
2019-04-18 14:04:28.244000,1.1187,1.11867,1250000,4310000
2019-04-18 14:04:28.346000,1.1187,1.11868,1000000,1250000
2019-04-18 14:04:28.516000,1.11871,1.11868,2510000,1250000
2019-04-18 14:04:29.868000,1.11869,1.11868,1250000,1500000
2019-04-18 14:04:29.920000,1.11868,1.11866,1990000,2250000
2019-04-18 14:04:30.022000,1.11868,1.11865,1100000,5120000
2019-04-18 14:04:30.527000,1.11869,1.11867,2320000,2500000
2019-04-18 14:04:30.630000,1.1187,1.11868,1000000,1250000
2019-04-18 14:04:30.991000,1.11871,1.11868,1250000,2810000
2019-04-18 14:04:31.094000,1.11871,1.11868,1100000,4370000
2019-04-18 14:04:33.032000,1.11871,1.11869,1000000,3620000
2019-04-18 14:04:34.755000,1.11872,1.11869,1200000,3250000
2019-04-18 14:04:34.894000,1.11871,1.11869,1000000,1310000
2019-04-18 14:04:35.398000,1.1187,1.11868,1000000,2260000
2019-04-18 14:04:35.501000,1.1187,1.11867,1000000,5320000
2019-04-18 14:04:38.513000,1.11871,1.11868,2250000,1000000
2019-04-18 14:04:39.545000,1.11872,1.1187,1570000,1250000
2019-04-18 14:04:39.701000,1.11873,1.1187,1690000,1310000
2019-04-18 14:04:40.729000,1.11873,1.11869,3070000,3560000
2019-04-18 14:04:43.411000,1.11873,1.11869,2950000,2810000
2019-04-18 14:04:44.500000,1.11873,1.1187,1570000,1750000
2019-04-18 14:04:45.482000,1.11874,1.11873,6070000,1690000
2019-04-18 14:04:45.533000,1.11877,1.11873,3790000,2310000
2019-04-18 14:04:45.585000,1.11877,1.11873,3260000,2310000
2019-04-18 14:04:48.301000,1.11877,1.11874,1950000,2120000
2019-04-18 14:04:48.404000,1.11877,1.11873,1690000,8250000
2019-04-18 14:04:51.192000,1.11878,1.11875,3070000,1370000
2019-04-18 14:04:51.334000,1.11879,1.11875,5320000,3370000
2019-04-18 14:04:56.014000,1.11878,1.11876,1250000,1500000
2019-04-18 14:04:56.152000,1.11878,1.11875,1690000,1310000
2019-04-18 14:04:57.477000,1.11877,1.11874,1000000,3750000
2019-04-18 14:04:57.771000,1.11875,1.11874,2440000,1120000
2019-04-18 14:04:57.873000,1.11876,1.11873,1690000,2500000
2019-04-18 14:04:58.336000,1.11876,1.11873,1000000,2500000
2019-04-18 14:04:58.859000,1.11875,1.11872,5250000,5260000
2019-04-18 14:04:58.962000,1.11874,1.11872,5810000,1250000
2019-04-18 14:04:59.641000,1.11873,1.11871,1500000,1750000
2019-04-18 14:05:01.255000,1.11873,1.1187,3370000,1390000
2019-04-18 14:05:09.711000,1.11873,1.11871,1870000,1000000
2019-04-18 14:05:16.409000,1.11873,1.1187,1870000,1690000
2019-04-18 14:05:17.288000,1.11873,1.1187,2620000,2560000
2019-04-18 14:05:18.298000,1.11873,1.1187,2620000,2440000
2019-04-18 14:05:20.296000,1.11873,1.1187,2620000,1810000
2019-04-18 14:05:21.349000,1.11873,1.1187,2620000,1250000
2019-04-18 14:05:25.694000,1.11873,1.11872,2620000,1500000
2019-04-18 14:05:25.798000,1.11874,1.11872,4310000,1500000
2019-04-18 14:05:25.900000,1.11874,1.11872,6750000,2120000
2019-04-18 14:05:26.044000,1.11877,1.11875,1870000,1000000
2019-04-18 14:05:26.148000,1.11877,1.11874,3750000,1000000
2019-04-18 14:05:26.252000,1.11876,1.11874,1250000,1310000
2019-04-18 14:05:26.439000,1.11877,1.11875,1370000,1000000
2019-04-18 14:05:26.542000,1.11877,1.11875,1310000,1000000
2019-04-18 14:05:27.036000,1.11876,1.11873,4000000,1690000
2019-04-18 14:05:27.140000,1.11875,1.11873,1870000,1690000
2019-04-18 14:05:27.313000,1.11874,1.11872,1390000,1690000
2019-04-18 14:05:30.289000,1.11873,1.11871,1500000,1870000
2019-04-18 14:05:32.271000,1.11872,1.1187,1000000,2500000
2019-04-18 14:05:32.379000,1.11872,1.1187,1690000,1310000
2019-04-18 14:05:32.482000,1.11872,1.11869,3260000,2810000
2019-04-18 14:05:32.850000,1.1187,1.11869,1250000,1000000
2019-04-18 14:05:32.991000,1.11869,1.11868,1500000,1250000
2019-04-18 14:05:33.043000,1.11869,1.11866,4000000,2810000
2019-04-18 14:05:33.202000,1.11867,1.11865,1250000,1310000
2019-04-18 14:05:33.466000,1.11868,1.11865,6000000,2120000
2019-04-18 14:05:33.620000,1.11869,1.11866,2440000,2120000
2019-04-18 14:05:34.007000,1.11869,1.11867,1000000,1250000
2019-04-18 14:05:34.453000,1.1187,1.11867,4310000,1750000
2019-04-18 14:05:36.622000,1.11869,1.11867,1250000,2060000
2019-04-18 14:05:37.502000,1.1187,1.11869,1000000,1000000
2019-04-18 14:05:37.606000,1.11871,1.11869,2060000,1000000
2019-04-18 14:05:38.369000,1.11871,1.1187,1000000,1000000
2019-04-18 14:05:38.569000,1.11872,1.1187,1120000,1000000
2019-04-18 14:05:41.379000,1.11873,1.11871,2700000,1250000
2019-04-18 14:05:41.482000,1.11873,1.11871,1870000,1690000
2019-04-18 14:05:42.016000,1.11873,1.11871,1120000,1250000
2019-04-18 14:05:45.563000,1.11873,1.1187,1870000,4120000
2019-04-18 14:05:46.536000,1.11874,1.11873,4870000,1250000
2019-04-18 14:05:46.587000,1.11876,1.11873,1500000,2870000
2019-04-18 14:05:46.795000,1.11875,1.11873,1250000,1120000
2019-04-18 14:05:47.030000,1.11876,1.11873,2440000,1310000
2019-04-18 14:05:47.286000,1.11877,1.11873,4760000,3250000
2019-04-18 14:05:47.388000,1.11877,1.11874,1870000,4000000
2019-04-18 14:05:52.614000,1.11878,1.11875,3190000,1310000
2019-04-18 14:05:53.200000,1.11878,1.11875,2620000,2120000
2019-04-18 14:05:58.290000,1.11879,1.11875,3560000,4820000
2019-04-18 14:06:01.431000,1.11879,1.11876,2620000,1690000
2019-04-18 14:06:01.789000,1.11879,1.11876,1120000,7370000
2019-04-18 14:06:05.760000,1.11879,1.11876,2060000,1370000
2019-04-18 14:06:10.879000,1.11878,1.11876,1000000,1250000
2019-04-18 14:06:11.134000,1.11878,1.11876,2810000,1250000
2019-04-18 14:06:11.269000,1.11877,1.11874,1690000,2810000
2019-04-18 14:06:11.472000,1.11877,1.11874,1120000,2870000
2019-04-18 14:06:11.574000,1.11876,1.11874,1000000,1310000
2019-04-18 14:06:11.677000,1.11877,1.11873,2620000,2440000
2019-04-18 14:06:11.788000,1.11877,1.11874,2250000,1750000
2019-04-18 14:06:12.043000,1.11877,1.11874,3750000,1000000
2019-04-18 14:06:12.164000,1.11876,1.11873,1500000,3190000
2019-04-18 14:06:12.473000,1.11877,1.11873,3450000,3940000
2019-04-18 14:06:12.667000,1.11876,1.11873,1000000,4690000
2019-04-18 14:06:13.375000,1.11877,1.11873,4200000,3940000
2019-04-18 14:06:13.575000,1.11877,1.11874,2700000,1750000
2019-04-18 14:06:13.987000,1.11874,1.11873,5810000,1570000
2019-04-18 14:06:14.104000,1.11874,1.11872,4690000,1390000
2019-04-18 14:06:23.023000,1.11875,1.11874,3750000,17250000
2019-04-18 14:06:23.075000,1.11878,1.11875,2350000,1750000
2019-04-18 14:06:23.179000,1.11878,1.11875,1750000,1690000
2019-04-18 14:06:23.231000,1.11878,1.11876,1870000,1250000
2019-04-18 14:06:23.381000,1.11878,1.11875,1310000,1810000
2019-04-18 14:06:24.020000,1.11879,1.11875,5700000,2060000
2019-04-18 14:06:25.260000,1.11878,1.11874,4510000,3250000
2019-04-18 14:06:28.288000,1.11877,1.11875,1120000,2120000
2019-04-18 14:06:28.390000,1.11878,1.11875,1950000,2870000
2019-04-18 14:06:28.631000,1.11878,1.11875,4320000,1310000
2019-04-18 14:06:28.978000,1.11874,1.11873,2250000,1000000
2019-04-18 14:06:29.030000,1.11874,1.11871,3370000,1690000
2019-04-18 14:06:29.132000,1.11874,1.11871,3560000,3250000
2019-04-18 14:06:29.351000,1.11874,1.11871,5190000,1370000
2019-04-18 14:06:29.994000,1.11875,1.11874,3370000,1000000
2019-04-18 14:06:30.046000,1.11878,1.11874,6700000,4060000
2019-04-18 14:06:30.178000,1.11878,1.11875,2510000,1370000
2019-04-18 14:06:30.640000,1.11878,1.11875,1570000,2120000
2019-04-18 14:06:30.797000,1.11878,1.11875,1570000,1750000
2019-04-18 14:06:31.300000,1.11878,1.11875,1120000,3250000
2019-04-18 14:06:31.352000,1.11878,1.11875,1310000,1690000
2019-04-18 14:06:31.581000,1.11878,1.11875,1870000,1750000
2019-04-18 14:06:31.683000,1.11878,1.11874,2060000,5700000
2019-04-18 14:06:33.053000,1.11877,1.11874,1000000,3370000
2019-04-18 14:06:33.614000,1.11878,1.11875,1000000,5250000
2019-04-18 14:06:33.741000,1.11879,1.11877,1950000,1250000
2019-04-18 14:06:33.845000,1.11879,1.11877,2560000,1250000
2019-04-18 14:06:38.478000,1.11878,1.11875,1310000,2440000
2019-04-18 14:06:38.580000,1.11878,1.11874,3620000,4760000
2019-04-18 14:06:38.732000,1.11877,1.11873,2870000,9040000
2019-04-18 14:06:38.834000,1.11877,1.11873,3940000,4070000
2019-04-18 14:06:38.936000,1.11877,1.11873,3250000,4370000
2019-04-18 14:06:40.168000,1.11876,1.11873,1250000,4440000
2019-04-18 14:06:40.696000,1.11877,1.11873,2120000,4870000
2019-04-18 14:06:40.748000,1.11875,1.11873,1750000,1500000
2019-04-18 14:06:40.800000,1.11874,1.11872,4060000,3640000
2019-04-18 14:06:40.964000,1.11874,1.11871,5440000,4500000
2019-04-18 14:06:42.599000,1.11875,1.11873,1000000,4120000
2019-04-18 14:06:42.651000,1.11877,1.11873,5870000,4870000
2019-04-18 14:06:43.690000,1.11877,1.11874,1120000,1690000
2019-04-18 14:06:43.793000,1.11877,1.11875,1120000,1000000
2019-04-18 14:06:44.086000,1.11878,1.11876,1250000,1810000
2019-04-18 14:06:44.488000,1.11879,1.11876,2810000,3370000
2019-04-18 14:06:49.370000,1.11878,1.11876,1000000,2870000
2019-04-18 14:06:49.472000,1.11879,1.11876,3640000,2870000
2019-04-18 14:06:49.575000,1.11877,1.11875,1000000,1250000
2019-04-18 14:06:49.708000,1.11878,1.11875,3940000,1250000
2019-04-18 14:06:50.015000,1.11877,1.11875,1500000,1250000
2019-04-18 14:06:50.221000,1.11878,1.11875,5440000,1250000
2019-04-18 14:06:50.929000,1.11878,1.11876,3070000,1250000
2019-04-18 14:06:51.200000,1.11879,1.11876,3750000,4120000
2019-04-18 14:06:52.957000,1.11879,1.11876,2810000,4870000
2019-04-18 14:06:53.717000,1.11879,1.11877,1500000,1250000
2019-04-18 14:06:53.821000,1.1188,1.11879,3370000,2440000
2019-04-18 14:06:53.968000,1.11881,1.1188,2620000,1500000
2019-04-18 14:06:54.060000,1.11884,1.11881,1310000,4120000
2019-04-18 14:06:55.135000,1.11884,1.11881,1870000,2810000
2019-04-18 14:06:55.237000,1.11884,1.11881,2060000,4370000
2019-04-18 14:06:55.659000,1.11884,1.11881,1310000,1690000
2019-04-18 14:06:55.762000,1.11882,1.1188,1250000,1000000
2019-04-18 14:06:55.865000,1.1188,1.11878,1250000,1950000
2019-04-18 14:06:56.043000,1.11883,1.1188,5350000,1310000
2019-04-18 14:06:56.147000,1.11882,1.11879,1750000,2890000
2019-04-18 14:06:56.303000,1.11882,1.11879,1250000,2440000
2019-04-18 14:06:57.282000,1.11882,1.1188,1000000,2870000
2019-04-18 14:06:57.385000,1.11884,1.11881,1690000,2120000
2019-04-18 14:06:57.509000,1.11883,1.11881,1310000,1000000
2019-04-18 14:06:57.613000,1.11883,1.1188,2060000,2140000
2019-04-18 14:06:57.722000,1.1188,1.11878,1750000,1500000
2019-04-18 14:06:57.775000,1.11883,1.11881,1310000,1250000
2019-04-18 14:06:57.877000,1.11884,1.1188,2370000,3190000
2019-04-18 14:06:58.165000,1.11884,1.11881,3310000,1250000
2019-04-18 14:06:58.370000,1.11884,1.11881,2370000,1690000
2019-04-18 14:06:58.472000,1.11884,1.11882,1310000,1250000
2019-04-18 14:06:58.971000,1.11883,1.1188,2370000,1500000
2019-04-18 14:06:59.394000,1.11883,1.1188,2070000,1750000
2019-04-18 14:06:59.559000,1.11884,1.11881,1910000,3250000
2019-04-18 14:06:59.764000,1.11884,1.11881,1310000,3370000
2019-04-18 14:07:00.280000,1.11884,1.1188,2060000,5320000
2019-04-18 14:07:00.401000,1.11884,1.11881,2810000,1370000
2019-04-18 14:07:00.556000,1.11884,1.11881,1870000,1310000
2019-04-18 14:07:01.181000,1.11884,1.11881,1250000,3000000
2019-04-18 14:07:05.611000,1.11884,1.11881,1690000,1690000
2019-04-18 14:07:05.714000,1.11884,1.11881,1690000,2120000
2019-04-18 14:07:05.817000,1.11884,1.11881,1690000,1690000
2019-04-18 14:07:05.953000,1.11884,1.11881,1690000,2500000
2019-04-18 14:07:06.416000,1.11884,1.11883,1500000,1000000
2019-04-18 14:07:06.519000,1.11885,1.11882,2950000,1250000
2019-04-18 14:07:06.621000,1.11885,1.11883,1200000,1250000
2019-04-18 14:07:07.545000,1.11886,1.11884,3070000,1000000
2019-04-18 14:07:07.648000,1.11886,1.11885,1000000,1000000
2019-04-18 14:07:07.751000,1.11887,1.11885,3940000,1000000
2019-04-18 14:07:08.117000,1.11886,1.11884,1750000,1000000
2019-04-18 14:07:08.219000,1.11887,1.11884,4820000,2440000
2019-04-18 14:07:08.374000,1.11888,1.11887,4120000,1690000
2019-04-18 14:07:08.477000,1.11889,1.11888,2250000,1250000
2019-04-18 14:07:08.580000,1.1189,1.11888,1250000,3370000
2019-04-18 14:07:09.105000,1.11892,1.1189,3830000,1750000
2019-04-18 14:07:09.208000,1.11892,1.1189,1130000,1690000
2019-04-18 14:07:11.890000,1.11892,1.11889,3380000,1500000
2019-04-18 14:07:12.582000,1.11891,1.11889,1000000,1690000
2019-04-18 14:07:13.440000,1.11891,1.11889,1000000,1250000
2019-04-18 14:07:13.542000,1.11891,1.11889,1500000,1250000
2019-04-18 14:07:13.805000,1.11892,1.11889,3380000,1690000
2019-04-18 14:07:16.025000,1.1189,1.11888,1250000,2140000
2019-04-18 14:07:18.808000,1.11891,1.1189,1120000,1000000
2019-04-18 14:07:18.910000,1.11892,1.1189,1310000,3370000
2019-04-18 14:07:21.944000,1.11892,1.1189,1880000,4000000
2019-04-18 14:07:22.687000,1.1189,1.11889,1000000,3450000
2019-04-18 14:07:22.790000,1.11891,1.11889,1310000,1000000
2019-04-18 14:07:24.234000,1.11892,1.11889,3190000,2060000
2019-04-18 14:07:25.623000,1.11892,1.11889,3750000,2120000
2019-04-18 14:07:28.866000,1.11892,1.1189,1000000,2870000
2019-04-18 14:07:28.997000,1.11892,1.1189,1500000,1690000
2019-04-18 14:07:29.491000,1.11892,1.1189,1500000,2660000
2019-04-18 14:07:29.746000,1.11892,1.1189,1500000,1250000
2019-04-18 14:07:29.909000,1.11892,1.11891,1000000,1310000
2019-04-18 14:07:30.063000,1.11892,1.1189,1000000,2060000
2019-04-18 14:07:32.150000,1.11892,1.11891,1000000,1000000
2019-04-18 14:07:33.373000,1.11892,1.1189,1500000,1690000
2019-04-18 14:07:33.515000,1.11893,1.1189,2440000,1690000
2019-04-18 14:07:33.846000,1.11892,1.1189,1500000,1690000
2019-04-18 14:07:35.641000,1.11892,1.1189,1000000,2870000
2019-04-18 14:07:38.644000,1.11893,1.1189,1690000,3750000
2019-04-18 14:07:40.364000,1.11892,1.1189,1500000,3620000
2019-04-18 14:07:45.704000,1.11893,1.11891,1880000,1370000
2019-04-18 14:07:45.756000,1.11896,1.11893,1250000,11140000
2019-04-18 14:07:45.858000,1.11897,1.11895,2700000,1500000
2019-04-18 14:07:45.960000,1.11898,1.11896,1000000,1250000
2019-04-18 14:07:46.653000,1.11898,1.11895,1000000,2250000
2019-04-18 14:07:46.902000,1.11898,1.11895,1000000,5200000
2019-04-18 14:07:47.159000,1.11899,1.11895,7010000,4750000
2019-04-18 14:07:47.263000,1.11898,1.11895,1870000,1750000
2019-04-18 14:07:48.275000,1.11898,1.11895,1960000,1500000
2019-04-18 14:07:52.272000,1.11898,1.11897,1110000,1690000
2019-04-18 14:07:52.377000,1.11902,1.119,1000000,2940000
2019-04-18 14:07:52.428000,1.11903,1.119,1250000,3690000
2019-04-18 14:07:52.585000,1.11904,1.11901,1120000,1310000
2019-04-18 14:07:56.853000,1.11901,1.11899,1000000,4500000
2019-04-18 14:07:56.906000,1.11899,1.11898,2810000,1200000
2019-04-18 14:07:57.057000,1.11899,1.11895,6940000,6700000
2019-04-18 14:08:00.228000,1.11899,1.11895,8940000,4820000
2019-04-18 14:08:00.364000,1.11899,1.11895,7690000,5200000
2019-04-18 14:08:04.722000,1.11898,1.11895,1000000,5200000
2019-04-18 14:08:04.825000,1.11899,1.11896,3710000,1750000
2019-04-18 14:08:06.893000,1.11899,1.11895,9010000,4370000
2019-04-18 14:08:07.323000,1.11898,1.11895,1500000,4000000
2019-04-18 14:08:07.425000,1.11899,1.11895,8510000,4000000
2019-04-18 14:08:09.391000,1.11898,1.11895,3940000,1250000
2019-04-18 14:08:09.762000,1.11898,1.11895,1000000,3620000
2019-04-18 14:08:10.432000,1.11898,1.11895,1500000,3620000
2019-04-18 14:08:10.661000,1.11898,1.11895,1690000,1690000
2019-04-18 14:08:10.814000,1.11898,1.11895,1000000,3620000
2019-04-18 14:08:10.917000,1.11898,1.11895,2810000,1250000
2019-04-18 14:08:11.043000,1.11895,1.11894,1870000,1500000
2019-04-18 14:08:11.146000,1.11895,1.11892,1120000,2120000
2019-04-18 14:08:12.348000,1.11896,1.11893,1500000,2870000
2019-04-18 14:08:12.690000,1.11896,1.11893,1120000,4070000
2019-04-18 14:08:12.793000,1.11895,1.11893,1120000,1370000
2019-04-18 14:08:12.998000,1.11895,1.11893,2810000,1000000
2019-04-18 14:08:13.101000,1.11895,1.11892,3560000,3000000
2019-04-18 14:08:13.613000,1.11892,1.11891,3600000,4310000
2019-04-18 14:08:13.715000,1.11888,1.11887,1120000,4390000
2019-04-18 14:08:13.963000,1.11888,1.11885,2190000,1000000
2019-04-18 14:08:14.470000,1.11888,1.11886,3390000,1000000
2019-04-18 14:08:14.573000,1.11888,1.11885,2440000,1250000
2019-04-18 14:08:16.112000,1.11886,1.11884,1250000,1000000
2019-04-18 14:08:16.265000,1.11887,1.11884,7070000,3120000
2019-04-18 14:08:16.371000,1.11887,1.11884,6320000,1870000
2019-04-18 14:08:17.527000,1.11887,1.11883,7450000,2440000
2019-04-18 14:08:18.271000,1.11887,1.11885,6320000,1000000
2019-04-18 14:08:18.374000,1.11895,1.11894,24040001,1120000
2019-04-18 14:08:18.699000,1.11896,1.11894,1250000,2810000
2019-04-18 14:08:18.800000,1.11896,1.11894,1250000,1000000
2019-04-18 14:08:18.993000,1.11895,1.11893,1250000,3560000
2019-04-18 14:08:19.199000,1.11894,1.11893,2060000,1000000
2019-04-18 14:08:19.323000,1.11894,1.1189,3120000,4970000
2019-04-18 14:08:20.820000,1.11893,1.11889,9390000,2870000
2019-04-18 14:08:20.974000,1.11892,1.11889,2810000,1310000
2019-04-18 14:08:21.141000,1.11891,1.11889,1000000,1310000
2019-04-18 14:08:21.243000,1.11892,1.11889,2510000,1310000
2019-04-18 14:08:24.438000,1.11891,1.11888,1000000,3700000
2019-04-18 14:08:24.812000,1.1189,1.11888,1120000,1500000
2019-04-18 14:08:24.875000,1.11888,1.11887,1310000,2250000
2019-04-18 14:08:24.996000,1.11888,1.11886,2060000,1250000
2019-04-18 14:08:25.201000,1.11887,1.11885,1000000,1250000
2019-04-18 14:08:25.331000,1.11885,1.11882,2060000,3260000
2019-04-18 14:08:25.734000,1.11885,1.11882,2250000,1250000
2019-04-18 14:08:27.634000,1.11885,1.11882,2060000,1310000
2019-04-18 14:08:27.774000,1.11885,1.11882,1870000,1370000
2019-04-18 14:08:27.978000,1.11884,1.11881,1810000,3560000
2019-04-18 14:08:28.144000,1.11883,1.11881,1000000,2500000
2019-04-18 14:08:29.173000,1.11884,1.11881,2000000,2440000
2019-04-18 14:08:29.275000,1.11885,1.11882,3760000,1750000
2019-04-18 14:08:29.414000,1.11885,1.11881,4140000,3940000
2019-04-18 14:08:29.738000,1.11884,1.11881,2060000,2870000
2019-04-18 14:08:37.202000,1.11881,1.1188,1690000,1000000
2019-04-18 14:08:37.325000,1.11881,1.1188,1500000,1250000
2019-04-18 14:08:37.428000,1.11882,1.11879,1000000,3250000
2019-04-18 14:08:38.720000,1.11883,1.11881,2250000,1250000
2019-04-18 14:08:39.926000,1.11884,1.11881,4060000,1250000
2019-04-18 14:08:43.320000,1.11884,1.1188,5640000,4370000
2019-04-18 14:08:43.423000,1.11884,1.11881,4760000,1250000
2019-04-18 14:08:43.608000,1.11883,1.1188,2700000,1750000
2019-04-18 14:08:49.312000,1.11882,1.11879,1120000,2120000
2019-04-18 14:08:49.869000,1.11883,1.11881,3450000,1250000
2019-04-18 14:08:49.971000,1.11883,1.1188,1950000,1250000
2019-04-18 14:08:50.245000,1.11883,1.11879,1690000,3700000
2019-04-18 14:08:54.459000,1.11883,1.11881,2250000,1250000
2019-04-18 14:08:55.167000,1.11884,1.1188,4510000,2870000
2019-04-18 14:08:55.604000,1.11884,1.11881,4060000,1750000
2019-04-18 14:08:55.878000,1.11883,1.1188,1000000,3250000
2019-04-18 14:08:55.980000,1.11884,1.11881,4510000,1750000
2019-04-18 14:08:56.135000,1.11884,1.11881,4060000,1250000
2019-04-18 14:08:56.351000,1.11884,1.11881,3690000,1250000
2019-04-18 14:08:56.556000,1.11885,1.11882,3950000,2500000
2019-04-18 14:08:56.660000,1.11886,1.11882,2810000,4450000
2019-04-18 14:08:57.357000,1.11887,1.11886,4870000,1250000
2019-04-18 14:08:57.461000,1.11888,1.11886,1000000,2500000
2019-04-18 14:08:57.627000,1.11889,1.11886,2440000,1750000
2019-04-18 14:08:57.730000,1.11889,1.11886,2560000,1750000
2019-04-18 14:08:58.017000,1.11889,1.11886,2060000,1750000
2019-04-18 14:09:00.658000,1.11887,1.11886,1310000,1000000
2019-04-18 14:09:00.760000,1.11887,1.11884,8190000,2100000
2019-04-18 14:09:00.863000,1.11887,1.11884,7890000,1000000
2019-04-18 14:09:01.014000,1.11886,1.11883,1120000,2810000
2019-04-18 14:09:01.573000,1.11886,1.11883,2000000,1690000
2019-04-18 14:09:02.953000,1.11885,1.11882,1620000,4820000
2019-04-18 14:09:03.056000,1.11885,1.11882,2620000,1690000
2019-04-18 14:09:09.929000,1.11884,1.11881,4070000,1690000
2019-04-18 14:09:10.336000,1.11883,1.1188,3250000,2440000
2019-04-18 14:09:10.872000,1.11883,1.11881,1120000,1250000
2019-04-18 14:09:12.576000,1.11883,1.1188,2440000,4000000
2019-04-18 14:09:12.882000,1.11883,1.11881,1870000,1250000
2019-04-18 14:09:12.984000,1.11883,1.1188,2890000,4000000
2019-04-18 14:09:13.086000,1.11883,1.11881,1120000,1250000
2019-04-18 14:09:15.052000,1.11884,1.11881,1690000,2870000
2019-04-18 14:09:18.089000,1.11883,1.1188,2440000,3190000
2019-04-18 14:09:20.362000,1.1188,1.11878,2120000,2320000
2019-04-18 14:09:20.465000,1.11879,1.11877,1250000,1850000
2019-04-18 14:09:20.617000,1.11879,1.11876,1250000,4000000
2019-04-18 14:09:28.746000,1.1188,1.11878,5850000,1000000
2019-04-18 14:09:28.853000,1.11882,1.11879,1570000,2120000
2019-04-18 14:09:30.499000,1.11883,1.11881,1500000,1250000
2019-04-18 14:09:32.153000,1.11884,1.11881,2440000,1750000
2019-04-18 14:09:33.322000,1.11883,1.1188,1000000,8200000
2019-04-18 14:09:33.424000,1.11883,1.1188,2060000,1390000
2019-04-18 14:09:34.149000,1.11883,1.11881,1000000,1250000
2019-04-18 14:09:34.354000,1.11884,1.11881,2440000,1250000
2019-04-18 14:09:34.667000,1.11884,1.11881,2250000,1250000
2019-04-18 14:09:34.770000,1.11884,1.11881,2440000,1250000
2019-04-18 14:09:35.172000,1.11883,1.1188,1000000,7070000
2019-04-18 14:09:35.277000,1.11883,1.1188,2750000,1250000
2019-04-18 14:09:35.379000,1.11883,1.1188,2620000,1370000
2019-04-18 14:09:35.781000,1.11884,1.11881,5640000,1250000
2019-04-18 14:09:35.993000,1.11884,1.11881,2060000,3620000
2019-04-18 14:09:37.609000,1.11885,1.11882,1200000,2620000
2019-04-18 14:09:39.006000,1.11885,1.11882,1200000,2870000
2019-04-18 14:09:48.747000,1.11886,1.11883,2320000,1250000
2019-04-18 14:09:48.851000,1.11888,1.11885,4700000,1000000
2019-04-18 14:09:49.210000,1.11888,1.11885,3750000,1000000
2019-04-18 14:09:52.507000,1.11888,1.11884,3000000,4010000
2019-04-18 14:09:53.086000,1.11886,1.11883,1120000,10970000
2019-04-18 14:09:53.978000,1.11885,1.11882,2060000,5200000
2019-04-18 14:09:54.571000,1.11885,1.11882,4810000,1250000
2019-04-18 14:09:54.727000,1.11885,1.11881,5700000,4310000
2019-04-18 14:09:55.142000,1.11884,1.11881,3690000,2440000
2019-04-18 14:09:55.347000,1.11883,1.1188,1310000,2810000
2019-04-18 14:09:56.605000,1.11884,1.11881,3940000,1250000
2019-04-18 14:09:56.759000,1.11883,1.1188,1000000,3320000
2019-04-18 14:09:56.990000,1.11884,1.1188,4690000,3320000
2019-04-18 14:09:57.640000,1.11883,1.1188,1000000,4070000
2019-04-18 14:09:58.792000,1.11884,1.11881,3940000,1250000
2019-04-18 14:09:58.895000,1.11884,1.11881,4250000,1450000
2019-04-18 14:09:59.380000,1.11883,1.1188,1120000,5570000
2019-04-18 14:10:00.196000,1.11884,1.1188,4500000,8350000
2019-04-18 14:10:00.299000,1.11885,1.11882,2060000,1760000
2019-04-18 14:10:00.402000,1.11886,1.11883,4440000,1390000
2019-04-18 14:10:01.577000,1.11886,1.11883,2060000,2510000
2019-04-18 14:10:09.489000,1.11887,1.11886,2250000,1250000
2019-04-18 14:10:09.602000,1.11887,1.11885,1870000,2620000
2019-04-18 14:10:09.757000,1.11888,1.11885,3150000,2950000
2019-04-18 14:10:10.458000,1.11886,1.11884,1000000,1000000
2019-04-18 14:10:10.717000,1.11886,1.11882,5250000,4820000
2019-04-18 14:10:11.180000,1.11886,1.11882,4250000,3260000
2019-04-18 14:10:11.328000,1.11886,1.11882,3690000,4070000
2019-04-18 14:10:11.710000,1.11886,1.11882,3190000,4450000
2019-04-18 14:10:12.026000,1.11885,1.11882,1000000,2950000
2019-04-18 14:10:12.129000,1.11885,1.11881,4000000,5200000
2019-04-18 14:10:17.764000,1.11882,1.1188,1500000,8060000
2019-04-18 14:10:18.297000,1.11883,1.1188,1500000,1750000
2019-04-18 14:10:20.050000,1.11884,1.1188,1690000,10070000
2019-04-18 14:10:20.397000,1.11884,1.1188,3690000,7820000
2019-04-18 14:10:20.501000,1.11884,1.1188,4060000,4370000
2019-04-18 14:10:20.707000,1.11883,1.1188,1310000,1310000
2019-04-18 14:10:20.810000,1.11883,1.1188,3690000,1250000
2019-04-18 14:10:23.539000,1.11883,1.1188,1120000,2500000
2019-04-18 14:10:23.590000,1.11883,1.1188,1750000,2440000
2019-04-18 14:10:23.924000,1.11883,1.11879,4500000,5890000
2019-04-18 14:10:24.474000,1.11883,1.1188,3500000,1000000
2019-04-18 14:10:25.220000,1.11883,1.11879,4250000,6640000
2019-04-18 14:10:31.977000,1.11879,1.11878,1690000,2320000
2019-04-18 14:10:32.080000,1.11879,1.11877,1690000,1310000
2019-04-18 14:10:41.791000,1.11876,1.11874,8890000,1870000
2019-04-18 14:10:41.870000,1.11875,1.11873,1250000,1250000
2019-04-18 14:10:41.972000,1.11877,1.11874,6450000,1250000
2019-04-18 14:10:42.485000,1.11876,1.11873,1250000,1310000
2019-04-18 14:10:46.122000,1.11876,1.11872,3620000,4010000
2019-04-18 14:10:47.128000,1.11876,1.11873,2870000,1000000
2019-04-18 14:10:47.231000,1.11877,1.11873,5140000,2120000
2019-04-18 14:10:47.390000,1.11876,1.11873,3000000,1100000
2019-04-18 14:10:47.803000,1.11876,1.11874,1500000,1250000
2019-04-18 14:10:50.391000,1.11875,1.11872,1120000,9820000
2019-04-18 14:10:50.541000,1.11874,1.11871,5060000,1750000
2019-04-18 14:10:50.694000,1.11873,1.11871,1310000,1690000
2019-04-18 14:10:52.409000,1.11873,1.11871,5190000,1250000
2019-04-18 14:10:54.497000,1.11872,1.1187,1690000,2440000
2019-04-18 14:10:57.206000,1.11873,1.1187,5440000,3250000
2019-04-18 14:10:57.531000,1.11874,1.1187,10890000,5120000
2019-04-18 14:10:57.705000,1.11874,1.1187,9560000,6820000
2019-04-18 14:11:02.811000,1.11875,1.11873,6820000,2120000
2019-04-18 14:11:02.915000,1.11876,1.11873,2060000,2120000
2019-04-18 14:11:03.311000,1.11878,1.11875,3370000,1250000
2019-04-18 14:11:04.715000,1.11878,1.11875,2250000,1370000
2019-04-18 14:11:04.817000,1.11879,1.11875,5320000,2120000
2019-04-18 14:11:04.920000,1.11878,1.11875,1120000,2870000
2019-04-18 14:11:06.864000,1.11878,1.11875,1000000,4200000
2019-04-18 14:11:08.263000,1.11879,1.11876,3190000,2120000
2019-04-18 14:11:14.987000,1.1188,1.11877,5250000,1310000
2019-04-18 14:11:15.661000,1.11879,1.11876,1250000,4950000
2019-04-18 14:11:16.182000,1.11881,1.11879,5510000,1000000
2019-04-18 14:11:16.285000,1.11882,1.1188,1750000,1000000
2019-04-18 14:11:16.726000,1.11883,1.11879,5570000,3690000
2019-04-18 14:11:17.115000,1.1188,1.11879,2440000,1000000
2019-04-18 14:11:17.218000,1.11879,1.11877,1250000,1250000
2019-04-18 14:11:17.337000,1.11879,1.11876,1250000,7570000
2019-04-18 14:11:23.752000,1.11878,1.11875,2440000,4890000
2019-04-18 14:11:24.533000,1.11877,1.11875,1000000,1250000
2019-04-18 14:11:25.035000,1.11876,1.11874,1120000,1310000
2019-04-18 14:11:25.086000,1.11877,1.11874,2400000,2620000
2019-04-18 14:11:25.307000,1.11877,1.11875,2440000,1000000
2019-04-18 14:11:25.409000,1.11875,1.11873,1250000,10950000
2019-04-18 14:11:25.703000,1.11874,1.11871,1390000,4950000
2019-04-18 14:11:25.806000,1.11877,1.11875,2020000,1250000
2019-04-18 14:11:25.960000,1.11878,1.11876,1690000,1810000
2019-04-18 14:11:26.109000,1.11878,1.11877,1250000,1000000
2019-04-18 14:11:26.263000,1.11878,1.11876,4000000,1000000
2019-04-18 14:11:26.838000,1.11878,1.11874,5870000,6450000
2019-04-18 14:11:29.015000,1.11878,1.11876,1120000,1250000
2019-04-18 14:11:29.118000,1.11879,1.11876,5570000,1000000
2019-04-18 14:11:29.720000,1.11879,1.11876,3000000,1250000
2019-04-18 14:11:32.780000,1.11879,1.11877,1000000,1000000
2019-04-18 14:11:33.903000,1.1188,1.11877,6940000,1250000
2019-04-18 14:11:42.214000,1.1188,1.11878,3750000,3160000
2019-04-18 14:11:42.318000,1.11879,1.11877,1250000,1510000
2019-04-18 14:11:47.295000,1.11881,1.11879,7390000,1620000
2019-04-18 14:11:47.397000,1.11883,1.11881,2890000,1000000
2019-04-18 14:11:48.035000,1.11884,1.11881,5320000,1250000
2019-04-18 14:11:48.568000,1.11884,1.11881,3560000,1250000
2019-04-18 14:11:48.671000,1.11884,1.11881,3620000,1000000
2019-04-18 14:11:49.525000,1.11884,1.11881,3560000,1250000
2019-04-18 14:11:49.733000,1.11884,1.11881,4810000,1250000
2019-04-18 14:11:49.916000,1.11884,1.11881,3940000,1250000
2019-04-18 14:11:50.070000,1.11884,1.11881,4810000,1250000
2019-04-18 14:11:50.234000,1.11884,1.11881,3370000,1250000
2019-04-18 14:11:50.336000,1.11884,1.11881,3320000,1000000
2019-04-18 14:11:50.990000,1.11884,1.11881,3940000,1250000
2019-04-18 14:11:51.175000,1.11885,1.11882,4890000,1250000
2019-04-18 14:11:51.277000,1.11885,1.11882,4690000,1250000
2019-04-18 14:12:01.514000,1.11886,1.11884,1870000,3470000
2019-04-18 14:12:01.616000,1.11887,1.11884,2440000,3470000
2019-04-18 14:12:01.769000,1.11887,1.11884,4750000,1310000
2019-04-18 14:12:03.273000,1.11885,1.11883,1000000,3750000
2019-04-18 14:12:03.376000,1.11886,1.11884,1500000,1370000
2019-04-18 14:12:03.427000,1.11885,1.11883,1750000,3370000
2019-04-18 14:12:06.159000,1.11883,1.11881,3190000,1500000
2019-04-18 14:12:06.262000,1.11882,1.11881,1000000,1250000
2019-04-18 14:12:06.391000,1.11882,1.1188,1250000,1250000
2019-04-18 14:12:06.501000,1.11882,1.11879,2870000,2810000
2019-04-18 14:12:06.603000,1.11882,1.11879,2620000,4010000
2019-04-18 14:12:07.064000,1.11882,1.11879,1870000,4890000
2019-04-18 14:12:07.268000,1.11883,1.1188,1500000,3250000
2019-04-18 14:12:07.446000,1.11884,1.11882,1000000,2940000
2019-04-18 14:12:07.497000,1.11885,1.11882,1250000,4140000
2019-04-18 14:12:13.562000,1.11886,1.11883,1690000,4010000
2019-04-18 14:12:13.666000,1.11886,1.11883,1690000,4870000
2019-04-18 14:12:26.888000,1.11885,1.11883,1000000,2370000
2019-04-18 14:12:31.579000,1.11886,1.11883,2440000,4500000
2019-04-18 14:12:32.152000,1.11885,1.11883,1000000,3450000
2019-04-18 14:12:33.162000,1.11886,1.11883,2440000,4200000
2019-04-18 14:12:33.387000,1.1189,1.11887,6640000,3750000
2019-04-18 14:12:33.572000,1.11891,1.11888,1250000,2250000
2019-04-18 14:12:34.122000,1.11891,1.11889,1000000,1370000
2019-04-18 14:12:34.843000,1.11892,1.11889,3750000,1370000
2019-04-18 14:12:34.945000,1.11892,1.1189,1000000,1370000
2019-04-18 14:12:41.827000,1.11893,1.1189,9190000,2120000
2019-04-18 14:12:45.842000,1.11894,1.11893,4500000,1120000
2019-04-18 14:12:45.893000,1.11897,1.11894,2290000,2500000
2019-04-18 14:12:45.995000,1.11897,1.11894,1250000,3250000
2019-04-18 14:12:48.127000,1.11898,1.11895,1250000,3250000
2019-04-18 14:12:48.304000,1.11898,1.11895,1690000,2060000
2019-04-18 14:12:49.851000,1.11898,1.11895,1500000,2870000
2019-04-18 14:12:49.954000,1.11899,1.11895,10760000,3620000
2019-04-18 14:12:50.668000,1.11898,1.11895,1000000,2870000
2019-04-18 14:12:50.946000,1.11899,1.11895,10390000,4000000
2019-04-18 14:12:52.092000,1.11898,1.11895,1000000,4820000
2019-04-18 14:12:53.051000,1.11898,1.11895,3800000,1120000
2019-04-18 14:12:53.222000,1.11898,1.11894,4500000,3260000
2019-04-18 14:12:53.918000,1.11897,1.11894,1000000,2500000
2019-04-18 14:12:54.022000,1.11898,1.11894,3190000,3700000
2019-04-18 14:13:00.606000,1.11897,1.11894,1000000,3000000
2019-04-18 14:13:01.759000,1.11898,1.11894,1690000,3820000
2019-04-18 14:13:03.564000,1.11897,1.11894,1000000,3070000
2019-04-18 14:13:03.666000,1.11898,1.11894,4690000,3070000
2019-04-18 14:13:05.946000,1.11897,1.11894,1500000,3000000
2019-04-18 14:13:08.397000,1.11898,1.11894,4010000,3750000
2019-04-18 14:13:21.937000,1.11897,1.11894,1000000,4200000
2019-04-18 14:13:23.217000,1.11898,1.11894,4690000,4450000
2019-04-18 14:13:23.661000,1.11897,1.11894,1000000,2950000
2019-04-18 14:13:23.762000,1.11898,1.11894,2810000,3700000
2019-04-18 14:13:27.750000,1.11898,1.11894,5120000,5140000
2019-04-18 14:13:33.412000,1.11897,1.11894,2500000,3450000
2019-04-18 14:13:33.667000,1.11897,1.11894,3190000,3260000
2019-04-18 14:13:51.817000,1.11897,1.11894,1310000,4140000
2019-04-18 14:13:53.522000,1.11897,1.11894,1310000,4010000
2019-04-18 14:13:55.384000,1.11897,1.11894,1310000,4140000
2019-04-18 14:13:56.394000,1.11897,1.11894,1250000,3260000
2019-04-18 14:14:14.081000,1.11898,1.11895,2060000,2120000
2019-04-18 14:14:14.198000,1.11898,1.11895,1310000,2060000
2019-04-18 14:14:15.165000,1.11898,1.11895,3560000,1250000
2019-04-18 14:14:15.318000,1.11898,1.11895,2810000,1250000
2019-04-18 14:14:15.577000,1.11897,1.11895,1000000,1250000
2019-04-18 14:14:19.343000,1.11897,1.11894,1690000,3260000
2019-04-18 14:14:20.330000,1.11897,1.11894,1690000,3760000
2019-04-18 14:14:26.404000,1.11897,1.11894,1690000,2510000
2019-04-18 14:14:27.392000,1.11897,1.11894,1250000,3390000
2019-04-18 14:14:44.450000,1.11893,1.11891,14600000,1000000
2019-04-18 14:14:44.501000,1.1189,1.11889,1120000,1390000
2019-04-18 14:14:44.635000,1.11891,1.11888,2750000,1120000
2019-04-18 14:14:44.750000,1.11891,1.11887,2250000,3390000
2019-04-18 14:14:45.176000,1.11889,1.11887,1250000,3690000
2019-04-18 14:14:45.329000,1.11889,1.11887,1690000,2060000
2019-04-18 14:14:45.998000,1.11887,1.11886,15940000,3450000
2019-04-18 14:14:46.102000,1.11885,1.11883,1250000,1500000
2019-04-18 14:14:46.755000,1.11886,1.11883,3260000,2120000
2019-04-18 14:14:49.499000,1.11886,1.11883,1750000,1000000
2019-04-18 14:14:49.550000,1.11886,1.11883,1390000,1250000
2019-04-18 14:14:49.753000,1.11886,1.11883,1390000,1750000
2019-04-18 14:14:53.770000,1.11886,1.11882,1310000,4570000
2019-04-18 14:14:55.163000,1.11883,1.11881,1000000,4760000
2019-04-18 14:14:55.266000,1.11883,1.1188,2250000,2810000
2019-04-18 14:15:00.143000,1.11883,1.11881,2250000,1250000
