time,ask,bid,ask_volume,bid_volume
2020-07-10 12:25:17.040000,1.06814,1.06811,7600000,1000000
2020-07-10 12:25:19.098000,1.06811,1.06808,1970000,4950000
2020-07-10 12:25:19.199000,1.0681,1.06806,3700000,7840000
2020-07-10 12:25:20.320000,1.06809,1.06806,4410000,2440000
2020-07-10 12:25:29.837000,1.06807,1.06806,1000000,1690000
2020-07-10 12:25:34.822000,1.06808,1.06806,1390000,1000000
2020-07-10 12:25:35.074000,1.06807,1.06806,1000000,1000000
2020-07-10 12:25:35.175000,1.06808,1.06806,1390000,1000000
2020-07-10 12:25:35.376000,1.06807,1.06806,1000000,1000000
2020-07-10 12:25:35.912000,1.06807,1.06805,1000000,4690000
2020-07-10 12:25:37.650000,1.06808,1.06805,1390000,4690000
2020-07-10 12:25:38.789000,1.06807,1.06805,1000000,4690000
2020-07-10 12:25:38.890000,1.06808,1.06805,1390000,4690000
2020-07-10 12:25:45.795000,1.06808,1.06805,2200000,3000000
2020-07-10 12:25:46.638000,1.06808,1.06806,1200000,1250000
2020-07-10 12:25:53.711000,1.06807,1.06806,1000000,1250000
2020-07-10 12:25:53.900000,1.06808,1.06806,1200000,1250000
2020-07-10 12:26:46.672000,1.06809,1.06805,5720000,4500000
2020-07-10 12:26:51.225000,1.0681,1.06807,1310000,5140000
2020-07-10 12:26:51.326000,1.06809,1.06806,1250000,3190000
2020-07-10 12:27:00.394000,1.06809,1.06806,1790000,2440000
2020-07-10 12:27:22.045000,1.0681,1.06807,1310000,5140000
2020-07-10 12:27:22.196000,1.0681,1.06808,1000000,1250000
2020-07-10 12:27:26.398000,1.06812,1.06808,9470000,1690000
2020-07-10 12:27:34.918000,1.0681,1.06807,3320000,1000000
2020-07-10 12:27:51.019000,1.0681,1.06806,5720000,1690000
2020-07-10 12:27:56.796000,1.06809,1.06806,2260000,1690000
2020-07-10 12:27:57.275000,1.06809,1.06806,2260000,1690000
2020-07-10 12:27:57.326000,1.06805,1.06803,1690000,2320000
2020-07-10 12:27:57.377000,1.06803,1.06802,2700000,1250000
2020-07-10 12:27:57.428000,1.06799,1.06798,1000000,3940000
2020-07-10 12:27:57.478000,1.06798,1.06796,1010000,1100000
2020-07-10 12:27:57.580000,1.06798,1.06795,4540000,1250000
2020-07-10 12:27:57.681000,1.06798,1.06794,6850000,1690000
2020-07-10 12:27:58.287000,1.06796,1.06794,1000000,1690000
2020-07-10 12:27:58.338000,1.06795,1.06792,2200000,1120000
2020-07-10 12:27:59.857000,1.06796,1.06792,3770000,3640000
2020-07-10 12:28:00.080000,1.06796,1.06793,1010000,1690000
2020-07-10 12:28:28.318000,1.06794,1.06793,1200000,1000000
2020-07-10 12:28:28.369000,1.06794,1.06791,2140000,1000000
2020-07-10 12:28:30.614000,1.06795,1.06791,5810000,2440000
2020-07-10 12:28:30.716000,1.06795,1.06792,1120000,1250000
2020-07-10 12:28:31.252000,1.06796,1.06793,2510000,1000000
2020-07-10 12:28:36.431000,1.06795,1.06793,1000000,1000000
2020-07-10 12:28:36.597000,1.06796,1.06793,2440000,1000000
2020-07-10 12:28:38.895000,1.06794,1.06791,1220000,1200000
2020-07-10 12:28:38.997000,1.06793,1.0679,1010000,1760000
2020-07-10 12:28:50.275000,1.06792,1.0679,1250000,3750000
2020-07-10 12:28:50.515000,1.06793,1.0679,2660000,3750000
2020-07-10 12:28:52.495000,1.06792,1.0679,1000000,3750000
2020-07-10 12:28:52.596000,1.06792,1.0679,1250000,3750000
2020-07-10 12:28:52.697000,1.06793,1.0679,1970000,1000000
2020-07-10 12:28:54.090000,1.06792,1.0679,1250000,1000000
2020-07-10 12:28:55.428000,1.06793,1.0679,1970000,1000000
2020-07-10 12:28:55.783000,1.06793,1.0679,1910000,1250000
2020-07-10 12:29:00.229000,1.06792,1.0679,1000000,3940000
2020-07-10 12:29:00.482000,1.06792,1.06789,1160000,3940000
2020-07-10 12:29:00.584000,1.06792,1.06789,1970000,3750000
2020-07-10 12:29:01.032000,1.06792,1.06788,1970000,5020000
2020-07-10 12:29:02.474000,1.06791,1.06789,1250000,1000000
2020-07-10 12:29:05.242000,1.06793,1.06789,8470000,2440000
2020-07-10 12:29:05.344000,1.06794,1.0679,2660000,2140000
2020-07-10 12:29:07.256000,1.06794,1.06791,1390000,3750000
2020-07-10 12:29:16.513000,1.06796,1.06791,3100000,5950000
2020-07-10 12:29:16.564000,1.06797,1.06794,4010000,1250000
2020-07-10 12:29:16.665000,1.06798,1.06796,1750000,1000000
2020-07-10 12:29:20.920000,1.06799,1.06796,1120000,1250000
2020-07-10 12:29:21.257000,1.06799,1.06796,1750000,1000000
2020-07-10 12:29:24.407000,1.06799,1.06795,1750000,3940000
2020-07-10 12:29:32.486000,1.06798,1.06795,1250000,3000000
2020-07-10 12:29:32.588000,1.06797,1.06794,1250000,3000000
2020-07-10 12:29:32.802000,1.06798,1.06794,1250000,3560000
2020-07-10 12:29:40.033000,1.06797,1.06794,1250000,3000000
2020-07-10 12:29:41.073000,1.06797,1.06793,1250000,3190000
2020-07-10 12:29:41.175000,1.06796,1.06793,1250000,3000000
2020-07-10 12:29:42.641000,1.06796,1.06792,1250000,3940000
2020-07-10 12:29:46.415000,1.06798,1.06792,5250000,3750000
2020-07-10 12:29:47.243000,1.06797,1.06793,1000000,1000000
2020-07-10 12:29:47.345000,1.06799,1.06794,5250000,1000000
2020-07-10 12:29:47.447000,1.06799,1.06795,2250000,3000000
2020-07-10 12:29:47.856000,1.068,1.06795,1500000,3070000
2020-07-10 12:29:48.028000,1.06799,1.06795,1000000,3000000
2020-07-10 12:29:48.179000,1.06797,1.06794,1000000,3000000
2020-07-10 12:29:48.281000,1.06797,1.06792,1000000,3000000
2020-07-10 12:29:48.729000,1.06797,1.06793,1000000,3000000
2020-07-10 12:29:49.209000,1.06797,1.06792,1000000,3000000
2020-07-10 12:29:50.268000,1.06796,1.06792,1000000,3000000
2020-07-10 12:29:52.525000,1.06797,1.06792,1000000,3000000
2020-07-10 12:29:52.626000,1.06798,1.06793,1000000,3000000
2020-07-10 12:29:54.558000,1.06799,1.06793,3750000,3000000
2020-07-10 12:29:54.710000,1.06799,1.06795,1000000,3000000
2020-07-10 12:29:54.815000,1.06799,1.06794,1000000,3000000
2020-07-10 12:29:54.967000,1.06799,1.06793,1000000,3000000
2020-07-10 12:29:55.170000,1.06798,1.06793,1000000,3000000
2020-07-10 12:29:55.798000,1.06797,1.06793,1000000,3000000
2020-07-10 12:29:56.022000,1.06797,1.06791,1000000,3000000
2020-07-10 12:29:56.123000,1.06798,1.06791,1500000,3000000
2020-07-10 12:29:56.225000,1.06797,1.06793,1000000,3000000
2020-07-10 12:29:56.538000,1.06798,1.06793,1000000,3000000
2020-07-10 12:29:56.723000,1.06797,1.06793,1000000,3000000
2020-07-10 12:29:57.072000,1.06798,1.06793,1000000,3000000
2020-07-10 12:29:57.228000,1.06797,1.06793,1000000,3000000
2020-07-10 12:29:57.578000,1.06798,1.06793,1000000,3000000
2020-07-10 12:29:57.800000,1.06797,1.06793,1000000,3000000
2020-07-10 12:29:58.067000,1.06798,1.06791,3750000,4500000
2020-07-10 12:29:58.168000,1.06798,1.06796,1000000,1000000
2020-07-10 12:29:58.270000,1.06798,1.06794,1000000,1500000
2020-07-10 12:29:58.371000,1.06798,1.06795,1000000,3000000
2020-07-10 12:29:58.777000,1.06798,1.06794,1000000,3750000
2020-07-10 12:29:58.878000,1.06798,1.06795,1000000,3000000
2020-07-10 12:29:59.282000,1.06799,1.06794,1000000,3000000
2020-07-10 12:29:59.383000,1.068,1.06794,3750000,3000000
2020-07-10 12:29:59.535000,1.06799,1.06794,1000000,3000000
2020-07-10 12:29:59.637000,1.06798,1.06791,1000000,3000000
2020-07-10 12:29:59.738000,1.06797,1.06792,1000000,3000000
2020-07-10 12:29:59.839000,1.06797,1.06791,1000000,3000000
2020-07-10 12:29:59.990000,1.06797,1.0679,1000000,3750000
2020-07-10 12:30:00.092000,1.06797,1.06791,1000000,3000000
2020-07-10 12:30:00.294000,1.06798,1.06791,1000000,3000000
2020-07-10 12:30:00.797000,1.06796,1.06791,1000000,3000000
2020-07-10 12:30:00.849000,1.06798,1.06791,1000000,3750000
2020-07-10 12:30:00.950000,1.068,1.06791,1000000,3750000
2020-07-10 12:30:01.209000,1.06797,1.06792,1000000,1000000
2020-07-10 12:30:01.310000,1.06797,1.0679,1000000,2250000
2020-07-10 12:30:01.411000,1.06797,1.06791,1000000,3000000
2020-07-10 12:30:01.462000,1.06797,1.06793,1000000,3000000
2020-07-10 12:30:01.564000,1.06797,1.06792,1000000,3000000
2020-07-10 12:30:01.666000,1.06797,1.06793,1000000,3000000
2020-07-10 12:30:02.250000,1.06799,1.06794,1000000,1690000
2020-07-10 12:30:02.452000,1.06801,1.06794,1000000,2440000
2020-07-10 12:30:03.149000,1.06801,1.06796,1000000,1000000
2020-07-10 12:30:03.525000,1.06797,1.06792,1000000,1690000
2020-07-10 12:30:03.576000,1.06799,1.06792,1000000,1690000
2020-07-10 12:30:03.677000,1.06799,1.06793,1000000,3000000
2020-07-10 12:30:03.778000,1.06798,1.06793,1000000,3000000
2020-07-10 12:30:05.594000,1.06797,1.06793,1000000,3000000
2020-07-10 12:30:05.695000,1.06798,1.06793,3000000,3000000
2020-07-10 12:30:05.846000,1.06797,1.06793,1000000,3000000
2020-07-10 12:30:05.954000,1.06797,1.06792,1500000,3000000
2020-07-10 12:30:06.612000,1.06796,1.06792,1250000,3940000
2020-07-10 12:30:08.181000,1.06797,1.06793,2500000,1250000
2020-07-10 12:30:08.411000,1.06797,1.06794,1690000,1250000
2020-07-10 12:30:08.562000,1.06797,1.06793,2500000,1250000
2020-07-10 12:30:08.664000,1.06797,1.06794,1000000,1250000
2020-07-10 12:30:08.765000,1.06798,1.06794,1250000,4000000
2020-07-10 12:30:08.817000,1.068,1.06794,4690000,4750000
2020-07-10 12:30:09.020000,1.068,1.06796,1250000,1250000
2020-07-10 12:30:09.122000,1.06801,1.06797,1690000,1250000
2020-07-10 12:30:09.376000,1.06802,1.06799,1250000,1250000
2020-07-10 12:30:09.478000,1.06802,1.06798,1750000,1250000
2020-07-10 12:30:13.313000,1.06801,1.06799,1250000,1000000
2020-07-10 12:30:15.225000,1.06801,1.06798,1000000,4690000
2020-07-10 12:30:16.619000,1.068,1.06798,1250000,1000000
2020-07-10 12:30:20.934000,1.06798,1.06795,1000000,1690000
2020-07-10 12:30:21.035000,1.06797,1.06794,2060000,1000000
2020-07-10 12:30:21.149000,1.06796,1.06794,1250000,1000000
2020-07-10 12:30:27.277000,1.06795,1.06794,1250000,1000000
2020-07-10 12:30:27.778000,1.06796,1.06794,2060000,1000000
2020-07-10 12:30:27.953000,1.06795,1.06794,1250000,1000000
2020-07-10 12:30:28.285000,1.06796,1.06794,2060000,1000000
2020-07-10 12:30:28.620000,1.06796,1.06793,1690000,1000000
2020-07-10 12:30:32.073000,1.06797,1.06793,1310000,2890000
2020-07-10 12:30:32.226000,1.06798,1.06795,3010000,1000000
2020-07-10 12:30:32.429000,1.06798,1.06795,1390000,1000000
2020-07-10 12:30:33.718000,1.06798,1.06796,1390000,1000000
2020-07-10 12:30:34.196000,1.06797,1.06796,1250000,1000000
2020-07-10 12:30:34.687000,1.06797,1.06795,2950000,1000000
2020-07-10 12:30:37.092000,1.06796,1.06795,1250000,1000000
2020-07-10 12:30:44.451000,1.06797,1.06795,2140000,1000000
2020-07-10 12:30:45.082000,1.06797,1.06794,2890000,1000000
2020-07-10 12:30:45.184000,1.06796,1.06794,1600000,1000000
2020-07-10 12:30:50.471000,1.06796,1.06794,1390000,1000000
2020-07-10 12:31:01.455000,1.06797,1.06794,3640000,1000000
2020-07-10 12:31:01.556000,1.06797,1.06795,3640000,1000000
2020-07-10 12:31:02.677000,1.06798,1.06796,1250000,1000000
2020-07-10 12:31:02.778000,1.06799,1.06796,1310000,1000000
2020-07-10 12:31:02.879000,1.068,1.06796,4310000,2140000
2020-07-10 12:31:03.031000,1.068,1.06798,2810000,1000000
2020-07-10 12:31:03.493000,1.068,1.06797,1000000,2140000
2020-07-10 12:31:03.645000,1.06801,1.06797,2440000,2140000
2020-07-10 12:31:04.407000,1.06801,1.06798,2440000,1000000
2020-07-10 12:31:05.236000,1.068,1.06797,1000000,5210000
2020-07-10 12:31:05.489000,1.06801,1.06798,1690000,1000000
2020-07-10 12:31:08.208000,1.06799,1.06797,1000000,1000000
2020-07-10 12:31:08.309000,1.06798,1.06795,1000000,2510000
2020-07-10 12:31:15.358000,1.06797,1.06795,1250000,1200000
2020-07-10 12:31:19.727000,1.06796,1.06795,1250000,1000000
2020-07-10 12:31:20.613000,1.06796,1.06794,1250000,1100000
2020-07-10 12:31:20.714000,1.06795,1.06792,1690000,4010000
2020-07-10 12:31:20.916000,1.06794,1.06791,1250000,5320000
2020-07-10 12:31:21.174000,1.06794,1.06791,1250000,5850000
2020-07-10 12:31:21.949000,1.06794,1.06791,1250000,6070000
2020-07-10 12:31:25.677000,1.06795,1.06791,5500000,5890000
2020-07-10 12:31:27.133000,1.06795,1.06791,5500000,6860000
2020-07-10 12:31:27.436000,1.06795,1.06793,1250000,1000000
2020-07-10 12:31:28.575000,1.06796,1.06793,1940000,1000000
2020-07-10 12:31:33.688000,1.06795,1.06793,1250000,1000000
2020-07-10 12:31:33.840000,1.06796,1.06793,1750000,1000000
2020-07-10 12:31:38.550000,1.06794,1.06792,1250000,3750000
2020-07-10 12:31:38.651000,1.06794,1.06792,1250000,1000000
2020-07-10 12:31:40.406000,1.06795,1.06792,2500000,1200000
2020-07-10 12:31:40.915000,1.06794,1.06792,1250000,1000000
2020-07-10 12:31:41.922000,1.06794,1.06791,1750000,1000000
2020-07-10 12:31:42.023000,1.06794,1.0679,1750000,4570000
2020-07-10 12:31:42.790000,1.06793,1.06789,3060000,4570000
2020-07-10 12:31:43.044000,1.06792,1.06789,1750000,1000000
2020-07-10 12:31:43.247000,1.06792,1.06789,1250000,4690000
2020-07-10 12:31:48.379000,1.06792,1.06789,1250000,6040000
2020-07-10 12:31:48.580000,1.06792,1.06789,1250000,5890000
2020-07-10 12:31:50.676000,1.06792,1.0679,1250000,3000000
2020-07-10 12:31:51.116000,1.06792,1.06789,1250000,5890000
2020-07-10 12:31:51.367000,1.06792,1.0679,1250000,3000000
2020-07-10 12:31:51.619000,1.06792,1.06789,1250000,5890000
2020-07-10 12:32:04.053000,1.06792,1.0679,1250000,3000000
2020-07-10 12:32:04.156000,1.0679,1.06788,1450000,1000000
2020-07-10 12:32:04.460000,1.06791,1.06788,3250000,1000000
2020-07-10 12:32:06.444000,1.06791,1.06788,1750000,1000000
2020-07-10 12:32:07.981000,1.06791,1.06788,1750000,3750000
2020-07-10 12:32:08.537000,1.0679,1.06788,1250000,3750000
2020-07-10 12:32:12.473000,1.06791,1.06788,5200000,1000000
2020-07-10 12:32:12.699000,1.06791,1.06788,4200000,1000000
2020-07-10 12:32:13.862000,1.06791,1.06788,5570000,1000000
2020-07-10 12:32:19.953000,1.0679,1.06787,7010000,1690000
2020-07-10 12:32:20.054000,1.06789,1.06787,3000000,1690000
2020-07-10 12:32:20.446000,1.0679,1.06787,3260000,4690000
2020-07-10 12:32:22.452000,1.0679,1.06787,2950000,3750000
2020-07-10 12:32:24.995000,1.0679,1.06787,2140000,4690000
2020-07-10 12:32:26.815000,1.0679,1.06787,4570000,1000000
2020-07-10 12:32:38.040000,1.06787,1.06785,2250000,1200000
2020-07-10 12:32:38.141000,1.06785,1.06784,1250000,3450000
2020-07-10 12:32:38.243000,1.06785,1.06782,1250000,2290000
2020-07-10 12:32:47.207000,1.06785,1.06782,1690000,1200000
2020-07-10 12:32:48.971000,1.06784,1.06782,1000000,3450000
2020-07-10 12:32:53.080000,1.06784,1.06781,1000000,2810000
2020-07-10 12:32:53.181000,1.06784,1.06782,1000000,3000000
2020-07-10 12:32:58.618000,1.06784,1.06781,1000000,5440000
2020-07-10 12:33:00.130000,1.06786,1.06782,1690000,5640000
2020-07-10 12:33:00.231000,1.06787,1.06785,2060000,1000000
2020-07-10 12:33:00.333000,1.06788,1.06785,1500000,1000000
2020-07-10 12:33:00.486000,1.06789,1.06786,2140000,1000000
2020-07-10 12:33:04.497000,1.06789,1.06787,1000000,3000000
2020-07-10 12:33:04.598000,1.0679,1.06787,1000000,4690000
2020-07-10 12:33:06.605000,1.06791,1.06787,3000000,5250000
2020-07-10 12:33:06.707000,1.06792,1.06787,10010000,5250000
2020-07-10 12:33:07.825000,1.0679,1.06787,1250000,5250000
2020-07-10 12:33:09.478000,1.06792,1.06787,7750000,6250000
2020-07-10 12:33:10.185000,1.0679,1.06788,1250000,3000000
2020-07-10 12:33:10.286000,1.0679,1.06787,1250000,5250000
2020-07-10 12:33:16.630000,1.0679,1.06788,1250000,1000000
2020-07-10 12:33:18.248000,1.0679,1.06787,1250000,5440000
2020-07-10 12:33:23.423000,1.06789,1.06787,1000000,4690000
2020-07-10 12:33:23.525000,1.06787,1.06784,2440000,2910000
2020-07-10 12:33:23.626000,1.06785,1.06783,1250000,1000000
2020-07-10 12:33:23.727000,1.06785,1.06782,1690000,3940000
2020-07-10 12:33:23.828000,1.06785,1.06782,1000000,4750000
2020-07-10 12:33:25.021000,1.06785,1.06782,3190000,3940000
2020-07-10 12:33:25.122000,1.06784,1.06782,1000000,3940000
2020-07-10 12:33:25.324000,1.06784,1.06781,2140000,4690000
2020-07-10 12:33:25.476000,1.06784,1.06781,1200000,4750000
2020-07-10 12:33:26.965000,1.06784,1.06781,1690000,3940000
2020-07-10 12:33:27.080000,1.06784,1.06781,1000000,4750000
2020-07-10 12:33:28.146000,1.06785,1.06782,7390000,1250000
2020-07-10 12:33:38.144000,1.06785,1.06782,4450000,1000000
2020-07-10 12:33:42.884000,1.06781,1.06779,1250000,11320000
2020-07-10 12:33:42.985000,1.06781,1.06778,2810000,1690000
2020-07-10 12:33:43.086000,1.0678,1.06777,1250000,4200000
2020-07-10 12:33:44.110000,1.0678,1.06776,2500000,5620000
2020-07-10 12:33:44.211000,1.06778,1.06776,1000000,3940000
2020-07-10 12:33:44.363000,1.06778,1.06775,1390000,1250000
2020-07-10 12:33:45.624000,1.06777,1.06774,1000000,4690000
2020-07-10 12:33:46.473000,1.06777,1.06774,7040000,1000000
2020-07-10 12:33:46.524000,1.06775,1.06772,1000000,4120000
2020-07-10 12:33:47.184000,1.06776,1.06772,1250000,5700000
2020-07-10 12:33:47.285000,1.06776,1.06773,1000000,1390000
2020-07-10 12:33:47.387000,1.06777,1.06773,1250000,5890000
2020-07-10 12:33:47.488000,1.06777,1.06774,1250000,3000000
2020-07-10 12:33:47.590000,1.06778,1.06774,1950000,3000000
2020-07-10 12:33:49.327000,1.06776,1.06773,1390000,1500000
2020-07-10 12:33:49.529000,1.06775,1.06773,1250000,1500000
2020-07-10 12:33:51.412000,1.06776,1.06773,1250000,4500000
2020-07-10 12:33:51.513000,1.06777,1.06774,1310000,3000000
2020-07-10 12:33:51.614000,1.06778,1.06774,2700000,3000000
2020-07-10 12:33:51.841000,1.06778,1.06774,3700000,3940000
2020-07-10 12:34:01.105000,1.06778,1.06774,1000000,4120000
2020-07-10 12:34:04.376000,1.06776,1.06774,1000000,3750000
2020-07-10 12:34:04.982000,1.06778,1.06774,1500000,3750000
2020-07-10 12:34:05.109000,1.06777,1.06774,1250000,3940000
2020-07-10 12:34:05.627000,1.06776,1.06774,1000000,3940000
2020-07-10 12:34:05.821000,1.06777,1.06774,1690000,3940000
2020-07-10 12:34:06.278000,1.06776,1.06774,1000000,3940000
2020-07-10 12:34:06.574000,1.06777,1.06774,1690000,3940000
2020-07-10 12:34:08.665000,1.06777,1.06775,1690000,1000000
2020-07-10 12:34:10.253000,1.06776,1.06775,1000000,1000000
2020-07-10 12:34:11.897000,1.06777,1.06775,2140000,1000000
2020-07-10 12:34:29.611000,1.06777,1.06776,1250000,1120000
2020-07-10 12:34:29.712000,1.0678,1.06778,2140000,1000000
2020-07-10 12:34:30.117000,1.0678,1.06779,1390000,1000000
2020-07-10 12:34:30.218000,1.06781,1.06779,1390000,1000000
2020-07-10 12:34:30.320000,1.06781,1.06779,2390000,1000000
2020-07-10 12:34:30.815000,1.0678,1.06778,1850000,1000000
2020-07-10 12:34:31.945000,1.06779,1.06777,1450000,1000000
2020-07-10 12:34:32.248000,1.0678,1.06778,1750000,1000000
2020-07-10 12:34:32.349000,1.0678,1.06779,1250000,1000000
2020-07-10 12:34:32.804000,1.06782,1.0678,2200000,1000000
2020-07-10 12:34:33.298000,1.06782,1.06781,1250000,1000000
2020-07-10 12:34:33.871000,1.06783,1.06781,1390000,1000000
2020-07-10 12:34:35.975000,1.06782,1.06781,1250000,1000000
2020-07-10 12:34:38.076000,1.06782,1.0678,1250000,1500000
2020-07-10 12:34:40.815000,1.06782,1.06779,3190000,3940000
2020-07-10 12:34:40.866000,1.0678,1.06778,1390000,1000000
2020-07-10 12:34:40.968000,1.06779,1.06777,1250000,1000000
2020-07-10 12:34:42.689000,1.06779,1.06777,2200000,1000000
2020-07-10 12:34:45.566000,1.06779,1.06776,2570000,1000000
2020-07-10 12:34:48.401000,1.06778,1.06776,1250000,1000000
2020-07-10 12:34:48.604000,1.06779,1.06776,3320000,1000000
2020-07-10 12:34:49.181000,1.06778,1.06775,1250000,3940000
2020-07-10 12:34:49.720000,1.06779,1.06776,2200000,1000000
2020-07-10 12:34:51.833000,1.06778,1.06776,1250000,1000000
2020-07-10 12:34:52.032000,1.06779,1.06776,2200000,1000000
2020-07-10 12:34:57.694000,1.06779,1.06777,1750000,1000000
2020-07-10 12:34:57.796000,1.06779,1.06777,1000000,5440000
2020-07-10 12:35:05.679000,1.06779,1.06777,1250000,3750000
2020-07-10 12:35:06.812000,1.06778,1.06775,2200000,1000000
2020-07-10 12:35:06.862000,1.06775,1.06773,1000000,1220000
2020-07-10 12:35:06.913000,1.06775,1.06772,1690000,3940000
2020-07-10 12:35:08.127000,1.06775,1.06773,1690000,1000000
2020-07-10 12:35:08.228000,1.06776,1.06774,2060000,1000000
2020-07-10 12:35:21.928000,1.06777,1.06774,1250000,3750000
2020-07-10 12:35:22.030000,1.06778,1.06774,2890000,4690000
2020-07-10 12:35:32.091000,1.06777,1.06774,1250000,3940000
2020-07-10 12:35:48.715000,1.06776,1.06774,1250000,3000000
2020-07-10 12:35:49.405000,1.06776,1.06773,1250000,5890000
2020-07-10 12:35:49.506000,1.06776,1.06774,1250000,3000000
2020-07-10 12:35:49.607000,1.06776,1.06773,1250000,5890000
2020-07-10 12:35:51.119000,1.06776,1.06774,1250000,3000000
2020-07-10 12:35:51.579000,1.06775,1.06773,5010000,1000000
2020-07-10 12:35:51.680000,1.06774,1.06772,1310000,1000000
2020-07-10 12:35:51.781000,1.06773,1.06771,1250000,1500000
2020-07-10 12:35:51.883000,1.06774,1.06772,2120000,1000000
2020-07-10 12:35:54.242000,1.06774,1.06771,3320000,1000000
2020-07-10 12:35:54.394000,1.06773,1.06771,1250000,1000000
2020-07-10 12:35:57.006000,1.06771,1.06768,2500000,3750000
2020-07-10 12:35:57.107000,1.06771,1.06767,3440000,5320000
2020-07-10 12:35:58.534000,1.06771,1.06768,1940000,3000000
2020-07-10 12:35:59.629000,1.06771,1.06767,1940000,6070000
2020-07-10 12:36:00.314000,1.06771,1.06768,1750000,3000000
2020-07-10 12:36:01.023000,1.06771,1.06767,1750000,5960000
2020-07-10 12:36:02.088000,1.06771,1.06768,1750000,3000000
2020-07-10 12:36:03.255000,1.06771,1.06769,1250000,1000000
2020-07-10 12:36:03.356000,1.06772,1.06769,2500000,1000000
2020-07-10 12:36:04.760000,1.06772,1.06769,1250000,1250000
2020-07-10 12:36:20.927000,1.06772,1.06769,1750000,1000000
2020-07-10 12:36:31.772000,1.06772,1.06769,1250000,1250000
2020-07-10 12:36:32.264000,1.06773,1.0677,1000000,1200000
2020-07-10 12:36:32.912000,1.06773,1.06771,1000000,1250000
2020-07-10 12:36:33.013000,1.06774,1.06771,3940000,1250000
2020-07-10 12:36:33.316000,1.06774,1.06771,5350000,1000000
2020-07-10 12:36:33.468000,1.06774,1.0677,5350000,5440000
2020-07-10 12:36:34.180000,1.06774,1.06771,1950000,1250000
2020-07-10 12:36:36.115000,1.06774,1.0677,3640000,2440000
2020-07-10 12:36:36.216000,1.06774,1.0677,3790000,1690000
2020-07-10 12:36:36.317000,1.06774,1.0677,3640000,1690000
2020-07-10 12:36:41.757000,1.06774,1.06771,1500000,1250000
2020-07-10 12:36:42.540000,1.06774,1.0677,4690000,6190000
2020-07-10 12:36:42.692000,1.06773,1.0677,1250000,1500000
2020-07-10 12:36:47.050000,1.06774,1.0677,2810000,1690000
2020-07-10 12:36:47.152000,1.06775,1.06771,1760000,5440000
2020-07-10 12:36:47.893000,1.06774,1.06771,3450000,2440000
2020-07-10 12:36:58.050000,1.06773,1.06771,1250000,1000000
2020-07-10 12:37:00.953000,1.06774,1.06771,2810000,1000000
2020-07-10 12:37:01.828000,1.06773,1.06771,1250000,1000000
2020-07-10 12:37:07.221000,1.06773,1.06769,1760000,6190000
2020-07-10 12:37:13.461000,1.06773,1.0677,2510000,1000000
2020-07-10 12:37:13.563000,1.06772,1.0677,1250000,1000000
2020-07-10 12:37:16.189000,1.06772,1.06769,1250000,3750000
2020-07-10 12:37:17.670000,1.06772,1.0677,1690000,1000000
2020-07-10 12:37:26.289000,1.06774,1.06771,2140000,3750000
2020-07-10 12:37:26.391000,1.06775,1.06771,4010000,5440000
2020-07-10 12:37:26.698000,1.06774,1.06771,3000000,2440000
2020-07-10 12:37:26.901000,1.06774,1.06771,4410000,1000000
2020-07-10 12:37:27.394000,1.06774,1.06771,4390000,1500000
2020-07-10 12:37:30.829000,1.06773,1.06771,1250000,1000000
2020-07-10 12:37:31.334000,1.06774,1.06771,5140000,1000000
2020-07-10 12:37:32.675000,1.06773,1.06771,1000000,1000000
2020-07-10 12:37:32.776000,1.06773,1.06769,1950000,4500000
2020-07-10 12:37:33.129000,1.06773,1.06769,3390000,1500000
2020-07-10 12:37:39.110000,1.06771,1.06768,1000000,2890000
2020-07-10 12:37:39.931000,1.0677,1.06768,1250000,1500000
2020-07-10 12:37:40.032000,1.0677,1.06767,2440000,3000000
2020-07-10 12:37:40.133000,1.0677,1.06766,5440000,5140000
2020-07-10 12:37:40.837000,1.0677,1.06766,4690000,6790000
2020-07-10 12:37:42.186000,1.0677,1.06766,2440000,5510000
2020-07-10 12:37:43.302000,1.0677,1.06766,2440000,7160000
2020-07-10 12:37:43.504000,1.0677,1.06766,2440000,5510000
2020-07-10 12:37:43.761000,1.0677,1.06766,2440000,7160000
2020-07-10 12:37:44.678000,1.06769,1.06766,1250000,4570000
2020-07-10 12:37:49.849000,1.06767,1.06765,1000000,3450000
2020-07-10 12:37:49.951000,1.06765,1.06762,1690000,5510000
2020-07-10 12:37:50.052000,1.06764,1.06761,1000000,5720000
2020-07-10 12:37:54.326000,1.06765,1.06763,1000000,1950000
2020-07-10 12:37:54.377000,1.06766,1.06764,1000000,1570000
2020-07-10 12:37:54.480000,1.06767,1.06764,1250000,1010000
2020-07-10 12:37:54.582000,1.06767,1.06764,1000000,1820000
2020-07-10 12:37:54.737000,1.06767,1.06764,1500000,1100000
2020-07-10 12:37:54.838000,1.06767,1.06764,1500000,1450000
2020-07-10 12:37:54.939000,1.06767,1.06763,1250000,5570000
2020-07-10 12:37:55.494000,1.06767,1.06763,1690000,4390000
2020-07-10 12:37:55.949000,1.06766,1.06763,1000000,3450000
2020-07-10 12:37:57.365000,1.06766,1.06763,1000000,1450000
2020-07-10 12:37:59.248000,1.06766,1.06762,1000000,3490000
2020-07-10 12:38:00.209000,1.06766,1.06762,1000000,7090000
2020-07-10 12:38:00.360000,1.06766,1.06763,1000000,1250000
2020-07-10 12:38:01.573000,1.06766,1.06762,1250000,8420000
2020-07-10 12:38:01.775000,1.06766,1.06763,1000000,4450000
2020-07-10 12:38:02.218000,1.06767,1.06764,1690000,1250000
2020-07-10 12:38:04.222000,1.06767,1.06764,2950000,1000000
2020-07-10 12:38:04.475000,1.06767,1.06764,2140000,1250000
2020-07-10 12:38:04.677000,1.06767,1.06764,2950000,1000000
2020-07-10 12:38:05.532000,1.06767,1.06764,1950000,1000000
2020-07-10 12:38:07.266000,1.06768,1.06766,3190000,1000000
2020-07-10 12:38:10.225000,1.06768,1.06765,2140000,1690000
2020-07-10 12:38:12.234000,1.06768,1.06765,1000000,2500000
2020-07-10 12:38:12.335000,1.06768,1.06765,1390000,1690000
2020-07-10 12:38:14.034000,1.06768,1.06765,3700000,1000000
2020-07-10 12:38:20.274000,1.06766,1.06765,2140000,1000000
2020-07-10 12:38:20.939000,1.06769,1.06768,2590000,1000000
2020-07-10 12:38:21.534000,1.06771,1.06768,5200000,1000000
2020-07-10 12:38:22.801000,1.06771,1.06769,4820000,1000000
2020-07-10 12:38:23.257000,1.06769,1.06768,1950000,1000000
2020-07-10 12:38:23.772000,1.0677,1.06768,5140000,1000000
2020-07-10 12:38:23.873000,1.06769,1.06768,1950000,1000000
2020-07-10 12:38:24.029000,1.06771,1.06768,7820000,1000000
2020-07-10 12:38:24.892000,1.06769,1.06768,1950000,1000000
2020-07-10 12:38:25.046000,1.06767,1.06766,1950000,1000000
2020-07-10 12:38:25.147000,1.06767,1.06765,2140000,1000000
2020-07-10 12:38:27.583000,1.06768,1.06765,2890000,1250000
2020-07-10 12:38:27.836000,1.06768,1.06766,2140000,1000000
2020-07-10 12:38:27.987000,1.06769,1.06767,1950000,1000000
2020-07-10 12:38:28.089000,1.0677,1.06767,1250000,1500000
2020-07-10 12:38:28.190000,1.0677,1.06768,1250000,1000000
2020-07-10 12:38:30.370000,1.06767,1.06766,1950000,1690000
2020-07-10 12:38:30.472000,1.06767,1.06765,1950000,2440000
2020-07-10 12:38:33.084000,1.06767,1.06765,2950000,1000000
2020-07-10 12:38:33.467000,1.06767,1.06765,2140000,1000000
2020-07-10 12:38:33.974000,1.06767,1.06764,2890000,1250000
2020-07-10 12:38:39.647000,1.06767,1.06765,2140000,1000000
2020-07-10 12:38:40.509000,1.06768,1.06766,2890000,1000000
2020-07-10 12:38:40.610000,1.06767,1.06765,1950000,1690000
2020-07-10 12:38:44.862000,1.06767,1.06764,2890000,1690000
2020-07-10 12:38:46.061000,1.06766,1.06763,2700000,2500000
2020-07-10 12:38:49.917000,1.06766,1.06763,1250000,1690000
2020-07-10 12:38:51.706000,1.06766,1.06763,1000000,2500000
2020-07-10 12:38:52.196000,1.06766,1.06763,1250000,1250000
2020-07-10 12:38:53.068000,1.06767,1.06764,4070000,1000000
2020-07-10 12:38:54.028000,1.06767,1.06764,3640000,1000000
2020-07-10 12:38:59.025000,1.06768,1.06765,6260000,1000000
2020-07-10 12:38:59.673000,1.06768,1.06767,1000000,1000000
2020-07-10 12:38:59.724000,1.06769,1.06765,6600000,1390000
2020-07-10 12:39:01.234000,1.06769,1.06767,1600000,1000000
2020-07-10 12:39:01.631000,1.06769,1.06767,1200000,1000000
2020-07-10 12:39:01.883000,1.06769,1.06767,2850000,1000000
2020-07-10 12:39:02.752000,1.06769,1.06765,3790000,4500000
2020-07-10 12:39:02.853000,1.06768,1.06765,2100000,1000000
2020-07-10 12:39:03.770000,1.06769,1.06765,6040000,1000000
2020-07-10 12:39:03.973000,1.06768,1.06765,2100000,1000000
2020-07-10 12:39:04.276000,1.06769,1.06765,5660000,1000000
2020-07-10 12:39:04.428000,1.06768,1.06764,2100000,6190000
2020-07-10 12:39:05.633000,1.06769,1.06764,5660000,7760000
2020-07-10 12:39:06.029000,1.06768,1.06764,1850000,5250000
2020-07-10 12:39:08.049000,1.06768,1.06764,1390000,1500000
2020-07-10 12:39:10.702000,1.06769,1.06764,8290000,2440000
2020-07-10 12:39:13.200000,1.06768,1.06764,1760000,4500000
2020-07-10 12:39:13.723000,1.06768,1.06764,1910000,4500000
2020-07-10 12:39:15.583000,1.06768,1.06764,1760000,4500000
2020-07-10 12:39:16.825000,1.06769,1.06764,4760000,8140000
2020-07-10 12:39:17.644000,1.06769,1.06766,1200000,1000000
2020-07-10 12:39:17.746000,1.0677,1.06765,3410000,8140000
2020-07-10 12:39:17.847000,1.0677,1.06766,3410000,3000000
2020-07-10 12:39:19.342000,1.0677,1.06767,7910000,1000000
2020-07-10 12:39:19.393000,1.06769,1.06765,1390000,1120000
2020-07-10 12:39:19.494000,1.06769,1.06765,3410000,4500000
2020-07-10 12:39:19.596000,1.06769,1.06764,4910000,6940000
2020-07-10 12:39:20.243000,1.06769,1.06764,2660000,9260000
2020-07-10 12:39:20.930000,1.06769,1.06766,1100000,1000000
2020-07-10 12:39:21.032000,1.06769,1.06765,3220000,3190000
2020-07-10 12:39:22.898000,1.06769,1.06765,2100000,3940000
2020-07-10 12:39:22.999000,1.06768,1.06765,1600000,2440000
2020-07-10 12:39:23.423000,1.06768,1.06765,1200000,2440000
2020-07-10 12:39:23.693000,1.06768,1.06765,1600000,2440000
2020-07-10 12:39:23.895000,1.06767,1.06764,2100000,2440000
2020-07-10 12:39:25.254000,1.06766,1.06763,1200000,1690000
2020-07-10 12:39:26.406000,1.06766,1.06763,2290000,1500000
2020-07-10 12:39:26.608000,1.06764,1.06761,1200000,4690000
2020-07-10 12:39:31.022000,1.06764,1.0676,1200000,6190000
2020-07-10 12:39:31.863000,1.06764,1.06761,1200000,1500000
2020-07-10 12:39:32.015000,1.06764,1.0676,1000000,6940000
2020-07-10 12:39:36.107000,1.06763,1.0676,2140000,3000000
2020-07-10 12:39:36.260000,1.06763,1.06759,1950000,5440000
2020-07-10 12:39:38.093000,1.06763,1.0676,1200000,1000000
2020-07-10 12:39:40.096000,1.06763,1.06761,1000000,3000000
2020-07-10 12:39:40.197000,1.06764,1.06761,1200000,1000000
2020-07-10 12:39:40.298000,1.06765,1.06762,3260000,1000000
2020-07-10 12:39:44.676000,1.06764,1.06762,3000000,1000000
2020-07-10 12:39:44.777000,1.06765,1.06762,1200000,1000000
2020-07-10 12:39:52.900000,1.06766,1.06763,6040000,1000000
2020-07-10 12:40:08.684000,1.06766,1.06763,2890000,1000000
2020-07-10 12:40:08.836000,1.06767,1.06764,3670000,1000000
2020-07-10 12:40:09.038000,1.06767,1.06764,1200000,3750000
2020-07-10 12:40:09.140000,1.06768,1.06767,2440000,1000000
2020-07-10 12:40:09.241000,1.06769,1.06766,1000000,3750000
2020-07-10 12:40:09.393000,1.06769,1.06765,2850000,5440000
2020-07-10 12:40:10.020000,1.0677,1.06765,5360000,6560000
2020-07-10 12:40:10.121000,1.06769,1.06765,1600000,5440000
2020-07-10 12:40:10.729000,1.06769,1.06765,1200000,8140000
2020-07-10 12:40:10.830000,1.06769,1.06765,1600000,7310000
2020-07-10 12:40:11.454000,1.06769,1.06766,1600000,1250000
2020-07-10 12:40:12.791000,1.0677,1.06767,4350000,1000000
2020-07-10 12:40:13.478000,1.0677,1.06767,3790000,1000000
2020-07-10 12:40:13.583000,1.0677,1.06766,4540000,3750000
2020-07-10 12:40:14.041000,1.0677,1.06766,6860000,1000000
2020-07-10 12:40:15.113000,1.0677,1.06768,4200000,1500000
2020-07-10 12:40:15.214000,1.06771,1.06769,1390000,1000000
2020-07-10 12:40:19.450000,1.06772,1.06769,1250000,4500000
2020-07-10 12:40:20.182000,1.06772,1.06769,1850000,1000000
2020-07-10 12:40:22.257000,1.06773,1.06769,7160000,1000000
2020-07-10 12:40:23.081000,1.06773,1.06769,4910000,3750000
2020-07-10 12:40:27.310000,1.06771,1.06768,4350000,1000000
2020-07-10 12:40:27.513000,1.06771,1.06768,1200000,3750000
2020-07-10 12:40:28.753000,1.06771,1.06768,1600000,1000000
2020-07-10 12:40:29.983000,1.0677,1.06767,2100000,1000000
2020-07-10 12:40:30.084000,1.06769,1.06766,1000000,3750000
2020-07-10 12:40:30.185000,1.06769,1.06766,2290000,1000000
2020-07-10 12:40:30.664000,1.0677,1.06767,4200000,1000000
2020-07-10 12:40:30.815000,1.06771,1.06768,1720000,1000000
2020-07-10 12:40:30.916000,1.06771,1.06768,1200000,1000000
2020-07-10 12:40:33.718000,1.06771,1.06768,3790000,1000000
2020-07-10 12:40:34.527000,1.06771,1.06768,4160000,1000000
2020-07-10 12:40:35.112000,1.06771,1.06768,1950000,1000000
2020-07-10 12:40:36.472000,1.06771,1.06768,4540000,1000000
2020-07-10 12:40:36.573000,1.0677,1.06767,1600000,1000000
2020-07-10 12:40:36.624000,1.0677,1.06767,1200000,1000000
2020-07-10 12:40:38.564000,1.0677,1.06768,1000000,3000000
2020-07-10 12:40:38.767000,1.0677,1.06767,3750000,1000000
2020-07-10 12:40:38.869000,1.0677,1.06768,1000000,3000000
2020-07-10 12:40:39.631000,1.0677,1.06767,3750000,1000000
2020-07-10 12:40:39.791000,1.0677,1.06768,1000000,3000000
2020-07-10 12:40:39.943000,1.0677,1.06767,3750000,1000000
2020-07-10 12:40:40.045000,1.06771,1.06769,1390000,1000000
2020-07-10 12:40:41.097000,1.0677,1.06769,3000000,1000000
2020-07-10 12:40:41.253000,1.06771,1.06769,2890000,1000000
2020-07-10 12:40:41.572000,1.06771,1.06769,5290000,1000000
2020-07-10 12:40:41.926000,1.06771,1.06769,1870000,1000000
2020-07-10 12:40:43.642000,1.0677,1.06769,3000000,1000000
2020-07-10 12:40:43.744000,1.06771,1.06769,1690000,1000000
2020-07-10 12:40:44.252000,1.06771,1.06768,3790000,1000000
2020-07-10 12:40:44.353000,1.06771,1.06769,2890000,1000000
2020-07-10 12:40:44.455000,1.0677,1.06769,3000000,1000000
2020-07-10 12:40:44.606000,1.06771,1.06769,2140000,1000000
2020-07-10 12:40:46.259000,1.0677,1.06768,1390000,1000000
2020-07-10 12:40:48.354000,1.06771,1.06768,1390000,1000000
2020-07-10 12:40:48.456000,1.06771,1.0677,1250000,1000000
2020-07-10 12:40:48.557000,1.06772,1.0677,1200000,4500000
2020-07-10 12:40:52.405000,1.06772,1.0677,3410000,1000000
2020-07-10 12:40:52.507000,1.06772,1.06769,10670000,1000000
2020-07-10 12:40:52.608000,1.06772,1.06769,2350000,6000000
2020-07-10 12:40:52.710000,1.06772,1.06771,1390000,1000000
2020-07-10 12:40:53.533000,1.06771,1.0677,1000000,1000000
2020-07-10 12:40:53.634000,1.06772,1.06771,1390000,1000000
2020-07-10 12:40:54.101000,1.06772,1.0677,1390000,1000000
2020-07-10 12:40:54.253000,1.06772,1.06771,1390000,1000000
2020-07-10 12:40:59.670000,1.06773,1.06771,3640000,1000000
2020-07-10 12:41:00.195000,1.06773,1.06772,1570000,1000000
2020-07-10 12:41:02.681000,1.06773,1.06769,3100000,9950000
2020-07-10 12:41:02.790000,1.06773,1.06771,2700000,1000000
2020-07-10 12:41:04.196000,1.06773,1.06771,3700000,1000000
2020-07-10 12:41:04.597000,1.06773,1.0677,4100000,1120000
2020-07-10 12:41:05.149000,1.06773,1.06771,3720000,1000000
2020-07-10 12:41:07.412000,1.06771,1.06769,3000000,1000000
2020-07-10 12:41:07.513000,1.06773,1.06769,4450000,1000000
2020-07-10 12:41:08.683000,1.06773,1.0677,4820000,3000000
2020-07-10 12:41:12.618000,1.06774,1.06772,1350000,1000000
2020-07-10 12:41:12.669000,1.06775,1.06773,1250000,1000000
2020-07-10 12:41:12.770000,1.06777,1.06774,2870000,1000000
2020-07-10 12:41:12.922000,1.06777,1.06774,2060000,1000000
2020-07-10 12:41:13.023000,1.06777,1.06774,2120000,1000000
2020-07-10 12:41:13.789000,1.06777,1.06774,1120000,1000000
2020-07-10 12:41:13.890000,1.06777,1.06774,2120000,1000000
2020-07-10 12:41:16.419000,1.06778,1.06776,2750000,4500000
2020-07-10 12:41:16.520000,1.06782,1.06779,1000000,1570000
2020-07-10 12:41:16.571000,1.06782,1.06781,2440000,1000000
2020-07-10 12:41:16.672000,1.06782,1.06781,1250000,1000000
2020-07-10 12:41:16.874000,1.06785,1.06783,1250000,1000000
2020-07-10 12:41:16.976000,1.06788,1.06784,1760000,3750000
2020-07-10 12:41:17.026000,1.06789,1.06786,5010000,1000000
2020-07-10 12:41:17.545000,1.0679,1.06786,2970000,3750000
2020-07-10 12:41:17.697000,1.0679,1.06786,2890000,4500000
2020-07-10 12:41:17.798000,1.0679,1.06787,2890000,3000000
2020-07-10 12:41:17.899000,1.0679,1.06786,2890000,4500000
2020-07-10 12:41:18.757000,1.0679,1.06788,1500000,1000000
2020-07-10 12:41:18.908000,1.06793,1.0679,1690000,1000000
2020-07-10 12:41:19.060000,1.06794,1.06792,1250000,4200000
2020-07-10 12:41:19.161000,1.06795,1.06794,1250000,1000000
2020-07-10 12:41:19.543000,1.06795,1.06794,1250000,1000000
2020-07-10 12:41:20.327000,1.06796,1.06794,1240000,1000000
2020-07-10 12:41:21.213000,1.06798,1.06796,1650000,1000000
2020-07-10 12:41:21.264000,1.068,1.06796,3790000,7200000
2020-07-10 12:41:21.365000,1.068,1.06797,2060000,1000000
2020-07-10 12:41:21.467000,1.06799,1.06796,2870000,1000000
2020-07-10 12:41:21.568000,1.06798,1.06795,1310000,3750000
2020-07-10 12:41:21.670000,1.06798,1.06795,2570000,3000000
2020-07-10 12:41:21.771000,1.06798,1.06794,2950000,3750000
2020-07-10 12:41:21.872000,1.06797,1.06794,1750000,3750000
2020-07-10 12:41:22.033000,1.06798,1.06795,1250000,1000000
2020-07-10 12:41:22.134000,1.06799,1.06796,3450000,1000000
2020-07-10 12:41:25.065000,1.06799,1.06795,3250000,4200000
2020-07-10 12:41:25.166000,1.06799,1.06796,2870000,1000000
2020-07-10 12:41:25.557000,1.06797,1.06795,1010000,3750000
2020-07-10 12:41:25.658000,1.06797,1.06795,1750000,1000000
2020-07-10 12:41:26.667000,1.06799,1.06796,4390000,1000000
2020-07-10 12:41:26.769000,1.068,1.06797,1250000,1000000
2020-07-10 12:41:27.102000,1.06801,1.06798,2290000,1000000
2020-07-10 12:41:27.762000,1.06801,1.06798,1620000,1000000
2020-07-10 12:41:34.723000,1.06801,1.06797,1450000,1100000
2020-07-10 12:41:34.988000,1.06801,1.06798,1450000,3000000
2020-07-10 12:41:37.141000,1.06803,1.068,2250000,3750000
2020-07-10 12:41:37.242000,1.06805,1.06802,1250000,1000000
2020-07-10 12:41:37.293000,1.06806,1.06804,1250000,3750000
2020-07-10 12:41:37.394000,1.06808,1.06805,1010000,1000000
2020-07-10 12:41:37.873000,1.06809,1.06805,4390000,3940000
2020-07-10 12:41:37.974000,1.0681,1.06808,1000000,2320000
2020-07-10 12:41:38.025000,1.06811,1.06808,1250000,3100000
2020-07-10 12:41:38.126000,1.06811,1.0681,1250000,1000000
2020-07-10 12:41:39.383000,1.06811,1.06809,1500000,3750000
2020-07-10 12:41:39.434000,1.06809,1.06807,2060000,1200000
2020-07-10 12:41:39.484000,1.06809,1.06805,4010000,3750000
2020-07-10 12:41:39.585000,1.06808,1.06805,1940000,1000000
2020-07-10 12:41:40.234000,1.06807,1.06804,1250000,3750000
2020-07-10 12:41:40.590000,1.06804,1.06802,1000000,1000000
2020-07-10 12:41:40.692000,1.06804,1.06801,5570000,1000000
2020-07-10 12:41:40.743000,1.06806,1.06803,6260000,1000000
2020-07-10 12:41:40.895000,1.06807,1.06803,2510000,1000000
2020-07-10 12:41:41.148000,1.06808,1.06804,6070000,3000000
2020-07-10 12:41:41.809000,1.06808,1.06804,5140000,3190000
2020-07-10 12:41:41.929000,1.06808,1.06805,4010000,1000000
2020-07-10 12:41:45.386000,1.06809,1.06808,4120000,1000000
2020-07-10 12:41:45.487000,1.0681,1.06809,1500000,1000000
2020-07-10 12:41:45.991000,1.06811,1.06809,1690000,2700000
2020-07-10 12:41:48.221000,1.06812,1.0681,1250000,1000000
2020-07-10 12:41:49.785000,1.06814,1.06811,1750000,15000000
2020-07-10 12:41:51.943000,1.06812,1.06811,1000000,15000000
2020-07-10 12:41:59.732000,1.06812,1.0681,1000000,1250000
2020-07-10 12:42:00.234000,1.0681,1.06808,1000000,4500000
2020-07-10 12:42:00.386000,1.06809,1.06808,1500000,1000000
2020-07-10 12:42:00.437000,1.06807,1.06806,1000000,3940000
2020-07-10 12:42:00.539000,1.06807,1.06804,1100000,1250000
2020-07-10 12:42:00.691000,1.06807,1.06805,1100000,3000000
2020-07-10 12:42:00.893000,1.06807,1.06804,1100000,1250000
2020-07-10 12:42:02.761000,1.06807,1.06805,1100000,3000000
2020-07-10 12:42:03.138000,1.06807,1.06804,1100000,1250000
2020-07-10 12:42:03.571000,1.06807,1.06803,1010000,4460000
2020-07-10 12:42:04.035000,1.06807,1.06804,1010000,3000000
2020-07-10 12:42:05.075000,1.06808,1.06803,8970000,1390000
2020-07-10 12:42:05.176000,1.06804,1.06801,1000000,2510000
2020-07-10 12:42:05.278000,1.06803,1.06801,1000000,1250000
2020-07-10 12:42:05.947000,1.06803,1.068,1000000,5140000
2020-07-10 12:42:06.048000,1.06802,1.06799,1000000,6260000
2020-07-10 12:42:06.200000,1.06801,1.06799,1000000,3450000
2020-07-10 12:42:06.301000,1.06801,1.06798,1000000,1000000
2020-07-10 12:42:06.504000,1.06801,1.06797,1000000,1690000
2020-07-10 12:42:06.706000,1.068,1.06797,1000000,1250000
2020-07-10 12:42:06.960000,1.068,1.06798,1000000,3000000
2020-07-10 12:42:07.274000,1.068,1.06797,1000000,1250000
2020-07-10 12:42:07.833000,1.06796,1.06794,1000000,1970000
2020-07-10 12:42:07.884000,1.06796,1.06793,1000000,2140000
2020-07-10 12:42:18.558000,1.06795,1.06793,1250000,3000000
2020-07-10 12:42:18.660000,1.06794,1.06791,1250000,3750000
2020-07-10 12:42:18.711000,1.06791,1.06789,1250000,3750000
2020-07-10 12:42:18.812000,1.06791,1.06787,2440000,6510000
2020-07-10 12:42:19.475000,1.0679,1.06787,1250000,1950000
2020-07-10 12:42:23.642000,1.06789,1.06787,1950000,3000000
2020-07-10 12:42:23.693000,1.06789,1.06785,2890000,2140000
2020-07-10 12:42:23.744000,1.06787,1.06784,1000000,7070000
2020-07-10 12:42:23.845000,1.06787,1.06784,1690000,4120000
2020-07-10 12:42:24.452000,1.06787,1.06785,2250000,3000000
2020-07-10 12:42:24.503000,1.06785,1.06782,1250000,4950000
2020-07-10 12:42:24.806000,1.06784,1.06781,1000000,1690000
2020-07-10 12:42:24.907000,1.06784,1.06782,1000000,3000000
2020-07-10 12:42:25.008000,1.06783,1.06781,1250000,1000000
2020-07-10 12:42:25.109000,1.06784,1.06781,2440000,1000000
2020-07-10 12:42:25.214000,1.06784,1.06782,2440000,3000000
2020-07-10 12:42:28.691000,1.06786,1.06784,1690000,3000000
2020-07-10 12:42:28.793000,1.06788,1.06784,3560000,5890000
2020-07-10 12:42:28.894000,1.06788,1.06785,2440000,3000000
2020-07-10 12:42:29.248000,1.06789,1.06787,1690000,1500000
2020-07-10 12:42:29.403000,1.06789,1.06788,1690000,1000000
2020-07-10 12:42:30.205000,1.06791,1.06789,1250000,3450000
2020-07-10 12:42:30.307000,1.06793,1.0679,1500000,11850000
2020-07-10 12:42:30.408000,1.06794,1.06793,1000000,1100000
2020-07-10 12:42:30.510000,1.06795,1.06794,1000000,1000000
2020-07-10 12:42:30.561000,1.06797,1.06794,1870000,1690000
2020-07-10 12:42:30.662000,1.06797,1.06794,2500000,1500000
2020-07-10 12:42:30.814000,1.06797,1.06795,1250000,1500000
2020-07-10 12:42:30.966000,1.068,1.06796,5440000,1500000
2020-07-10 12:42:31.067000,1.068,1.06797,1000000,3000000
2020-07-10 12:42:31.169000,1.068,1.06798,1000000,1000000
2020-07-10 12:42:31.270000,1.06801,1.06799,1000000,3000000
2020-07-10 12:42:33.822000,1.06802,1.06799,1500000,3820000
2020-07-10 12:42:38.155000,1.06801,1.06798,1000000,1100000
2020-07-10 12:42:40.974000,1.06801,1.06797,1500000,2890000
2020-07-10 12:42:41.176000,1.06801,1.06798,1500000,1000000
2020-07-10 12:42:41.328000,1.06801,1.06799,1500000,3000000
2020-07-10 12:42:41.898000,1.06801,1.06798,1500000,1000000
2020-07-10 12:42:46.290000,1.068,1.06798,1120000,3000000
2020-07-10 12:42:46.392000,1.068,1.06797,1000000,3750000
2020-07-10 12:42:51.074000,1.06799,1.06796,2440000,1000000
2020-07-10 12:42:51.175000,1.06798,1.06794,2060000,1250000
2020-07-10 12:42:52.830000,1.06797,1.06793,1250000,1690000
2020-07-10 12:42:55.283000,1.06797,1.06794,1250000,3000000
2020-07-10 12:42:56.548000,1.06798,1.06794,1500000,1750000
2020-07-10 12:42:57.288000,1.068,1.06796,2440000,4690000
2020-07-10 12:42:57.390000,1.068,1.06797,1000000,1250000
2020-07-10 12:42:58.330000,1.068,1.06798,1000000,3000000
2020-07-10 12:42:58.432000,1.068,1.06797,1000000,1250000
2020-07-10 12:42:58.718000,1.06801,1.06797,1250000,1250000
2020-07-10 12:42:58.883000,1.06801,1.06798,1250000,3000000
2020-07-10 12:43:01.660000,1.06802,1.06798,2440000,4390000
2020-07-10 12:43:03.295000,1.06803,1.06799,1690000,6410000
2020-07-10 12:43:03.649000,1.06804,1.068,1000000,7050000
2020-07-10 12:43:03.750000,1.06805,1.06802,1250000,1500000
2020-07-10 12:43:04.179000,1.06806,1.06803,1750000,4200000
2020-07-10 12:43:04.280000,1.06807,1.06805,1250000,1500000
2020-07-10 12:43:04.381000,1.06809,1.06805,1940000,1500000
2020-07-10 12:43:04.483000,1.06808,1.06804,1000000,3340000
2020-07-10 12:43:07.912000,1.06807,1.06804,1000000,1500000
2020-07-10 12:43:08.252000,1.06805,1.06802,1000000,3100000
2020-07-10 12:43:08.354000,1.06805,1.06802,1000000,1000000
2020-07-10 12:43:08.556000,1.06805,1.06801,1500000,5210000
2020-07-10 12:43:11.353000,1.06805,1.06801,1000000,2710000
2020-07-10 12:43:11.831000,1.06806,1.06801,3190000,5890000
2020-07-10 12:43:12.923000,1.06806,1.06801,3190000,6790000
2020-07-10 12:43:18.983000,1.06807,1.06804,1690000,3000000
2020-07-10 12:43:23.912000,1.06807,1.06803,3750000,5140000
2020-07-10 12:43:24.562000,1.06807,1.06804,1000000,3000000
2020-07-10 12:43:27.044000,1.06807,1.06803,4500000,5890000
2020-07-10 12:43:27.879000,1.06807,1.06804,1000000,3000000
2020-07-10 12:43:28.044000,1.06807,1.06805,1000000,3000000
2020-07-10 12:43:29.069000,1.06807,1.06804,1000000,3000000
2020-07-10 12:43:29.465000,1.06807,1.06803,4120000,5890000
2020-07-10 12:43:31.193000,1.06806,1.06803,2320000,3000000
2020-07-10 12:43:31.294000,1.06806,1.06802,1570000,2440000
2020-07-10 12:43:40.125000,1.06805,1.06802,1500000,3000000
2020-07-10 12:43:40.226000,1.06804,1.06801,1000000,3000000
2020-07-10 12:43:40.327000,1.06804,1.068,1000000,5890000
2020-07-10 12:43:40.479000,1.06804,1.06801,1200000,3000000
2020-07-10 12:43:40.681000,1.06804,1.068,1200000,5440000
2020-07-10 12:43:43.764000,1.06804,1.068,2000000,4690000
2020-07-10 12:43:43.815000,1.06802,1.06798,1000000,2510000
2020-07-10 12:43:45.127000,1.06801,1.06798,1000000,3190000
2020-07-10 12:43:47.143000,1.06799,1.06798,1000000,3190000
2020-07-10 12:43:48.209000,1.06797,1.06796,1120000,1250000
2020-07-10 12:43:48.260000,1.06795,1.06794,1000000,1250000
2020-07-10 12:43:48.664000,1.06796,1.06794,1500000,1250000
2020-07-10 12:43:49.452000,1.06794,1.06792,64949997,1750000
2020-07-10 12:43:49.604000,1.06793,1.06791,1000000,1690000
2020-07-10 12:43:50.439000,1.06792,1.0679,1000000,3190000
2020-07-10 12:43:50.541000,1.06793,1.06789,1000000,2500000
2020-07-10 12:43:50.642000,1.06793,1.06789,1690000,1500000
2020-07-10 12:43:53.435000,1.0679,1.06789,1000000,3000000
2020-07-10 12:43:53.536000,1.0679,1.06788,1000000,2440000
2020-07-10 12:43:58.535000,1.06791,1.06788,1000000,5440000
2020-07-10 12:43:58.636000,1.06791,1.06788,1000000,6110000
2020-07-10 12:43:58.738000,1.06791,1.06789,1000000,5200000
2020-07-10 12:43:58.991000,1.06793,1.06789,1500000,5200000
2020-07-10 12:44:07.246000,1.06793,1.0679,1000000,5200000
2020-07-10 12:44:08.152000,1.06793,1.0679,1000000,3000000
2020-07-10 12:44:08.203000,1.06791,1.0679,1000000,3000000
2020-07-10 12:44:08.254000,1.06789,1.06788,1000000,3070000
2020-07-10 12:44:08.355000,1.06789,1.06787,1000000,3940000
2020-07-10 12:44:09.410000,1.06788,1.06787,1000000,3940000
2020-07-10 12:44:10.693000,1.06788,1.06786,1000000,4390000
2020-07-10 12:44:10.794000,1.06788,1.06787,1000000,3000000
2020-07-10 12:44:11.828000,1.06788,1.06786,1000000,1250000
2020-07-10 12:44:11.930000,1.06786,1.06783,1000000,6020000
2020-07-10 12:44:12.032000,1.06785,1.06783,1000000,4000000
2020-07-10 12:44:14.858000,1.06785,1.06783,1000000,5140000
2020-07-10 12:44:14.959000,1.06788,1.06784,1250000,5510000
2020-07-10 12:44:15.061000,1.06788,1.06784,1000000,6400000
2020-07-10 12:44:16.539000,1.06787,1.06786,1000000,1250000
2020-07-10 12:44:16.641000,1.06788,1.06786,1000000,4390000
2020-07-10 12:44:19.762000,1.06788,1.06787,1000000,3000000
2020-07-10 12:44:19.922000,1.06788,1.06785,1000000,4700000
2020-07-10 12:44:20.135000,1.06788,1.06787,1000000,3000000
2020-07-10 12:44:20.418000,1.06788,1.06786,1000000,1460000
2020-07-10 12:44:20.582000,1.06788,1.06786,1000000,5360000
2020-07-10 12:44:20.734000,1.0679,1.06788,1120000,3750000
2020-07-10 12:44:21.243000,1.06789,1.06787,1000000,8140000
2020-07-10 12:44:31.025000,1.0679,1.06788,1000000,1000000
2020-07-10 12:44:33.012000,1.06789,1.06787,1000000,4090000
2020-07-10 12:44:37.342000,1.06791,1.06789,1000000,3750000
2020-07-10 12:44:37.702000,1.06793,1.0679,1250000,3450000
2020-07-10 12:44:38.234000,1.06792,1.0679,1000000,7200000
2020-07-10 12:44:42.568000,1.06793,1.06791,1000000,1200000
2020-07-10 12:44:42.719000,1.06793,1.06791,1000000,1390000
2020-07-10 12:45:00.325000,1.06792,1.0679,1000000,3940000
