time,ask,bid,ask_volume,bid_volume
2018-04-26 12:25:00.616000,1.09194,1.09191,1000000,1120000
2018-04-26 12:25:01.138000,1.09194,1.0919,1120000,4760000
2018-04-26 12:25:04.237000,1.09193,1.0919,1120000,3070000
2018-04-26 12:25:04.289000,1.09191,1.09189,2890000,1000000
2018-04-26 12:25:04.341000,1.09189,1.09185,1120000,2890000
2018-04-26 12:25:05.231000,1.0919,1.09187,2250000,1250000
2018-04-26 12:25:05.774000,1.09191,1.09187,3260000,1000000
2018-04-26 12:25:07.326000,1.09191,1.09188,1500000,1000000
2018-04-26 12:25:08.618000,1.09192,1.09188,1870000,2510000
2018-04-26 12:25:09.137000,1.09191,1.09187,2620000,2700000
2018-04-26 12:25:09.752000,1.0919,1.09186,1000000,5700000
2018-04-26 12:25:09.909000,1.09189,1.09185,1120000,4760000
2018-04-26 12:25:10.911000,1.0919,1.09186,4950000,1250000
2018-04-26 12:25:11.941000,1.09189,1.09185,1120000,3260000
2018-04-26 12:25:12.885000,1.09189,1.09185,1570000,1500000
2018-04-26 12:25:13.405000,1.09189,1.09185,1120000,7010000
2018-04-26 12:25:14.378000,1.09189,1.09185,1570000,3000000
2018-04-26 12:25:14.941000,1.09189,1.09186,1500000,1000000
2018-04-26 12:25:15.445000,1.09189,1.09185,2320000,3000000
2018-04-26 12:25:16.817000,1.0919,1.09186,2700000,1120000
2018-04-26 12:25:17.340000,1.09189,1.09185,1570000,2440000
2018-04-26 12:25:17.854000,1.09189,1.09185,1950000,2060000
2018-04-26 12:25:18.405000,1.09189,1.09186,1120000,1000000
2018-04-26 12:25:18.927000,1.09189,1.09185,1120000,4760000
2018-04-26 12:25:20.841000,1.0919,1.09186,5510000,1000000
2018-04-26 12:25:22.774000,1.0919,1.09187,1950000,1250000
2018-04-26 12:25:23.333000,1.0919,1.09187,3260000,1000000
2018-04-26 12:25:23.486000,1.09188,1.09185,1000000,3370000
2018-04-26 12:25:24.031000,1.09189,1.09186,1000000,1000000
2018-04-26 12:25:25.572000,1.0919,1.09186,1950000,2060000
2018-04-26 12:25:26.659000,1.0919,1.09186,1200000,2060000
2018-04-26 12:25:27.667000,1.09191,1.09186,5510000,3940000
2018-04-26 12:25:29.140000,1.0919,1.09186,5510000,2250000
2018-04-26 12:25:29.246000,1.09188,1.09185,1010000,1000000
2018-04-26 12:25:33.693000,1.09188,1.09185,1000000,2140000
2018-04-26 12:25:34.049000,1.0919,1.09186,3560000,4200000
2018-04-26 12:25:34.413000,1.09191,1.0919,1390000,1000000
2018-04-26 12:25:34.466000,1.09192,1.09191,1000000,2100000
2018-04-26 12:25:34.974000,1.09194,1.09191,1500000,1500000
2018-04-26 12:25:35.538000,1.09194,1.09191,1500000,1120000
2018-04-26 12:25:36.632000,1.09194,1.09193,1000000,1870000
2018-04-26 12:25:36.684000,1.09197,1.09193,1570000,3560000
2018-04-26 12:25:41.210000,1.09197,1.09194,2620000,1000000
2018-04-26 12:25:41.774000,1.09199,1.09196,2700000,1000000
2018-04-26 12:25:41.930000,1.092,1.09197,2320000,1000000
2018-04-26 12:25:43.563000,1.09197,1.09196,1000000,1100000
2018-04-26 12:25:43.617000,1.09196,1.09193,1120000,1500000
2018-04-26 12:25:44.136000,1.09195,1.09193,1000000,1120000
2018-04-26 12:25:45.375000,1.09195,1.09192,1000000,1870000
2018-04-26 12:25:49.804000,1.09194,1.09191,1120000,1570000
2018-04-26 12:25:53.324000,1.09194,1.0919,4010000,4500000
2018-04-26 12:25:53.484000,1.09191,1.09188,1690000,1100000
2018-04-26 12:25:54.009000,1.09191,1.09187,1760000,2250000
2018-04-26 12:25:54.323000,1.09194,1.09191,1950000,2250000
2018-04-26 12:25:55.689000,1.09195,1.09191,1950000,4310000
2018-04-26 12:25:58.679000,1.09195,1.09191,4390000,1500000
2018-04-26 12:26:05.522000,1.09195,1.09192,2440000,1000000
2018-04-26 12:26:06.155000,1.09195,1.09191,2510000,3000000
2018-04-26 12:26:08.436000,1.09196,1.09192,5140000,1500000
2018-04-26 12:26:09.721000,1.09196,1.09193,3260000,1000000
2018-04-26 12:26:19.604000,1.09195,1.09192,1760000,1000000
2018-04-26 12:26:22.226000,1.09196,1.09191,4760000,5820000
2018-04-26 12:26:27.735000,1.09196,1.09191,4760000,7950000
2018-04-26 12:26:28.271000,1.09196,1.09192,5510000,1120000
2018-04-26 12:26:29.470000,1.09196,1.09193,1200000,1500000
2018-04-26 12:26:30.803000,1.09197,1.09196,1500000,1500000
2018-04-26 12:26:30.950000,1.092,1.09196,4950000,3000000
2018-04-26 12:26:32.191000,1.092,1.09196,1950000,4870000
2018-04-26 12:26:40.086000,1.09201,1.09196,3260000,6450000
2018-04-26 12:26:41.445000,1.09197,1.09196,1250000,1100000
2018-04-26 12:26:41.549000,1.09197,1.09193,3640000,1120000
2018-04-26 12:26:42.122000,1.09197,1.09193,5140000,1120000
2018-04-26 12:26:46.087000,1.09197,1.09192,5140000,3950000
2018-04-26 12:26:47.887000,1.09196,1.09192,4390000,1120000
2018-04-26 12:26:50.386000,1.09195,1.09191,2060000,3820000
2018-04-26 12:27:17.161000,1.09196,1.09194,2890000,1000000
2018-04-26 12:27:17.509000,1.092,1.09198,1000000,1000000
2018-04-26 12:27:18.028000,1.09202,1.09198,6260000,1000000
2018-04-26 12:27:19.031000,1.09202,1.09199,3260000,1000000
2018-04-26 12:27:27.920000,1.09203,1.09199,6260000,1500000
2018-04-26 12:27:29.777000,1.09203,1.092,4500000,1000000
2018-04-26 12:27:30.095000,1.09205,1.09202,1500000,1000000
2018-04-26 12:27:31.197000,1.09206,1.09203,3260000,1000000
2018-04-26 12:27:31.251000,1.09206,1.09203,2140000,1000000
2018-04-26 12:27:32.520000,1.09206,1.09203,2440000,1000000
2018-04-26 12:27:32.624000,1.09204,1.09201,1690000,1100000
2018-04-26 12:27:33.147000,1.09203,1.09199,3940000,1200000
2018-04-26 12:27:33.692000,1.09202,1.09199,1000000,1200000
2018-04-26 12:27:34.230000,1.09202,1.09198,3190000,1950000
2018-04-26 12:27:34.756000,1.09202,1.09198,3190000,2320000
2018-04-26 12:27:36.422000,1.09202,1.09198,2810000,1950000
2018-04-26 12:27:37.236000,1.09202,1.09198,3190000,2320000
2018-04-26 12:27:38.544000,1.092,1.09197,3370000,1000000
2018-04-26 12:27:39.092000,1.09201,1.09196,4760000,3070000
2018-04-26 12:27:40.069000,1.09201,1.09197,3370000,1570000
2018-04-26 12:27:40.603000,1.09202,1.09198,1690000,3070000
2018-04-26 12:27:44.719000,1.09203,1.09198,5140000,3450000
2018-04-26 12:27:54.170000,1.09203,1.09198,4760000,4570000
2018-04-26 12:27:54.758000,1.09203,1.09198,5140000,4200000
2018-04-26 12:28:00.254000,1.09203,1.09199,5140000,1000000
2018-04-26 12:28:00.804000,1.09203,1.09198,5140000,3450000
2018-04-26 12:28:02.152000,1.09203,1.09199,5140000,1000000
2018-04-26 12:28:09.225000,1.09203,1.092,1310000,1000000
2018-04-26 12:28:09.277000,1.09204,1.092,3640000,3000000
2018-04-26 12:28:09.826000,1.09203,1.09199,2060000,2320000
2018-04-26 12:28:10.373000,1.09203,1.09199,3940000,1200000
2018-04-26 12:28:17.029000,1.09203,1.09198,5210000,3070000
2018-04-26 12:28:19.940000,1.09202,1.09198,1000000,2700000
2018-04-26 12:28:23.910000,1.09202,1.09198,1000000,2060000
2018-04-26 12:28:26.022000,1.09203,1.09198,4760000,2700000
2018-04-26 12:28:26.525000,1.09203,1.09199,4760000,1000000
2018-04-26 12:28:30.624000,1.09203,1.09199,1250000,2320000
2018-04-26 12:28:31.786000,1.09203,1.092,1500000,1000000
2018-04-26 12:28:32.980000,1.09202,1.09199,1000000,1500000
2018-04-26 12:28:39.725000,1.09203,1.09199,2250000,2140000
2018-04-26 12:28:40.643000,1.09203,1.09199,1760000,3000000
2018-04-26 12:28:43.615000,1.09201,1.09198,1690000,1500000
2018-04-26 12:28:47.910000,1.09205,1.09202,3640000,1870000
2018-04-26 12:28:47.962000,1.09207,1.09203,6640000,1870000
2018-04-26 12:28:48.169000,1.09204,1.09201,4120000,1000000
2018-04-26 12:28:48.673000,1.09203,1.092,1870000,1120000
2018-04-26 12:28:50.060000,1.09203,1.09202,1000000,1000000
2018-04-26 12:28:50.579000,1.09204,1.09202,1000000,1000000
2018-04-26 12:28:56.036000,1.09204,1.092,4120000,2510000
2018-04-26 12:28:56.345000,1.09204,1.09201,1870000,2250000
2018-04-26 12:29:00.397000,1.09204,1.092,5510000,1000000
2018-04-26 12:29:01.240000,1.09203,1.09199,1570000,1120000
2018-04-26 12:29:02.319000,1.09203,1.09199,1950000,1120000
2018-04-26 12:29:11.632000,1.09202,1.09198,1570000,2250000
2018-04-26 12:29:12.494000,1.09202,1.09199,1570000,1000000
2018-04-26 12:29:19.620000,1.09202,1.092,1000000,1000000
2018-04-26 12:29:19.727000,1.09201,1.09197,1000000,2320000
2018-04-26 12:29:20.746000,1.092,1.09196,1000000,3450000
2018-04-26 12:29:21.009000,1.09198,1.09195,1500000,1570000
2018-04-26 12:29:21.527000,1.09198,1.09193,2140000,4200000
2018-04-26 12:29:30.133000,1.09198,1.09193,4950000,2320000
2018-04-26 12:29:30.443000,1.092,1.09196,1000000,1950000
2018-04-26 12:29:30.945000,1.09201,1.09196,1950000,1950000
2018-04-26 12:29:32.568000,1.09202,1.09197,2320000,1870000
2018-04-26 12:29:32.898000,1.09202,1.09198,1120000,1170000
2018-04-26 12:29:34.693000,1.09203,1.09199,1200000,1070000
2018-04-26 12:29:35.402000,1.09204,1.09199,3450000,1830000
2018-04-26 12:29:35.735000,1.09202,1.09199,1000000,1360000
2018-04-26 12:29:36.256000,1.09203,1.09199,1000000,1360000
2018-04-26 12:29:37.097000,1.09204,1.092,1500000,1830000
2018-04-26 12:29:37.384000,1.09206,1.09201,1100000,1100000
2018-04-26 12:29:38.082000,1.09206,1.09202,1570000,1000000
2018-04-26 12:29:38.186000,1.09203,1.09199,2250000,1520000
2018-04-26 12:29:38.707000,1.09203,1.09199,2320000,1070000
2018-04-26 12:29:38.968000,1.09202,1.09197,1500000,2320000
2018-04-26 12:29:39.072000,1.092,1.09197,1000000,1100000
2018-04-26 12:29:40.089000,1.09199,1.09197,1100000,1000000
2018-04-26 12:29:40.200000,1.09197,1.09194,1120000,1500000
2018-04-26 12:29:40.306000,1.09196,1.09191,1200000,1100000
2018-04-26 12:29:40.516000,1.09195,1.09191,1950000,1000000
2018-04-26 12:29:41.057000,1.09195,1.09191,1570000,1000000
2018-04-26 12:29:42.051000,1.09194,1.09191,1000000,1000000
2018-04-26 12:29:42.570000,1.09195,1.09191,1120000,1570000
2018-04-26 12:29:45.592000,1.09195,1.0919,1200000,1100000
2018-04-26 12:29:46.107000,1.09196,1.0919,2320000,1950000
2018-04-26 12:29:46.471000,1.09198,1.09194,1950000,1000000
2018-04-26 12:29:46.627000,1.092,1.09195,1570000,1500000
2018-04-26 12:29:47.426000,1.092,1.09194,1200000,2020000
2018-04-26 12:29:48.029000,1.092,1.09194,1100000,1950000
2018-04-26 12:29:50.051000,1.09199,1.09194,1000000,1950000
2018-04-26 12:29:50.258000,1.09192,1.09185,1500000,1000000
2018-04-26 12:29:50.413000,1.09194,1.09187,1000000,1000000
2018-04-26 12:29:50.725000,1.09191,1.09185,1000000,1000000
2018-04-26 12:29:51.193000,1.09189,1.09183,1000000,1000000
2018-04-26 12:29:51.756000,1.0919,1.09183,1000000,1100000
2018-04-26 12:29:52.271000,1.09188,1.09182,1000000,1100000
2018-04-26 12:29:52.776000,1.09189,1.09183,1000000,1100000
2018-04-26 12:29:53.116000,1.09187,1.09182,1000000,1360000
2018-04-26 12:29:53.168000,1.0919,1.09184,1000000,1000000
2018-04-26 12:29:53.375000,1.09188,1.09182,1000000,1000000
2018-04-26 12:29:53.429000,1.09186,1.09179,1000000,1000000
2018-04-26 12:29:53.951000,1.09184,1.09178,1000000,1000000
2018-04-26 12:29:54.339000,1.09182,1.09178,1000000,1000000
2018-04-26 12:29:54.546000,1.09185,1.09178,2250000,1000000
2018-04-26 12:29:54.754000,1.09181,1.09178,1000000,1000000
2018-04-26 12:29:54.964000,1.09184,1.09178,2250000,1000000
2018-04-26 12:29:55.271000,1.09181,1.09176,1000000,1000000
2018-04-26 12:29:55.463000,1.09183,1.09176,2250000,1000000
2018-04-26 12:29:55.568000,1.09182,1.09172,3000000,1000000
2018-04-26 12:29:55.900000,1.09184,1.09172,1000000,1000000
2018-04-26 12:29:56.003000,1.09184,1.09175,1000000,1000000
2018-04-26 12:29:56.463000,1.09186,1.09175,1000000,1000000
2018-04-26 12:29:57.199000,1.09186,1.09172,1000000,1000000
2018-04-26 12:29:57.803000,1.09187,1.09172,2250000,1000000
2018-04-26 12:29:58.370000,1.09186,1.09172,1000000,1000000
2018-04-26 12:29:58.616000,1.09187,1.09176,2250000,1000000
2018-04-26 12:30:00.142000,1.09169,1.09162,1500000,2250000
2018-04-26 12:30:00.606000,1.09163,1.09154,6750000,1200000
2018-04-26 12:30:01.208000,1.09163,1.09157,6750000,1100000
2018-04-26 12:30:01.261000,1.09166,1.09155,1070000,3450000
2018-04-26 12:30:01.520000,1.09166,1.09159,1200000,1000000
2018-04-26 12:30:01.677000,1.09166,1.09155,1070000,1950000
2018-04-26 12:30:01.729000,1.09165,1.0916,1000000,1200000
2018-04-26 12:30:01.781000,1.09165,1.09159,1000000,2250000
2018-04-26 12:30:01.894000,1.09167,1.09161,1100000,1500000
2018-04-26 12:30:02.108000,1.09173,1.09166,2250000,4570000
2018-04-26 12:30:02.627000,1.09173,1.09168,1500000,1000000
2018-04-26 12:30:03.171000,1.09173,1.09167,1000000,1100000
2018-04-26 12:30:03.814000,1.09175,1.09168,1000000,1100000
2018-04-26 12:30:03.866000,1.09175,1.09171,1000000,1000000
2018-04-26 12:30:03.973000,1.0918,1.09172,1200000,1500000
2018-04-26 12:30:04.138000,1.09173,1.09172,1000000,1000000
2018-04-26 12:30:04.191000,1.09173,1.09167,1000000,1100000
2018-04-26 12:30:04.347000,1.09176,1.09167,1100000,1070000
2018-04-26 12:30:05.177000,1.09178,1.09167,2700000,1950000
2018-04-26 12:30:07.140000,1.09181,1.09176,6820000,1870000
2018-04-26 12:30:07.296000,1.09184,1.09178,1000000,1120000
2018-04-26 12:30:07.847000,1.09184,1.09179,1000000,1500000
2018-04-26 12:30:08.966000,1.09184,1.0918,1000000,1000000
2018-04-26 12:30:09.485000,1.09184,1.09179,1000000,2700000
2018-04-26 12:30:09.590000,1.09188,1.09181,4200000,1870000
2018-04-26 12:30:10.096000,1.09187,1.09181,1000000,1200000
2018-04-26 12:30:10.617000,1.09187,1.09181,1000000,1570000
2018-04-26 12:30:11.158000,1.09187,1.09181,1100000,1950000
2018-04-26 12:30:11.772000,1.09186,1.09182,1000000,1200000
2018-04-26 12:30:11.979000,1.09188,1.09182,1200000,3000000
2018-04-26 12:30:12.659000,1.09186,1.09182,1000000,1100000
2018-04-26 12:30:12.969000,1.09188,1.09183,1000000,1200000
2018-04-26 12:30:13.615000,1.09188,1.09184,1000000,1070000
2018-04-26 12:30:14.038000,1.0919,1.09185,1200000,1200000
2018-04-26 12:30:14.629000,1.0919,1.09185,1120000,1200000
2018-04-26 12:30:14.733000,1.0919,1.09188,1100000,1000000
2018-04-26 12:30:14.926000,1.09192,1.09187,1000000,1070000
2018-04-26 12:30:15.440000,1.09193,1.09188,1200000,1950000
2018-04-26 12:30:15.982000,1.09192,1.09187,1000000,1950000
2018-04-26 12:30:16.500000,1.09192,1.09187,1500000,1450000
2018-04-26 12:30:17.994000,1.09192,1.09186,1950000,3450000
2018-04-26 12:30:18.486000,1.09185,1.09182,3750000,1000000
2018-04-26 12:30:18.698000,1.09185,1.0918,2700000,1000000
2018-04-26 12:30:19.016000,1.09187,1.09181,1950000,1570000
2018-04-26 12:30:19.122000,1.09187,1.09182,1500000,1450000
2018-04-26 12:30:19.672000,1.09187,1.09183,1500000,1200000
2018-04-26 12:30:20.234000,1.09188,1.09183,2250000,1450000
2018-04-26 12:30:21.164000,1.09188,1.09183,1500000,1450000
2018-04-26 12:30:21.431000,1.09194,1.09189,2620000,1120000
2018-04-26 12:30:21.533000,1.09194,1.0919,1870000,1450000
2018-04-26 12:30:22.045000,1.09195,1.09191,2250000,1200000
2018-04-26 12:30:22.287000,1.09197,1.09192,2320000,1950000
2018-04-26 12:30:22.610000,1.09197,1.09193,1870000,1200000
2018-04-26 12:30:23.859000,1.09197,1.09193,1870000,1450000
2018-04-26 12:30:24.584000,1.09199,1.09195,2250000,1570000
2018-04-26 12:30:24.636000,1.092,1.09196,2320000,3370000
2018-04-26 12:30:24.974000,1.09203,1.09198,2620000,1950000
2018-04-26 12:30:25.833000,1.09203,1.092,1000000,1570000
2018-04-26 12:30:26.143000,1.09205,1.09201,1000000,1200000
2018-04-26 12:30:26.700000,1.09205,1.09201,1000000,1200000
2018-04-26 12:30:27.011000,1.09208,1.09204,2620000,1200000
2018-04-26 12:30:27.581000,1.09208,1.09204,1000000,1950000
2018-04-26 12:30:28.127000,1.09209,1.09205,3000000,1100000
2018-04-26 12:30:30.377000,1.09209,1.09205,1870000,1200000
2018-04-26 12:30:30.962000,1.09209,1.09205,1500000,1200000
2018-04-26 12:30:32.121000,1.0921,1.09205,1010000,5320000
2018-04-26 12:30:32.173000,1.09209,1.09205,1500000,2320000
2018-04-26 12:30:32.683000,1.09209,1.09205,1690000,1950000
2018-04-26 12:30:33.231000,1.09209,1.09205,1690000,1950000
2018-04-26 12:30:33.541000,1.09207,1.09202,3560000,5320000
2018-04-26 12:30:33.880000,1.09204,1.092,2510000,1000000
2018-04-26 12:30:35.592000,1.09204,1.092,4310000,1200000
2018-04-26 12:30:37.585000,1.09203,1.09199,1720000,1950000
2018-04-26 12:30:37.689000,1.09203,1.09198,1720000,3370000
2018-04-26 12:30:39.685000,1.092,1.09198,1060000,1120000
2018-04-26 12:30:39.870000,1.09199,1.09194,6940000,2320000
2018-04-26 12:30:40.384000,1.09198,1.09194,3190000,1100000
2018-04-26 12:30:43.750000,1.09194,1.09191,1690000,3370000
2018-04-26 12:30:44.063000,1.09192,1.09187,8060000,2320000
2018-04-26 12:30:44.375000,1.09192,1.09188,4870000,4570000
2018-04-26 12:30:44.595000,1.09194,1.0919,2250000,4570000
2018-04-26 12:30:44.648000,1.09195,1.09191,1870000,2700000
2018-04-26 12:30:45.213000,1.09196,1.09192,1500000,1200000
2018-04-26 12:30:45.751000,1.09197,1.09192,5810000,1950000
2018-04-26 12:30:46.501000,1.09196,1.09192,1000000,2320000
2018-04-26 12:30:49.516000,1.09196,1.09192,1190000,2320000
2018-04-26 12:30:51.064000,1.09196,1.09192,1250000,2320000
2018-04-26 12:30:55.412000,1.09196,1.09192,1620000,2320000
2018-04-26 12:30:55.926000,1.09196,1.09191,5810000,1570000
2018-04-26 12:30:56.066000,1.09193,1.09189,3560000,3750000
2018-04-26 12:30:56.467000,1.09187,1.09185,2060000,1120000
2018-04-26 12:30:56.520000,1.09186,1.09183,1690000,1200000
2018-04-26 12:30:57.033000,1.09186,1.09182,2440000,1570000
2018-04-26 12:30:57.548000,1.09186,1.09182,2440000,1200000
2018-04-26 12:30:58.701000,1.09185,1.09182,1310000,1200000
2018-04-26 12:30:58.952000,1.09181,1.0918,9910000,1500000
2018-04-26 12:30:59.106000,1.0918,1.09176,2440000,1100000
2018-04-26 12:30:59.639000,1.0918,1.09175,6640000,1950000
2018-04-26 12:30:59.794000,1.09175,1.09173,1690000,1500000
2018-04-26 12:30:59.956000,1.09175,1.09171,2440000,1570000
2018-04-26 12:31:00.466000,1.09175,1.0917,4010000,1200000
2018-04-26 12:31:00.934000,1.09169,1.09168,1000000,1000000
2018-04-26 12:31:01.056000,1.09172,1.09168,2440000,1570000
2018-04-26 12:31:01.163000,1.09173,1.09169,1120000,1100000
2018-04-26 12:31:01.531000,1.09175,1.09172,3820000,1500000
2018-04-26 12:31:01.808000,1.09179,1.09175,1250000,2400000
2018-04-26 12:31:02.070000,1.0918,1.09179,1250000,2440000
2018-04-26 12:31:02.123000,1.09182,1.0918,2250000,1000000
2018-04-26 12:31:02.275000,1.09185,1.09181,2810000,1200000
2018-04-26 12:31:02.586000,1.09186,1.09182,2810000,1450000
2018-04-26 12:31:03.110000,1.09186,1.09182,2810000,1200000
2018-04-26 12:31:03.764000,1.09186,1.09181,3190000,1570000
2018-04-26 12:31:04.303000,1.09186,1.09182,3190000,1200000
2018-04-26 12:31:05.462000,1.09187,1.09184,2320000,3370000
2018-04-26 12:31:05.566000,1.09191,1.09186,1390000,4570000
2018-04-26 12:31:05.697000,1.09192,1.09188,2060000,1200000
2018-04-26 12:31:05.959000,1.09195,1.0919,1390000,3450000
2018-04-26 12:31:06.013000,1.09196,1.09191,3940000,4200000
2018-04-26 12:31:06.548000,1.09197,1.09192,2060000,3820000
2018-04-26 12:31:07.070000,1.09197,1.09192,2810000,1950000
2018-04-26 12:31:08.023000,1.09197,1.09193,1620000,1200000
2018-04-26 12:31:08.647000,1.09197,1.09194,1620000,1200000
2018-04-26 12:31:09.961000,1.09196,1.09193,1190000,1200000
2018-04-26 12:31:10.486000,1.09197,1.09193,2060000,1950000
2018-04-26 12:31:11.196000,1.09197,1.09193,1560000,1950000
2018-04-26 12:31:12.112000,1.09196,1.09192,2440000,2700000
2018-04-26 12:31:12.605000,1.09196,1.09192,2060000,2320000
2018-04-26 12:31:13.649000,1.09196,1.09193,1000000,1950000
2018-04-26 12:31:14.478000,1.09196,1.09193,1000000,1100000
2018-04-26 12:31:15.653000,1.09196,1.09192,1870000,2320000
2018-04-26 12:31:16.277000,1.09196,1.09192,1870000,1570000
2018-04-26 12:31:17.519000,1.09194,1.09192,1000000,1200000
2018-04-26 12:31:18.056000,1.09194,1.09191,2620000,1000000
2018-04-26 12:31:18.405000,1.09192,1.09189,1120000,1430000
2018-04-26 12:31:19.659000,1.09194,1.0919,3000000,2180000
2018-04-26 12:31:19.968000,1.09194,1.09191,1000000,3450000
2018-04-26 12:31:20.126000,1.09193,1.0919,2810000,1310000
2018-04-26 12:31:21.061000,1.09192,1.09189,1120000,1230000
2018-04-26 12:31:21.600000,1.09194,1.09191,4200000,1000000
2018-04-26 12:31:22.987000,1.09194,1.09192,1100000,1000000
2018-04-26 12:31:25.096000,1.09194,1.09193,1000000,1500000
2018-04-26 12:31:25.628000,1.09194,1.09192,1000000,1000000
2018-04-26 12:31:25.732000,1.09194,1.0919,4950000,1500000
2018-04-26 12:31:26.152000,1.09191,1.09188,1120000,1760000
2018-04-26 12:31:26.256000,1.09191,1.09187,4200000,1000000
2018-04-26 12:31:26.795000,1.09189,1.09186,1100000,1000000
2018-04-26 12:31:32.146000,1.0919,1.09187,1500000,1100000
2018-04-26 12:31:32.454000,1.09194,1.09192,1120000,1000000
2018-04-26 12:31:32.712000,1.09197,1.09193,1950000,3370000
2018-04-26 12:31:33.229000,1.09196,1.09193,1000000,2700000
2018-04-26 12:31:42.685000,1.09196,1.09192,1950000,3000000
2018-04-26 12:31:43.218000,1.09196,1.09192,2320000,1870000
2018-04-26 12:31:43.746000,1.09196,1.09192,2320000,1870000
2018-04-26 12:31:44.281000,1.09196,1.09192,2320000,1120000
2018-04-26 12:31:50.085000,1.09195,1.09192,1000000,1870000
2018-04-26 12:31:51.169000,1.09196,1.09193,1200000,1000000
2018-04-26 12:31:54.706000,1.09197,1.09194,1100000,1120000
2018-04-26 12:31:54.758000,1.09198,1.09196,1200000,1500000
2018-04-26 12:31:54.875000,1.092,1.09196,4200000,1250000
2018-04-26 12:31:55.559000,1.09201,1.09197,4200000,1000000
2018-04-26 12:31:55.765000,1.09198,1.09193,5890000,3070000
2018-04-26 12:31:56.402000,1.09197,1.09195,1000000,3560000
2018-04-26 12:31:56.454000,1.092,1.09196,4200000,2250000
2018-04-26 12:31:56.978000,1.092,1.09196,2700000,2060000
2018-04-26 12:31:58.240000,1.092,1.09197,1870000,1000000
2018-04-26 12:31:59.038000,1.092,1.09196,1200000,5440000
2018-04-26 12:32:01.468000,1.092,1.09196,2350000,2810000
2018-04-26 12:32:03.327000,1.09198,1.09196,1200000,1500000
2018-04-26 12:32:03.437000,1.09198,1.09194,2320000,1120000
2018-04-26 12:32:03.733000,1.09198,1.09196,1200000,1250000
2018-04-26 12:32:03.786000,1.09199,1.09197,1100000,1500000
2018-04-26 12:32:04.303000,1.092,1.09197,1950000,1690000
2018-04-26 12:32:04.458000,1.09202,1.092,1500000,3750000
2018-04-26 12:32:04.927000,1.09203,1.09198,3820000,2620000
2018-04-26 12:32:07.811000,1.09202,1.09198,1570000,1120000
2018-04-26 12:32:08.638000,1.09201,1.09198,1200000,1120000
2018-04-26 12:32:09.633000,1.09202,1.09198,2320000,1120000
2018-04-26 12:32:16.705000,1.09201,1.09197,1000000,2320000
2018-04-26 12:32:17.419000,1.09202,1.09197,1950000,2320000
2018-04-26 12:32:22.870000,1.09202,1.09198,1570000,1870000
2018-04-26 12:32:23.687000,1.09202,1.09198,1570000,1870000
2018-04-26 12:32:25.736000,1.09202,1.09198,1570000,8100000
2018-04-26 12:32:25.788000,1.09203,1.09201,1870000,3860000
2018-04-26 12:32:25.944000,1.09205,1.09201,2620000,1950000
2018-04-26 12:32:26.055000,1.09203,1.09199,1870000,3450000
2018-04-26 12:32:26.601000,1.09202,1.09199,1200000,1120000
2018-04-26 12:32:30.450000,1.09202,1.09198,1200000,1870000
2018-04-26 12:32:34.130000,1.09202,1.09198,1570000,1870000
2018-04-26 12:32:41.872000,1.09202,1.09198,1950000,2810000
2018-04-26 12:32:45.200000,1.09202,1.09198,2320000,5940000
2018-04-26 12:32:51.151000,1.09203,1.09201,2700000,1690000
2018-04-26 12:32:51.207000,1.09205,1.09202,2250000,1250000
2018-04-26 12:32:51.531000,1.09207,1.09203,3450000,3940000
2018-04-26 12:32:52.051000,1.09207,1.09204,1200000,1250000
2018-04-26 12:32:54.072000,1.09207,1.09205,1570000,2250000
2018-04-26 12:32:55.072000,1.09207,1.09204,1570000,1310000
2018-04-26 12:32:57.329000,1.09207,1.09204,1200000,4690000
2018-04-26 12:32:58.069000,1.09208,1.09207,1000000,1720000
2018-04-26 12:32:58.120000,1.09211,1.09208,4200000,1250000
2018-04-26 12:32:58.668000,1.0921,1.09205,4950000,4690000
2018-04-26 12:32:59.195000,1.0921,1.09208,1000000,2440000
2018-04-26 12:32:59.425000,1.09209,1.09206,2700000,1870000
2018-04-26 12:32:59.682000,1.09209,1.09205,3070000,1440000
2018-04-26 12:33:00.235000,1.09209,1.09206,2320000,1250000
2018-04-26 12:33:00.818000,1.09209,1.09206,1950000,2440000
2018-04-26 12:33:01.358000,1.09209,1.09207,1950000,2250000
2018-04-26 12:33:01.538000,1.09214,1.09211,1500000,1720000
2018-04-26 12:33:01.591000,1.09216,1.09214,1100000,2620000
2018-04-26 12:33:02.143000,1.09219,1.09216,1570000,1500000
2018-04-26 12:33:02.686000,1.0922,1.09216,1570000,1690000
2018-04-26 12:33:04.184000,1.0922,1.09216,1850000,3190000
2018-04-26 12:33:04.729000,1.0922,1.09216,1500000,1760000
2018-04-26 12:33:06.857000,1.09221,1.09217,1950000,1310000
2018-04-26 12:33:07.122000,1.09222,1.09219,3450000,6000000
2018-04-26 12:33:07.439000,1.09226,1.09222,1000000,3260000
2018-04-26 12:33:07.751000,1.09229,1.09226,1500000,2810000
2018-04-26 12:33:08.283000,1.09232,1.09228,1850000,1250000
2018-04-26 12:33:08.386000,1.09232,1.09228,1200000,1310000
2018-04-26 12:33:08.593000,1.09229,1.09228,2620000,1000000
2018-04-26 12:33:08.703000,1.09229,1.09225,2250000,2320000
2018-04-26 12:33:08.756000,1.0923,1.09225,3450000,4120000
2018-04-26 12:33:09.075000,1.0923,1.09225,4200000,2250000
2018-04-26 12:33:09.341000,1.09228,1.09225,1000000,1870000
2018-04-26 12:33:09.613000,1.09227,1.09222,1200000,4010000
2018-04-26 12:33:11.543000,1.09229,1.09225,3450000,1120000
2018-04-26 12:33:11.882000,1.0923,1.09226,1100000,2440000
2018-04-26 12:33:12.399000,1.09231,1.09227,1570000,2440000
2018-04-26 12:33:12.938000,1.09232,1.09227,2700000,4010000
2018-04-26 12:33:13.428000,1.09234,1.09232,7050000,1310000
2018-04-26 12:33:13.482000,1.09236,1.09232,2700000,2810000
2018-04-26 12:33:14.027000,1.09238,1.09233,1570000,3640000
2018-04-26 12:33:15.753000,1.09238,1.09233,3070000,2140000
2018-04-26 12:33:15.907000,1.09234,1.09232,1000000,1100000
2018-04-26 12:33:16.129000,1.09233,1.09229,3000000,1010000
2018-04-26 12:33:16.643000,1.09233,1.09228,4570000,1390000
2018-04-26 12:33:18.437000,1.09232,1.09227,1570000,3640000
2018-04-26 12:33:19.170000,1.09231,1.09226,2320000,4390000
2018-04-26 12:33:19.702000,1.09231,1.09226,4200000,3560000
2018-04-26 12:33:20.248000,1.09229,1.09224,3000000,3640000
2018-04-26 12:33:20.520000,1.09227,1.09222,1570000,5510000
2018-04-26 12:33:21.767000,1.09227,1.09223,7010000,1000000
2018-04-26 12:33:21.819000,1.09228,1.09226,3750000,2100000
2018-04-26 12:33:21.871000,1.09229,1.09225,1200000,2660000
2018-04-26 12:33:21.922000,1.09229,1.09228,1100000,1120000
2018-04-26 12:33:22.127000,1.09229,1.09226,1000000,2810000
2018-04-26 12:33:22.347000,1.09229,1.09228,1000000,1250000
2018-04-26 12:33:22.400000,1.09232,1.09228,2700000,1250000
2018-04-26 12:33:23.635000,1.09232,1.09229,1500000,1000000
2018-04-26 12:33:25.138000,1.09233,1.09229,1500000,1100000
2018-04-26 12:33:28.001000,1.09233,1.09229,1500000,1290000
2018-04-26 12:33:28.326000,1.09232,1.09227,4200000,1950000
2018-04-26 12:33:28.432000,1.0923,1.09225,7500000,5140000
2018-04-26 12:33:28.539000,1.09229,1.09224,3820000,1570000
2018-04-26 12:33:30.946000,1.09226,1.09223,1120000,1500000
2018-04-26 12:33:31.461000,1.09227,1.09224,2250000,1000000
2018-04-26 12:33:33.005000,1.09227,1.09223,5510000,1500000
2018-04-26 12:33:33.524000,1.09225,1.09222,2620000,1500000
2018-04-26 12:33:34.363000,1.09225,1.09223,1000000,1000000
2018-04-26 12:33:34.889000,1.09227,1.09224,2250000,1000000
2018-04-26 12:33:35.693000,1.09227,1.09225,1500000,1000000
2018-04-26 12:33:36.474000,1.09226,1.09224,1250000,1000000
2018-04-26 12:33:37.042000,1.09225,1.09223,1500000,1000000
2018-04-26 12:33:37.761000,1.09226,1.09224,1000000,1120000
2018-04-26 12:33:42.463000,1.09229,1.09227,2810000,1000000
2018-04-26 12:33:42.518000,1.0923,1.09227,1870000,1000000
2018-04-26 12:33:43.038000,1.09231,1.09228,3750000,1000000
2018-04-26 12:33:44.293000,1.09228,1.09225,4310000,1570000
2018-04-26 12:33:44.346000,1.09226,1.09224,1000000,1570000
2018-04-26 12:33:44.450000,1.09223,1.09221,1870000,1000000
2018-04-26 12:33:44.556000,1.09223,1.09219,5890000,1500000
2018-04-26 12:33:47.798000,1.09223,1.09219,3260000,1120000
2018-04-26 12:33:47.905000,1.09221,1.09219,1000000,1120000
2018-04-26 12:33:48.425000,1.09221,1.09218,3000000,1000000
2018-04-26 12:33:49.771000,1.09221,1.09219,1120000,1000000
2018-04-26 12:33:49.988000,1.09226,1.09223,2060000,1000000
2018-04-26 12:33:50.535000,1.09227,1.09224,1690000,1000000
2018-04-26 12:33:53.660000,1.09227,1.09224,1310000,1000000
2018-04-26 12:33:53.725000,1.09225,1.09222,2060000,3070000
2018-04-26 12:33:54.247000,1.09224,1.09222,1000000,1000000
2018-04-26 12:33:55.342000,1.09224,1.09221,1310000,1000000
2018-04-26 12:33:59.225000,1.09222,1.09219,2250000,1120000
2018-04-26 12:33:59.544000,1.0922,1.09217,3560000,1120000
2018-04-26 12:33:59.979000,1.09218,1.09215,1000000,1200000
2018-04-26 12:34:00.501000,1.0922,1.09216,3640000,1180000
2018-04-26 12:34:01.271000,1.0922,1.09217,3750000,1000000
2018-04-26 12:34:01.781000,1.09221,1.09217,3000000,1100000
2018-04-26 12:34:02.290000,1.09221,1.09218,1870000,1000000
2018-04-26 12:34:02.798000,1.09221,1.09218,4010000,1000000
2018-04-26 12:34:03.325000,1.09221,1.09217,6260000,1000000
2018-04-26 12:34:03.872000,1.0922,1.09217,1190000,1000000
2018-04-26 12:34:04.404000,1.09219,1.09216,1310000,1100000
2018-04-26 12:34:05.182000,1.09219,1.09215,3260000,1870000
2018-04-26 12:34:05.491000,1.09216,1.09213,1290000,4120000
2018-04-26 12:34:05.548000,1.09214,1.09211,2250000,1200000
2018-04-26 12:34:06.081000,1.0921,1.09209,2850000,1120000
2018-04-26 12:34:06.133000,1.0921,1.09207,1500000,1760000
2018-04-26 12:34:06.185000,1.09208,1.09206,3750000,1500000
2018-04-26 12:34:06.341000,1.09207,1.09204,1000000,1870000
2018-04-26 12:34:06.929000,1.09208,1.09204,1950000,3370000
2018-04-26 12:34:07.395000,1.0921,1.09206,4200000,1000000
2018-04-26 12:34:07.729000,1.09217,1.09213,2250000,2320000
2018-04-26 12:34:08.109000,1.09218,1.09215,1000000,1570000
2018-04-26 12:34:08.423000,1.09221,1.09218,3640000,1000000
2018-04-26 12:34:08.735000,1.09219,1.09216,3450000,1120000
2018-04-26 12:34:09.046000,1.09208,1.09203,1500000,7200000
2018-04-26 12:34:09.576000,1.09208,1.09204,3820000,1120000
2018-04-26 12:34:10.290000,1.09206,1.09203,1000000,1120000
2018-04-26 12:34:11.683000,1.09207,1.09203,1570000,1120000
2018-04-26 12:34:13.115000,1.09208,1.09204,3450000,1000000
2018-04-26 12:34:13.218000,1.09208,1.09206,1200000,1870000
2018-04-26 12:34:13.324000,1.0921,1.09207,2140000,1000000
2018-04-26 12:34:13.494000,1.09209,1.09205,1870000,4950000
2018-04-26 12:34:14.008000,1.09209,1.09205,1570000,1120000
2018-04-26 12:34:14.529000,1.09208,1.09204,1570000,1120000
2018-04-26 12:34:14.632000,1.09206,1.09202,1000000,6450000
2018-04-26 12:34:15.045000,1.09204,1.092,2250000,2510000
2018-04-26 12:34:15.098000,1.09202,1.09198,1870000,1200000
2018-04-26 12:34:15.427000,1.09201,1.09196,1570000,2700000
2018-04-26 12:34:16.119000,1.09201,1.09197,1500000,1100000
2018-04-26 12:34:16.326000,1.09202,1.09197,2320000,3070000
2018-04-26 12:34:17.072000,1.09202,1.09198,1570000,1120000
2018-04-26 12:34:17.819000,1.09202,1.09198,1570000,1120000
2018-04-26 12:34:18.853000,1.09203,1.09199,4390000,1000000
2018-04-26 12:34:20.494000,1.09203,1.09198,4390000,1120000
2018-04-26 12:34:21.745000,1.09203,1.09199,4390000,1000000
2018-04-26 12:34:22.577000,1.09203,1.09198,2890000,6890000
2018-04-26 12:34:24.257000,1.09202,1.09197,7570000,2250000
2018-04-26 12:34:28.664000,1.09202,1.09198,3820000,1120000
2018-04-26 12:34:29.950000,1.09202,1.09198,1950000,1120000
2018-04-26 12:34:30.563000,1.09202,1.09198,3820000,1870000
2018-04-26 12:34:33.825000,1.09202,1.092,3370000,2850000
2018-04-26 12:34:33.931000,1.09207,1.09204,1760000,1000000
2018-04-26 12:34:33.984000,1.09204,1.09202,1000000,1000000
2018-04-26 12:34:34.211000,1.09203,1.09199,2810000,4200000
2018-04-26 12:34:34.263000,1.09203,1.09201,3370000,1000000
2018-04-26 12:34:34.576000,1.09206,1.09203,1390000,1000000
2018-04-26 12:34:35.009000,1.09208,1.09204,1950000,1120000
2018-04-26 12:34:35.729000,1.09208,1.09205,1000000,1760000
2018-04-26 12:34:35.783000,1.0921,1.09206,4570000,2250000
2018-04-26 12:34:36.329000,1.09212,1.09209,2140000,1000000
2018-04-26 12:34:36.746000,1.09214,1.09211,1950000,1120000
2018-04-26 12:34:36.806000,1.09215,1.09211,2140000,1870000
2018-04-26 12:34:37.342000,1.09214,1.09212,1000000,1000000
2018-04-26 12:34:37.859000,1.09216,1.09212,7390000,1000000
2018-04-26 12:34:38.026000,1.09213,1.09211,1000000,1950000
2018-04-26 12:34:38.284000,1.09215,1.09212,5140000,1000000
2018-04-26 12:34:38.441000,1.09214,1.09211,3190000,1000000
2018-04-26 12:34:38.989000,1.09214,1.0921,7390000,1500000
2018-04-26 12:34:40.405000,1.0921,1.09209,1000000,1000000
2018-04-26 12:34:40.601000,1.0921,1.09207,1690000,1120000
2018-04-26 12:34:41.567000,1.09205,1.09202,5100000,1500000
2018-04-26 12:34:41.619000,1.09203,1.09201,1000000,1100000
2018-04-26 12:34:42.169000,1.09204,1.09201,2320000,1120000
2018-04-26 12:34:42.811000,1.09205,1.09201,2700000,1870000
2018-04-26 12:34:43.131000,1.09207,1.09203,5510000,1000000
2018-04-26 12:34:43.673000,1.09208,1.09204,5320000,1120000
2018-04-26 12:34:44.841000,1.09206,1.09204,1000000,1120000
2018-04-26 12:34:45.361000,1.09207,1.09204,1000000,2320000
2018-04-26 12:34:46.034000,1.09208,1.09205,2320000,1500000
2018-04-26 12:34:47.174000,1.09207,1.09205,1000000,1500000
2018-04-26 12:34:47.493000,1.09205,1.09203,1000000,2700000
2018-04-26 12:34:47.597000,1.09202,1.09201,1000000,1100000
2018-04-26 12:34:48.120000,1.09202,1.092,1000000,1120000
2018-04-26 12:34:49.292000,1.09203,1.092,2320000,1120000
2018-04-26 12:34:49.629000,1.09205,1.09203,1000000,1000000
2018-04-26 12:34:50.944000,1.09206,1.09203,1250000,1120000
2018-04-26 12:34:51.271000,1.09207,1.09205,1000000,1000000
2018-04-26 12:34:51.583000,1.09208,1.09207,1000000,1000000
2018-04-26 12:34:51.636000,1.0921,1.09207,1200000,1000000
2018-04-26 12:34:53.043000,1.0921,1.09208,1000000,1000000
2018-04-26 12:34:53.095000,1.09212,1.09208,1120000,1950000
2018-04-26 12:34:53.198000,1.09212,1.0921,1000000,1000000
2018-04-26 12:34:53.716000,1.09213,1.09211,1000000,1120000
2018-04-26 12:34:54.920000,1.09213,1.0921,1500000,1120000
2018-04-26 12:34:55.244000,1.09209,1.09207,1500000,1000000
2018-04-26 12:34:55.780000,1.09209,1.09206,1000000,1120000
2018-04-26 12:34:56.246000,1.09213,1.09209,5700000,2440000
2018-04-26 12:34:56.441000,1.09215,1.09211,2510000,1120000
2018-04-26 12:34:57.022000,1.09214,1.09211,1000000,1120000
2018-04-26 12:34:57.333000,1.09215,1.09213,1100000,1120000
2018-04-26 12:34:57.676000,1.0922,1.09217,1100000,1870000
2018-04-26 12:34:58.212000,1.09219,1.09217,1000000,1000000
2018-04-26 12:34:59.710000,1.0922,1.09216,1500000,1570000
2018-04-26 12:35:00.175000,1.09222,1.09221,2440000,1120000
2018-04-26 12:35:00.402000,1.09226,1.09224,1120000,1120000
2018-04-26 12:35:00.506000,1.09229,1.09225,3190000,2320000
2018-04-26 12:35:00.741000,1.09232,1.09228,1690000,3070000
2018-04-26 12:35:00.794000,1.09233,1.09229,1500000,2320000
2018-04-26 12:35:00.921000,1.09234,1.09232,1250000,9000000
2018-04-26 12:35:00.977000,1.09241,1.09236,9110000,1870000
2018-04-26 12:35:01.141000,1.09241,1.09238,6560000,1570000
2018-04-26 12:35:01.350000,1.09239,1.09237,1190000,2320000
2018-04-26 12:35:01.988000,1.09239,1.09235,3190000,1570000
2018-04-26 12:35:02.040000,1.09238,1.09234,1500000,3070000
2018-04-26 12:35:02.150000,1.09233,1.09231,1000000,1310000
2018-04-26 12:35:02.254000,1.09233,1.09229,1870000,1760000
2018-04-26 12:35:02.306000,1.09231,1.09228,1000000,2510000
2018-04-26 12:35:02.537000,1.09228,1.09225,2250000,1570000
2018-04-26 12:35:02.590000,1.09227,1.09224,3000000,1850000
2018-04-26 12:35:03.050000,1.09231,1.09228,1000000,1570000
2018-04-26 12:35:03.259000,1.09235,1.09231,2140000,2250000
2018-04-26 12:35:03.499000,1.09233,1.09229,1870000,1200000
2018-04-26 12:35:04.051000,1.09233,1.09228,1100000,3070000
2018-04-26 12:35:04.267000,1.09231,1.09226,2250000,5140000
2018-04-26 12:35:04.605000,1.09233,1.09228,1000000,2320000
2018-04-26 12:35:05.129000,1.09234,1.09229,3450000,1570000
2018-04-26 12:35:05.455000,1.09237,1.09233,5250000,2320000
2018-04-26 12:35:06.002000,1.09234,1.09231,1000000,6640000
2018-04-26 12:35:06.210000,1.09233,1.09229,1120000,1200000
2018-04-26 12:35:07.452000,1.09232,1.09229,1000000,1120000
2018-04-26 12:35:07.612000,1.09231,1.09226,1690000,3640000
2018-04-26 12:35:07.756000,1.09228,1.09225,1500000,1250000
2018-04-26 12:35:07.924000,1.09226,1.09223,1000000,1390000
2018-04-26 12:35:08.611000,1.09226,1.09222,1250000,1570000
2018-04-26 12:35:09.141000,1.09227,1.09224,1000000,1200000
2018-04-26 12:35:09.729000,1.09228,1.09223,1310000,3450000
2018-04-26 12:35:10.069000,1.09226,1.09222,1690000,2320000
2018-04-26 12:35:10.595000,1.09228,1.09223,1760000,3070000
2018-04-26 12:35:11.080000,1.09222,1.0922,1000000,1000000
2018-04-26 12:35:11.187000,1.09221,1.09218,1950000,1120000
2018-04-26 12:35:11.241000,1.0922,1.09216,1120000,1570000
2018-04-26 12:35:11.572000,1.09221,1.09218,1190000,1120000
2018-04-26 12:35:11.733000,1.09226,1.09222,1120000,1200000
2018-04-26 12:35:11.928000,1.09225,1.09222,1500000,1100000
2018-04-26 12:35:12.061000,1.09226,1.09222,1200000,1870000
2018-04-26 12:35:12.352000,1.09228,1.09225,1000000,2320000
2018-04-26 12:35:12.665000,1.0923,1.09228,1120000,1120000
2018-04-26 12:35:12.928000,1.09233,1.09228,3640000,1950000
2018-04-26 12:35:13.443000,1.09234,1.0923,4390000,1120000
2018-04-26 12:35:13.964000,1.09233,1.09229,1500000,2320000
2018-04-26 12:35:14.493000,1.09234,1.09229,4010000,2320000
2018-04-26 12:35:14.795000,1.09237,1.09233,3820000,1310000
2018-04-26 12:35:15.329000,1.09239,1.09234,3820000,1310000
2018-04-26 12:35:15.645000,1.09241,1.09236,4050000,1120000
2018-04-26 12:35:16.148000,1.0924,1.09235,4570000,1950000
2018-04-26 12:35:16.471000,1.09235,1.09234,1500000,1250000
2018-04-26 12:35:16.523000,1.09234,1.09232,2320000,1120000
2018-04-26 12:35:16.575000,1.09233,1.0923,1120000,1120000
2018-04-26 12:35:16.740000,1.09234,1.09232,4350000,1190000
2018-04-26 12:35:16.793000,1.09229,1.09227,1000000,2810000
2018-04-26 12:35:16.950000,1.09229,1.09225,2250000,1950000
2018-04-26 12:35:17.002000,1.09229,1.09226,1870000,1760000
2018-04-26 12:35:17.309000,1.09229,1.09225,2250000,1010000
2018-04-26 12:35:17.467000,1.09228,1.09224,1120000,3640000
2018-04-26 12:35:17.707000,1.09226,1.09221,1570000,3260000
2018-04-26 12:35:18.144000,1.09227,1.09223,1120000,2320000
2018-04-26 12:35:18.248000,1.09229,1.09226,1120000,2250000
2018-04-26 12:35:18.760000,1.09228,1.09224,1950000,1310000
2018-04-26 12:35:19.188000,1.09226,1.09222,5170000,1560000
2018-04-26 12:35:19.521000,1.0922,1.09217,2700000,1000000
2018-04-26 12:35:19.975000,1.09221,1.09217,2890000,1870000
2018-04-26 12:35:20.131000,1.09221,1.09217,6070000,1000000
2018-04-26 12:35:20.338000,1.0922,1.09216,1100000,2250000
2018-04-26 12:35:20.866000,1.09216,1.09215,1000000,1250000
2018-04-26 12:35:21.198000,1.0922,1.09215,2140000,6070000
2018-04-26 12:35:21.641000,1.09221,1.09217,4390000,2250000
2018-04-26 12:35:22.163000,1.0922,1.09217,1000000,1200000
2018-04-26 12:35:22.270000,1.09222,1.09218,3820000,1750000
2018-04-26 12:35:22.585000,1.09225,1.09223,1390000,1000000
2018-04-26 12:35:22.703000,1.09226,1.09221,3370000,2510000
2018-04-26 12:35:22.859000,1.09228,1.09223,5320000,3070000
2018-04-26 12:35:23.069000,1.09228,1.09224,3000000,1850000
2018-04-26 12:35:23.298000,1.09228,1.09224,5920000,1120000
2018-04-26 12:35:23.401000,1.09228,1.09224,4200000,1750000
2018-04-26 12:35:23.754000,1.09228,1.09224,4570000,1120000
2018-04-26 12:35:24.173000,1.09228,1.09223,5320000,5510000
2018-04-26 12:35:24.409000,1.09231,1.09227,2810000,1570000
2018-04-26 12:35:24.461000,1.09229,1.09227,1000000,1760000
2018-04-26 12:35:24.813000,1.09232,1.09228,2320000,1870000
2018-04-26 12:35:24.865000,1.09232,1.09229,1000000,1500000
2018-04-26 12:35:25.447000,1.09233,1.09229,3070000,1500000
2018-04-26 12:35:25.814000,1.0923,1.09228,2620000,1010000
2018-04-26 12:35:26.121000,1.09228,1.09224,3820000,1750000
2018-04-26 12:35:26.665000,1.09228,1.09223,2320000,2510000
2018-04-26 12:35:27.298000,1.09226,1.09223,1500000,2510000
2018-04-26 12:35:27.637000,1.09223,1.09221,1000000,2140000
2018-04-26 12:35:27.693000,1.09222,1.0922,1500000,1870000
2018-04-26 12:35:27.848000,1.09221,1.09218,2850000,2140000
2018-04-26 12:35:28.036000,1.09216,1.09213,1000000,3450000
2018-04-26 12:35:28.243000,1.0922,1.09216,3640000,1000000
2018-04-26 12:35:28.295000,1.0922,1.09216,1570000,3940000
2018-04-26 12:35:28.399000,1.0922,1.09218,1200000,1190000
2018-04-26 12:35:28.707000,1.09222,1.09218,2250000,1850000
2018-04-26 12:35:28.811000,1.09223,1.09222,1000000,1000000
2018-04-26 12:35:28.938000,1.09227,1.09222,4390000,2250000
2018-04-26 12:35:29.443000,1.09227,1.09223,1000000,2320000
2018-04-26 12:35:30.060000,1.09227,1.09223,2320000,2250000
2018-04-26 12:35:30.112000,1.09223,1.09219,1000000,2700000
2018-04-26 12:35:30.477000,1.09221,1.09217,1870000,3260000
2018-04-26 12:35:30.589000,1.09221,1.09217,4120000,1570000
2018-04-26 12:35:31.087000,1.09218,1.09217,1000000,1250000
2018-04-26 12:35:31.399000,1.09215,1.09213,1000000,1870000
2018-04-26 12:35:31.857000,1.09213,1.0921,1500000,1760000
2018-04-26 12:35:32.021000,1.09214,1.0921,2700000,1500000
2018-04-26 12:35:32.141000,1.09211,1.09208,3750000,1390000
2018-04-26 12:35:32.835000,1.09211,1.09207,6450000,1500000
2018-04-26 12:35:33.158000,1.09212,1.09209,2620000,5440000
2018-04-26 12:35:33.265000,1.09215,1.09211,1100000,6370000
2018-04-26 12:35:33.489000,1.09215,1.09211,1570000,1690000
2018-04-26 12:35:33.541000,1.09213,1.0921,1500000,2440000
2018-04-26 12:35:33.808000,1.09215,1.09211,2140000,1500000
2018-04-26 12:35:33.944000,1.09213,1.09211,1000000,1310000
2018-04-26 12:35:34.256000,1.09211,1.09207,4500000,2510000
2018-04-26 12:35:34.502000,1.0921,1.09206,6370000,2700000
2018-04-26 12:35:34.554000,1.09205,1.09203,1500000,2440000
2018-04-26 12:35:34.709000,1.09205,1.09202,3750000,1000000
2018-04-26 12:35:34.761000,1.09205,1.09203,7120000,1190000
2018-04-26 12:35:35.066000,1.09201,1.09199,1000000,1190000
2018-04-26 12:35:35.119000,1.092,1.09198,1000000,1310000
2018-04-26 12:35:35.410000,1.09198,1.09194,1000000,2510000
2018-04-26 12:35:35.463000,1.09198,1.09197,1000000,1250000
2018-04-26 12:35:35.517000,1.09198,1.09195,1000000,1120000
2018-04-26 12:35:35.676000,1.09195,1.09193,1500000,1760000
2018-04-26 12:35:35.871000,1.09192,1.0919,1000000,2320000
2018-04-26 12:35:35.924000,1.09196,1.09193,1070000,1000000
2018-04-26 12:35:36.169000,1.09197,1.09194,3370000,2250000
2018-04-26 12:35:36.416000,1.09198,1.09195,1500000,1310000
2018-04-26 12:35:36.770000,1.09202,1.09198,1100000,6560000
2018-04-26 12:35:37.050000,1.09204,1.092,1950000,1500000
2018-04-26 12:35:37.255000,1.09205,1.09204,1000000,1000000
2018-04-26 12:35:37.547000,1.09211,1.09206,6640000,1120000
2018-04-26 12:35:37.600000,1.09214,1.09211,1500000,1070000
2018-04-26 12:35:37.867000,1.09216,1.09214,1500000,1720000
2018-04-26 12:35:37.973000,1.09221,1.09216,1870000,1750000
2018-04-26 12:35:38.135000,1.09217,1.09214,1000000,4570000
2018-04-26 12:35:38.188000,1.09218,1.09216,1000000,4570000
2018-04-26 12:35:38.345000,1.09222,1.09218,1120000,1570000
2018-04-26 12:35:38.516000,1.09226,1.09222,1120000,1760000
2018-04-26 12:35:38.828000,1.09217,1.09215,2320000,2810000
2018-04-26 12:35:38.960000,1.09216,1.09214,1100000,1000000
2018-04-26 12:35:39.475000,1.09216,1.09213,2320000,1000000
2018-04-26 12:35:39.684000,1.09213,1.09211,1000000,3070000
2018-04-26 12:35:39.842000,1.09216,1.09212,4950000,1870000
2018-04-26 12:35:39.898000,1.09217,1.09215,1000000,1120000
2018-04-26 12:35:40.222000,1.09222,1.09218,1950000,2250000
2018-04-26 12:35:40.543000,1.09227,1.09223,2060000,3750000
2018-04-26 12:35:40.806000,1.09232,1.09227,1000000,5320000
2018-04-26 12:35:41.279000,1.09234,1.09231,2250000,1500000
2018-04-26 12:35:41.523000,1.09234,1.0923,2700000,1310000
2018-04-26 12:35:41.574000,1.09234,1.0923,2700000,1750000
2018-04-26 12:35:41.940000,1.09232,1.09228,1000000,6070000
2018-04-26 12:35:42.463000,1.09233,1.09229,1000000,1570000
2018-04-26 12:35:42.775000,1.09234,1.0923,2320000,4690000
2018-04-26 12:35:42.962000,1.09239,1.09233,2140000,1750000
2018-04-26 12:35:43.066000,1.09239,1.09234,1100000,1760000
2018-04-26 12:35:43.118000,1.09237,1.09233,1000000,1640000
2018-04-26 12:35:43.429000,1.09234,1.0923,1500000,1760000
2018-04-26 12:35:43.769000,1.09233,1.09228,1950000,2250000
2018-04-26 12:35:43.924000,1.09233,1.09228,1950000,1870000
2018-04-26 12:35:44.029000,1.09234,1.09229,5320000,1690000
2018-04-26 12:35:44.362000,1.09238,1.09233,1950000,2000000
2018-04-26 12:35:44.875000,1.09238,1.09233,1200000,2040000
2018-04-26 12:35:45.230000,1.09234,1.0923,1500000,1010000
2018-04-26 12:35:45.489000,1.09234,1.09232,2250000,1500000
2018-04-26 12:35:45.623000,1.09238,1.09233,1100000,1010000
2018-04-26 12:35:45.831000,1.0924,1.09236,1200000,1750000
2018-04-26 12:35:46.212000,1.0924,1.09236,1500000,1390000
2018-04-26 12:35:46.632000,1.09239,1.09233,1800000,1010000
2018-04-26 12:35:46.941000,1.09237,1.09234,1500000,2250000
2018-04-26 12:35:47.044000,1.0924,1.09235,4420000,1570000
2018-04-26 12:35:47.546000,1.0924,1.09234,6670000,1570000
2018-04-26 12:35:48.246000,1.09235,1.09233,1000000,1010000
2018-04-26 12:35:48.733000,1.09239,1.09233,1200000,2040000
2018-04-26 12:35:49.044000,1.09236,1.09232,1000000,2510000
2018-04-26 12:35:49.150000,1.09238,1.09233,1200000,1010000
2018-04-26 12:35:49.656000,1.09237,1.09232,1100000,4760000
2018-04-26 12:35:50.195000,1.09237,1.09232,1100000,2040000
2018-04-26 12:35:50.704000,1.09238,1.09233,1000000,1010000
2018-04-26 12:35:51.051000,1.0924,1.09234,5170000,1850000
2018-04-26 12:35:51.634000,1.09239,1.09234,1100000,2000000
2018-04-26 12:35:51.692000,1.0924,1.09235,1500000,5510000
2018-04-26 12:35:52.058000,1.09241,1.09237,1100000,3750000
2018-04-26 12:35:52.264000,1.09243,1.09239,1100000,3750000
2018-04-26 12:35:52.420000,1.09246,1.09241,4570000,2000000
2018-04-26 12:35:52.472000,1.09247,1.09242,2250000,4950000
2018-04-26 12:35:52.653000,1.09246,1.09241,3820000,1500000
2018-04-26 12:35:52.757000,1.09246,1.09241,2440000,6640000
2018-04-26 12:35:53.187000,1.09249,1.09245,2510000,2100000
2018-04-26 12:35:53.400000,1.09246,1.09241,3750000,3260000
2018-04-26 12:35:53.629000,1.09245,1.0924,1250000,1760000
2018-04-26 12:35:53.683000,1.09242,1.09237,2320000,3750000
2018-04-26 12:35:54.002000,1.09239,1.09233,1420000,4760000
2018-04-26 12:35:54.296000,1.0924,1.09235,1950000,4690000
2018-04-26 12:35:54.358000,1.09239,1.09234,1050000,2250000
2018-04-26 12:35:54.718000,1.09237,1.09232,1000000,5320000
2018-04-26 12:35:54.976000,1.09239,1.09233,1010000,2020000
2018-04-26 12:35:55.238000,1.0924,1.09235,10610000,4690000
2018-04-26 12:35:55.393000,1.09243,1.09239,1200000,2250000
2018-04-26 12:35:55.446000,1.09245,1.09241,2170000,3750000
2018-04-26 12:35:55.498000,1.09243,1.09238,1000000,4200000
2018-04-26 12:35:55.617000,1.09241,1.09236,4000000,3750000
2018-04-26 12:35:56.191000,1.09239,1.09233,1150000,5700000
2018-04-26 12:35:56.519000,1.09237,1.09232,2360000,3750000
2018-04-26 12:35:56.785000,1.09237,1.09231,6490000,1850000
2018-04-26 12:35:56.890000,1.09237,1.09233,4500000,6450000
2018-04-26 12:35:57.053000,1.09239,1.09233,1250000,7200000
2018-04-26 12:35:57.592000,1.09237,1.09234,1000000,1950000
2018-04-26 12:35:57.801000,1.09239,1.09233,1250000,5700000
2018-04-26 12:35:58.451000,1.09239,1.09235,1100000,6190000
2018-04-26 12:35:58.504000,1.09242,1.09236,2890000,6000000
2018-04-26 12:35:58.557000,1.09243,1.09237,2740000,3750000
2018-04-26 12:35:58.806000,1.09244,1.09239,1000000,1850000
2018-04-26 12:35:59.068000,1.09241,1.09238,2250000,2620000
2018-04-26 12:35:59.608000,1.09241,1.09236,3260000,4500000
2018-04-26 12:35:59.826000,1.09239,1.09234,1000000,7010000
2018-04-26 12:36:00.143000,1.0924,1.09236,1250000,5250000
2018-04-26 12:36:00.384000,1.09242,1.09236,1760000,6820000
2018-04-26 12:36:01.092000,1.09243,1.09238,1760000,3750000
2018-04-26 12:36:01.410000,1.09244,1.0924,1100000,3750000
2018-04-26 12:36:01.825000,1.09243,1.09238,1000000,9070000
2018-04-26 12:36:01.930000,1.09241,1.09237,1500000,1750000
2018-04-26 12:36:02.203000,1.0924,1.09235,3790000,3260000
2018-04-26 12:36:02.411000,1.09238,1.09235,1500000,1390000
2018-04-26 12:36:02.942000,1.09239,1.09234,1750000,4500000
2018-04-26 12:36:03.047000,1.0924,1.09235,5140000,2000000
2018-04-26 12:36:03.269000,1.09237,1.09234,1000000,1750000
2018-04-26 12:36:03.715000,1.09239,1.09234,1500000,2320000
2018-04-26 12:36:04.070000,1.09236,1.09232,3820000,3000000
2018-04-26 12:36:04.444000,1.09238,1.09233,1000000,5320000
2018-04-26 12:36:04.764000,1.09234,1.0923,2320000,6750000
2018-04-26 12:36:05.286000,1.09234,1.0923,2440000,1750000
2018-04-26 12:36:05.671000,1.09234,1.0923,5060000,1120000
2018-04-26 12:36:05.724000,1.09231,1.09229,1000000,1950000
2018-04-26 12:36:06.117000,1.09232,1.09228,3820000,4500000
2018-04-26 12:36:06.273000,1.09234,1.09229,4760000,1500000
2018-04-26 12:36:06.774000,1.09234,1.09229,3000000,2320000
2018-04-26 12:36:06.991000,1.09234,1.09232,1500000,1500000
2018-04-26 12:36:07.044000,1.09237,1.09233,1120000,3070000
2018-04-26 12:36:07.233000,1.0924,1.09235,7760000,1120000
2018-04-26 12:36:07.335000,1.0924,1.09235,4390000,2000000
2018-04-26 12:36:07.651000,1.09244,1.0924,1570000,6000000
2018-04-26 12:36:07.858000,1.09246,1.09241,5890000,1500000
2018-04-26 12:36:08.013000,1.09246,1.09241,1390000,4500000
2018-04-26 12:36:08.545000,1.09246,1.09241,3750000,2320000
2018-04-26 12:36:08.852000,1.09243,1.09238,1100000,1750000
2018-04-26 12:36:09.195000,1.09237,1.09234,1000000,1870000
2018-04-26 12:36:09.248000,1.09237,1.09233,3000000,1100000
2018-04-26 12:36:09.352000,1.09236,1.09232,1190000,1120000
2018-04-26 12:36:09.460000,1.09237,1.09232,1120000,1640000
2018-04-26 12:36:09.513000,1.09234,1.0923,1500000,3450000
2018-04-26 12:36:09.829000,1.09232,1.09229,1500000,1500000
2018-04-26 12:36:09.949000,1.09228,1.09224,1000000,3640000
2018-04-26 12:36:10.188000,1.09229,1.09225,1950000,1810000
2018-04-26 12:36:10.298000,1.09231,1.09227,1290000,1500000
2018-04-26 12:36:10.459000,1.09229,1.09224,2250000,1850000
2018-04-26 12:36:11.003000,1.09228,1.09224,1000000,2250000
2018-04-26 12:36:11.111000,1.09232,1.09228,4950000,1500000
2018-04-26 12:36:11.440000,1.09228,1.09225,1000000,3000000
2018-04-26 12:36:11.499000,1.0923,1.09225,1000000,2320000
2018-04-26 12:36:11.900000,1.09228,1.09226,1500000,1500000
2018-04-26 12:36:11.953000,1.09228,1.09224,1500000,2320000
2018-04-26 12:36:13.260000,1.09228,1.09224,1250000,6000000
2018-04-26 12:36:13.417000,1.09232,1.09227,8140000,1000000
2018-04-26 12:36:13.538000,1.09232,1.09228,3940000,1750000
2018-04-26 12:36:13.853000,1.09234,1.09229,1570000,3370000
2018-04-26 12:36:14.060000,1.09232,1.09228,1500000,1570000
2018-04-26 12:36:14.370000,1.09228,1.09227,1000000,1120000
2018-04-26 12:36:14.476000,1.09228,1.09224,1000000,3070000
2018-04-26 12:36:14.581000,1.09229,1.09225,1250000,5700000
2018-04-26 12:36:14.865000,1.09228,1.09224,1000000,1750000
2018-04-26 12:36:15.537000,1.09228,1.09224,1000000,2320000
2018-04-26 12:36:15.589000,1.09232,1.09228,1120000,3750000
2018-04-26 12:36:15.896000,1.09234,1.09231,2320000,2850000
2018-04-26 12:36:16.103000,1.09236,1.09231,1690000,1950000
2018-04-26 12:36:16.260000,1.09234,1.0923,1000000,1850000
2018-04-26 12:36:16.312000,1.09236,1.0923,2140000,2320000
2018-04-26 12:36:16.630000,1.09237,1.09232,1800000,1750000
2018-04-26 12:36:16.786000,1.09239,1.09234,2320000,1500000
2018-04-26 12:36:16.945000,1.09237,1.09234,3070000,1870000
2018-04-26 12:36:17.272000,1.09234,1.09229,4950000,1500000
2018-04-26 12:36:17.801000,1.09233,1.09228,3640000,1750000
2018-04-26 12:36:19.471000,1.09234,1.0923,2440000,4500000
2018-04-26 12:36:19.689000,1.09234,1.09229,3190000,2320000
2018-04-26 12:36:20.012000,1.09231,1.09226,2250000,7760000
2018-04-26 12:36:20.419000,1.09233,1.09228,1250000,5320000
2018-04-26 12:36:20.925000,1.09234,1.0923,1760000,7500000
2018-04-26 12:36:21.264000,1.09233,1.09229,1000000,2320000
2018-04-26 12:36:21.768000,1.09233,1.09228,3260000,2700000
2018-04-26 12:36:22.274000,1.09234,1.0923,5510000,3750000
2018-04-26 12:36:22.448000,1.09234,1.09228,4010000,13050000
2018-04-26 12:36:22.552000,1.09231,1.09227,1000000,10570000
2018-04-26 12:36:22.759000,1.09234,1.09228,6260000,2320000
2018-04-26 12:36:23.164000,1.09231,1.09227,2060000,1820000
2018-04-26 12:36:23.704000,1.09231,1.09226,1690000,6450000
2018-04-26 12:36:24.236000,1.09232,1.09228,1690000,1850000
2018-04-26 12:36:24.374000,1.09234,1.09229,3450000,5620000
2018-04-26 12:36:24.788000,1.09235,1.09231,1000000,1850000
2018-04-26 12:36:25.306000,1.09236,1.09232,3360000,1870000
2018-04-26 12:36:25.819000,1.09237,1.09232,1250000,1950000
2018-04-26 12:36:27.238000,1.09238,1.09233,1200000,2320000
2018-04-26 12:36:27.292000,1.09236,1.09233,1000000,1570000
2018-04-26 12:36:27.668000,1.09234,1.0923,3260000,2620000
2018-04-26 12:36:28.497000,1.09231,1.09228,4870000,7390000
2018-04-26 12:36:28.837000,1.09226,1.09223,1870000,1120000
2018-04-26 12:36:29.345000,1.09227,1.09223,2740000,1120000
2018-04-26 12:36:29.599000,1.09224,1.09223,7870000,1120000
2018-04-26 12:36:29.654000,1.09224,1.0922,1190000,4950000
2018-04-26 12:36:29.767000,1.09225,1.09221,3110000,1750000
2018-04-26 12:36:30.096000,1.09227,1.09224,1760000,1000000
2018-04-26 12:36:30.250000,1.09228,1.09223,5700000,2320000
2018-04-26 12:36:30.770000,1.09228,1.09223,2890000,2320000
2018-04-26 12:36:31.847000,1.09229,1.09227,1570000,1500000
2018-04-26 12:36:31.899000,1.09231,1.09226,2890000,3820000
2018-04-26 12:36:31.951000,1.09231,1.09227,1570000,5250000
2018-04-26 12:36:32.377000,1.09233,1.09228,1100000,1950000
2018-04-26 12:36:32.970000,1.09234,1.09229,5890000,1750000
2018-04-26 12:36:33.487000,1.09234,1.09229,3450000,1850000
2018-04-26 12:36:35.291000,1.09235,1.0923,1570000,1850000
2018-04-26 12:36:35.376000,1.09238,1.09233,3450000,3370000
2018-04-26 12:36:35.685000,1.09234,1.0923,1100000,3000000
2018-04-26 12:36:36.088000,1.09236,1.09232,1010000,1500000
2018-04-26 12:36:36.623000,1.09238,1.09233,1570000,4690000
2018-04-26 12:36:36.727000,1.09239,1.09234,1570000,2890000
2018-04-26 12:36:37.221000,1.0924,1.09236,1500000,3640000
2018-04-26 12:36:37.435000,1.09245,1.09241,1100000,2250000
2018-04-26 12:36:38.203000,1.09243,1.0924,1000000,3820000
2018-04-26 12:36:38.257000,1.09242,1.0924,1120000,1200000
2018-04-26 12:36:38.459000,1.0924,1.09236,1000000,2510000
2018-04-26 12:36:39.026000,1.0924,1.09236,1570000,2440000
2018-04-26 12:36:39.700000,1.0924,1.09235,6300000,1500000
2018-04-26 12:36:40.340000,1.09239,1.09234,1850000,2510000
2018-04-26 12:36:40.444000,1.09238,1.09234,1120000,1570000
2018-04-26 12:36:40.571000,1.09234,1.09231,1000000,3640000
2018-04-26 12:36:40.676000,1.09237,1.09233,1100000,1750000
2018-04-26 12:36:40.947000,1.09239,1.09234,5320000,1570000
2018-04-26 12:36:41.495000,1.09237,1.09234,1000000,1570000
2018-04-26 12:36:41.767000,1.09239,1.09234,2320000,2510000
2018-04-26 12:36:42.366000,1.09239,1.09234,1200000,2510000
2018-04-26 12:36:42.535000,1.09241,1.09239,2250000,10120000
2018-04-26 12:36:42.641000,1.09246,1.09241,3070000,3450000
2018-04-26 12:36:42.692000,1.09244,1.0924,1000000,6640000
2018-04-26 12:36:42.999000,1.09246,1.09241,7200000,1750000
2018-04-26 12:36:44.184000,1.09246,1.0924,1950000,7010000
2018-04-26 12:36:44.732000,1.09246,1.09242,1200000,2250000
2018-04-26 12:36:45.246000,1.09246,1.09241,2700000,1760000
2018-04-26 12:36:45.807000,1.09247,1.09242,3450000,5510000
2018-04-26 12:36:46.073000,1.09251,1.09246,1100000,2320000
2018-04-26 12:36:46.127000,1.09252,1.09249,5700000,1000000
2018-04-26 12:36:46.234000,1.09252,1.09248,1950000,1500000
2018-04-26 12:36:46.288000,1.09251,1.0925,1000000,1000000
2018-04-26 12:36:46.729000,1.09251,1.09247,1000000,2320000
2018-04-26 12:36:47.232000,1.0925,1.09246,1000000,5320000
2018-04-26 12:36:47.389000,1.0925,1.09246,1000000,1570000
2018-04-26 12:36:47.923000,1.09248,1.09245,1000000,2000000
2018-04-26 12:36:48.086000,1.09245,1.09241,1000000,7390000
2018-04-26 12:36:48.491000,1.09247,1.09242,1100000,4010000
2018-04-26 12:36:49.073000,1.09245,1.09242,1870000,1500000
2018-04-26 12:36:49.388000,1.0924,1.09238,1000000,1100000
2018-04-26 12:36:49.713000,1.09238,1.09234,1000000,1760000
2018-04-26 12:36:50.412000,1.09236,1.09233,1000000,1390000
2018-04-26 12:36:50.734000,1.09234,1.0923,3820000,4690000
2018-04-26 12:36:51.278000,1.09233,1.09229,1100000,3750000
2018-04-26 12:36:51.870000,1.09233,1.09228,1100000,6640000
2018-04-26 12:36:52.628000,1.09232,1.09228,1500000,3940000
2018-04-26 12:36:53.466000,1.09233,1.09228,1950000,4010000
2018-04-26 12:36:53.826000,1.09235,1.09232,1570000,1940000
2018-04-26 12:36:54.085000,1.09237,1.09233,1000000,5140000
2018-04-26 12:36:54.628000,1.09238,1.09234,1000000,1570000
2018-04-26 12:36:57.772000,1.09239,1.09234,3070000,1470000
2018-04-26 12:36:58.186000,1.09237,1.09233,1000000,1390000
2018-04-26 12:36:58.518000,1.09234,1.09233,1000000,1000000
2018-04-26 12:36:59.705000,1.09236,1.09231,5700000,4690000
2018-04-26 12:37:00.241000,1.09235,1.0923,1950000,5510000
2018-04-26 12:37:00.767000,1.09235,1.0923,2700000,4690000
2018-04-26 12:37:01.470000,1.09235,1.0923,2700000,4760000
2018-04-26 12:37:01.789000,1.09233,1.09228,1870000,2140000
2018-04-26 12:37:02.090000,1.09238,1.09233,3450000,1010000
2018-04-26 12:37:04.604000,1.09239,1.09235,2700000,1310000
2018-04-26 12:37:04.940000,1.09242,1.09239,1000000,1010000
2018-04-26 12:37:05.251000,1.09244,1.0924,1120000,1010000
2018-04-26 12:37:05.790000,1.09245,1.09241,1870000,1010000
2018-04-26 12:37:05.894000,1.09247,1.09243,3450000,2620000
2018-04-26 12:37:06.493000,1.09246,1.09243,1120000,1010000
2018-04-26 12:37:06.869000,1.09244,1.09241,1000000,1200000
2018-04-26 12:37:06.972000,1.09245,1.09241,1000000,4950000
2018-04-26 12:37:07.076000,1.09244,1.09241,1120000,1010000
2018-04-26 12:37:07.612000,1.09243,1.0924,1870000,1010000
2018-04-26 12:37:08.133000,1.0924,1.09238,1000000,1700000
2018-04-26 12:37:08.241000,1.09239,1.09236,1870000,1690000
2018-04-26 12:37:08.399000,1.09238,1.09236,1000000,1310000
2018-04-26 12:37:08.937000,1.09238,1.09234,2250000,1010000
2018-04-26 12:37:09.498000,1.09237,1.09234,1120000,1010000
2018-04-26 12:37:10.973000,1.09235,1.09233,1000000,1760000
2018-04-26 12:37:11.024000,1.09236,1.09233,1500000,1010000
2018-04-26 12:37:11.816000,1.09237,1.09234,1120000,1010000
2018-04-26 12:37:11.876000,1.09238,1.09234,2250000,4760000
2018-04-26 12:37:12.139000,1.09242,1.09239,1000000,1010000
2018-04-26 12:37:12.706000,1.09242,1.09239,1000000,2510000
2018-04-26 12:37:13.209000,1.09243,1.0924,1000000,1010000
2018-04-26 12:37:13.756000,1.09244,1.0924,1870000,2070000
2018-04-26 12:37:14.275000,1.09242,1.09241,1000000,1100000
2018-04-26 12:37:14.940000,1.09243,1.0924,1000000,2510000
2018-04-26 12:37:15.486000,1.09243,1.0924,1120000,1760000
2018-04-26 12:37:16,1.09242,1.09239,1000000,2510000
2018-04-26 12:37:16.536000,1.09243,1.09239,1870000,2510000
2018-04-26 12:37:17.047000,1.09243,1.0924,2620000,1010000
2018-04-26 12:37:18.463000,1.0924,1.09239,1000000,1100000
2018-04-26 12:37:18.516000,1.0924,1.09236,2320000,2810000
2018-04-26 12:37:18.829000,1.09238,1.09236,1000000,1500000
2018-04-26 12:37:19.363000,1.09238,1.09235,1000000,1500000
2018-04-26 12:37:19.996000,1.09237,1.09235,1000000,1500000
2018-04-26 12:37:20.530000,1.09238,1.09234,1500000,2140000
2018-04-26 12:37:22.071000,1.09239,1.09236,1200000,1870000
2018-04-26 12:37:22.584000,1.09238,1.09237,1500000,1000000
2018-04-26 12:37:23.908000,1.09239,1.09237,1570000,1000000
2018-04-26 12:37:24.227000,1.09243,1.09241,1120000,1000000
2018-04-26 12:37:25.092000,1.09243,1.09241,2700000,1000000
2018-04-26 12:37:25.648000,1.0924,1.09238,1000000,1200000
2018-04-26 12:37:26.171000,1.0924,1.09237,4200000,1000000
2018-04-26 12:37:26.785000,1.09242,1.09239,4200000,1120000
2018-04-26 12:37:26.837000,1.09243,1.09241,1100000,1000000
2018-04-26 12:37:27.299000,1.09244,1.09242,1100000,1000000
2018-04-26 12:37:27.455000,1.09245,1.09242,2320000,1000000
2018-04-26 12:37:27.880000,1.09247,1.09245,1950000,1000000
2018-04-26 12:37:28.245000,1.09246,1.09243,1000000,1120000
2018-04-26 12:37:28.816000,1.09246,1.09244,2700000,1000000
2018-04-26 12:37:29.325000,1.09246,1.09243,4570000,1000000
2018-04-26 12:37:30.174000,1.09245,1.09243,1390000,1000000
2018-04-26 12:37:30.467000,1.09244,1.09242,1500000,1500000
2018-04-26 12:37:30.639000,1.09241,1.09238,3370000,1000000
2018-04-26 12:37:30.958000,1.09239,1.09237,1000000,1000000
2018-04-26 12:37:31.906000,1.0924,1.09237,4200000,1000000
2018-04-26 12:37:32.215000,1.0924,1.09238,2700000,1000000
2018-04-26 12:37:32.525000,1.09243,1.09241,1000000,1000000
2018-04-26 12:37:32.577000,1.09244,1.09242,1200000,1000000
2018-04-26 12:37:33.416000,1.09244,1.09242,1120000,1000000
2018-04-26 12:37:33.725000,1.09241,1.09238,1500000,2320000
2018-04-26 12:37:33.829000,1.09239,1.09237,1000000,1120000
2018-04-26 12:37:34.335000,1.0924,1.09237,3070000,1120000
2018-04-26 12:37:34.643000,1.09238,1.09237,1000000,1000000
2018-04-26 12:37:35.319000,1.09242,1.09241,5250000,1000000
2018-04-26 12:37:35.425000,1.09245,1.09243,1200000,1000000
2018-04-26 12:37:35.956000,1.09244,1.09243,1120000,1000000
2018-04-26 12:37:37.257000,1.09245,1.09243,1200000,1000000
2018-04-26 12:37:37.776000,1.09246,1.09243,4200000,1000000
2018-04-26 12:37:38.566000,1.09246,1.09244,2620000,1000000
2018-04-26 12:37:38.982000,1.09248,1.09246,2250000,1000000
2018-04-26 12:37:39.511000,1.09249,1.09247,4200000,1000000
2018-04-26 12:37:39.825000,1.09255,1.0925,2590000,6940000
2018-04-26 12:37:39.880000,1.09255,1.09253,1000000,1120000
2018-04-26 12:37:39.984000,1.09257,1.09254,1570000,1000000
2018-04-26 12:37:40.416000,1.09257,1.09252,3450000,2320000
2018-04-26 12:37:40.814000,1.09253,1.09252,1000000,1000000
2018-04-26 12:37:40.866000,1.09253,1.09249,2060000,1950000
2018-04-26 12:37:41.022000,1.09251,1.09247,1000000,3820000
2018-04-26 12:37:41.908000,1.0925,1.09247,1000000,1500000
2018-04-26 12:37:42.063000,1.09252,1.09247,10240000,3070000
2018-04-26 12:37:42.166000,1.09252,1.0925,1000000,1250000
2018-04-26 12:37:42.219000,1.09254,1.0925,2320000,1310000
2018-04-26 12:37:42.752000,1.09253,1.0925,1000000,1310000
2018-04-26 12:37:43.290000,1.09254,1.0925,1120000,2140000
2018-04-26 12:37:43.552000,1.09255,1.09251,1100000,3190000
2018-04-26 12:37:43.751000,1.09257,1.09253,1950000,1120000
2018-04-26 12:37:44.278000,1.09257,1.09253,1100000,2250000
2018-04-26 12:37:45.208000,1.09258,1.09255,3820000,2250000
2018-04-26 12:37:45.267000,1.09259,1.09257,1000000,1690000
2018-04-26 12:37:45.679000,1.09262,1.09258,2230000,1750000
2018-04-26 12:37:45.782000,1.09262,1.09258,5060000,3820000
2018-04-26 12:37:46.038000,1.0926,1.09258,1000000,1120000
2018-04-26 12:37:46.615000,1.09259,1.09255,1500000,3260000
2018-04-26 12:37:47.027000,1.09257,1.09253,1500000,4010000
2018-04-26 12:37:47.534000,1.09257,1.09252,4200000,2140000
2018-04-26 12:37:47.844000,1.09255,1.09252,2250000,1310000
2018-04-26 12:37:48.259000,1.09252,1.09248,3000000,4950000
2018-04-26 12:37:48.439000,1.09252,1.09248,5700000,1120000
2018-04-26 12:37:48.492000,1.0925,1.09246,1000000,1760000
2018-04-26 12:37:49.017000,1.0925,1.09248,1500000,1000000
2018-04-26 12:37:49.069000,1.09253,1.09249,1200000,1870000
2018-04-26 12:37:49.277000,1.09251,1.09249,1000000,1000000
2018-04-26 12:37:49.822000,1.09253,1.09248,1950000,2320000
2018-04-26 12:37:50.030000,1.09255,1.09252,3370000,1120000
2018-04-26 12:37:50.361000,1.09251,1.09248,1000000,1120000
2018-04-26 12:37:50.773000,1.09253,1.09251,1000000,1690000
2018-04-26 12:37:50.824000,1.09257,1.09253,3450000,1120000
2018-04-26 12:37:51.286000,1.09256,1.09253,1010000,1000000
2018-04-26 12:37:51.884000,1.09257,1.09253,7610000,1000000
2018-04-26 12:37:51.988000,1.09252,1.09249,1000000,1120000
2018-04-26 12:37:52.789000,1.09253,1.09249,1950000,1120000
2018-04-26 12:37:54.071000,1.09252,1.09249,1000000,1120000
2018-04-26 12:37:54.385000,1.09253,1.09252,1100000,1000000
2018-04-26 12:37:54.437000,1.09252,1.0925,1500000,1000000
2018-04-26 12:37:54.722000,1.09252,1.09248,7050000,1000000
2018-04-26 12:37:54.982000,1.09248,1.09246,1870000,1000000
2018-04-26 12:37:55.111000,1.09245,1.09242,1000000,2890000
2018-04-26 12:37:55.621000,1.09246,1.09242,3450000,1120000
2018-04-26 12:37:56.170000,1.09245,1.09241,1120000,1950000
2018-04-26 12:37:56.326000,1.09245,1.09243,1120000,1000000
2018-04-26 12:37:57.200000,1.09246,1.09245,2320000,1000000
2018-04-26 12:37:57.261000,1.09248,1.09245,1950000,1000000
2018-04-26 12:37:57.540000,1.09246,1.09243,1000000,1200000
2018-04-26 12:37:58.247000,1.09248,1.09245,4710000,1000000
2018-04-26 12:37:58.406000,1.0925,1.09246,2320000,1310000
2018-04-26 12:37:58.837000,1.09251,1.09247,3070000,1120000
2018-04-26 12:37:58.997000,1.09252,1.09249,5320000,1000000
2018-04-26 12:37:59.261000,1.09253,1.0925,1100000,1120000
2018-04-26 12:37:59.518000,1.09254,1.09253,1570000,1000000
2018-04-26 12:37:59.570000,1.09256,1.09253,1390000,1000000
2018-04-26 12:37:59.757000,1.09258,1.09254,1570000,3000000
2018-04-26 12:38:00.271000,1.09258,1.09254,3750000,1200000
2018-04-26 12:38:00.587000,1.09255,1.09251,1570000,1690000
2018-04-26 12:38:01.060000,1.09253,1.0925,1000000,2510000
2018-04-26 12:38:01.268000,1.09252,1.09249,1120000,3260000
2018-04-26 12:38:01.794000,1.09252,1.09248,3370000,1570000
2018-04-26 12:38:02.407000,1.09252,1.09249,1870000,1000000
2018-04-26 12:38:02.946000,1.09252,1.0925,1500000,3370000
2018-04-26 12:38:02.998000,1.09254,1.0925,1200000,3370000
2018-04-26 12:38:03.050000,1.09256,1.09251,2700000,3000000
2018-04-26 12:38:03.102000,1.09256,1.09252,1120000,2510000
2018-04-26 12:38:03.654000,1.09253,1.09249,1000000,3820000
2018-04-26 12:38:03.865000,1.09255,1.09252,1000000,2060000
2018-04-26 12:38:04.203000,1.09257,1.09254,1870000,2250000
2018-04-26 12:38:04.566000,1.09258,1.09255,1000000,2060000
2018-04-26 12:38:04.671000,1.0926,1.09257,2250000,1310000
2018-04-26 12:38:05.207000,1.09261,1.09258,2620000,1200000
2018-04-26 12:38:05.746000,1.09259,1.09257,1000000,1120000
2018-04-26 12:38:05.953000,1.09258,1.09254,2250000,1570000
2018-04-26 12:38:06.415000,1.09255,1.09252,1000000,1760000
2018-04-26 12:38:06.571000,1.09254,1.0925,1500000,4760000
2018-04-26 12:38:07.134000,1.09255,1.09251,1870000,6070000
2018-04-26 12:38:09.685000,1.09256,1.09252,1870000,1390000
2018-04-26 12:38:10.181000,1.09257,1.09252,2320000,5510000
2018-04-26 12:38:10.826000,1.09259,1.09255,1000000,3070000
2018-04-26 12:38:11.517000,1.0926,1.09257,1500000,1000000
2018-04-26 12:38:12.115000,1.0926,1.09257,1000000,1570000
2018-04-26 12:38:12.942000,1.09261,1.09256,4010000,4200000
2018-04-26 12:38:13.465000,1.09258,1.09256,1000000,1440000
2018-04-26 12:38:13.702000,1.09258,1.09254,4200000,1000000
2018-04-26 12:38:14.717000,1.09257,1.09253,1000000,2700000
2018-04-26 12:38:15.265000,1.09258,1.09253,4200000,2320000
2018-04-26 12:38:15.787000,1.09257,1.09253,1120000,1950000
2018-04-26 12:38:16.329000,1.09257,1.09253,2320000,1000000
2018-04-26 12:38:16.637000,1.09258,1.09255,7200000,1000000
2018-04-26 12:38:16.846000,1.09262,1.09257,5890000,2510000
2018-04-26 12:38:17.258000,1.09264,1.09259,5140000,3260000
2018-04-26 12:38:17.743000,1.09266,1.09263,1390000,1500000
2018-04-26 12:38:17.795000,1.09267,1.09263,1000000,3070000
2018-04-26 12:38:18.343000,1.09264,1.0926,1760000,1870000
2018-04-26 12:38:18.892000,1.09263,1.09259,1000000,2890000
2018-04-26 12:38:21.021000,1.09263,1.09258,6260000,4390000
2018-04-26 12:38:21.201000,1.09258,1.09256,1000000,1760000
2018-04-26 12:38:21.309000,1.09257,1.09255,1000000,1870000
2018-04-26 12:38:21.863000,1.09258,1.09257,3000000,1310000
2018-04-26 12:38:21.916000,1.09262,1.09258,1950000,2620000
2018-04-26 12:38:22.021000,1.09261,1.09259,1950000,1000000
2018-04-26 12:38:22.073000,1.09261,1.09258,1610000,1250000
2018-04-26 12:38:22.509000,1.09262,1.09258,2620000,1390000
2018-04-26 12:38:23.044000,1.09263,1.09259,2320000,1000000
2018-04-26 12:38:23.557000,1.09262,1.09258,1500000,2140000
2018-04-26 12:38:24.210000,1.09263,1.09258,3070000,5890000
2018-04-26 12:38:24.373000,1.09262,1.09257,5890000,2510000
2018-04-26 12:38:25.208000,1.09261,1.09256,2890000,1690000
2018-04-26 12:38:25.850000,1.09261,1.09256,2890000,1760000
2018-04-26 12:38:26.297000,1.09261,1.09257,1100000,2440000
2018-04-26 12:38:27.088000,1.09261,1.09257,1000000,1760000
2018-04-26 12:38:27.419000,1.09262,1.09258,3070000,2060000
2018-04-26 12:38:27.635000,1.09264,1.0926,3430000,2140000
2018-04-26 12:38:27.740000,1.09262,1.09258,1000000,5140000
2018-04-26 12:38:28.129000,1.09258,1.09256,1500000,2060000
2018-04-26 12:38:28.182000,1.09256,1.09253,1000000,6260000
2018-04-26 12:38:28.234000,1.09258,1.09254,2700000,2810000
2018-04-26 12:38:28.771000,1.09257,1.09253,1570000,1690000
2018-04-26 12:38:29.336000,1.09258,1.09254,7200000,1120000
2018-04-26 12:38:29.680000,1.09256,1.09253,1000000,3260000
2018-04-26 12:38:30.046000,1.09255,1.09251,1500000,3260000
2018-04-26 12:38:30.735000,1.09255,1.09252,1500000,1690000
2018-04-26 12:38:30.839000,1.09257,1.09254,2620000,3220000
2018-04-26 12:38:30.892000,1.09257,1.09254,1000000,3410000
2018-04-26 12:38:31.265000,1.09257,1.09253,3370000,2890000
2018-04-26 12:38:31.807000,1.09257,1.09253,1200000,1310000
2018-04-26 12:38:32.067000,1.09258,1.09254,5320000,1690000
2018-04-26 12:38:32.568000,1.09257,1.09253,1500000,1760000
2018-04-26 12:38:33.466000,1.09257,1.09253,2320000,1120000
2018-04-26 12:38:33.969000,1.09256,1.09252,1000000,2510000
2018-04-26 12:38:36.310000,1.09253,1.09251,1000000,3450000
2018-04-26 12:38:36.414000,1.09251,1.09249,1000000,1000000
2018-04-26 12:38:36.989000,1.09251,1.09247,1000000,3640000
2018-04-26 12:38:37.500000,1.0925,1.09248,1190000,1000000
2018-04-26 12:38:38.040000,1.0925,1.09249,1000000,1000000
2018-04-26 12:38:39.416000,1.0925,1.09248,1000000,1390000
2018-04-26 12:38:39.748000,1.09251,1.09249,1870000,1000000
2018-04-26 12:38:39.801000,1.09246,1.09243,1000000,2620000
2018-04-26 12:38:40.126000,1.09243,1.09241,1000000,1390000
2018-04-26 12:38:40.652000,1.09243,1.09241,1500000,1190000
2018-04-26 12:38:41.232000,1.09243,1.09241,1000000,1010000
2018-04-26 12:38:41.816000,1.09242,1.0924,1000000,1310000
2018-04-26 12:38:42.318000,1.09242,1.09239,1000000,2510000
2018-04-26 12:38:42.696000,1.09238,1.09235,1120000,2060000
2018-04-26 12:38:43.077000,1.09234,1.09232,1000000,1870000
2018-04-26 12:38:43.131000,1.09236,1.09232,1500000,2510000
2018-04-26 12:38:43.643000,1.09236,1.09233,1000000,5360000
2018-04-26 12:38:43.800000,1.09237,1.09234,1000000,4050000
2018-04-26 12:38:44.284000,1.09238,1.09235,1000000,3640000
2018-04-26 12:38:44.388000,1.0924,1.09235,3370000,2510000
2018-04-26 12:38:44.440000,1.09237,1.09235,1000000,2510000
2018-04-26 12:38:44.545000,1.09239,1.09235,1000000,1760000
2018-04-26 12:38:44.599000,1.09235,1.09233,1500000,3410000
2018-04-26 12:38:44.789000,1.09232,1.0923,1120000,1390000
2018-04-26 12:38:46.401000,1.09233,1.09231,1000000,1190000
2018-04-26 12:38:46.505000,1.09237,1.09233,1870000,3490000
2018-04-26 12:38:46.688000,1.09235,1.09233,1000000,1390000
2018-04-26 12:38:47.283000,1.09236,1.09233,1000000,3490000
2018-04-26 12:38:47.860000,1.09235,1.09232,1000000,5740000
2018-04-26 12:38:48.400000,1.09236,1.09233,1000000,3490000
2018-04-26 12:38:48.941000,1.09236,1.09232,1000000,5740000
2018-04-26 12:38:49.307000,1.0923,1.09227,1000000,1760000
2018-04-26 12:38:49.893000,1.0923,1.09227,1000000,1390000
2018-04-26 12:38:50.204000,1.09228,1.09226,1000000,4010000
2018-04-26 12:38:50.307000,1.0923,1.09226,1000000,4010000
2018-04-26 12:38:50.653000,1.0923,1.09227,1000000,6110000
2018-04-26 12:38:50.964000,1.09234,1.09232,1190000,1000000
2018-04-26 12:38:51.054000,1.09235,1.09232,1100000,3220000
2018-04-26 12:38:51.209000,1.09233,1.09232,1000000,2060000
2018-04-26 12:38:51.262000,1.09236,1.09232,3450000,2810000
2018-04-26 12:38:51.421000,1.09234,1.09232,1000000,2060000
2018-04-26 12:38:51.581000,1.09233,1.09229,1120000,1760000
2018-04-26 12:38:51.704000,1.09227,1.09226,2250000,5290000
2018-04-26 12:38:51.863000,1.09229,1.09226,1870000,1500000
2018-04-26 12:38:52.364000,1.09229,1.09226,1000000,5660000
2018-04-26 12:38:53.064000,1.09228,1.09226,1000000,7610000
2018-04-26 12:38:53.449000,1.09224,1.09222,1000000,3860000
2018-04-26 12:38:53.759000,1.09223,1.0922,1000000,6040000
2018-04-26 12:38:54.072000,1.0922,1.09218,1000000,4760000
2018-04-26 12:38:54.398000,1.09213,1.09208,2620000,4010000
2018-04-26 12:38:54.809000,1.09214,1.09211,1200000,1120000
2018-04-26 12:38:55.241000,1.09216,1.09214,1200000,1120000
2018-04-26 12:38:55.295000,1.09219,1.09216,1760000,1350000
2018-04-26 12:38:55.452000,1.09221,1.09217,3260000,1500000
2018-04-26 12:38:56.056000,1.09222,1.09218,1870000,3490000
2018-04-26 12:38:56.827000,1.09222,1.09221,1000000,1000000
2018-04-26 12:38:56.935000,1.09226,1.09222,1950000,1690000
2018-04-26 12:38:57.297000,1.09223,1.09222,1000000,1500000
2018-04-26 12:38:57.404000,1.09222,1.09218,1570000,1540000
2018-04-26 12:38:58.806000,1.09223,1.0922,3070000,1000000
2018-04-26 12:38:58.910000,1.09224,1.0922,1200000,4160000
2018-04-26 12:38:59.084000,1.09225,1.09223,1100000,2660000
2018-04-26 12:38:59.245000,1.09229,1.09225,2700000,3790000
2018-04-26 12:38:59.298000,1.0923,1.09228,1200000,1120000
2018-04-26 12:38:59.415000,1.09232,1.09229,1100000,1120000
2018-04-26 12:38:59.950000,1.09231,1.09227,1000000,3110000
2018-04-26 12:39:00.197000,1.09234,1.0923,3450000,1870000
2018-04-26 12:39:00.464000,1.09232,1.09228,1950000,1120000
2018-04-26 12:39:00.518000,1.09231,1.09227,2320000,2290000
2018-04-26 12:39:00.842000,1.09228,1.09225,4870000,1190000
2018-04-26 12:39:00.894000,1.09223,1.09221,1000000,1250000
2018-04-26 12:39:00.955000,1.09223,1.09219,1370000,1010000
2018-04-26 12:39:01.165000,1.09225,1.09221,4570000,1310000
2018-04-26 12:39:01.218000,1.09225,1.09221,2700000,1310000
2018-04-26 12:39:01.528000,1.09223,1.0922,1000000,3040000
2018-04-26 12:39:01.738000,1.09221,1.09218,1000000,1000000
2018-04-26 12:39:01.913000,1.09219,1.09217,1120000,1100000
2018-04-26 12:39:01.965000,1.09218,1.09213,1120000,2470000
2018-04-26 12:39:02.121000,1.09216,1.09214,1950000,1000000
2018-04-26 12:39:02.225000,1.09214,1.0921,1200000,2810000
2018-04-26 12:39:02.277000,1.09213,1.0921,1870000,1250000
2018-04-26 12:39:02.406000,1.09211,1.09207,1000000,4390000
2018-04-26 12:39:02.719000,1.09208,1.09205,1000000,3560000
2018-04-26 12:39:02.965000,1.0921,1.09206,1000000,7610000
2018-04-26 12:39:03.068000,1.09211,1.09208,1120000,1190000
2018-04-26 12:39:03.375000,1.09213,1.09209,1870000,1990000
2018-04-26 12:39:03.619000,1.09214,1.0921,1120000,1760000
2018-04-26 12:39:05.371000,1.09212,1.09208,1120000,7990000
2018-04-26 12:39:05.792000,1.0921,1.09206,3000000,2660000
2018-04-26 12:39:05.949000,1.09208,1.09203,1570000,2890000
2018-04-26 12:39:06.285000,1.09208,1.09204,1000000,1390000
2018-04-26 12:39:06.457000,1.09212,1.09208,1000000,5920000
2018-04-26 12:39:06.712000,1.0921,1.09208,1100000,1190000
2018-04-26 12:39:06.765000,1.09208,1.09204,1000000,3450000
2018-04-26 12:39:07.033000,1.09207,1.09203,2250000,2660000
2018-04-26 12:39:07.202000,1.09205,1.09202,1120000,1690000
2018-04-26 12:39:07.747000,1.09203,1.092,1000000,1310000
2018-04-26 12:39:08.307000,1.09203,1.09199,1000000,1760000
2018-04-26 12:39:08.893000,1.09204,1.092,1200000,1310000
2018-04-26 12:39:09.448000,1.09203,1.09199,1120000,1760000
2018-04-26 12:39:09.765000,1.09199,1.09195,1570000,2810000
2018-04-26 12:39:09.996000,1.09199,1.09194,1570000,2890000
2018-04-26 12:39:10.048000,1.09197,1.09194,1000000,1760000
2018-04-26 12:39:10.151000,1.09197,1.09192,1570000,2140000
2018-04-26 12:39:10.663000,1.09199,1.09195,1570000,1120000
2018-04-26 12:39:10.875000,1.092,1.09196,1200000,1310000
2018-04-26 12:39:11.056000,1.09202,1.09197,1950000,2440000
2018-04-26 12:39:11.111000,1.09203,1.09199,1100000,1370000
2018-04-26 12:39:11.318000,1.09202,1.09198,2320000,1000000
2018-04-26 12:39:11.654000,1.09205,1.09203,4950000,1120000
2018-04-26 12:39:11.706000,1.09208,1.09203,3820000,3070000
2018-04-26 12:39:12.242000,1.09209,1.09203,2510000,5740000
2018-04-26 12:39:12.295000,1.09209,1.09205,1110000,3070000
2018-04-26 12:39:12.398000,1.0921,1.09205,2320000,2320000
2018-04-26 12:39:12.553000,1.09208,1.09205,1120000,1190000
2018-04-26 12:39:12.858000,1.09207,1.09203,1000000,5140000
2018-04-26 12:39:13.015000,1.09209,1.09205,1200000,2060000
2018-04-26 12:39:13.348000,1.09211,1.09208,4200000,1120000
2018-04-26 12:39:13.504000,1.09215,1.09211,1570000,1500000
2018-04-26 12:39:13.878000,1.09216,1.09213,1570000,1870000
2018-04-26 12:39:14.034000,1.09221,1.09217,4200000,1120000
2018-04-26 12:39:14.574000,1.09221,1.09216,1950000,1570000
2018-04-26 12:39:15.103000,1.0922,1.09216,1000000,1950000
2018-04-26 12:39:15.641000,1.09221,1.09217,1120000,1200000
2018-04-26 12:39:15.799000,1.09218,1.09217,1000000,1200000
2018-04-26 12:39:16.348000,1.09218,1.09216,1000000,1000000
2018-04-26 12:39:16.403000,1.09216,1.09213,1000000,3260000
2018-04-26 12:39:16.506000,1.09214,1.09213,1000000,1000000
2018-04-26 12:39:16.610000,1.09215,1.09213,1000000,1120000
2018-04-26 12:39:16.794000,1.09216,1.09214,1000000,1950000
2018-04-26 12:39:17.051000,1.09215,1.09212,1000000,1760000
2018-04-26 12:39:17.154000,1.09213,1.09211,1000000,1010000
2018-04-26 12:39:17.342000,1.09212,1.0921,1000000,1310000
2018-04-26 12:39:17.820000,1.09209,1.09207,1000000,2320000
2018-04-26 12:39:17.888000,1.0921,1.09208,1500000,1120000
2018-04-26 12:39:18.254000,1.09211,1.09208,1500000,3190000
2018-04-26 12:39:18.647000,1.09209,1.09207,1000000,1250000
2018-04-26 12:39:18.700000,1.09207,1.09206,1000000,3240000
2018-04-26 12:39:18.753000,1.09206,1.09203,1000000,5510000
2018-04-26 12:39:18.967000,1.09204,1.09202,1000000,4010000
2018-04-26 12:39:19.280000,1.092,1.09197,1000000,3070000
2018-04-26 12:39:19.861000,1.092,1.09199,1000000,1250000
2018-04-26 12:39:20.356000,1.09199,1.09196,1000000,3260000
2018-04-26 12:39:20.910000,1.09199,1.09196,1000000,2890000
2018-04-26 12:39:21.435000,1.09199,1.09196,1000000,2510000
2018-04-26 12:39:21.784000,1.09195,1.09194,1000000,2250000
2018-04-26 12:39:21.837000,1.09198,1.09196,1100000,2060000
2018-04-26 12:39:22.104000,1.09197,1.09195,1000000,1310000
2018-04-26 12:39:22.516000,1.09195,1.09192,1000000,3640000
2018-04-26 12:39:22.865000,1.09193,1.0919,1000000,4760000
2018-04-26 12:39:23.128000,1.09191,1.09188,1500000,6860000
2018-04-26 12:39:23.181000,1.09192,1.0919,1000000,2810000
2018-04-26 12:39:23.507000,1.09194,1.09193,1000000,1250000
2018-04-26 12:39:24.033000,1.09193,1.0919,1000000,4760000
2018-04-26 12:39:24.551000,1.09193,1.09191,1000000,1250000
2018-04-26 12:39:24.940000,1.09191,1.0919,1000000,1000000
2018-04-26 12:39:24.993000,1.0919,1.09187,1000000,3860000
2018-04-26 12:39:25.527000,1.09192,1.09189,1120000,2510000
2018-04-26 12:39:25.786000,1.09191,1.09187,1120000,2510000
2018-04-26 12:39:25.890000,1.09191,1.0919,1120000,1690000
2018-04-26 12:39:26.036000,1.0919,1.09188,1000000,2060000
2018-04-26 12:39:26.139000,1.0919,1.09186,1120000,1200000
2018-04-26 12:39:26.679000,1.09193,1.09189,1120000,1200000
2018-04-26 12:39:27.101000,1.09192,1.09187,1570000,2550000
2018-04-26 12:39:27.658000,1.09193,1.0919,4010000,1120000
2018-04-26 12:39:28.161000,1.09191,1.09188,1500000,3070000
2018-04-26 12:39:28.316000,1.0919,1.09186,1120000,2890000
2018-04-26 12:39:29.031000,1.09189,1.09185,1100000,1870000
2018-04-26 12:39:29.292000,1.09187,1.09183,1570000,1190000
2018-04-26 12:39:29.732000,1.09189,1.09184,2320000,5140000
2018-04-26 12:39:29.939000,1.09186,1.09182,1120000,1570000
2018-04-26 12:39:30.280000,1.09189,1.09184,1200000,5140000
2018-04-26 12:39:30.982000,1.0919,1.09186,1570000,1500000
2018-04-26 12:39:31.190000,1.09194,1.09189,5140000,1870000
2018-04-26 12:39:31.347000,1.09195,1.09191,1310000,1200000
2018-04-26 12:39:31.671000,1.09196,1.09192,1290000,2250000
2018-04-26 12:39:32.067000,1.09195,1.09191,1200000,2620000
2018-04-26 12:39:32.224000,1.09193,1.09188,1100000,3670000
2018-04-26 12:39:32.525000,1.0919,1.09186,1000000,2700000
2018-04-26 12:39:32.579000,1.09188,1.09184,1870000,1950000
2018-04-26 12:39:32.791000,1.0919,1.09186,4570000,1120000
2018-04-26 12:39:32.847000,1.0919,1.09186,1200000,2620000
2018-04-26 12:39:33.346000,1.09192,1.09188,1760000,1500000
2018-04-26 12:39:33.454000,1.09192,1.09188,1200000,2100000
2018-04-26 12:39:33.993000,1.09191,1.09188,1390000,1120000
2018-04-26 12:39:34.047000,1.09189,1.09185,2060000,5700000
2018-04-26 12:39:34.101000,1.09184,1.09182,1870000,1250000
2018-04-26 12:39:34.238000,1.09183,1.0918,2620000,1310000
2018-04-26 12:39:34.293000,1.09181,1.09178,1250000,3000000
2018-04-26 12:39:34.346000,1.09179,1.09177,1200000,1250000
2018-04-26 12:39:34.449000,1.09178,1.09174,1200000,3940000
2018-04-26 12:39:35.046000,1.0918,1.09176,2060000,1500000
2018-04-26 12:39:35.426000,1.09179,1.09175,1500000,1010000
2018-04-26 12:39:35.954000,1.09179,1.09175,1200000,2810000
2018-04-26 12:39:36.111000,1.09182,1.09178,6260000,2250000
2018-04-26 12:39:36.375000,1.09182,1.09179,3640000,1000000
2018-04-26 12:39:37.253000,1.09188,1.09186,2140000,1000000
2018-04-26 12:39:37.361000,1.09191,1.09187,1100000,1500000
2018-04-26 12:39:37.763000,1.0919,1.09186,1390000,1120000
2018-04-26 12:39:38.362000,1.09189,1.09185,1120000,2700000
2018-04-26 12:39:38.672000,1.09191,1.09186,1760000,2320000
2018-04-26 12:39:39.171000,1.09189,1.09187,1000000,1500000
2018-04-26 12:39:39.275000,1.09187,1.09185,1000000,1200000
2018-04-26 12:39:39.814000,1.09187,1.09185,1000000,1120000
2018-04-26 12:39:40.352000,1.09187,1.09185,1000000,1950000
2018-04-26 12:39:40.509000,1.09188,1.09186,1000000,1120000
2018-04-26 12:39:40.966000,1.09187,1.09185,1000000,1120000
2018-04-26 12:39:41.514000,1.09187,1.09185,1000000,1200000
2018-04-26 12:39:42.336000,1.09184,1.09182,1000000,3360000
2018-04-26 12:39:42.389000,1.09185,1.09182,1250000,1570000
2018-04-26 12:39:42.544000,1.09183,1.09182,1000000,1200000
2018-04-26 12:39:43.209000,1.09182,1.09181,1000000,1000000
2018-04-26 12:39:43.713000,1.09182,1.0918,1000000,1010000
2018-04-26 12:39:44.217000,1.09181,1.09179,1000000,3070000
2018-04-26 12:39:44.608000,1.09178,1.09175,1000000,4010000
2018-04-26 12:39:45.133000,1.0918,1.09177,1100000,2470000
2018-04-26 12:39:45.185000,1.09179,1.09177,1000000,1870000
2018-04-26 12:39:45.697000,1.09178,1.09175,1000000,2510000
2018-04-26 12:39:45.852000,1.0918,1.09176,1100000,2060000
2018-04-26 12:39:46.357000,1.0918,1.09178,1000000,1000000
2018-04-26 12:39:46.511000,1.09178,1.09177,1000000,1120000
2018-04-26 12:39:46.615000,1.09177,1.09174,1000000,1760000
2018-04-26 12:39:46.917000,1.09181,1.09179,1000000,1120000
2018-04-26 12:39:47.410000,1.09182,1.09181,1000000,1000000
2018-04-26 12:39:47.667000,1.09181,1.09179,1310000,1000000
2018-04-26 12:39:47.923000,1.09181,1.09176,1310000,1950000
2018-04-26 12:39:48.666000,1.0918,1.09175,2510000,1570000
2018-04-26 12:39:49.215000,1.09179,1.09173,2700000,5740000
2018-04-26 12:39:49.707000,1.09176,1.09172,2100000,2890000
2018-04-26 12:39:49.761000,1.09177,1.09172,6000000,3450000
2018-04-26 12:39:49.816000,1.09176,1.09172,1690000,1100000
2018-04-26 12:39:50.133000,1.09177,1.09173,1310000,1950000
2018-04-26 12:39:50.186000,1.09179,1.09173,3260000,4990000
2018-04-26 12:39:50.737000,1.09179,1.09173,3370000,3260000
2018-04-26 12:39:50.789000,1.09177,1.09173,2620000,1570000
2018-04-26 12:39:51.327000,1.09178,1.09173,1200000,1500000
2018-04-26 12:39:51.432000,1.09179,1.09175,1870000,1200000
2018-04-26 12:39:51.935000,1.09178,1.09175,5850000,1390000
2018-04-26 12:39:52.157000,1.09176,1.09172,1200000,1120000
2018-04-26 12:39:52.211000,1.09177,1.09172,5890000,5320000
2018-04-26 12:39:52.551000,1.09179,1.09174,1870000,3640000
2018-04-26 12:39:52.706000,1.09181,1.09178,3000000,1500000
2018-04-26 12:39:53.231000,1.0918,1.09174,1570000,6640000
2018-04-26 12:39:53.440000,1.09179,1.09174,2620000,1760000
2018-04-26 12:39:53.565000,1.09176,1.09173,1120000,2140000
2018-04-26 12:39:53.617000,1.09176,1.09171,2320000,1310000
2018-04-26 12:39:53.826000,1.09177,1.09172,1950000,1760000
2018-04-26 12:39:54.188000,1.0918,1.09175,1200000,2320000
2018-04-26 12:39:54.726000,1.09182,1.09179,3070000,1690000
2018-04-26 12:39:54.778000,1.09184,1.09179,2360000,3560000
2018-04-26 12:39:54.881000,1.09182,1.09179,1000000,1610000
2018-04-26 12:39:55.395000,1.09181,1.09178,1200000,1190000
2018-04-26 12:39:55.943000,1.09182,1.09177,3820000,2320000
2018-04-26 12:39:56.463000,1.09182,1.09179,1120000,2250000
2018-04-26 12:39:58.253000,1.09182,1.09178,1120000,2140000
2018-04-26 12:39:58.796000,1.09182,1.09178,2620000,2140000
2018-04-26 12:39:59.107000,1.09184,1.0918,1570000,1690000
2018-04-26 12:39:59.409000,1.09187,1.09185,1000000,1200000
2018-04-26 12:39:59.461000,1.0919,1.09185,1950000,3000000
2018-04-26 12:39:59.872000,1.09191,1.09186,1950000,3260000
2018-04-26 12:40:00.383000,1.09191,1.09185,3070000,6420000
2018-04-26 12:40:00.489000,1.09192,1.09188,4570000,1120000
2018-04-26 12:40:00.917000,1.09193,1.0919,1100000,1310000
2018-04-26 12:40:01.022000,1.09192,1.09188,2700000,4120000
2018-04-26 12:40:01.367000,1.09194,1.09191,1000000,1910000
2018-04-26 12:40:01.472000,1.09196,1.09192,1950000,1120000
2018-04-26 12:40:02.286000,1.09198,1.09193,3070000,2060000
2018-04-26 12:40:02.829000,1.09197,1.09194,1120000,1000000
2018-04-26 12:40:02.881000,1.09199,1.09195,4950000,2440000
2018-04-26 12:40:03.300000,1.092,1.09196,1200000,2060000
2018-04-26 12:40:03.677000,1.09199,1.09194,1200000,3940000
2018-04-26 12:40:03.782000,1.09201,1.09196,1950000,1760000
2018-04-26 12:40:04.085000,1.092,1.09196,1190000,2320000
2018-04-26 12:40:04.239000,1.09201,1.09196,1120000,4570000
2018-04-26 12:40:05.126000,1.09202,1.09197,3640000,2320000
2018-04-26 12:40:05.492000,1.09198,1.09196,1870000,3000000
2018-04-26 12:40:05.544000,1.09199,1.09194,4010000,1950000
2018-04-26 12:40:05.741000,1.092,1.09196,1760000,1120000
2018-04-26 12:40:05.795000,1.092,1.09196,1120000,3640000
2018-04-26 12:40:06.342000,1.09201,1.09196,2140000,4010000
2018-04-26 12:40:06.669000,1.09198,1.09196,1000000,1010000
2018-04-26 12:40:06.879000,1.09197,1.09192,1950000,3860000
2018-04-26 12:40:07.121000,1.09196,1.09191,2620000,3790000
2018-04-26 12:40:07.831000,1.09197,1.09192,2250000,1950000
2018-04-26 12:40:08.343000,1.09197,1.09192,1120000,3070000
2018-04-26 12:40:08.914000,1.09198,1.09194,1120000,2700000
2018-04-26 12:40:09.855000,1.092,1.09196,1310000,3450000
2018-04-26 12:40:10.167000,1.09198,1.09194,1000000,1570000
2018-04-26 12:40:10.718000,1.09197,1.09192,1000000,4950000
2018-04-26 12:40:10.988000,1.09197,1.09192,1120000,4570000
2018-04-26 12:40:12.320000,1.09198,1.09195,1100000,4120000
2018-04-26 12:40:12.579000,1.092,1.09195,1950000,1570000
2018-04-26 12:40:12.825000,1.09198,1.09194,1570000,2000000
2018-04-26 12:40:13.031000,1.09197,1.09194,1500000,1120000
2018-04-26 12:40:13.134000,1.09196,1.09193,1190000,1120000
2018-04-26 12:40:13.473000,1.09198,1.09193,1320000,5100000
2018-04-26 12:40:13.982000,1.092,1.09196,1250000,3820000
2018-04-26 12:40:14.533000,1.092,1.09198,1000000,1000000
2018-04-26 12:40:14.908000,1.092,1.09196,2620000,1200000
2018-04-26 12:40:15.336000,1.09198,1.09194,1000000,2320000
2018-04-26 12:40:15.555000,1.09197,1.09193,1000000,2700000
2018-04-26 12:40:16.153000,1.09197,1.09192,1950000,2700000
2018-04-26 12:40:17.068000,1.09197,1.09192,1000000,6260000
2018-04-26 12:40:17.603000,1.09198,1.09194,1000000,3070000
2018-04-26 12:40:18.106000,1.09198,1.09196,1000000,1250000
2018-04-26 12:40:18.312000,1.09197,1.09193,1500000,1010000
2018-04-26 12:40:18.648000,1.09199,1.09196,1570000,1500000
2018-04-26 12:40:19.177000,1.092,1.09196,1570000,2250000
2018-04-26 12:40:19.739000,1.09199,1.09196,1000000,2440000
2018-04-26 12:40:20.003000,1.09197,1.09193,1500000,1470000
2018-04-26 12:40:20.479000,1.09195,1.09191,1690000,4730000
2018-04-26 12:40:20.812000,1.09191,1.09186,2320000,1390000
2018-04-26 12:40:24.578000,1.09189,1.09185,1000000,2320000
2018-04-26 12:40:25.086000,1.09188,1.09184,1500000,2320000
2018-04-26 12:40:25.489000,1.09185,1.09184,1000000,1100000
2018-04-26 12:40:25.597000,1.09185,1.0918,1690000,3490000
2018-04-26 12:40:25.964000,1.09183,1.09179,1000000,5740000
2018-04-26 12:40:26.475000,1.09184,1.09179,1500000,4390000
2018-04-26 12:40:27.001000,1.09183,1.09179,1500000,1570000
2018-04-26 12:40:27.527000,1.09184,1.09179,1950000,5890000
2018-04-26 12:40:28.053000,1.09184,1.09182,1500000,1000000
2018-04-26 12:40:28.598000,1.09185,1.0918,1760000,4240000
2018-04-26 12:40:29.247000,1.09184,1.0918,1000000,1760000
2018-04-26 12:40:29.562000,1.09182,1.09179,1000000,1000000
2018-04-26 12:40:29.895000,1.09179,1.09175,1000000,1570000
2018-04-26 12:40:31.090000,1.09179,1.09174,1870000,1950000
2018-04-26 12:40:31.628000,1.09179,1.09175,1000000,2140000
2018-04-26 12:40:32.421000,1.09179,1.09174,1200000,3300000
2018-04-26 12:40:32.927000,1.09176,1.09173,4690000,1570000
2018-04-26 12:40:33.034000,1.09176,1.09172,1690000,5170000
2018-04-26 12:40:33.141000,1.09177,1.09173,1120000,1390000
2018-04-26 12:40:33.683000,1.09174,1.09173,2100000,1500000
2018-04-26 12:40:33.735000,1.09175,1.09173,2440000,1570000
2018-04-26 12:40:33.788000,1.09172,1.09168,1120000,1640000
2018-04-26 12:40:34.311000,1.09171,1.09167,1390000,1120000
2018-04-26 12:40:34.820000,1.0917,1.09165,1310000,6710000
2018-04-26 12:40:35.366000,1.09171,1.09167,1950000,1250000
2018-04-26 12:40:35.837000,1.09167,1.09164,3260000,1000000
2018-04-26 12:40:36.008000,1.09166,1.09161,2510000,6300000
2018-04-26 12:40:36.370000,1.09167,1.09163,3820000,1750000
2018-04-26 12:40:36.476000,1.09169,1.09166,5320000,2620000
2018-04-26 12:40:36.602000,1.09171,1.09168,2700000,1000000
2018-04-26 12:40:36.654000,1.09171,1.09167,2320000,1310000
2018-04-26 12:40:37.180000,1.09169,1.09167,2440000,1000000
2018-04-26 12:40:37.312000,1.09165,1.09161,1120000,2510000
2018-04-26 12:40:37.371000,1.09166,1.09163,3450000,1370000
2018-04-26 12:40:37.645000,1.09171,1.09166,4200000,3190000
2018-04-26 12:40:37.922000,1.09167,1.09163,1120000,2740000
2018-04-26 12:40:38.550000,1.09169,1.09164,3070000,1950000
2018-04-26 12:40:38.860000,1.09171,1.09167,5140000,1120000
2018-04-26 12:40:39.138000,1.09171,1.09166,3820000,5470000
2018-04-26 12:40:39.655000,1.09171,1.09167,1390000,1120000
2018-04-26 12:40:39.847000,1.09168,1.09164,2620000,1390000
2018-04-26 12:40:39.899000,1.09168,1.09163,2140000,2170000
2018-04-26 12:40:40.002000,1.09169,1.09164,4390000,1500000
2018-04-26 12:40:40.309000,1.09172,1.09168,9260000,1120000
2018-04-26 12:40:40.756000,1.09173,1.09169,1950000,1120000
2018-04-26 12:40:40.864000,1.09174,1.0917,1000000,1570000
2018-04-26 12:40:41.127000,1.09177,1.09173,1120000,4610000
2018-04-26 12:40:41.958000,1.09175,1.09172,1000000,1470000
2018-04-26 12:40:42.539000,1.09177,1.09172,4010000,1950000
2018-04-26 12:40:43.055000,1.09177,1.09172,4760000,1870000
2018-04-26 12:40:43.676000,1.09174,1.09171,1000000,1500000
2018-04-26 12:40:43.836000,1.09174,1.09169,3640000,1570000
2018-04-26 12:40:44.049000,1.09169,1.09166,2700000,2440000
2018-04-26 12:40:44.153000,1.09168,1.09164,1000000,2140000
2018-04-26 12:40:44.206000,1.09169,1.09166,1010000,3750000
2018-04-26 12:40:44.364000,1.09172,1.09167,2890000,3300000
2018-04-26 12:40:44.907000,1.09173,1.09168,2510000,2170000
2018-04-26 12:40:45.361000,1.0917,1.09166,1310000,1450000
2018-04-26 12:40:45.465000,1.09169,1.09164,1250000,4570000
2018-04-26 12:40:45.915000,1.09167,1.09162,1500000,3820000
2018-04-26 12:40:46.263000,1.09166,1.09162,5440000,1100000
2018-04-26 12:40:46.788000,1.09166,1.09161,1570000,5140000
2018-04-26 12:40:47.104000,1.09161,1.09156,1250000,3640000
2018-04-26 12:40:47.620000,1.0916,1.09155,2320000,3450000
2018-04-26 12:40:48.246000,1.09158,1.09155,2060000,1570000
2018-04-26 12:40:48.457000,1.09155,1.09151,1120000,1760000
2018-04-26 12:40:49.054000,1.09156,1.09151,4010000,1470000
2018-04-26 12:40:49.411000,1.09157,1.09154,1000000,1000000
2018-04-26 12:40:49.514000,1.0916,1.09156,1250000,1200000
2018-04-26 12:40:49.925000,1.09157,1.09155,1500000,1570000
2018-04-26 12:40:50.171000,1.0916,1.09155,1570000,3070000
2018-04-26 12:40:50.566000,1.09162,1.09157,5060000,2700000
2018-04-26 12:40:51.076000,1.09162,1.09156,6940000,6670000
2018-04-26 12:40:51.405000,1.0916,1.09155,1120000,3450000
2018-04-26 12:40:51.725000,1.09162,1.0916,3190000,2620000
2018-04-26 12:40:51.932000,1.09166,1.09161,4570000,2890000
2018-04-26 12:40:52.468000,1.09166,1.09161,1120000,5360000
2018-04-26 12:40:53.993000,1.09165,1.09161,1690000,1950000
2018-04-26 12:40:54.134000,1.09163,1.09159,1570000,1720000
2018-04-26 12:40:54.197000,1.09161,1.09158,1120000,1200000
2018-04-26 12:40:54.250000,1.0916,1.09156,6000000,1010000
2018-04-26 12:40:54.302000,1.0916,1.09156,2250000,1200000
2018-04-26 12:40:54.845000,1.09161,1.09155,1950000,4760000
2018-04-26 12:40:55.277000,1.09164,1.09161,1690000,1870000
2018-04-26 12:40:55.388000,1.09165,1.09161,1500000,2700000
2018-04-26 12:40:55.852000,1.09163,1.0916,1500000,1390000
2018-04-26 12:40:55.958000,1.09162,1.09158,2320000,1120000
2018-04-26 12:40:56.170000,1.0916,1.09157,2100000,1000000
2018-04-26 12:40:56.416000,1.0916,1.09155,7570000,1870000
2018-04-26 12:40:56.570000,1.0916,1.09155,1200000,5140000
2018-04-26 12:40:57.082000,1.09161,1.09156,3070000,1570000
2018-04-26 12:40:57.631000,1.09163,1.09157,5320000,4610000
2018-04-26 12:40:57.882000,1.09161,1.09156,3370000,2510000
2018-04-26 12:40:58.045000,1.0916,1.09155,1950000,3640000
2018-04-26 12:40:58.659000,1.09161,1.09157,6260000,2620000
2018-04-26 12:40:58.764000,1.09162,1.09158,3450000,2250000
2018-04-26 12:40:59.260000,1.09161,1.09156,3640000,1570000
2018-04-26 12:40:59.775000,1.09159,1.09155,1570000,1000000
2018-04-26 12:41:00.211000,1.0916,1.09155,3820000,3300000
2018-04-26 12:41:00.477000,1.09159,1.09155,1370000,1570000
2018-04-26 12:41:00.712000,1.09157,1.09152,2320000,2140000
2018-04-26 12:41:00.984000,1.09158,1.09156,1950000,1120000
2018-04-26 12:41:01.285000,1.09161,1.09157,1190000,4950000
2018-04-26 12:41:01.389000,1.09163,1.09157,3070000,4200000
2018-04-26 12:41:01.711000,1.09165,1.09161,2440000,1100000
2018-04-26 12:41:02.038000,1.09163,1.0916,2440000,1570000
2018-04-26 12:41:02.091000,1.09164,1.09161,1120000,1250000
2018-04-26 12:41:02.241000,1.09164,1.09161,1310000,1000000
2018-04-26 12:41:02.293000,1.09165,1.09161,2440000,1950000
2018-04-26 12:41:02.754000,1.09166,1.09161,1120000,14170000
2018-04-26 12:41:03.170000,1.09165,1.09161,1120000,2140000
2018-04-26 12:41:03.346000,1.09162,1.09161,1000000,1000000
2018-04-26 12:41:03.399000,1.09162,1.09158,1000000,1640000
2018-04-26 12:41:03.451000,1.09162,1.09157,3820000,3940000
2018-04-26 12:41:03.854000,1.09172,1.09167,1500000,4050000
2018-04-26 12:41:04.403000,1.09172,1.09167,3260000,3000000
2018-04-26 12:41:04.508000,1.0917,1.09166,1000000,2400000
2018-04-26 12:41:04.669000,1.0917,1.09166,1190000,3820000
2018-04-26 12:41:04.950000,1.09173,1.09169,1570000,2060000
2018-04-26 12:41:05.003000,1.09173,1.09169,2510000,1120000
2018-04-26 12:41:05.055000,1.09173,1.09169,1570000,1120000
2018-04-26 12:41:05.159000,1.09174,1.09171,1200000,2250000
2018-04-26 12:41:05.212000,1.09177,1.09173,2700000,1000000
2018-04-26 12:41:05.758000,1.09178,1.09174,1950000,1000000
2018-04-26 12:41:05.968000,1.0918,1.09175,4010000,3190000
2018-04-26 12:41:06.290000,1.09181,1.09178,1450000,1500000
2018-04-26 12:41:06.342000,1.09182,1.09178,4570000,2620000
2018-04-26 12:41:06.394000,1.0918,1.09176,2250000,6110000
2018-04-26 12:41:06.573000,1.09179,1.09175,1100000,1310000
2018-04-26 12:41:06.677000,1.09178,1.09173,1870000,2400000
2018-04-26 12:41:06.989000,1.09175,1.09171,1100000,4120000
2018-04-26 12:41:07.576000,1.09176,1.09171,1950000,1750000
2018-04-26 12:41:07.790000,1.09178,1.09174,1200000,2620000
2018-04-26 12:41:07.897000,1.09181,1.09177,1760000,1000000
2018-04-26 12:41:08.437000,1.09181,1.09176,1690000,1950000
2018-04-26 12:41:08.800000,1.0918,1.09174,3260000,4090000
2018-04-26 12:41:09.227000,1.0918,1.09175,1250000,3640000
2018-04-26 12:41:09.755000,1.09181,1.09176,2040000,2250000
2018-04-26 12:41:10.269000,1.09179,1.09174,1200000,5890000
2018-04-26 12:41:10.610000,1.09178,1.09173,1690000,1950000
2018-04-26 12:41:10.990000,1.0918,1.09175,1690000,7390000
2018-04-26 12:41:11.310000,1.09179,1.09174,3370000,2470000
2018-04-26 12:41:11.638000,1.09175,1.09172,1870000,3750000
2018-04-26 12:41:12.019000,1.09174,1.0917,3070000,1250000
2018-04-26 12:41:12.174000,1.09175,1.09171,1120000,1200000
2018-04-26 12:41:12.277000,1.09177,1.09172,1200000,6000000
2018-04-26 12:41:12.581000,1.09178,1.09175,1120000,2440000
2018-04-26 12:41:13.224000,1.09178,1.09173,1120000,7950000
2018-04-26 12:41:13.550000,1.0918,1.09176,5700000,1000000
2018-04-26 12:41:14.123000,1.0918,1.09176,2810000,3370000
2018-04-26 12:41:14.225000,1.09179,1.09174,1310000,3070000
2018-04-26 12:41:14.748000,1.0918,1.09177,1250000,1000000
2018-04-26 12:41:15.261000,1.09182,1.09178,8140000,1000000
2018-04-26 12:41:15.575000,1.09181,1.09177,1190000,1500000
2018-04-26 12:41:16.110000,1.0918,1.09176,1190000,1500000
2018-04-26 12:41:16.666000,1.0918,1.09175,2060000,3070000
2018-04-26 12:41:16.834000,1.09179,1.09174,4010000,3370000
2018-04-26 12:41:17.382000,1.0918,1.09175,2440000,2700000
2018-04-26 12:41:17.944000,1.0918,1.09178,1190000,1000000
2018-04-26 12:41:18.459000,1.09181,1.09177,1310000,1200000
2018-04-26 12:41:18.721000,1.09187,1.09183,5890000,1120000
2018-04-26 12:41:18.827000,1.09189,1.09185,1560000,2250000
2018-04-26 12:41:19.338000,1.0919,1.09185,1310000,3070000
2018-04-26 12:41:19.443000,1.09189,1.09187,2140000,1000000
2018-04-26 12:41:19.496000,1.09189,1.09185,1760000,2620000
2018-04-26 12:41:19.841000,1.09186,1.09183,3260000,1500000
2018-04-26 12:41:20.394000,1.09185,1.09181,1190000,3070000
2018-04-26 12:41:20.921000,1.09189,1.09186,2250000,1120000
2018-04-26 12:41:20.973000,1.09189,1.09186,1000000,4570000
2018-04-26 12:41:21.283000,1.09192,1.09187,4310000,1200000
2018-04-26 12:41:21.549000,1.09189,1.09186,1000000,1120000
2018-04-26 12:41:22.858000,1.09187,1.09185,1000000,1120000
2018-04-26 12:41:23.414000,1.09188,1.09185,1000000,3820000
2018-04-26 12:41:23.520000,1.0919,1.09187,1000000,1200000
2018-04-26 12:41:24.029000,1.09191,1.09189,1000000,1000000
2018-04-26 12:41:24.544000,1.09191,1.09189,1690000,1000000
2018-04-26 12:41:24.647000,1.0919,1.09187,1690000,1950000
2018-04-26 12:41:25.167000,1.09189,1.09185,1250000,3070000
2018-04-26 12:41:25.323000,1.09187,1.09184,1000000,1500000
2018-04-26 12:41:25.874000,1.09188,1.09185,1000000,2510000
2018-04-26 12:41:26.188000,1.09196,1.09193,1000000,4010000
2018-04-26 12:41:26.445000,1.09196,1.09191,1310000,2320000
2018-04-26 12:41:27.208000,1.09195,1.09192,1000000,1200000
2018-04-26 12:41:27.702000,1.09193,1.0919,1500000,3820000
2018-04-26 12:41:27.756000,1.09191,1.09188,1120000,4310000
2018-04-26 12:41:28.255000,1.09189,1.09187,1000000,1200000
2018-04-26 12:41:28.464000,1.09187,1.09185,1000000,1760000
2018-04-26 12:41:28.622000,1.09192,1.0919,1190000,1500000
2018-04-26 12:41:28.854000,1.09193,1.0919,1000000,2250000
2018-04-26 12:41:29.398000,1.09194,1.09191,1310000,1000000
2018-04-26 12:41:29.921000,1.09193,1.09191,1000000,1000000
2018-04-26 12:41:30.493000,1.09194,1.09191,1310000,1000000
2018-04-26 12:41:30.546000,1.09197,1.09195,3450000,1500000
2018-04-26 12:41:30.650000,1.092,1.09197,1310000,1120000
2018-04-26 12:41:30.704000,1.09202,1.09198,5140000,3000000
2018-04-26 12:41:30.899000,1.092,1.09196,1000000,6640000
2018-04-26 12:41:31.058000,1.092,1.09196,1870000,1310000
2018-04-26 12:41:31.545000,1.09201,1.09198,2440000,1100000
2018-04-26 12:41:31.755000,1.09199,1.09196,1250000,3450000
2018-04-26 12:41:32.296000,1.09199,1.09196,1000000,1570000
2018-04-26 12:41:32.924000,1.09198,1.09196,1000000,2440000
2018-04-26 12:41:33.369000,1.09201,1.09198,1390000,3000000
2018-04-26 12:41:33.908000,1.09201,1.09197,1000000,5250000
2018-04-26 12:41:34.682000,1.092,1.09196,1000000,4500000
2018-04-26 12:41:34.787000,1.09197,1.09194,1000000,1450000
2018-04-26 12:41:35.297000,1.09201,1.09197,3640000,1120000
2018-04-26 12:41:35.845000,1.09201,1.09197,1310000,1200000
2018-04-26 12:41:35.900000,1.09202,1.09199,1000000,1950000
2018-04-26 12:41:36.428000,1.09204,1.09199,2890000,1000000
2018-04-26 12:41:36.747000,1.09199,1.09195,5510000,1000000
2018-04-26 12:41:37.307000,1.09198,1.09193,2060000,5140000
2018-04-26 12:41:37.819000,1.092,1.09196,4760000,1000000
2018-04-26 12:41:37.922000,1.09198,1.09193,1120000,6640000
2018-04-26 12:41:38.282000,1.09196,1.09191,2250000,2890000
2018-04-26 12:41:38.760000,1.09195,1.0919,7690000,1200000
2018-04-26 12:41:39.071000,1.09196,1.09192,1310000,1570000
2018-04-26 12:41:39.472000,1.09198,1.09193,3560000,1200000
2018-04-26 12:41:39.832000,1.09199,1.09194,1500000,5920000
2018-04-26 12:41:39.885000,1.092,1.09196,1950000,2250000
2018-04-26 12:41:40.401000,1.092,1.09196,1310000,3750000
2018-04-26 12:41:40.597000,1.09202,1.09197,2510000,2620000
2018-04-26 12:41:41.064000,1.09203,1.09199,1760000,1000000
2018-04-26 12:41:41.565000,1.09204,1.09198,5510000,4200000
2018-04-26 12:41:41.912000,1.09202,1.09197,1760000,1500000
2018-04-26 12:41:42.452000,1.09202,1.09197,1690000,1950000
