time,ask,bid,ask_volume,bid_volume
2020-07-09 14:25:00.014000,1.07158,1.07155,6600000,1690000
2020-07-09 14:25:00.117000,1.07156,1.07154,1500000,3940000
2020-07-09 14:25:00.320000,1.07156,1.07153,1950000,4690000
2020-07-09 14:25:01.112000,1.07156,1.07152,4950000,5510000
2020-07-09 14:25:01.516000,1.07156,1.07153,4200000,1000000
2020-07-09 14:25:01.617000,1.07156,1.07154,1000000,1000000
2020-07-09 14:25:03.083000,1.07156,1.07153,1500000,5700000
2020-07-09 14:25:03.185000,1.07156,1.07154,1500000,1250000
2020-07-09 14:25:04.606000,1.07156,1.07153,1500000,7390000
2020-07-09 14:25:05.665000,1.07156,1.07154,4200000,1250000
2020-07-09 14:25:06.426000,1.07156,1.07153,4200000,2440000
2020-07-09 14:25:06.527000,1.07156,1.07153,5100000,2440000
2020-07-09 14:25:08.069000,1.07155,1.07152,1200000,4690000
2020-07-09 14:25:08.570000,1.07155,1.07152,2100000,3190000
2020-07-09 14:25:08.924000,1.07157,1.07154,2550000,1250000
2020-07-09 14:25:09.075000,1.07157,1.07154,1950000,1250000
2020-07-09 14:25:10.387000,1.07156,1.07154,1200000,1250000
2020-07-09 14:25:10.489000,1.07156,1.07153,5700000,1250000
2020-07-09 14:25:10.590000,1.07156,1.07152,1950000,5500000
2020-07-09 14:25:11.781000,1.07155,1.07152,1200000,2500000
2020-07-09 14:25:12.753000,1.07154,1.07151,1200000,1690000
2020-07-09 14:25:13.620000,1.07152,1.0715,1950000,3940000
2020-07-09 14:25:13.722000,1.07151,1.07149,1000000,1250000
2020-07-09 14:25:13.824000,1.07151,1.07149,1000000,1250000
2020-07-09 14:25:13.925000,1.07151,1.07147,1950000,2950000
2020-07-09 14:25:14.026000,1.07153,1.07151,1000000,3000000
2020-07-09 14:25:14.128000,1.07153,1.0715,1000000,2060000
2020-07-09 14:25:14.229000,1.07153,1.07151,1000000,1000000
2020-07-09 14:25:16.285000,1.07154,1.07152,1000000,1750000
2020-07-09 14:25:16.336000,1.07155,1.07152,2250000,5500000
2020-07-09 14:25:16.639000,1.07155,1.07152,2250000,4690000
2020-07-09 14:25:18.948000,1.07156,1.07154,3190000,1100000
2020-07-09 14:25:19.049000,1.07156,1.07155,3000000,1000000
2020-07-09 14:25:19.201000,1.07156,1.07154,3000000,2810000
2020-07-09 14:25:19.353000,1.07156,1.07153,6040000,1620000
2020-07-09 14:25:19.807000,1.07156,1.07153,4390000,1620000
2020-07-09 14:25:20.013000,1.07156,1.07155,3000000,1000000
2020-07-09 14:25:20.172000,1.07156,1.07154,3000000,1310000
2020-07-09 14:25:20.744000,1.07155,1.07153,1000000,1000000
2020-07-09 14:25:21.047000,1.07155,1.07152,1000000,3940000
2020-07-09 14:25:21.198000,1.07156,1.07154,3000000,1000000
2020-07-09 14:25:21.350000,1.07156,1.07153,3000000,1760000
2020-07-09 14:25:21.941000,1.07156,1.07153,5160000,1000000
2020-07-09 14:25:22.042000,1.07154,1.07152,1000000,3940000
2020-07-09 14:25:23.592000,1.07154,1.07153,1000000,1000000
2020-07-09 14:25:23.960000,1.07154,1.07152,1000000,1250000
2020-07-09 14:25:28.788000,1.07153,1.07151,1000000,3000000
2020-07-09 14:25:33.559000,1.07152,1.0715,3000000,1250000
2020-07-09 14:25:33.660000,1.07153,1.0715,1870000,3940000
2020-07-09 14:25:34.141000,1.07152,1.0715,1000000,3190000
2020-07-09 14:25:34.293000,1.07153,1.0715,1500000,4690000
2020-07-09 14:25:34.394000,1.07157,1.07156,2440000,1000000
2020-07-09 14:25:34.445000,1.07159,1.07158,8250000,1000000
2020-07-09 14:25:34.648000,1.07161,1.07158,2890000,1500000
2020-07-09 14:25:34.749000,1.07161,1.0716,1200000,1000000
2020-07-09 14:25:34.851000,1.07161,1.07159,2140000,1000000
2020-07-09 14:25:34.952000,1.0716,1.07159,1000000,1000000
2020-07-09 14:25:35.368000,1.07161,1.07159,2140000,1000000
2020-07-09 14:25:35.873000,1.07161,1.07159,5910000,1000000
2020-07-09 14:25:37.749000,1.0716,1.07157,2850000,3190000
2020-07-09 14:25:37.850000,1.07158,1.07157,1200000,1690000
2020-07-09 14:25:37.951000,1.07157,1.07156,1000000,1250000
2020-07-09 14:25:38.002000,1.07157,1.07155,5100000,1000000
2020-07-09 14:25:38.104000,1.07155,1.07153,1200000,1000000
2020-07-09 14:25:38.205000,1.07155,1.07152,4350000,1000000
2020-07-09 14:25:38.344000,1.07155,1.07153,1000000,2440000
2020-07-09 14:25:38.496000,1.07157,1.07154,5290000,2250000
2020-07-09 14:25:38.597000,1.07157,1.07154,5100000,2500000
2020-07-09 14:25:38.916000,1.07157,1.07155,3070000,2440000
2020-07-09 14:25:38.967000,1.07159,1.07158,1690000,1000000
2020-07-09 14:25:39.070000,1.07161,1.07158,6660000,1500000
2020-07-09 14:25:48.483000,1.0716,1.07158,1600000,1250000
2020-07-09 14:25:52.189000,1.0716,1.07158,1950000,1250000
2020-07-09 14:25:52.292000,1.0716,1.07158,1970000,1250000
2020-07-09 14:25:53.318000,1.0716,1.07158,1570000,1250000
2020-07-09 14:25:53.571000,1.0716,1.07158,1970000,1250000
2020-07-09 14:25:56.133000,1.07161,1.07158,1720000,1690000
2020-07-09 14:25:56.538000,1.0716,1.07158,1600000,1690000
2020-07-09 14:25:56.639000,1.0716,1.07158,9900000,1000000
2020-07-09 14:25:56.740000,1.07159,1.07158,1000000,1000000
2020-07-09 14:25:56.842000,1.07159,1.07157,1600000,1250000
2020-07-09 14:25:57.045000,1.07159,1.07158,1000000,1250000
2020-07-09 14:25:57.146000,1.07159,1.07157,1000000,1250000
2020-07-09 14:25:58.591000,1.07158,1.07156,47849998,2500000
2020-07-09 14:25:58.741000,1.07158,1.07156,48450001,1690000
2020-07-09 14:25:59.303000,1.07158,1.07156,3450000,1690000
2020-07-09 14:25:59.405000,1.0716,1.07158,5100000,1000000
2020-07-09 14:26:00.571000,1.07161,1.07158,5350000,1250000
2020-07-09 14:26:00.673000,1.07162,1.07159,1100000,3250000
2020-07-09 14:26:00.724000,1.07163,1.07161,3070000,1000000
2020-07-09 14:26:01.077000,1.07163,1.07161,1220000,1690000
2020-07-09 14:26:01.179000,1.07163,1.07161,3450000,1250000
2020-07-09 14:26:01.280000,1.07163,1.07161,3470000,1250000
2020-07-09 14:26:01.840000,1.07162,1.0716,1970000,1000000
2020-07-09 14:26:01.891000,1.07161,1.07158,1100000,4500000
2020-07-09 14:26:08.306000,1.07159,1.07157,1000000,3000000
2020-07-09 14:26:08.357000,1.07156,1.07154,1000000,5320000
2020-07-09 14:26:08.459000,1.07156,1.07153,3750000,1250000
2020-07-09 14:26:08.762000,1.07155,1.07152,3000000,1690000
2020-07-09 14:26:09.015000,1.07156,1.07152,5890000,4690000
2020-07-09 14:26:11.444000,1.07154,1.07152,1000000,3000000
2020-07-09 14:26:11.596000,1.07155,1.07152,3190000,3750000
2020-07-09 14:26:11.697000,1.07155,1.07151,7010000,4690000
2020-07-09 14:26:11.799000,1.07154,1.07151,1500000,3940000
2020-07-09 14:26:12.639000,1.07155,1.07152,5440000,1000000
2020-07-09 14:26:13.245000,1.07154,1.07152,1000000,1000000
2020-07-09 14:26:13.912000,1.07155,1.07152,2440000,1500000
2020-07-09 14:26:27.852000,1.07154,1.07152,1000000,1250000
2020-07-09 14:26:27.954000,1.07153,1.07152,1000000,1000000
2020-07-09 14:26:29.082000,1.07153,1.07151,1000000,1000000
2020-07-09 14:26:29.233000,1.07153,1.07151,1000000,1250000
2020-07-09 14:26:29.937000,1.07154,1.07151,4500000,1750000
2020-07-09 14:26:37.994000,1.07153,1.07151,1000000,4750000
2020-07-09 14:26:38.125000,1.0715,1.07148,1120000,1250000
2020-07-09 14:26:38.180000,1.0715,1.07147,5700000,1250000
2020-07-09 14:26:38.382000,1.0715,1.07147,4500000,1750000
2020-07-09 14:26:42.627000,1.07151,1.07148,1000000,1000000
2020-07-09 14:26:43.674000,1.07151,1.07149,3000000,1250000
2020-07-09 14:26:44.024000,1.07151,1.07148,3000000,1690000
2020-07-09 14:26:44.175000,1.07152,1.07148,6640000,1690000
2020-07-09 14:26:44.276000,1.07151,1.07148,3000000,1690000
2020-07-09 14:26:45.922000,1.0715,1.07148,1000000,1250000
2020-07-09 14:26:46.024000,1.0715,1.07147,1000000,5700000
2020-07-09 14:26:54.054000,1.0715,1.07148,4500000,1250000
2020-07-09 14:26:57.294000,1.0715,1.07147,4500000,2890000
2020-07-09 14:26:58.591000,1.07149,1.07146,5000000,1870000
2020-07-09 14:26:58.692000,1.07149,1.07146,1250000,4950000
2020-07-09 14:26:59.271000,1.07148,1.07146,1000000,3750000
2020-07-09 14:26:59.474000,1.07148,1.07145,1000000,6560000
2020-07-09 14:26:59.576000,1.07146,1.07144,3000000,1000000
2020-07-09 14:26:59.626000,1.07145,1.07142,3000000,4010000
2020-07-09 14:27:00.081000,1.07146,1.07142,5810000,4950000
2020-07-09 14:27:00.823000,1.07145,1.07141,5440000,5700000
2020-07-09 14:27:01.534000,1.07143,1.0714,1000000,1500000
2020-07-09 14:27:01.635000,1.07144,1.07141,8810000,1000000
2020-07-09 14:27:01.737000,1.07144,1.07141,7910000,1000000
2020-07-09 14:27:01.989000,1.07144,1.0714,8160000,3750000
2020-07-09 14:27:02.091000,1.07142,1.07139,2250000,3750000
2020-07-09 14:27:02.192000,1.0714,1.07138,1000000,4690000
2020-07-09 14:27:03.235000,1.0714,1.07139,1000000,1250000
2020-07-09 14:27:03.592000,1.0714,1.07138,1000000,5890000
2020-07-09 14:27:04.308000,1.07142,1.07139,3750000,4000000
2020-07-09 14:27:04.410000,1.07143,1.07141,1000000,1000000
2020-07-09 14:27:05.426000,1.07142,1.07139,1000000,3320000
2020-07-09 14:27:05.527000,1.07142,1.07141,1000000,1000000
2020-07-09 14:27:05.889000,1.07141,1.07139,1000000,4950000
2020-07-09 14:27:06.547000,1.0714,1.07137,4950000,3620000
2020-07-09 14:27:06.648000,1.0714,1.07137,1500000,2320000
2020-07-09 14:27:07.827000,1.07138,1.07136,1000000,6260000
2020-07-09 14:27:08.132000,1.07138,1.07137,1000000,1000000
2020-07-09 14:27:09.403000,1.07139,1.07137,1000000,1200000
2020-07-09 14:27:09.505000,1.07139,1.07138,1000000,1690000
2020-07-09 14:27:09.556000,1.07142,1.07141,1500000,1500000
2020-07-09 14:27:09.657000,1.07142,1.0714,1000000,2140000
2020-07-09 14:27:09.759000,1.07142,1.07141,1000000,1000000
2020-07-09 14:27:09.809000,1.07142,1.07139,1000000,3640000
2020-07-09 14:27:09.911000,1.07141,1.07139,1000000,1000000
2020-07-09 14:27:10.315000,1.07141,1.07138,1570000,1690000
2020-07-09 14:27:10.568000,1.07142,1.07141,1000000,1000000
2020-07-09 14:27:10.821000,1.07143,1.07141,1500000,1000000
2020-07-09 14:27:10.922000,1.07142,1.0714,1000000,4690000
2020-07-09 14:27:11.025000,1.07142,1.07139,1570000,1690000
2020-07-09 14:27:11.278000,1.07141,1.07139,1000000,1000000
2020-07-09 14:27:12.087000,1.07143,1.0714,4570000,1250000
2020-07-09 14:27:12.188000,1.07143,1.07141,1500000,1000000
2020-07-09 14:27:12.290000,1.07141,1.0714,1000000,1000000
2020-07-09 14:27:13.840000,1.07141,1.07139,1000000,1500000
2020-07-09 14:27:16.608000,1.07141,1.07138,1000000,1390000
2020-07-09 14:27:16.819000,1.07141,1.07139,1000000,3000000
2020-07-09 14:27:17.224000,1.07143,1.07139,8320000,3450000
2020-07-09 14:27:17.275000,1.07143,1.07141,1000000,1000000
2020-07-09 14:27:17.377000,1.07143,1.0714,1000000,6820000
2020-07-09 14:27:17.698000,1.07143,1.0714,1000000,6220000
2020-07-09 14:27:20.020000,1.07143,1.0714,1500000,4500000
2020-07-09 14:27:20.161000,1.07142,1.0714,1000000,3750000
2020-07-09 14:27:20.313000,1.07141,1.07139,1000000,1250000
2020-07-09 14:27:20.364000,1.0714,1.07137,1000000,1390000
2020-07-09 14:27:20.465000,1.0714,1.07138,1000000,1250000
2020-07-09 14:27:20.970000,1.0714,1.07137,6820000,1000000
2020-07-09 14:27:21.426000,1.07142,1.07139,6260000,1000000
2020-07-09 14:27:21.680000,1.07142,1.0714,1000000,1000000
2020-07-09 14:27:21.882000,1.07142,1.07139,1000000,5890000
2020-07-09 14:27:22.387000,1.07142,1.0714,1000000,1000000
2020-07-09 14:27:22.642000,1.07143,1.07141,1000000,1000000
2020-07-09 14:27:22.744000,1.07144,1.07141,1000000,4500000
2020-07-09 14:27:27.595000,1.07142,1.07141,1000000,3000000
2020-07-09 14:27:28.157000,1.07142,1.07139,2890000,2370000
2020-07-09 14:27:28.258000,1.07141,1.07139,1500000,2250000
2020-07-09 14:27:29.528000,1.07141,1.07139,1000000,3120000
2020-07-09 14:27:29.931000,1.07142,1.07141,1500000,87000000
2020-07-09 14:27:30.486000,1.07141,1.07139,1000000,2370000
2020-07-09 14:27:30.587000,1.07141,1.07139,1500000,2250000
2020-07-09 14:27:31.565000,1.07139,1.07138,1000000,2250000
2020-07-09 14:27:31.666000,1.07139,1.07136,1500000,1000000
2020-07-09 14:27:32.903000,1.07138,1.07136,1000000,1000000
2020-07-09 14:27:33.004000,1.07139,1.07136,4500000,2250000
2020-07-09 14:27:33.156000,1.07139,1.07137,1000000,1690000
2020-07-09 14:27:33.258000,1.07139,1.07136,3750000,2890000
2020-07-09 14:27:33.865000,1.07139,1.07136,1500000,2950000
2020-07-09 14:27:34.118000,1.07139,1.07136,1500000,5890000
2020-07-09 14:27:34.270000,1.07139,1.07136,1500000,6700000
2020-07-09 14:27:36.418000,1.0714,1.07138,1000000,1250000
2020-07-09 14:27:36.469000,1.07141,1.07138,1000000,1250000
2020-07-09 14:27:36.620000,1.07141,1.07138,1000000,4820000
2020-07-09 14:27:38.369000,1.07142,1.0714,1000000,2140000
2020-07-09 14:27:38.420000,1.07143,1.0714,1500000,4690000
2020-07-09 14:27:38.522000,1.07142,1.0714,1000000,3940000
2020-07-09 14:27:39.078000,1.07142,1.07139,1500000,3940000
2020-07-09 14:27:39.180000,1.07141,1.07139,1570000,3000000
2020-07-09 14:27:39.231000,1.0714,1.07136,3820000,5890000
2020-07-09 14:27:40.337000,1.07139,1.07136,1000000,4390000
2020-07-09 14:27:43.674000,1.07139,1.07135,4200000,7760000
2020-07-09 14:27:46.109000,1.07139,1.07136,4570000,1000000
2020-07-09 14:27:48.147000,1.07139,1.07137,1000000,4500000
2020-07-09 14:27:48.298000,1.07139,1.07138,1000000,3000000
2020-07-09 14:27:48.400000,1.07139,1.07137,1000000,1390000
2020-07-09 14:27:48.501000,1.07138,1.07137,1000000,1000000
2020-07-09 14:27:48.652000,1.07138,1.07136,1000000,1690000
2020-07-09 14:27:48.804000,1.07138,1.07136,1000000,2290000
2020-07-09 14:27:48.906000,1.07138,1.07136,1000000,1250000
2020-07-09 14:27:49.489000,1.07138,1.07136,1000000,1850000
2020-07-09 14:27:49.641000,1.07138,1.07136,1000000,5140000
2020-07-09 14:27:49.742000,1.07138,1.07136,1000000,3040000
2020-07-09 14:27:49.894000,1.07138,1.07136,1000000,5890000
2020-07-09 14:27:50.485000,1.07138,1.07136,1000000,3040000
2020-07-09 14:27:50.687000,1.07138,1.07136,1000000,2140000
2020-07-09 14:27:51.233000,1.07138,1.07136,1000000,2290000
2020-07-09 14:27:51.334000,1.07138,1.07136,1000000,5140000
2020-07-09 14:27:53.633000,1.0714,1.07136,2440000,2890000
2020-07-09 14:27:54.440000,1.0714,1.07136,5440000,6040000
2020-07-09 14:27:54.541000,1.07139,1.07136,1000000,4690000
2020-07-09 14:27:55.640000,1.07138,1.07135,1000000,5250000
2020-07-09 14:27:55.691000,1.07135,1.07133,1570000,4750000
2020-07-09 14:27:55.793000,1.07135,1.07132,1570000,3000000
2020-07-09 14:27:56.147000,1.07136,1.07132,4870000,5290000
2020-07-09 14:27:56.299000,1.07136,1.07134,1500000,1000000
2020-07-09 14:27:56.401000,1.07137,1.07135,1000000,3000000
2020-07-09 14:27:56.502000,1.07139,1.07135,3750000,5440000
2020-07-09 14:27:56.603000,1.07139,1.07136,1000000,3000000
2020-07-09 14:27:56.705000,1.07139,1.07135,3750000,5440000
2020-07-09 14:27:58.041000,1.07139,1.07136,1000000,3000000
2020-07-09 14:28:00.394000,1.0714,1.07137,3750000,1950000
2020-07-09 14:28:00.445000,1.07142,1.0714,2250000,1500000
2020-07-09 14:28:00.547000,1.07143,1.0714,1500000,2440000
2020-07-09 14:28:02.038000,1.07143,1.07141,1000000,1000000
2020-07-09 14:28:02.358000,1.07143,1.0714,4760000,4500000
2020-07-09 14:28:02.459000,1.07142,1.0714,1100000,1000000
2020-07-09 14:28:02.561000,1.07142,1.07139,1570000,3750000
2020-07-09 14:28:06.879000,1.07141,1.07139,1000000,3000000
2020-07-09 14:28:08.158000,1.07141,1.07138,1000000,2700000
2020-07-09 14:28:10.344000,1.07141,1.07139,1000000,1000000
2020-07-09 14:28:10.951000,1.07141,1.07138,1000000,6450000
2020-07-09 14:28:11.914000,1.0714,1.07138,1250000,4500000
2020-07-09 14:28:12.319000,1.0714,1.07137,1750000,3750000
2020-07-09 14:28:13.053000,1.07139,1.07137,1250000,1000000
2020-07-09 14:28:13.155000,1.0714,1.07137,1750000,1200000
2020-07-09 14:28:14.374000,1.07139,1.07136,1250000,4870000
2020-07-09 14:28:14.475000,1.07139,1.07136,4750000,1500000
2020-07-09 14:28:14.576000,1.07137,1.07135,1250000,4200000
2020-07-09 14:28:14.678000,1.07138,1.07135,1250000,4950000
2020-07-09 14:28:14.880000,1.07138,1.07136,1690000,1000000
2020-07-09 14:28:15.573000,1.07139,1.07138,1690000,1000000
2020-07-09 14:28:18.658000,1.0714,1.07138,1250000,5620000
2020-07-09 14:28:18.760000,1.07141,1.07139,1250000,3000000
2020-07-09 14:28:19.214000,1.07142,1.07139,4010000,3000000
2020-07-09 14:28:19.771000,1.07143,1.0714,1000000,4200000
2020-07-09 14:28:20.025000,1.07143,1.07139,1100000,6940000
2020-07-09 14:28:20.277000,1.07143,1.0714,1000000,3000000
2020-07-09 14:28:20.723000,1.07144,1.07141,1000000,1500000
2020-07-09 14:28:20.975000,1.07143,1.0714,1000000,3750000
2020-07-09 14:28:21.982000,1.07144,1.07141,3750000,1000000
2020-07-09 14:28:22.084000,1.07145,1.07141,3940000,1200000
2020-07-09 14:28:22.186000,1.07145,1.07142,3190000,1000000
2020-07-09 14:28:22.288000,1.07147,1.07145,5140000,1500000
2020-07-09 14:28:22.338000,1.07149,1.07147,6940000,1000000
2020-07-09 14:28:22.440000,1.0715,1.07149,23809999,1000000
2020-07-09 14:28:22.541000,1.07149,1.07148,1000000,1000000
2020-07-09 14:28:22.592000,1.07147,1.07146,32250000,1120000
2020-07-09 14:28:23.921000,1.07148,1.07146,1000000,1000000
2020-07-09 14:28:24.953000,1.07147,1.07145,1000000,3750000
2020-07-09 14:28:25.155000,1.07147,1.07144,2510000,3750000
2020-07-09 14:28:25.306000,1.07147,1.07144,3320000,3750000
2020-07-09 14:28:25.465000,1.07146,1.07145,1000000,1000000
2020-07-09 14:28:25.617000,1.07149,1.07146,3250000,4500000
2020-07-09 14:28:25.718000,1.07149,1.07146,3260000,3750000
2020-07-09 14:28:25.830000,1.07148,1.07146,1250000,3750000
2020-07-09 14:28:25.931000,1.07147,1.07145,1000000,3750000
2020-07-09 14:28:26.032000,1.07146,1.07144,1000000,3750000
2020-07-09 14:28:26.199000,1.07145,1.07144,1000000,3000000
2020-07-09 14:28:27.347000,1.07146,1.07144,1690000,3000000
2020-07-09 14:28:27.903000,1.07148,1.07145,1390000,1500000
2020-07-09 14:28:28.156000,1.07149,1.07146,2950000,1000000
2020-07-09 14:28:28.307000,1.07149,1.07146,1690000,4500000
2020-07-09 14:28:30.039000,1.07149,1.07145,2510000,3750000
2020-07-09 14:28:32.218000,1.07149,1.07146,2510000,3000000
2020-07-09 14:28:32.622000,1.07149,1.07147,4310000,1000000
2020-07-09 14:28:32.733000,1.07149,1.07146,1390000,4500000
2020-07-09 14:28:33.249000,1.0715,1.07148,1760000,1000000
2020-07-09 14:28:33.812000,1.07149,1.07148,1250000,1000000
2020-07-09 14:28:34.769000,1.0715,1.07148,3940000,1000000
2020-07-09 14:28:35.898000,1.07149,1.07146,1000000,6260000
2020-07-09 14:28:35.999000,1.07149,1.07146,3620000,1000000
2020-07-09 14:28:37.172000,1.07149,1.07146,2810000,1000000
2020-07-09 14:28:37.577000,1.0715,1.07147,5620000,1000000
2020-07-09 14:28:37.780000,1.07149,1.07146,4070000,4500000
2020-07-09 14:28:38.885000,1.07149,1.07147,1370000,1000000
2020-07-09 14:28:38.986000,1.0715,1.07147,7220000,1000000
2020-07-09 14:28:39.188000,1.07151,1.07149,3750000,1000000
2020-07-09 14:28:39.239000,1.07152,1.07151,1500000,1000000
2020-07-09 14:28:39.290000,1.07154,1.07151,4690000,1500000
2020-07-09 14:28:39.391000,1.07154,1.07152,1390000,1000000
2020-07-09 14:28:39.493000,1.07155,1.07152,2890000,1000000
2020-07-09 14:28:41.031000,1.07153,1.07151,1950000,3070000
2020-07-09 14:28:41.132000,1.07152,1.07149,1000000,4500000
2020-07-09 14:28:41.649000,1.07151,1.07149,5200000,1000000
2020-07-09 14:28:41.803000,1.07151,1.07149,4310000,1000000
2020-07-09 14:28:42.409000,1.07152,1.0715,3000000,1000000
2020-07-09 14:28:42.510000,1.07153,1.0715,3640000,3750000
2020-07-09 14:28:42.973000,1.07152,1.0715,3450000,1000000
2020-07-09 14:28:43.125000,1.07152,1.0715,5200000,1000000
2020-07-09 14:28:43.781000,1.07154,1.07153,1250000,1000000
2020-07-09 14:28:43.832000,1.07155,1.07153,1250000,1000000
2020-07-09 14:28:44.236000,1.07156,1.07152,4690000,5440000
2020-07-09 14:28:44.287000,1.07156,1.07154,3190000,1000000
2020-07-09 14:28:44.337000,1.07158,1.07157,3000000,1000000
2020-07-09 14:28:44.439000,1.07158,1.07155,6450000,2500000
2020-07-09 14:28:44.540000,1.07157,1.07155,3750000,1250000
2020-07-09 14:28:45.801000,1.07158,1.07155,1000000,2440000
2020-07-09 14:28:46.233000,1.07158,1.07156,1000000,3750000
2020-07-09 14:28:46.342000,1.07159,1.07156,2060000,3750000
2020-07-09 14:28:46.852000,1.07161,1.07158,2060000,1500000
2020-07-09 14:28:48.443000,1.0716,1.07158,1000000,1250000
2020-07-09 14:28:48.544000,1.0716,1.07157,5320000,1250000
2020-07-09 14:28:50.759000,1.07159,1.07157,1000000,1000000
2020-07-09 14:28:51.251000,1.07159,1.07157,4450000,1000000
2020-07-09 14:28:52.257000,1.07157,1.07155,1500000,1120000
2020-07-09 14:28:52.308000,1.07156,1.07153,5250000,1250000
2020-07-09 14:28:52.359000,1.07154,1.07152,2700000,1000000
2020-07-09 14:28:52.410000,1.07154,1.07151,1690000,4570000
2020-07-09 14:28:52.512000,1.07155,1.07152,2510000,3000000
2020-07-09 14:28:52.614000,1.07155,1.07152,5290000,3000000
2020-07-09 14:28:52.867000,1.07153,1.07151,1870000,1000000
2020-07-09 14:28:52.969000,1.07152,1.07149,2200000,1000000
2020-07-09 14:28:53.020000,1.07153,1.07149,3260000,1690000
2020-07-09 14:28:53.333000,1.07154,1.07152,2340000,30000000
2020-07-09 14:28:53.434000,1.07154,1.07152,1010000,30000000
2020-07-09 14:28:53.535000,1.07154,1.07151,1570000,1690000
2020-07-09 14:28:54.490000,1.07153,1.07151,2250000,3000000
2020-07-09 14:28:54.591000,1.07153,1.0715,2890000,3750000
2020-07-09 14:28:54.844000,1.07154,1.07151,7820000,1000000
2020-07-09 14:28:54.996000,1.07154,1.07151,2140000,3750000
2020-07-09 14:28:55.250000,1.07155,1.07152,6320000,1000000
2020-07-09 14:28:55.351000,1.07155,1.07152,5510000,1000000
2020-07-09 14:28:57.076000,1.07154,1.07151,1000000,4690000
2020-07-09 14:28:57.759000,1.07153,1.07151,1000000,3750000
2020-07-09 14:28:59.809000,1.07153,1.07149,2510000,3750000
2020-07-09 14:28:59.910000,1.07152,1.07149,1500000,4500000
2020-07-09 14:29:00.112000,1.07154,1.07152,3190000,1500000
2020-07-09 14:29:00.214000,1.07157,1.07154,8320000,1500000
2020-07-09 14:29:00.315000,1.07157,1.07154,5440000,1500000
2020-07-09 14:29:00.618000,1.07157,1.07155,4690000,1000000
2020-07-09 14:29:02.115000,1.07155,1.07154,1000000,3750000
2020-07-09 14:29:02.166000,1.07154,1.07152,1950000,1250000
2020-07-09 14:29:02.268000,1.07153,1.07151,2890000,1000000
2020-07-09 14:29:02.723000,1.07153,1.07151,4450000,1000000
2020-07-09 14:29:02.825000,1.07153,1.07151,3640000,1000000
2020-07-09 14:29:03.027000,1.07153,1.0715,1690000,3000000
2020-07-09 14:29:03.229000,1.07153,1.07149,4450000,5250000
2020-07-09 14:29:03.482000,1.07152,1.0715,1250000,1000000
2020-07-09 14:29:04.110000,1.07154,1.07152,1010000,2250000
2020-07-09 14:29:04.161000,1.07156,1.07155,1690000,1000000
2020-07-09 14:29:04.262000,1.07156,1.07155,1000000,1000000
2020-07-09 14:29:04.364000,1.07158,1.07155,4760000,1000000
2020-07-09 14:29:06.619000,1.07158,1.07157,3000000,1000000
2020-07-09 14:29:07.002000,1.07158,1.07155,3000000,2440000
2020-07-09 14:29:08.078000,1.07158,1.07155,6700000,1500000
2020-07-09 14:29:08.959000,1.07156,1.07155,1250000,1000000
2020-07-09 14:29:09.111000,1.07155,1.07154,1250000,1000000
2020-07-09 14:29:09.212000,1.07156,1.07154,4120000,1000000
2020-07-09 14:29:09.314000,1.07157,1.07155,3000000,1000000
2020-07-09 14:29:09.415000,1.07158,1.07155,3820000,1690000
2020-07-09 14:29:10.802000,1.07159,1.07158,1000000,1000000
2020-07-09 14:29:10.853000,1.07161,1.07158,1760000,4500000
2020-07-09 14:29:12.568000,1.0716,1.07158,1000000,1000000
2020-07-09 14:29:13.779000,1.07161,1.07158,2060000,4500000
2020-07-09 14:29:14.402000,1.07161,1.07158,3040000,3750000
2020-07-09 14:29:14.570000,1.07159,1.07157,3070000,1690000
2020-07-09 14:29:14.671000,1.07158,1.07157,1000000,1000000
2020-07-09 14:29:15.292000,1.07158,1.07156,27000000,1000000
2020-07-09 14:29:18.519000,1.07158,1.07156,1250000,1500000
2020-07-09 14:29:18.620000,1.07159,1.07156,1100000,3750000
2020-07-09 14:29:18.721000,1.0716,1.07157,4200000,2440000
2020-07-09 14:29:19.175000,1.0716,1.07158,3750000,1000000
2020-07-09 14:29:19.699000,1.0716,1.07157,3000000,2440000
2020-07-09 14:29:19.800000,1.07161,1.07158,4910000,1000000
2020-07-09 14:29:19.901000,1.07161,1.07158,4760000,1000000
2020-07-09 14:29:20.024000,1.07161,1.07157,2510000,2440000
2020-07-09 14:29:20.327000,1.0716,1.07157,1000000,4690000
2020-07-09 14:29:21.264000,1.07159,1.07157,3040000,1000000
2020-07-09 14:29:21.366000,1.07159,1.07156,3190000,3750000
2020-07-09 14:29:21.468000,1.07159,1.07156,3040000,1000000
2020-07-09 14:29:21.953000,1.0716,1.07157,5660000,1000000
2020-07-09 14:29:22.054000,1.07161,1.07158,6040000,1500000
2020-07-09 14:29:23.206000,1.07159,1.07158,1500000,1000000
2020-07-09 14:29:23.307000,1.07159,1.07156,7610000,1000000
2020-07-09 14:29:24.369000,1.07158,1.07155,5550000,2440000
2020-07-09 14:29:26.778000,1.07158,1.07155,4570000,2440000
2020-07-09 14:29:27.773000,1.07158,1.07156,3370000,1250000
2020-07-09 14:29:28.942000,1.07158,1.07155,3000000,1500000
2020-07-09 14:29:29.301000,1.07159,1.07155,4200000,1500000
2020-07-09 14:29:29.481000,1.07158,1.07155,1870000,1000000
2020-07-09 14:29:29.583000,1.07157,1.07154,7010000,1000000
2020-07-09 14:29:30.562000,1.07157,1.07155,3000000,1000000
2020-07-09 14:29:30.663000,1.07158,1.07155,1870000,1690000
2020-07-09 14:29:31.016000,1.07158,1.07154,6820000,3750000
2020-07-09 14:29:31.219000,1.07157,1.07153,3000000,2890000
2020-07-09 14:29:32.486000,1.07155,1.07153,1690000,3750000
2020-07-09 14:29:32.588000,1.07153,1.0715,2950000,3750000
2020-07-09 14:29:32.790000,1.07153,1.0715,1950000,1000000
2020-07-09 14:29:35.315000,1.07153,1.0715,1220000,3750000
2020-07-09 14:29:37.880000,1.07153,1.0715,2620000,3750000
2020-07-09 14:29:38.067000,1.07153,1.0715,3100000,3750000
2020-07-09 14:29:40.038000,1.07154,1.07151,5440000,1950000
2020-07-09 14:29:40.089000,1.07154,1.07153,1000000,1500000
2020-07-09 14:29:40.140000,1.07156,1.07153,1000000,2440000
2020-07-09 14:29:41.222000,1.07155,1.07152,1200000,6190000
2020-07-09 14:29:41.373000,1.07155,1.07153,1000000,1250000
2020-07-09 14:29:41.475000,1.07155,1.07152,1200000,2440000
2020-07-09 14:29:44.365000,1.07155,1.07152,5000000,5440000
2020-07-09 14:29:44.467000,1.07154,1.07151,1600000,3940000
2020-07-09 14:29:44.568000,1.07154,1.07151,1000000,6940000
2020-07-09 14:29:45.355000,1.07154,1.07152,1000000,1250000
2020-07-09 14:29:52.988000,1.07153,1.07151,1570000,1250000
2020-07-09 14:29:53.089000,1.07152,1.0715,1000000,1250000
2020-07-09 14:29:54.104000,1.07152,1.0715,3970000,1250000
2020-07-09 14:29:54.205000,1.07151,1.07148,5950000,1000000
2020-07-09 14:29:57.130000,1.07149,1.07145,1850000,6190000
2020-07-09 14:29:57.231000,1.0715,1.07145,3700000,5440000
2020-07-09 14:29:57.332000,1.0715,1.07145,3070000,2440000
2020-07-09 14:29:58.963000,1.0715,1.07146,2700000,3000000
2020-07-09 14:29:59.223000,1.0715,1.07147,1950000,1250000
2020-07-09 14:30:00.034000,1.07151,1.07148,1390000,1000000
2020-07-09 14:30:00.136000,1.07151,1.07149,3000000,1000000
2020-07-09 14:30:00.239000,1.07151,1.07148,3000000,2440000
2020-07-09 14:30:00.391000,1.07152,1.07148,2890000,2440000
2020-07-09 14:30:02.226000,1.07152,1.07148,3700000,1500000
2020-07-09 14:30:02.548000,1.0715,1.07146,1010000,3260000
2020-07-09 14:30:02.650000,1.07148,1.07145,4410000,1000000
2020-07-09 14:30:02.752000,1.07148,1.07145,3940000,1000000
2020-07-09 14:30:03.373000,1.07148,1.07146,1000000,1250000
2020-07-09 14:30:07.141000,1.07148,1.07145,1000000,3190000
2020-07-09 14:30:07.569000,1.0715,1.07146,2890000,4690000
2020-07-09 14:30:07.822000,1.07148,1.07145,1220000,1690000
2020-07-09 14:30:07.924000,1.07146,1.07143,1000000,2140000
2020-07-09 14:30:09.609000,1.07146,1.07144,1000000,1250000
2020-07-09 14:30:09.711000,1.07146,1.07143,3820000,2440000
2020-07-09 14:30:10.840000,1.07146,1.07145,1000000,1250000
2020-07-09 14:30:10.892000,1.07148,1.07146,1200000,1000000
2020-07-09 14:30:11.246000,1.07147,1.07145,1000000,1250000
2020-07-09 14:30:11.348000,1.07147,1.07144,1220000,1690000
2020-07-09 14:30:11.450000,1.07146,1.07143,1570000,1690000
2020-07-09 14:30:12.633000,1.07145,1.07143,1000000,1000000
2020-07-09 14:30:12.835000,1.07145,1.07142,1000000,5890000
2020-07-09 14:30:15.429000,1.07143,1.07141,1250000,1000000
2020-07-09 14:30:15.530000,1.07142,1.0714,1100000,3000000
2020-07-09 14:30:16.243000,1.07142,1.07139,1100000,1250000
2020-07-09 14:30:17.530000,1.07142,1.07138,1760000,3640000
2020-07-09 14:30:18.865000,1.07142,1.07139,1570000,1250000
2020-07-09 14:30:19.068000,1.07141,1.07138,1100000,3190000
2020-07-09 14:30:19.169000,1.07138,1.07135,1010000,3070000
2020-07-09 14:30:20.397000,1.07138,1.07134,5720000,3750000
2020-07-09 14:30:21.003000,1.07136,1.07133,1100000,3750000
2020-07-09 14:30:21.105000,1.07136,1.07132,1760000,2440000
2020-07-09 14:30:21.206000,1.07136,1.07132,1410000,2440000
2020-07-09 14:30:21.307000,1.07136,1.07132,1010000,2890000
2020-07-09 14:30:22.263000,1.07133,1.07132,1000000,1250000
2020-07-09 14:30:22.365000,1.07133,1.07131,1000000,1250000
2020-07-09 14:30:24.489000,1.07134,1.07131,1500000,1690000
2020-07-09 14:30:25.453000,1.07131,1.0713,1000000,1690000
2020-07-09 14:30:25.554000,1.07131,1.0713,1000000,1000000
2020-07-09 14:30:25.656000,1.07135,1.07131,3770000,1000000
2020-07-09 14:30:26.060000,1.07134,1.07132,3750000,1250000
2020-07-09 14:30:26.883000,1.07134,1.07131,1000000,1690000
2020-07-09 14:30:30.709000,1.07133,1.07131,1000000,1690000
2020-07-09 14:30:30.962000,1.07132,1.0713,1570000,1500000
2020-07-09 14:30:31.798000,1.07133,1.0713,1000000,3940000
2020-07-09 14:30:32.941000,1.07132,1.0713,1000000,1000000
2020-07-09 14:30:33.651000,1.0713,1.07128,1500000,4690000
2020-07-09 14:30:33.752000,1.0713,1.07128,1000000,8940000
2020-07-09 14:30:34.337000,1.07129,1.07127,1500000,31809999
2020-07-09 14:30:35.635000,1.07129,1.07126,1500000,2250000
2020-07-09 14:30:36.443000,1.07126,1.07123,1000000,4010000
2020-07-09 14:30:36.544000,1.07125,1.07122,2140000,1000000
2020-07-09 14:30:37.330000,1.07124,1.07122,1000000,1000000
2020-07-09 14:30:37.935000,1.07124,1.07121,2250000,3940000
2020-07-09 14:30:38.650000,1.07124,1.0712,2440000,3190000
2020-07-09 14:30:38.908000,1.07124,1.07121,2250000,1250000
2020-07-09 14:30:39.212000,1.07124,1.07122,1000000,2140000
2020-07-09 14:30:39.262000,1.07126,1.07123,1000000,1690000
2020-07-09 14:30:39.364000,1.07127,1.07124,2700000,2440000
2020-07-09 14:30:41.068000,1.07127,1.07125,1000000,1250000
2020-07-09 14:30:41.221000,1.07127,1.07124,1000000,3940000
2020-07-09 14:30:41.524000,1.07129,1.07126,1690000,6000000
2020-07-09 14:30:41.625000,1.07129,1.07125,5290000,2440000
2020-07-09 14:30:41.777000,1.07129,1.07125,5890000,2440000
2020-07-09 14:30:42.131000,1.07128,1.07125,1250000,1000000
2020-07-09 14:30:45.189000,1.07126,1.07124,1000000,1000000
2020-07-09 14:30:45.240000,1.07123,1.07122,1000000,1500000
2020-07-09 14:30:45.341000,1.07124,1.07121,1000000,6190000
2020-07-09 14:30:48.314000,1.07123,1.07121,3000000,1250000
2020-07-09 14:30:49.774000,1.07124,1.07121,1500000,2140000
2020-07-09 14:30:49.925000,1.07124,1.07123,1500000,1250000
2020-07-09 14:30:50.531000,1.07123,1.07121,1000000,1690000
2020-07-09 14:30:52.540000,1.07122,1.0712,1100000,1690000
2020-07-09 14:30:54.346000,1.07124,1.07121,2060000,1570000
2020-07-09 14:30:54.447000,1.07124,1.07121,1500000,6190000
2020-07-09 14:30:54.548000,1.07123,1.0712,5320000,1690000
2020-07-09 14:30:55.103000,1.07123,1.0712,5470000,1690000
2020-07-09 14:31:00.155000,1.07123,1.0712,2440000,1000000
2020-07-09 14:31:00.257000,1.07122,1.07119,2140000,1500000
2020-07-09 14:31:02.778000,1.0712,1.07118,1200000,1690000
2020-07-09 14:31:04.045000,1.0712,1.07117,2640000,1690000
2020-07-09 14:31:05.055000,1.0712,1.07117,4950000,2440000
2020-07-09 14:31:05.467000,1.07119,1.07117,1120000,1000000
2020-07-09 14:31:05.568000,1.0712,1.07117,5440000,1000000
2020-07-09 14:31:06.077000,1.07119,1.07117,1000000,1690000
2020-07-09 14:31:08.923000,1.0712,1.07117,5510000,1000000
2020-07-09 14:31:10.882000,1.0712,1.07117,6040000,1000000
2020-07-09 14:31:12.141000,1.07118,1.07115,3040000,3000000
2020-07-09 14:31:12.243000,1.07116,1.07114,4200000,1000000
2020-07-09 14:31:13.840000,1.07117,1.07114,2890000,1000000
2020-07-09 14:31:16.281000,1.07119,1.07116,5450000,2440000
2020-07-09 14:31:16.382000,1.07119,1.07116,5140000,1500000
2020-07-09 14:31:16.585000,1.07119,1.07116,5100000,1690000
2020-07-09 14:31:16.686000,1.07119,1.07116,2140000,1000000
2020-07-09 14:31:16.787000,1.07119,1.07116,2290000,1000000
2020-07-09 14:31:17.963000,1.07117,1.07114,1000000,2890000
2020-07-09 14:31:28.684000,1.07116,1.07114,1000000,1200000
2020-07-09 14:31:30.390000,1.07114,1.07113,1000000,1500000
2020-07-09 14:31:30.492000,1.07115,1.07113,1120000,1200000
2020-07-09 14:31:30.994000,1.07115,1.07112,1000000,1500000
2020-07-09 14:31:31.095000,1.07115,1.07112,1000000,2850000
2020-07-09 14:31:34.803000,1.07115,1.07112,1500000,4950000
2020-07-09 14:31:35.361000,1.07115,1.07113,1000000,1200000
2020-07-09 14:31:35.412000,1.07117,1.07114,5440000,1500000
2020-07-09 14:31:35.513000,1.07118,1.07115,1120000,5100000
2020-07-09 14:31:35.666000,1.07118,1.07115,1690000,3450000
2020-07-09 14:31:35.768000,1.07117,1.07114,1000000,3640000
2020-07-09 14:31:36.195000,1.07117,1.07114,1000000,3040000
2020-07-09 14:31:36.498000,1.07117,1.07114,1250000,2700000
2020-07-09 14:31:37.166000,1.07117,1.07114,1250000,2850000
2020-07-09 14:31:37.507000,1.07117,1.07114,1250000,2700000
2020-07-09 14:31:37.985000,1.07118,1.07116,3940000,2700000
2020-07-09 14:31:38.086000,1.07119,1.07116,1000000,2290000
2020-07-09 14:31:41.349000,1.07119,1.07118,1000000,1200000
2020-07-09 14:31:41.400000,1.07122,1.07119,3070000,5700000
2020-07-09 14:31:41.503000,1.07124,1.07121,2440000,3450000
2020-07-09 14:31:41.605000,1.07123,1.0712,1000000,2850000
2020-07-09 14:31:41.832000,1.07123,1.0712,1500000,1950000
2020-07-09 14:31:42.238000,1.07122,1.07119,7010000,1500000
2020-07-09 14:31:42.339000,1.07121,1.07117,2060000,3040000
2020-07-09 14:31:42.440000,1.07121,1.07117,2870000,2850000
2020-07-09 14:31:42.650000,1.07119,1.07116,1000000,6040000
2020-07-09 14:31:42.752000,1.0712,1.07116,1690000,2850000
2020-07-09 14:31:42.853000,1.07119,1.07116,1000000,2700000
2020-07-09 14:31:43.258000,1.0712,1.07116,1250000,5850000
2020-07-09 14:31:43.613000,1.0712,1.07116,1250000,4160000
2020-07-09 14:31:43.766000,1.07121,1.07118,1690000,1200000
2020-07-09 14:31:43.867000,1.07121,1.07118,4690000,1600000
2020-07-09 14:31:44.128000,1.07121,1.07118,6250000,1200000
2020-07-09 14:31:44.638000,1.0712,1.07117,3940000,1950000
2020-07-09 14:31:44.967000,1.07119,1.07116,1000000,6040000
2020-07-09 14:31:45.068000,1.07119,1.07116,1000000,2890000
2020-07-09 14:31:52.598000,1.07119,1.07115,4760000,5890000
2020-07-09 14:31:53.298000,1.07119,1.07116,1760000,3000000
2020-07-09 14:31:54.026000,1.07119,1.07115,1760000,2890000
2020-07-09 14:31:54.279000,1.07119,1.07116,1760000,3000000
2020-07-09 14:31:54.416000,1.07119,1.07116,1250000,3600000
2020-07-09 14:31:55.110000,1.07119,1.07116,1250000,3450000
2020-07-09 14:31:58.349000,1.0712,1.07117,1000000,3600000
2020-07-09 14:31:58.451000,1.07121,1.07118,1000000,1600000
2020-07-09 14:31:59.038000,1.0712,1.07118,1000000,1600000
2020-07-09 14:31:59.140000,1.0712,1.07116,3750000,6220000
2020-07-09 14:31:59.646000,1.07119,1.07116,1000000,4950000
2020-07-09 14:32:00.848000,1.0712,1.07117,4310000,1200000
2020-07-09 14:32:00.899000,1.0712,1.07119,3000000,1250000
2020-07-09 14:32:01.001000,1.07124,1.07121,4870000,1950000
2020-07-09 14:32:01.152000,1.07125,1.07122,1500000,3600000
2020-07-09 14:32:01.254000,1.07126,1.07123,5440000,1200000
2020-07-09 14:32:01.355000,1.07127,1.07124,3750000,1950000
2020-07-09 14:32:01.659000,1.07127,1.07125,3000000,1500000
2020-07-09 14:32:01.760000,1.07128,1.07125,3750000,1500000
2020-07-09 14:32:03.173000,1.07127,1.07125,1000000,1200000
2020-07-09 14:32:03.275000,1.07126,1.07123,3620000,4500000
2020-07-09 14:32:03.377000,1.07127,1.07124,1370000,1000000
2020-07-09 14:32:03.428000,1.07128,1.07125,5810000,1500000
2020-07-09 14:32:03.529000,1.07127,1.07125,3000000,1500000
2020-07-09 14:32:03.786000,1.07126,1.07124,1250000,1000000
2020-07-09 14:32:03.887000,1.07125,1.07123,1250000,1200000
2020-07-09 14:32:04.393000,1.07125,1.07123,1000000,2100000
2020-07-09 14:32:04.696000,1.07125,1.07123,1000000,4200000
2020-07-09 14:32:11.331000,1.07125,1.07122,5250000,1250000
2020-07-09 14:32:11.533000,1.07126,1.07124,5250000,1000000
2020-07-09 14:32:14.668000,1.07127,1.07124,3750000,1690000
2020-07-09 14:32:14.770000,1.07128,1.07126,3750000,1250000
2020-07-09 14:32:15.088000,1.07129,1.07126,1120000,4690000
2020-07-09 14:32:15.542000,1.0713,1.07128,4120000,1750000
2020-07-09 14:32:15.644000,1.0713,1.07128,1000000,3940000
2020-07-09 14:32:16.761000,1.0713,1.07126,1870000,3700000
2020-07-09 14:32:19.752000,1.0713,1.07126,6570000,5500000
2020-07-09 14:32:22.771000,1.07125,1.07124,1000000,1690000
2020-07-09 14:32:22.822000,1.07125,1.07123,3750000,1250000
2020-07-09 14:32:22.923000,1.07126,1.07123,6000000,1690000
2020-07-09 14:32:24.436000,1.07127,1.07124,1500000,3190000
2020-07-09 14:32:24.537000,1.07127,1.07124,1000000,5200000
2020-07-09 14:32:24.790000,1.07127,1.07125,1000000,1250000
2020-07-09 14:32:25.510000,1.07129,1.07126,2250000,1690000
2020-07-09 14:32:25.611000,1.0713,1.07127,1870000,4690000
2020-07-09 14:32:25.713000,1.0713,1.07128,1500000,1250000
2020-07-09 14:32:25.814000,1.07132,1.0713,4120000,1250000
2020-07-09 14:32:25.865000,1.07136,1.07133,4870000,1390000
2020-07-09 14:32:25.966000,1.07135,1.07133,1000000,4390000
2020-07-09 14:32:26.119000,1.07136,1.07133,4120000,1390000
2020-07-09 14:32:26.420000,1.07136,1.07134,1000000,3000000
2020-07-09 14:32:26.964000,1.07136,1.07133,1000000,4390000
2020-07-09 14:32:28.264000,1.07135,1.07133,1000000,4010000
2020-07-09 14:32:37.237000,1.07136,1.07133,1120000,1250000
2020-07-09 14:32:37.765000,1.07137,1.07134,3120000,5940000
2020-07-09 14:32:37.867000,1.07137,1.07134,1000000,6620000
2020-07-09 14:32:38.069000,1.07137,1.07135,1000000,1250000
2020-07-09 14:32:40.014000,1.07137,1.07134,1000000,6250000
2020-07-09 14:32:40.166000,1.07137,1.07134,1500000,4500000
2020-07-09 14:32:40.267000,1.07136,1.07134,1000000,3750000
2020-07-09 14:32:41.417000,1.07136,1.07133,1000000,5440000
2020-07-09 14:32:42.336000,1.07136,1.07135,1000000,1000000
2020-07-09 14:32:43.314000,1.07136,1.07133,1000000,5440000
2020-07-09 14:32:43.365000,1.07138,1.07136,3750000,1250000
2020-07-09 14:32:43.517000,1.07139,1.07137,1500000,1000000
2020-07-09 14:32:43.769000,1.0714,1.07137,6000000,1250000
2020-07-09 14:32:50.449000,1.0714,1.07136,3260000,1250000
2020-07-09 14:32:52.898000,1.0714,1.07136,2700000,3250000
2020-07-09 14:32:55.121000,1.07139,1.07136,1000000,2500000
2020-07-09 14:33:01.177000,1.07136,1.07135,1000000,4120000
2020-07-09 14:33:01.228000,1.07135,1.07132,1000000,6890000
2020-07-09 14:33:01.343000,1.07136,1.07133,3750000,1250000
2020-07-09 14:33:01.445000,1.07136,1.07133,1000000,5500000
2020-07-09 14:33:02.222000,1.07136,1.07134,1000000,1250000
2020-07-09 14:33:02.814000,1.07139,1.07135,8150000,2500000
2020-07-09 14:33:02.915000,1.07139,1.07137,3750000,1750000
2020-07-09 14:33:03.429000,1.0714,1.07137,3750000,3250000
2020-07-09 14:33:06.361000,1.0714,1.07137,4120000,1690000
2020-07-09 14:33:06.898000,1.0714,1.07137,4120000,2500000
2020-07-09 14:33:06.999000,1.0714,1.07137,4120000,1690000
2020-07-09 14:33:07.449000,1.07139,1.07137,3000000,1250000
2020-07-09 14:33:10.840000,1.07139,1.07136,7600000,1250000
2020-07-09 14:33:11.129000,1.07135,1.07134,1000000,3000000
2020-07-09 14:33:11.231000,1.07135,1.07133,1000000,1250000
2020-07-09 14:33:11.383000,1.07134,1.07132,1000000,3940000
2020-07-09 14:33:11.434000,1.07132,1.07129,1100000,2440000
2020-07-09 14:33:12.363000,1.0713,1.07127,1950000,1690000
2020-07-09 14:33:12.464000,1.07129,1.07127,3000000,1250000
2020-07-09 14:33:13.740000,1.07129,1.07126,3260000,3750000
2020-07-09 14:33:15.042000,1.07126,1.07125,1000000,1250000
2020-07-09 14:33:15.093000,1.07124,1.07123,1500000,1250000
2020-07-09 14:33:15.144000,1.07124,1.07121,1500000,1250000
2020-07-09 14:33:15.650000,1.07124,1.0712,1950000,3250000
2020-07-09 14:33:16.961000,1.07125,1.07122,1000000,6700000
2020-07-09 14:33:17.064000,1.07125,1.07123,1000000,1250000
2020-07-09 14:33:17.165000,1.07126,1.07123,1100000,1750000
2020-07-09 14:33:17.317000,1.07125,1.07123,1100000,1250000
2020-07-09 14:33:17.368000,1.07125,1.07122,1000000,5140000
2020-07-09 14:33:17.520000,1.07124,1.07122,1000000,4750000
2020-07-09 14:33:17.622000,1.07124,1.07122,1000000,1000000
2020-07-09 14:33:20.561000,1.07124,1.07122,1000000,1750000
2020-07-09 14:33:20.914000,1.07128,1.07125,6200000,1000000
2020-07-09 14:33:21.016000,1.07129,1.07126,5450000,1000000
2020-07-09 14:33:21.117000,1.07129,1.07126,1200000,3750000
2020-07-09 14:33:21.218000,1.07129,1.07126,1200000,4750000
2020-07-09 14:33:23.200000,1.0713,1.07128,1000000,1250000
2020-07-09 14:33:23.352000,1.07131,1.07129,3750000,1690000
2020-07-09 14:33:23.454000,1.07134,1.07131,1000000,1750000
2020-07-09 14:33:23.606000,1.07134,1.07131,3750000,1690000
2020-07-09 14:33:24.331000,1.07134,1.07131,3000000,2200000
2020-07-09 14:33:24.433000,1.07138,1.07134,7570000,5500000
2020-07-09 14:33:24.484000,1.07139,1.07137,3000000,2440000
2020-07-09 14:33:24.585000,1.07139,1.07136,2620000,4690000
2020-07-09 14:33:24.715000,1.07139,1.07136,3750000,2500000
2020-07-09 14:33:24.817000,1.07138,1.07136,1000000,1250000
2020-07-09 14:33:25.019000,1.07136,1.07133,1000000,6250000
2020-07-09 14:33:25.121000,1.07136,1.07133,5810000,1000000
2020-07-09 14:33:25.222000,1.07136,1.07134,1000000,1000000
2020-07-09 14:33:25.323000,1.07135,1.07133,1000000,3750000
2020-07-09 14:33:25.426000,1.07136,1.07133,4120000,1690000
2020-07-09 14:33:25.528000,1.07137,1.07134,4870000,1250000
2020-07-09 14:33:25.630000,1.07136,1.07134,1000000,1000000
2020-07-09 14:33:25.732000,1.07136,1.07133,1500000,3940000
2020-07-09 14:33:25.934000,1.07135,1.07133,1000000,3750000
2020-07-09 14:33:27.196000,1.07137,1.07133,1000000,5510000
2020-07-09 14:33:27.248000,1.07138,1.07136,3000000,1250000
2020-07-09 14:33:27.502000,1.07139,1.07136,3750000,2500000
2020-07-09 14:33:27.604000,1.07138,1.07136,3750000,1250000
2020-07-09 14:33:28.326000,1.07139,1.07136,3000000,1250000
2020-07-09 14:33:28.427000,1.07138,1.07136,3000000,1250000
2020-07-09 14:33:28.680000,1.07137,1.07135,1000000,1250000
2020-07-09 14:33:29.409000,1.07139,1.07137,1000000,1000000
2020-07-09 14:33:29.510000,1.0714,1.07137,5620000,1750000
2020-07-09 14:33:29.662000,1.0714,1.07137,5620000,1250000
2020-07-09 14:33:29.763000,1.07139,1.07137,1000000,1250000
2020-07-09 14:33:29.865000,1.07138,1.07135,4950000,1690000
2020-07-09 14:33:29.968000,1.07136,1.07134,1000000,3190000
2020-07-09 14:33:30.070000,1.07137,1.07133,1500000,2950000
2020-07-09 14:33:30.171000,1.07137,1.07134,1000000,1750000
2020-07-09 14:33:30.273000,1.07138,1.07134,4200000,5500000
2020-07-09 14:33:30.526000,1.07138,1.07135,4200000,1250000
2020-07-09 14:33:31.610000,1.07137,1.07134,1000000,5500000
2020-07-09 14:33:31.762000,1.07137,1.07134,1000000,4690000
2020-07-09 14:33:31.913000,1.07137,1.07134,1000000,5500000
2020-07-09 14:33:32.174000,1.07138,1.07135,4120000,2500000
2020-07-09 14:33:32.275000,1.07139,1.07136,3450000,1250000
2020-07-09 14:33:32.377000,1.07138,1.07135,3000000,2500000
2020-07-09 14:33:35.314000,1.07138,1.07136,3000000,1750000
2020-07-09 14:33:35.416000,1.07139,1.07136,7500000,1750000
2020-07-09 14:33:35.669000,1.07138,1.07136,3000000,1750000
2020-07-09 14:33:35.810000,1.07139,1.07136,7120000,1750000
2020-07-09 14:33:35.962000,1.07138,1.07135,3450000,2500000
2020-07-09 14:33:36.164000,1.07137,1.07134,1000000,5440000
2020-07-09 14:33:36.568000,1.07138,1.07136,3000000,1250000
2020-07-09 14:33:36.670000,1.07137,1.07135,1000000,1250000
2020-07-09 14:33:36.771000,1.07137,1.07134,2250000,4690000
2020-07-09 14:33:36.873000,1.07137,1.07135,1000000,1000000
2020-07-09 14:33:36.975000,1.07138,1.07136,1000000,1250000
2020-07-09 14:33:37.279000,1.07137,1.07135,1000000,1250000
2020-07-09 14:33:37.381000,1.07137,1.07134,1000000,5500000
2020-07-09 14:33:38.690000,1.07138,1.07136,3750000,1000000
2020-07-09 14:33:41.163000,1.07138,1.07135,2250000,1690000
2020-07-09 14:33:41.266000,1.07136,1.07133,1000000,5870000
2020-07-09 14:33:41.368000,1.07136,1.07133,2440000,1000000
2020-07-09 14:33:47.168000,1.07136,1.07131,3940000,7820000
2020-07-09 14:33:47.269000,1.0713,1.07129,1000000,2250000
2020-07-09 14:33:47.320000,1.07129,1.07127,1000000,9560000
2020-07-09 14:33:48.032000,1.07131,1.07129,5060000,1000000
2020-07-09 14:33:53.263000,1.07131,1.07128,4540000,3000000
2020-07-09 14:33:54.249000,1.07132,1.07129,1950000,1250000
2020-07-09 14:33:54.350000,1.07131,1.07128,1000000,4000000
2020-07-09 14:33:59.900000,1.07132,1.07129,3750000,1250000
2020-07-09 14:34:00.001000,1.07132,1.0713,3000000,1000000
2020-07-09 14:34:00.259000,1.07133,1.0713,4950000,1250000
2020-07-09 14:34:04.547000,1.07133,1.07131,4200000,1000000
2020-07-09 14:34:04.649000,1.07134,1.07131,4950000,1250000
2020-07-09 14:34:05.501000,1.07134,1.0713,5100000,4750000
2020-07-09 14:34:05.754000,1.07133,1.0713,4200000,1250000
2020-07-09 14:34:08.407000,1.07133,1.0713,3450000,1750000
2020-07-09 14:34:09.284000,1.07134,1.0713,2620000,4750000
2020-07-09 14:34:09.615000,1.07134,1.0713,3220000,4750000
2020-07-09 14:34:09.945000,1.07132,1.07129,3070000,3940000
2020-07-09 14:34:10.047000,1.0713,1.07128,1200000,1000000
2020-07-09 14:34:11.088000,1.07131,1.07128,7010000,1000000
2020-07-09 14:34:11.659000,1.07132,1.0713,3000000,1250000
2020-07-09 14:34:11.760000,1.07133,1.07131,3000000,1250000
2020-07-09 14:34:11.862000,1.07133,1.07131,3000000,1750000
2020-07-09 14:34:12.279000,1.07134,1.07131,4950000,1750000
2020-07-09 14:34:12.430000,1.07136,1.07133,5890000,1000000
2020-07-09 14:34:13.241000,1.07135,1.07133,1000000,1250000
2020-07-09 14:34:13.342000,1.07136,1.07133,5700000,1690000
2020-07-09 14:34:15.088000,1.07136,1.07134,3750000,1250000
2020-07-09 14:34:15.189000,1.07137,1.07136,1000000,1000000
2020-07-09 14:34:15.291000,1.07137,1.07135,1000000,1690000
2020-07-09 14:34:15.392000,1.07138,1.07136,3750000,1000000
2020-07-09 14:34:19.657000,1.07138,1.07135,3750000,1690000
2020-07-09 14:34:19.773000,1.07138,1.07136,3750000,1000000
2020-07-09 14:34:24.948000,1.07139,1.07138,2060000,1000000
2020-07-09 14:34:24.999000,1.0714,1.07138,2060000,1000000
2020-07-09 14:34:25.100000,1.07143,1.07142,1250000,1000000
2020-07-09 14:34:25.201000,1.07145,1.07142,2250000,2140000
2020-07-09 14:34:26.156000,1.07146,1.07143,3750000,1950000
2020-07-09 14:34:26.207000,1.07148,1.07146,5700000,1000000
2020-07-09 14:34:26.308000,1.07148,1.07145,3260000,1000000
2020-07-09 14:34:26.409000,1.07147,1.07144,1000000,5890000
2020-07-09 14:34:27.421000,1.07146,1.07144,1000000,5440000
2020-07-09 14:34:28.352000,1.07146,1.07143,4570000,1250000
2020-07-09 14:34:28.655000,1.07144,1.07142,1100000,1250000
2020-07-09 14:34:28.757000,1.07144,1.0714,4570000,6700000
2020-07-09 14:34:28.858000,1.07144,1.07141,4570000,1250000
2020-07-09 14:34:28.959000,1.07144,1.0714,1570000,6700000
2020-07-09 14:34:29.421000,1.07144,1.0714,3470000,5500000
2020-07-09 14:34:30.601000,1.07144,1.0714,3000000,5500000
2020-07-09 14:34:31.096000,1.07144,1.0714,3470000,5500000
2020-07-09 14:34:32.273000,1.07144,1.0714,3070000,5950000
2020-07-09 14:34:32.374000,1.07144,1.07141,2320000,4000000
2020-07-09 14:34:32.673000,1.07145,1.07142,7570000,1250000
2020-07-09 14:34:33.133000,1.07145,1.07142,7220000,1250000
2020-07-09 14:34:33.432000,1.07145,1.07142,7570000,1250000
2020-07-09 14:34:33.540000,1.07145,1.07142,7970000,1250000
2020-07-09 14:34:33.692000,1.07145,1.07142,7570000,1250000
2020-07-09 14:34:33.884000,1.07145,1.07142,9100000,1250000
2020-07-09 14:34:35.550000,1.07145,1.07142,7200000,1250000
2020-07-09 14:34:35.752000,1.07145,1.07142,8350000,1250000
2020-07-09 14:34:35.853000,1.07145,1.07142,7950000,1250000
2020-07-09 14:34:36.408000,1.07145,1.07142,9850000,1250000
2020-07-09 14:34:36.560000,1.07142,1.0714,1100000,1100000
2020-07-09 14:34:36.661000,1.0714,1.07138,1000000,1950000
2020-07-09 14:34:42.756000,1.0714,1.07137,2320000,1500000
2020-07-09 14:34:42.958000,1.0714,1.07137,2320000,2500000
2020-07-09 14:34:43.262000,1.0714,1.07137,2320000,1690000
2020-07-09 14:34:43.449000,1.0714,1.07137,3070000,2500000
2020-07-09 14:34:44.708000,1.0714,1.07137,3000000,1690000
2020-07-09 14:34:45.433000,1.0714,1.07137,3000000,1750000
2020-07-09 14:34:45.996000,1.0714,1.07139,1500000,1000000
2020-07-09 14:34:46.097000,1.07145,1.07143,6370000,1000000
2020-07-09 14:34:47.271000,1.07144,1.07141,4200000,4010000
2020-07-09 14:34:48.069000,1.07143,1.07141,1000000,1250000
2020-07-09 14:34:48.390000,1.07144,1.07141,2250000,1250000
2020-07-09 14:34:48.491000,1.07144,1.07141,5700000,1750000
2020-07-09 14:34:48.593000,1.07144,1.07141,6000000,1250000
2020-07-09 14:34:49.202000,1.07144,1.07141,6450000,1750000
2020-07-09 14:34:51.527000,1.07144,1.07141,6450000,1250000
2020-07-09 14:34:51.683000,1.07143,1.0714,1000000,5500000
2020-07-09 14:34:52.037000,1.07143,1.0714,1950000,1500000
2020-07-09 14:34:55.137000,1.07143,1.0714,5450000,1000000
2020-07-09 14:34:55.239000,1.07141,1.07139,1000000,1250000
2020-07-09 14:34:55.493000,1.07141,1.07138,3260000,4500000
2020-07-09 14:34:56.297000,1.0714,1.07137,6000000,1010000
2020-07-09 14:34:56.550000,1.07139,1.07136,3750000,2500000
2020-07-09 14:34:56.803000,1.07138,1.07136,1000000,1250000
2020-07-09 14:34:56.905000,1.07137,1.07135,1000000,2500000
2020-07-09 14:34:58.810000,1.07137,1.07134,5620000,1250000
2020-07-09 14:34:58.911000,1.07136,1.07133,1500000,5950000
2020-07-09 14:34:59.776000,1.07137,1.07135,1000000,1250000
2020-07-09 14:35:00.281000,1.07138,1.07136,3750000,1000000
2020-07-09 14:35:00.383000,1.07138,1.07137,1000000,1000000
2020-07-09 14:35:00.712000,1.07139,1.07137,1000000,4750000
2020-07-09 14:35:00.767000,1.0714,1.07137,1870000,5500000
2020-07-09 14:35:00.868000,1.07141,1.07139,1500000,1000000
2020-07-09 14:35:01.020000,1.07141,1.07138,4200000,4690000
2020-07-09 14:35:01.998000,1.07141,1.07139,3750000,1750000
2020-07-09 14:35:02.886000,1.07142,1.07139,6450000,1750000
2020-07-09 14:35:02.987000,1.07144,1.07142,1500000,1250000
2020-07-09 14:35:03.714000,1.07144,1.07142,1500000,1250000
2020-07-09 14:35:04.562000,1.07144,1.07141,1500000,2500000
2020-07-09 14:35:05.571000,1.07144,1.07141,6070000,1250000
2020-07-09 14:35:07.732000,1.07143,1.0714,1000000,5500000
2020-07-09 14:35:10.382000,1.07143,1.0714,3450000,4690000
2020-07-09 14:35:10.484000,1.07141,1.07137,2510000,6660000
2020-07-09 14:35:10.585000,1.07137,1.07135,3000000,1250000
2020-07-09 14:35:10.687000,1.07135,1.07134,1500000,1000000
2020-07-09 14:35:10.788000,1.07135,1.07133,1500000,1000000
2020-07-09 14:35:10.889000,1.07137,1.07135,5620000,1000000
2020-07-09 14:35:10.991000,1.07137,1.07136,2620000,1000000
2020-07-09 14:35:11.509000,1.07137,1.07135,1500000,1250000
2020-07-09 14:35:11.712000,1.07136,1.07135,1000000,1000000
2020-07-09 14:35:13.091000,1.07136,1.07134,4870000,1250000
2020-07-09 14:35:15.234000,1.07136,1.07135,1000000,1000000
2020-07-09 14:35:15.335000,1.07137,1.07135,3750000,2500000
2020-07-09 14:35:16.308000,1.07137,1.07135,1000000,1690000
2020-07-09 14:35:17.665000,1.07137,1.07135,1000000,2500000
2020-07-09 14:35:20.815000,1.07136,1.07135,1950000,1000000
2020-07-09 14:35:20.866000,1.07136,1.07133,2700000,4690000
2020-07-09 14:35:20.967000,1.07132,1.0713,2620000,1500000
2020-07-09 14:35:21.069000,1.07131,1.0713,1120000,1000000
2020-07-09 14:35:21.423000,1.07133,1.0713,6870000,1690000
2020-07-09 14:35:22.830000,1.07133,1.0713,7570000,1690000
2020-07-09 14:35:22.931000,1.07132,1.0713,3000000,1250000
2020-07-09 14:35:23.133000,1.07133,1.0713,7570000,1250000
2020-07-09 14:35:23.235000,1.07132,1.0713,3000000,1250000
2020-07-09 14:35:25.373000,1.07133,1.0713,1000000,2500000
2020-07-09 14:35:25.525000,1.07133,1.0713,1950000,1250000
2020-07-09 14:35:25.626000,1.07132,1.0713,1000000,1250000
2020-07-09 14:35:28.403000,1.07133,1.07131,3000000,1690000
2020-07-09 14:35:28.504000,1.07134,1.07131,5700000,1690000
2020-07-09 14:35:28.706000,1.07134,1.07132,3750000,1000000
2020-07-09 14:35:28.808000,1.07135,1.07132,1500000,1690000
2020-07-09 14:35:31.207000,1.07134,1.07132,3000000,1500000
2020-07-09 14:35:33.094000,1.07133,1.07131,1120000,1690000
2020-07-09 14:35:33.246000,1.07132,1.0713,1000000,1000000
2020-07-09 14:35:33.347000,1.07131,1.0713,1000000,1000000
2020-07-09 14:35:33.449000,1.07131,1.07128,4500000,1690000
2020-07-09 14:35:33.981000,1.0713,1.07128,1000000,1250000
2020-07-09 14:35:34.315000,1.0713,1.07128,1000000,1750000
2020-07-09 14:35:34.416000,1.07131,1.07128,4500000,2500000
2020-07-09 14:35:34.728000,1.07131,1.07128,1500000,1690000
2020-07-09 14:35:34.880000,1.07132,1.07129,3000000,1690000
2020-07-09 14:35:35.487000,1.07131,1.07128,1950000,1000000
2020-07-09 14:35:36.602000,1.0713,1.07128,1000000,3000000
2020-07-09 14:35:36.704000,1.07128,1.07126,3000000,1250000
2020-07-09 14:35:36.755000,1.07128,1.07125,3000000,1690000
2020-07-09 14:35:36.857000,1.07129,1.07126,2620000,3940000
2020-07-09 14:35:37.311000,1.07128,1.07126,3000000,1250000
2020-07-09 14:35:37.417000,1.07127,1.07126,3000000,1250000
2020-07-09 14:35:38.027000,1.07129,1.07126,3070000,3940000
2020-07-09 14:35:38.128000,1.07127,1.07126,3000000,1690000
2020-07-09 14:35:38.179000,1.07129,1.07126,4570000,4690000
2020-07-09 14:35:38.331000,1.07128,1.07125,1950000,1000000
2020-07-09 14:35:38.382000,1.07126,1.07123,1690000,4950000
2020-07-09 14:35:38.484000,1.07126,1.07123,6250000,1500000
2020-07-09 14:35:38.637000,1.07126,1.07123,5440000,1500000
2020-07-09 14:35:41.201000,1.07126,1.07122,8220000,4500000
2020-07-09 14:35:41.403000,1.07126,1.07122,6820000,5700000
2020-07-09 14:35:42.032000,1.07126,1.07124,4870000,1000000
2020-07-09 14:35:42.134000,1.07127,1.07126,1000000,1000000
2020-07-09 14:35:42.235000,1.07128,1.07126,1690000,1000000
2020-07-09 14:35:42.903000,1.07128,1.07125,3190000,1000000
2020-07-09 14:35:43.004000,1.07127,1.07125,2890000,1000000
2020-07-09 14:35:43.640000,1.07128,1.07126,1570000,1000000
2020-07-09 14:35:44.044000,1.07128,1.07124,4790000,6070000
2020-07-09 14:35:44.703000,1.07128,1.07124,8140000,2250000
2020-07-09 14:35:48.490000,1.07126,1.07123,1500000,2250000
2020-07-09 14:35:48.592000,1.07125,1.07122,3190000,1200000
2020-07-09 14:35:48.795000,1.07126,1.07123,3190000,1000000
2020-07-09 14:35:49.607000,1.07125,1.07122,1000000,1000000
2020-07-09 14:35:49.927000,1.07123,1.07122,1000000,1000000
2020-07-09 14:35:52.120000,1.07123,1.07121,2120000,1000000
2020-07-09 14:35:52.325000,1.07122,1.0712,1750000,1000000
2020-07-09 14:35:52.426000,1.07122,1.0712,1000000,1000000
2020-07-09 14:35:54.601000,1.07123,1.07121,4000000,1000000
2020-07-09 14:35:55.740000,1.07123,1.07121,3940000,1000000
2020-07-09 14:35:58.586000,1.07123,1.07121,4000000,1000000
2020-07-09 14:35:58.688000,1.07126,1.07123,5870000,1000000
2020-07-09 14:35:58.790000,1.07126,1.07124,1250000,1500000
2020-07-09 14:35:58.891000,1.07125,1.07123,1250000,6000000
2020-07-09 14:35:58.993000,1.07125,1.07122,1250000,3070000
2020-07-09 14:35:59.094000,1.07124,1.07122,1250000,1000000
2020-07-09 14:35:59.650000,1.07125,1.07122,2120000,2250000
2020-07-09 14:35:59.801000,1.07125,1.07122,1870000,6000000
2020-07-09 14:35:59.903000,1.07125,1.07123,1000000,1000000
2020-07-09 14:36:00.791000,1.07125,1.07122,1500000,5620000
2020-07-09 14:36:04.041000,1.07125,1.07124,2810000,1000000
2020-07-09 14:36:04.546000,1.07126,1.07124,1120000,1000000
2020-07-09 14:36:04.748000,1.07127,1.07125,5440000,1000000
2020-07-09 14:36:04.951000,1.07128,1.07125,1760000,1000000
2020-07-09 14:36:05.456000,1.07131,1.07129,1250000,1500000
2020-07-09 14:36:05.557000,1.07133,1.07131,1250000,1200000
2020-07-09 14:36:05.860000,1.07134,1.07131,3750000,1950000
2020-07-09 14:36:05.961000,1.07134,1.07132,1000000,1000000
2020-07-09 14:36:06.163000,1.07135,1.07132,2250000,1500000
2020-07-09 14:36:06.265000,1.07136,1.07135,1000000,1500000
2020-07-09 14:36:06.366000,1.07138,1.07135,3260000,1500000
2020-07-09 14:36:06.417000,1.07136,1.07134,1250000,1000000
2020-07-09 14:36:06.569000,1.07137,1.07134,2510000,4500000
2020-07-09 14:36:07.074000,1.07138,1.07135,5890000,1500000
2020-07-09 14:36:07.175000,1.07139,1.07136,7310000,1000000
2020-07-09 14:36:07.478000,1.07136,1.07133,1690000,6000000
2020-07-09 14:36:07.580000,1.07136,1.07134,1310000,1000000
2020-07-09 14:36:07.682000,1.07138,1.07135,5140000,1500000
2020-07-09 14:36:07.935000,1.07139,1.07137,2120000,1000000
2020-07-09 14:36:08.036000,1.0714,1.07137,4000000,1000000
2020-07-09 14:36:08.339000,1.0714,1.07137,4870000,1000000
2020-07-09 14:36:08.491000,1.0714,1.07138,3750000,1000000
2020-07-09 14:36:08.737000,1.07141,1.07139,3750000,1000000
2020-07-09 14:36:08.987000,1.07141,1.07139,6000000,1000000
2020-07-09 14:36:09.037000,1.07144,1.07142,15340000,1200000
2020-07-09 14:36:09.139000,1.07144,1.07141,4110000,3750000
2020-07-09 14:36:09.190000,1.07141,1.07139,3000000,1000000
2020-07-09 14:36:09.291000,1.0714,1.07138,32849998,1000000
2020-07-09 14:36:09.392000,1.0714,1.07137,33790001,1500000
2020-07-09 14:36:11.766000,1.0714,1.07138,32099998,1000000
2020-07-09 14:36:11.868000,1.07141,1.0714,2250000,1000000
2020-07-09 14:36:11.969000,1.07141,1.07139,1000000,3750000
2020-07-09 14:36:12.070000,1.07142,1.07139,1500000,1000000
2020-07-09 14:36:12.173000,1.0714,1.07138,3750000,1000000
2020-07-09 14:36:12.830000,1.07142,1.07139,1100000,3750000
2020-07-09 14:36:12.931000,1.07141,1.0714,1000000,1000000
2020-07-09 14:36:12.982000,1.07143,1.07141,1870000,1200000
2020-07-09 14:36:13.083000,1.07146,1.07143,4500000,2250000
2020-07-09 14:36:13.184000,1.07147,1.07143,2250000,2700000
2020-07-09 14:36:13.437000,1.07147,1.07144,1500000,1000000
2020-07-09 14:36:13.539000,1.07146,1.07143,3000000,3640000
2020-07-09 14:36:13.640000,1.07147,1.07143,2440000,2700000
2020-07-09 14:36:13.892000,1.07147,1.07144,1500000,1500000
2020-07-09 14:36:13.994000,1.07146,1.07143,1000000,3640000
2020-07-09 14:36:14.196000,1.07146,1.07144,1000000,1000000
2020-07-09 14:36:14.297000,1.07147,1.07144,1000000,2250000
2020-07-09 14:36:17.099000,1.07148,1.07147,5440000,1000000
2020-07-09 14:36:17.150000,1.07149,1.07148,1250000,1500000
2020-07-09 14:36:17.252000,1.0715,1.07148,3070000,1500000
2020-07-09 14:36:18.270000,1.07153,1.07152,1200000,1000000
2020-07-09 14:36:18.371000,1.07154,1.07152,1250000,4500000
2020-07-09 14:36:18.422000,1.07156,1.07153,54070000,1500000
2020-07-09 14:36:18.523000,1.07156,1.07154,1690000,1000000
2020-07-09 14:36:18.624000,1.07156,1.07155,1250000,1000000
2020-07-09 14:36:18.726000,1.07159,1.07155,128500000,4500000
2020-07-09 14:36:18.778000,1.07159,1.07157,138020004,1500000
2020-07-09 14:36:18.880000,1.07159,1.07157,3190000,1000000
2020-07-09 14:36:19.016000,1.07159,1.07157,3250000,1000000
2020-07-09 14:36:19.466000,1.07159,1.07157,1250000,1000000
2020-07-09 14:36:19.567000,1.07158,1.07156,309109985,1000000
2020-07-09 14:36:19.922000,1.07161,1.07158,395440002,1000000
2020-07-09 14:36:19.973000,1.07161,1.0716,391570007,1000000
2020-07-09 14:36:20.061000,1.07163,1.0716,5510000,1000000
2020-07-09 14:36:20.990000,1.07164,1.07163,1000000,1000000
2020-07-09 14:36:21.092000,1.07166,1.07163,1690000,4500000
2020-07-09 14:36:21.193000,1.07167,1.07165,1250000,1000000
2020-07-09 14:36:21.295000,1.07168,1.07165,5140000,1000000
2020-07-09 14:36:21.599000,1.07166,1.07163,1250000,4500000
2020-07-09 14:36:21.802000,1.07166,1.07164,3000000,1000000
2020-07-09 14:36:21.903000,1.07169,1.07166,5950000,1000000
2020-07-09 14:36:22.004000,1.07169,1.07165,5950000,5250000
2020-07-09 14:36:22.257000,1.07169,1.07165,5140000,5440000
2020-07-09 14:36:22.950000,1.07169,1.07166,4690000,1000000
2020-07-09 14:36:23.567000,1.07169,1.07166,5500000,1000000
2020-07-09 14:36:23.669000,1.07169,1.07165,5500000,5700000
2020-07-09 14:36:25.378000,1.07169,1.07165,3940000,4690000
2020-07-09 14:36:25.480000,1.07169,1.07165,3660000,4690000
2020-07-09 14:36:25.734000,1.07166,1.07165,1500000,1000000
2020-07-09 14:36:25.785000,1.07165,1.07163,1250000,3000000
2020-07-09 14:36:25.836000,1.07164,1.07162,1220000,1000000
2020-07-09 14:36:25.938000,1.07164,1.07161,7540000,1000000
2020-07-09 14:36:26.040000,1.07163,1.0716,6700000,1500000
2020-07-09 14:36:26.394000,1.07163,1.0716,4390000,1500000
2020-07-09 14:36:26.596000,1.07163,1.0716,5950000,1500000
2020-07-09 14:36:27.065000,1.07163,1.0716,4390000,1000000
2020-07-09 14:36:27.320000,1.07163,1.07162,3000000,1000000
2020-07-09 14:36:27.371000,1.07167,1.07165,4040000,1000000
2020-07-09 14:36:27.422000,1.07165,1.07164,1000000,1500000
2020-07-09 14:36:27.473000,1.07167,1.07165,9640000,1000000
2020-07-09 14:36:27.675000,1.07168,1.07165,2140000,1000000
2020-07-09 14:36:27.978000,1.07168,1.07166,1250000,1000000
2020-07-09 14:36:28.079000,1.07169,1.07166,5510000,1000000
2020-07-09 14:36:28.417000,1.07168,1.07165,5140000,1500000
2020-07-09 14:36:28.519000,1.07167,1.07165,1250000,1500000
2020-07-09 14:36:28.826000,1.07165,1.07162,2290000,3820000
2020-07-09 14:36:28.928000,1.07165,1.07162,2510000,3750000
2020-07-09 14:36:29.030000,1.07165,1.07163,1250000,1000000
2020-07-09 14:36:29.633000,1.07167,1.07164,1390000,1500000
2020-07-09 14:36:29.735000,1.07168,1.07164,2140000,2620000
2020-07-09 14:36:29.836000,1.07167,1.07164,1250000,4500000
2020-07-09 14:36:29.937000,1.07168,1.07164,5440000,5700000
2020-07-09 14:36:30.698000,1.07168,1.07166,3000000,1250000
2020-07-09 14:36:30.952000,1.07169,1.07165,4570000,5250000
2020-07-09 14:36:31.053000,1.07169,1.07166,3750000,3190000
2020-07-09 14:36:31.104000,1.07173,1.07171,7390000,1000000
2020-07-09 14:36:31.206000,1.07175,1.07172,4950000,1500000
2020-07-09 14:36:31.307000,1.07175,1.07173,1250000,3000000
2020-07-09 14:36:31.358000,1.07176,1.07174,3000000,1000000
2020-07-09 14:36:31.460000,1.07176,1.07173,3750000,1570000
2020-07-09 14:36:31.965000,1.07176,1.07175,3000000,1000000
2020-07-09 14:36:32.015000,1.07179,1.07176,5960000,1000000
2020-07-09 14:36:32.066000,1.07176,1.07174,6000000,1500000
2020-07-09 14:36:32.319000,1.07176,1.07173,1000000,1100000
2020-07-09 14:36:32.421000,1.07177,1.07173,6640000,1100000
2020-07-09 14:36:32.522000,1.07177,1.07173,6790000,1000000
2020-07-09 14:36:32.674000,1.07177,1.07175,1690000,1000000
2020-07-09 14:36:32.725000,1.0718,1.07178,3370000,1500000
2020-07-09 14:36:32.827000,1.07181,1.07179,1250000,1000000
2020-07-09 14:36:33.181000,1.07182,1.07179,2140000,4500000
2020-07-09 14:36:33.282000,1.07184,1.07182,1250000,1500000
2020-07-09 14:36:33.687000,1.07185,1.07182,5140000,1500000
2020-07-09 14:36:34.091000,1.07185,1.07183,3000000,1000000
2020-07-09 14:36:34.193000,1.07182,1.07181,1500000,3000000
2020-07-09 14:36:34.244000,1.07182,1.07179,2500000,3070000
2020-07-09 14:36:34.346000,1.07182,1.07179,2140000,1500000
2020-07-09 14:36:34.500000,1.07183,1.0718,5120000,1000000
2020-07-09 14:36:34.702000,1.07183,1.0718,1250000,5250000
2020-07-09 14:36:35.106000,1.07184,1.07181,1010000,3750000
2020-07-09 14:36:35.935000,1.07185,1.07182,7390000,1000000
2020-07-09 14:36:35.986000,1.07182,1.07179,3750000,2500000
2020-07-09 14:36:36.087000,1.07182,1.07179,3940000,1000000
2020-07-09 14:36:36.644000,1.07183,1.0718,1250000,5250000
2020-07-09 14:36:36.949000,1.07184,1.0718,4390000,7390000
2020-07-09 14:36:37.808000,1.07184,1.0718,3040000,3000000
2020-07-09 14:36:37.910000,1.07184,1.07181,3040000,1000000
2020-07-09 14:36:39.496000,1.07184,1.0718,2290000,4500000
2020-07-09 14:36:39.834000,1.07182,1.07179,4950000,2250000
2020-07-09 14:36:39.936000,1.07182,1.07179,6040000,1000000
2020-07-09 14:36:40.038000,1.07181,1.07179,1450000,1000000
2020-07-09 14:36:40.139000,1.07182,1.07179,7220000,1000000
2020-07-09 14:36:40.906000,1.0718,1.07178,3000000,3000000
2020-07-09 14:36:40.957000,1.07179,1.07175,3250000,4950000
2020-07-09 14:36:41.059000,1.07177,1.07174,3260000,1500000
2020-07-09 14:36:41.160000,1.07177,1.07174,3720000,1500000
2020-07-09 14:36:41.463000,1.07177,1.07174,1010000,1000000
2020-07-09 14:36:41.565000,1.07179,1.07176,1410000,1500000
2020-07-09 14:36:41.768000,1.07178,1.07175,1570000,6000000
2020-07-09 14:36:44.176000,1.07177,1.07174,2140000,1000000
2020-07-09 14:36:44.277000,1.07177,1.07173,2890000,4570000
2020-07-09 14:36:44.438000,1.07176,1.07173,4690000,1100000
2020-07-09 14:36:44.591000,1.07175,1.07173,3000000,1000000
2020-07-09 14:36:44.692000,1.07176,1.07173,2140000,1000000
2020-07-09 14:36:44.945000,1.07175,1.07173,3000000,1000000
2020-07-09 14:36:45.046000,1.07176,1.07173,1200000,1000000
2020-07-09 14:36:45.400000,1.07175,1.07173,3000000,1000000
2020-07-09 14:36:45.501000,1.07177,1.07174,3640000,1000000
2020-07-09 14:36:45.602000,1.07179,1.07178,1120000,1000000
2020-07-09 14:36:45.704000,1.07181,1.07178,3410000,1000000
2020-07-09 14:36:48.233000,1.07178,1.07176,1250000,3000000
2020-07-09 14:36:48.334000,1.07177,1.07175,1760000,3750000
2020-07-09 14:36:48.436000,1.07177,1.07174,2140000,2250000
2020-07-09 14:36:48.638000,1.07177,1.07175,1200000,3000000
2020-07-09 14:36:48.739000,1.07177,1.07174,1200000,2250000
2020-07-09 14:36:48.840000,1.07177,1.07174,2100000,1500000
2020-07-09 14:36:48.942000,1.07177,1.07173,4160000,1000000
2020-07-09 14:36:49.093000,1.07176,1.07172,5100000,7690000
2020-07-09 14:36:49.296000,1.07175,1.07172,5100000,2440000
2020-07-09 14:36:49.447000,1.07173,1.07171,1200000,3750000
2020-07-09 14:36:49.498000,1.0717,1.07169,1000000,3000000
2020-07-09 14:36:49.549000,1.0717,1.07167,5100000,1000000
2020-07-09 14:36:49.650000,1.0717,1.07167,4950000,1000000
2020-07-09 14:36:49.853000,1.07169,1.07167,3000000,1000000
2020-07-09 14:36:49.954000,1.0717,1.07167,4200000,1000000
2020-07-09 14:36:50.106000,1.07169,1.07167,3000000,1000000
2020-07-09 14:36:50.208000,1.07169,1.07166,8100000,1000000
2020-07-09 14:36:50.309000,1.07169,1.07166,6070000,1000000
2020-07-09 14:36:50.410000,1.07169,1.07166,5470000,1000000
2020-07-09 14:36:51.471000,1.07169,1.07166,2890000,1500000
2020-07-09 14:36:51.826000,1.07169,1.07166,2100000,1500000
2020-07-09 14:36:53.900000,1.07168,1.07165,3450000,1000000
2020-07-09 14:36:54.153000,1.07169,1.07166,5890000,1500000
2020-07-09 14:36:54.507000,1.07169,1.07168,3000000,1500000
2020-07-09 14:36:54.558000,1.07171,1.07169,2320000,1000000
2020-07-09 14:36:55.001000,1.07173,1.0717,1100000,3750000
2020-07-09 14:36:56.022000,1.07172,1.0717,1100000,3000000
2020-07-09 14:36:56.123000,1.07172,1.07169,1100000,4500000
2020-07-09 14:36:56.429000,1.07171,1.07169,3260000,3000000
2020-07-09 14:36:56.531000,1.07169,1.07167,2100000,1000000
2020-07-09 14:36:56.632000,1.07168,1.07166,1200000,1000000
2020-07-09 14:36:56.835000,1.07167,1.07163,2700000,2440000
2020-07-09 14:36:56.961000,1.07166,1.07163,1390000,3750000
2020-07-09 14:36:59.899000,1.07166,1.07162,3450000,5440000
2020-07-09 14:37:00,1.07165,1.07162,1200000,5440000
2020-07-09 14:37:00.102000,1.07164,1.07161,5700000,2440000
2020-07-09 14:37:00.254000,1.07164,1.07162,4200000,1000000
2020-07-09 14:37:00.305000,1.07166,1.07164,4500000,1000000
2020-07-09 14:37:00.456000,1.07167,1.07165,2250000,1250000
2020-07-09 14:37:00.810000,1.07168,1.07165,1950000,1250000
2020-07-09 14:37:03.542000,1.07169,1.07167,3000000,1690000
2020-07-09 14:37:03.644000,1.0717,1.07167,3750000,2500000
2020-07-09 14:37:03.745000,1.07171,1.07168,1000000,3940000
2020-07-09 14:37:04.049000,1.07171,1.07168,1000000,4750000
2020-07-09 14:37:04.150000,1.07172,1.0717,3750000,1250000
2020-07-09 14:37:04.303000,1.07171,1.07169,2320000,3190000
2020-07-09 14:37:04.656000,1.07172,1.07169,2700000,3190000
2020-07-09 14:37:04.758000,1.07172,1.07169,1200000,4000000
2020-07-09 14:37:07.754000,1.0717,1.07168,4200000,1250000
2020-07-09 14:37:07.805000,1.07169,1.07167,6450000,1010000
2020-07-09 14:37:07.906000,1.07169,1.07166,7670000,1690000
2020-07-09 14:37:10.926000,1.07168,1.07165,5020000,2440000
2020-07-09 14:37:11.298000,1.07169,1.07166,1000000,8910000
2020-07-09 14:37:11.399000,1.0717,1.07167,3220000,1250000
2020-07-09 14:37:11.500000,1.07169,1.07166,3600000,1690000
2020-07-09 14:37:12.037000,1.07168,1.07165,1200000,5060000
2020-07-09 14:37:12.290000,1.07168,1.07166,1200000,1250000
2020-07-09 14:37:12.392000,1.07167,1.07165,1000000,3940000
2020-07-09 14:37:14.742000,1.07168,1.07166,1000000,1250000
2020-07-09 14:37:15.679000,1.07168,1.07165,1200000,5440000
2020-07-09 14:37:18.608000,1.07165,1.07164,1200000,1250000
2020-07-09 14:37:18.659000,1.07164,1.07162,4200000,2440000
2020-07-09 14:37:20.683000,1.07165,1.07162,1000000,2200000
2020-07-09 14:37:21.403000,1.07164,1.07162,1200000,3190000
2020-07-09 14:37:21.454000,1.07162,1.0716,1000000,2200000
2020-07-09 14:37:23.118000,1.07165,1.07162,1500000,4000000
2020-07-09 14:37:23.601000,1.07164,1.07162,1000000,3940000
2020-07-09 14:37:23.703000,1.07164,1.07161,1950000,3190000
2020-07-09 14:37:23.854000,1.07164,1.07161,3750000,1750000
2020-07-09 14:37:24.259000,1.07165,1.07163,1000000,1250000
2020-07-09 14:37:24.361000,1.07164,1.07162,1000000,4000000
2020-07-09 14:37:24.462000,1.07164,1.07161,4500000,1250000
2020-07-09 14:37:25.294000,1.07165,1.07162,1000000,4000000
2020-07-09 14:37:25.809000,1.07166,1.07163,3750000,2500000
2020-07-09 14:37:26.630000,1.07166,1.07163,1690000,4500000
2020-07-09 14:37:26.832000,1.07164,1.07162,1950000,1250000
2020-07-09 14:37:27.793000,1.07164,1.07161,4570000,2440000
2020-07-09 14:37:27.995000,1.07164,1.07162,1500000,3940000
2020-07-09 14:37:30.459000,1.07164,1.07161,4500000,1690000
2020-07-09 14:37:31.245000,1.07165,1.07163,1000000,1690000
2020-07-09 14:37:31.762000,1.07165,1.07162,1500000,4690000
2020-07-09 14:37:40.609000,1.07164,1.07161,3000000,2440000
2020-07-09 14:37:41.573000,1.07166,1.07165,1870000,1000000
2020-07-09 14:37:41.675000,1.07169,1.07165,8210000,1690000
2020-07-09 14:37:41.776000,1.07168,1.07165,3000000,1690000
2020-07-09 14:37:41.878000,1.07169,1.07165,7390000,4690000
2020-07-09 14:37:41.979000,1.07169,1.07166,1870000,1690000
2020-07-09 14:37:42.131000,1.07172,1.07168,6250000,1950000
2020-07-09 14:37:42.233000,1.07172,1.07169,2870000,3750000
2020-07-09 14:37:42.689000,1.07172,1.07169,1000000,4500000
2020-07-09 14:37:43.049000,1.07171,1.07169,1000000,3000000
2020-07-09 14:37:43.201000,1.07171,1.07168,1570000,1250000
2020-07-09 14:37:43.303000,1.0717,1.07168,1000000,1250000
2020-07-09 14:37:43.639000,1.07171,1.07168,1570000,1250000
2020-07-09 14:37:43.892000,1.07172,1.07168,6940000,6260000
2020-07-09 14:37:43.993000,1.07172,1.07169,3000000,3000000
2020-07-09 14:37:44.094000,1.07171,1.07169,1000000,3000000
2020-07-09 14:37:44.195000,1.07171,1.07168,1000000,4690000
2020-07-09 14:37:44.347000,1.0717,1.07168,1000000,3190000
2020-07-09 14:37:44.987000,1.07174,1.07171,3790000,1500000
2020-07-09 14:37:45.089000,1.07178,1.07176,1250000,2250000
2020-07-09 14:37:45.140000,1.07179,1.07176,1250000,9000000
2020-07-09 14:37:45.292000,1.07178,1.07177,1000000,6750000
2020-07-09 14:37:45.393000,1.07178,1.07175,1500000,1690000
2020-07-09 14:37:45.494000,1.07177,1.07175,1000000,3940000
2020-07-09 14:37:45.596000,1.07178,1.07175,1500000,1250000
2020-07-09 14:37:47.108000,1.07177,1.07175,1000000,1250000
2020-07-09 14:37:47.744000,1.07177,1.07174,1500000,1250000
2020-07-09 14:37:47.946000,1.07177,1.07174,1500000,1750000
2020-07-09 14:37:48.149000,1.07177,1.07174,1500000,3940000
2020-07-09 14:37:51.084000,1.07177,1.07174,1500000,4750000
2020-07-09 14:37:51.185000,1.07177,1.07174,1500000,3940000
2020-07-09 14:37:51.700000,1.07174,1.07172,1100000,1250000
2020-07-09 14:37:51.751000,1.07171,1.07169,1000000,1310000
2020-07-09 14:37:51.852000,1.07171,1.07168,1500000,4690000
2020-07-09 14:37:52.256000,1.07172,1.07168,5440000,5440000
2020-07-09 14:37:52.408000,1.07172,1.07169,4500000,1250000
2020-07-09 14:37:52.509000,1.07172,1.07171,3000000,1000000
2020-07-09 14:37:52.964000,1.07175,1.07172,2250000,1250000
2020-07-09 14:37:54.380000,1.07175,1.07171,3000000,4500000
2020-07-09 14:37:54.430000,1.07173,1.07171,3820000,3000000
2020-07-09 14:37:54.532000,1.07173,1.0717,4200000,1250000
2020-07-09 14:37:56.009000,1.07173,1.07169,6640000,4690000
2020-07-09 14:37:56.390000,1.07173,1.07171,1870000,1000000
2020-07-09 14:37:56.441000,1.07175,1.07172,3710000,1000000
2020-07-09 14:37:56.492000,1.07175,1.07173,1310000,1000000
2020-07-09 14:37:56.593000,1.07176,1.07173,1000000,1570000
2020-07-09 14:37:56.694000,1.07176,1.07173,3000000,2570000
2020-07-09 14:37:56.745000,1.07178,1.07175,4390000,3750000
2020-07-09 14:37:57.503000,1.07179,1.07176,1690000,4500000
2020-07-09 14:37:57.654000,1.07179,1.07177,1250000,1000000
2020-07-09 14:37:57.857000,1.0718,1.07177,5440000,1000000
2020-07-09 14:37:58.210000,1.0718,1.07176,6190000,4500000
2020-07-09 14:37:58.312000,1.07178,1.07175,2250000,4750000
2020-07-09 14:37:58.463000,1.07178,1.07175,1500000,1250000
2020-07-09 14:37:59.302000,1.07178,1.07175,1000000,5500000
2020-07-09 14:37:59.454000,1.0718,1.07178,4810000,1500000
2020-07-09 14:37:59.505000,1.07181,1.07179,1010000,1000000
2020-07-09 14:37:59.606000,1.07182,1.07179,3370000,1250000
2020-07-09 14:37:59.758000,1.07183,1.0718,1000000,1250000
2020-07-09 14:37:59.859000,1.07184,1.07181,3190000,3750000
2020-07-09 14:38:00.163000,1.07183,1.0718,3070000,1250000
2020-07-09 14:38:00.264000,1.07182,1.07179,3000000,1250000
2020-07-09 14:38:00.833000,1.07181,1.07179,1000000,1250000
2020-07-09 14:38:01.428000,1.0718,1.07179,1000000,1250000
2020-07-09 14:38:01.530000,1.07178,1.07177,1000000,3000000
2020-07-09 14:38:01.581000,1.07178,1.07175,1500000,1250000
2020-07-09 14:38:01.682000,1.07177,1.07175,1000000,1250000
2020-07-09 14:38:02.061000,1.07178,1.07175,1950000,4690000
2020-07-09 14:38:02.634000,1.07178,1.07176,1000000,1000000
2020-07-09 14:38:02.735000,1.07179,1.07176,1950000,4690000
2020-07-09 14:38:06.295000,1.07178,1.07176,1000000,3750000
2020-07-09 14:38:06.396000,1.07179,1.07176,2510000,3750000
2020-07-09 14:38:07.174000,1.07177,1.07175,1570000,1000000
2020-07-09 14:38:07.275000,1.07176,1.07174,1250000,1000000
2020-07-09 14:38:08.467000,1.07177,1.07174,1120000,2440000
2020-07-09 14:38:08.518000,1.07175,1.07174,1000000,1690000
2020-07-09 14:38:10.613000,1.07175,1.07172,1500000,5060000
2020-07-09 14:38:10.715000,1.07174,1.07172,1000000,4690000
2020-07-09 14:38:11.930000,1.07175,1.07172,1500000,1250000
2020-07-09 14:38:12.031000,1.07176,1.07172,4500000,6000000
2020-07-09 14:38:14.854000,1.07176,1.07173,1500000,1250000
2020-07-09 14:38:15.056000,1.07176,1.07172,1500000,5870000
2020-07-09 14:38:16.309000,1.07176,1.07173,3820000,1250000
2020-07-09 14:38:17.218000,1.07176,1.07173,5320000,1250000
2020-07-09 14:38:17.924000,1.07175,1.07173,3000000,1250000
2020-07-09 14:38:18.531000,1.07174,1.07172,1200000,1250000
2020-07-09 14:38:18.633000,1.07175,1.07172,4870000,1250000
2020-07-09 14:38:19.235000,1.07175,1.07172,4500000,1750000
2020-07-09 14:38:19.591000,1.07178,1.07175,4460000,1500000
2020-07-09 14:38:19.692000,1.07179,1.07176,4600000,1750000
2020-07-09 14:38:19.794000,1.07179,1.07176,1000000,4750000
2020-07-09 14:38:19.895000,1.07179,1.07176,1000000,4690000
2020-07-09 14:38:19.996000,1.0718,1.07176,5510000,4690000
2020-07-09 14:38:20.097000,1.0718,1.07177,2320000,1250000
2020-07-09 14:38:20.249000,1.07181,1.07178,3560000,1500000
2020-07-09 14:38:20.351000,1.07182,1.0718,4570000,1000000
2020-07-09 14:38:20.484000,1.07184,1.0718,1220000,3620000
2020-07-09 14:38:23.330000,1.07182,1.07181,1000000,1000000
2020-07-09 14:38:23.381000,1.07181,1.07177,4010000,6560000
2020-07-09 14:38:23.431000,1.0718,1.07179,1000000,1000000
2020-07-09 14:38:23.583000,1.07179,1.07177,1950000,1000000
2020-07-09 14:38:23.634000,1.07179,1.07176,3560000,3750000
2020-07-09 14:38:23.988000,1.0718,1.07178,4500000,1000000
2020-07-09 14:38:24.140000,1.07179,1.07177,1000000,1250000
2020-07-09 14:38:24.190000,1.07178,1.07176,1100000,1000000
2020-07-09 14:38:25.752000,1.0718,1.07176,1500000,5500000
2020-07-09 14:38:25.854000,1.07181,1.07179,4500000,1000000
2020-07-09 14:38:27.089000,1.07183,1.07181,1000000,1000000
2020-07-09 14:38:27.140000,1.07184,1.07181,4950000,1250000
2020-07-09 14:38:27.292000,1.07184,1.07182,1200000,1000000
2020-07-09 14:38:30.035000,1.07184,1.07182,2720000,1000000
2020-07-09 14:38:31.487000,1.07184,1.07182,2700000,1000000
2020-07-09 14:38:31.941000,1.07184,1.07182,2720000,1000000
2020-07-09 14:38:32.647000,1.07185,1.07183,4120000,1690000
2020-07-09 14:38:32.698000,1.07182,1.07181,1000000,3940000
2020-07-09 14:38:32.749000,1.07182,1.0718,1100000,1250000
2020-07-09 14:38:33.153000,1.07182,1.0718,4220000,1000000
2020-07-09 14:38:34.554000,1.07181,1.07179,3820000,1250000
2020-07-09 14:38:34.807000,1.0718,1.07178,1500000,1250000
2020-07-09 14:38:35.160000,1.0718,1.07177,1950000,1250000
2020-07-09 14:38:35.669000,1.07178,1.07176,1000000,1750000
2020-07-09 14:38:35.770000,1.07179,1.07176,4870000,1250000
2020-07-09 14:38:40.602000,1.07179,1.07177,1000000,1250000
2020-07-09 14:38:41.058000,1.0718,1.07177,4950000,1250000
2020-07-09 14:38:41.210000,1.0718,1.07177,1200000,1750000
2020-07-09 14:38:42.805000,1.07183,1.07181,2210000,1000000
2020-07-09 14:38:42.957000,1.07182,1.07181,1000000,1000000
2020-07-09 14:38:43.058000,1.07183,1.07181,1200000,1000000
2020-07-09 14:38:43.947000,1.07182,1.07181,1500000,1000000
2020-07-09 14:38:44.048000,1.07181,1.07179,1000000,1690000
2020-07-09 14:38:45.762000,1.07182,1.07179,1950000,1000000
2020-07-09 14:38:46.299000,1.07181,1.07179,3000000,1000000
2020-07-09 14:38:46.422000,1.07182,1.07179,1950000,1000000
2020-07-09 14:38:48.205000,1.07182,1.0718,3450000,1000000
2020-07-09 14:38:48.307000,1.07182,1.0718,3000000,1750000
2020-07-09 14:38:48.660000,1.07183,1.0718,1100000,4750000
2020-07-09 14:38:48.913000,1.07184,1.07181,4950000,1250000
2020-07-09 14:38:49.959000,1.07184,1.07182,3000000,1250000
2020-07-09 14:38:50.060000,1.07184,1.07182,3750000,1250000
2020-07-09 14:38:50.111000,1.07182,1.0718,1570000,1250000
2020-07-09 14:38:50.212000,1.07182,1.07178,2320000,3700000
2020-07-09 14:38:50.364000,1.07182,1.07178,2720000,3250000
2020-07-09 14:38:51.578000,1.07181,1.07177,5700000,6250000
2020-07-09 14:38:53.283000,1.07179,1.07176,3000000,1750000
2020-07-09 14:38:53.385000,1.07179,1.07175,7220000,5500000
2020-07-09 14:38:53.486000,1.07179,1.07176,4950000,1250000
2020-07-09 14:38:54.273000,1.07177,1.07175,1500000,4000000
2020-07-09 14:38:54.324000,1.07176,1.07173,1000000,5500000
2020-07-09 14:38:54.476000,1.07176,1.07172,1500000,5950000
2020-07-09 14:38:54.829000,1.07177,1.07173,2700000,4750000
2020-07-09 14:38:54.981000,1.07178,1.07175,5620000,1250000
2020-07-09 14:38:55.234000,1.07178,1.07176,1500000,1000000
2020-07-09 14:38:55.285000,1.0718,1.07177,3260000,1000000
2020-07-09 14:38:55.386000,1.07181,1.07178,3370000,1250000
2020-07-09 14:38:55.538000,1.0718,1.07178,3000000,1250000
2020-07-09 14:38:55.639000,1.07182,1.07178,7760000,1690000
2020-07-09 14:38:56.094000,1.07182,1.07179,1500000,1000000
2020-07-09 14:38:56.925000,1.07182,1.0718,4500000,1250000
2020-07-09 14:38:57.581000,1.07181,1.0718,1000000,1250000
2020-07-09 14:38:57.632000,1.0718,1.07178,1500000,3190000
2020-07-09 14:38:57.683000,1.07178,1.07176,1000000,1690000
2020-07-09 14:38:57.795000,1.07178,1.07175,1000000,3820000
2020-07-09 14:38:57.898000,1.07178,1.07174,1950000,7120000
2020-07-09 14:38:58.201000,1.07177,1.07174,1500000,6190000
2020-07-09 14:38:58.302000,1.07178,1.07174,2890000,6190000
2020-07-09 14:38:58.555000,1.07178,1.07175,1000000,1690000
2020-07-09 14:38:59.630000,1.07178,1.07176,1500000,1250000
2020-07-09 14:38:59.681000,1.0718,1.07179,3000000,1000000
2020-07-09 14:38:59.732000,1.07182,1.07181,1500000,1690000
2020-07-09 14:38:59.834000,1.07185,1.07182,8140000,1000000
2020-07-09 14:38:59.935000,1.07184,1.07181,1000000,7000000
2020-07-09 14:39:00.036000,1.07184,1.07181,1500000,6190000
2020-07-09 14:39:00.138000,1.07183,1.07181,1200000,6190000
2020-07-09 14:39:00.869000,1.07181,1.07178,1000000,5060000
2020-07-09 14:39:00.920000,1.0718,1.07177,2720000,5440000
2020-07-09 14:39:01.021000,1.0718,1.07177,3750000,2440000
2020-07-09 14:39:01.122000,1.0718,1.07178,3750000,1250000
2020-07-09 14:39:01.274000,1.07181,1.07178,1500000,1250000
2020-07-09 14:39:02.335000,1.0718,1.07178,1000000,1250000
2020-07-09 14:39:02.588000,1.07181,1.07178,1870000,1690000
2020-07-09 14:39:02.690000,1.07183,1.07179,7110000,1690000
2020-07-09 14:39:03.144000,1.07183,1.0718,1970000,1250000
2020-07-09 14:39:03.245000,1.07183,1.0718,1000000,2440000
2020-07-09 14:39:03.346000,1.07184,1.07181,1100000,1690000
2020-07-09 14:39:03.498000,1.07184,1.07182,1100000,1250000
2020-07-09 14:39:03.599000,1.07184,1.07181,1760000,3750000
2020-07-09 14:39:03.701000,1.07181,1.0718,1000000,4690000
2020-07-09 14:39:03.751000,1.07181,1.07178,1570000,3940000
2020-07-09 14:39:03.853000,1.07181,1.07179,3000000,1690000
2020-07-09 14:39:03.954000,1.07182,1.0718,1000000,1250000
2020-07-09 14:39:04.006000,1.07186,1.07185,5250000,1000000
2020-07-09 14:39:04.058000,1.07188,1.07184,6260000,6190000
2020-07-09 14:39:04.110000,1.07184,1.07182,1000000,8060000
2020-07-09 14:39:04.213000,1.0718,1.07179,1000000,1250000
2020-07-09 14:39:04.365000,1.0718,1.07177,1570000,1250000
2020-07-09 14:39:04.466000,1.0718,1.07176,1570000,3250000
2020-07-09 14:39:05.355000,1.07181,1.07179,3000000,1120000
2020-07-09 14:39:05.457000,1.07182,1.07179,3750000,3250000
2020-07-09 14:39:05.660000,1.07183,1.0718,1950000,3190000
2020-07-09 14:39:05.762000,1.07184,1.07181,1500000,3000000
2020-07-09 14:39:05.863000,1.07184,1.07181,1000000,5500000
2020-07-09 14:39:05.965000,1.07185,1.07182,3000000,2500000
2020-07-09 14:39:06.066000,1.07186,1.07183,1500000,1250000
2020-07-09 14:39:06.168000,1.07188,1.07184,4390000,1250000
2020-07-09 14:39:06.269000,1.07189,1.07185,1950000,2500000
2020-07-09 14:39:06.572000,1.07189,1.07186,1000000,4750000
2020-07-09 14:39:07.190000,1.07191,1.07188,3820000,2500000
2020-07-09 14:39:07.293000,1.07191,1.07188,1200000,1690000
2020-07-09 14:39:07.800000,1.07192,1.07189,1000000,1690000
2020-07-09 14:39:07.851000,1.07195,1.07193,7560000,1000000
2020-07-09 14:39:07.902000,1.07197,1.07195,3370000,1000000
2020-07-09 14:39:08.005000,1.07201,1.07198,4460000,1000000
2020-07-09 14:39:08.056000,1.07202,1.072,2350000,1000000
2020-07-09 14:39:08.108000,1.07202,1.07198,3640000,3560000
2020-07-09 14:39:08.159000,1.072,1.07196,2700000,3250000
2020-07-09 14:39:08.260000,1.07199,1.07196,4500000,2500000
2020-07-09 14:39:08.564000,1.072,1.07198,2250000,1000000
2020-07-09 14:39:08.665000,1.07199,1.07197,4500000,2120000
2020-07-09 14:39:08.767000,1.072,1.07196,2250000,5500000
2020-07-09 14:39:08.868000,1.07199,1.07197,3750000,1250000
2020-07-09 14:39:08.919000,1.072,1.07196,2440000,5890000
2020-07-09 14:39:09.020000,1.07199,1.07196,1000000,3940000
2020-07-09 14:39:09.121000,1.07198,1.07196,1000000,3000000
2020-07-09 14:39:09.222000,1.07198,1.07195,1000000,6190000
2020-07-09 14:39:09.576000,1.07199,1.07197,3000000,1250000
2020-07-09 14:39:09.678000,1.072,1.07197,3750000,1750000
2020-07-09 14:39:09.780000,1.072,1.07197,3750000,1250000
2020-07-09 14:39:10.158000,1.07198,1.07197,1200000,1250000
2020-07-09 14:39:10.260000,1.07197,1.07195,1200000,1690000
2020-07-09 14:39:10.889000,1.07198,1.07195,4570000,2440000
2020-07-09 14:39:10.991000,1.07199,1.07196,5290000,1000000
2020-07-09 14:39:11.093000,1.07199,1.07196,4200000,1000000
2020-07-09 14:39:11.345000,1.072,1.07196,2700000,2890000
2020-07-09 14:39:11.598000,1.07197,1.07196,3450000,1000000
2020-07-09 14:39:11.700000,1.07196,1.07194,1250000,3000000
2020-07-09 14:39:11.802000,1.07196,1.07193,2140000,4500000
2020-07-09 14:39:12.004000,1.07196,1.07193,3700000,4500000
2020-07-09 14:39:12.105000,1.07196,1.07193,2700000,4500000
2020-07-09 14:39:12.432000,1.07195,1.07192,2290000,3750000
2020-07-09 14:39:12.685000,1.07194,1.07193,3000000,1000000
2020-07-09 14:39:12.736000,1.07196,1.07194,2620000,2440000
2020-07-09 14:39:12.837000,1.07196,1.07195,2620000,1500000
2020-07-09 14:39:15.648000,1.07198,1.07195,1390000,1500000
2020-07-09 14:39:15.951000,1.07197,1.07195,1200000,1000000
2020-07-09 14:39:16.002000,1.07195,1.07192,1500000,4690000
2020-07-09 14:39:16.053000,1.07194,1.07192,1850000,1000000
2020-07-09 14:39:16.356000,1.07194,1.07192,1390000,1000000
2020-07-09 14:39:16.609000,1.07197,1.07193,5510000,5440000
2020-07-09 14:39:16.710000,1.07197,1.07194,5320000,1250000
2020-07-09 14:39:17.165000,1.07197,1.07194,4570000,1750000
2020-07-09 14:39:17.721000,1.07197,1.07195,3000000,1250000
2020-07-09 14:39:18.024000,1.07198,1.07196,3000000,2060000
2020-07-09 14:39:18.075000,1.072,1.07196,6640000,4690000
2020-07-09 14:39:18.177000,1.072,1.07197,6640000,1000000
2020-07-09 14:39:18.631000,1.07199,1.07196,5850000,2440000
2020-07-09 14:39:19.404000,1.07199,1.07196,1870000,4690000
2020-07-09 14:39:19.759000,1.07199,1.07196,3290000,4500000
2020-07-09 14:39:20.099000,1.07199,1.07196,2140000,4500000
2020-07-09 14:39:20.252000,1.07198,1.07196,1100000,3750000
2020-07-09 14:39:20.353000,1.07197,1.07196,1000000,3000000
2020-07-09 14:39:20.457000,1.07196,1.07194,2720000,3560000
2020-07-09 14:39:20.559000,1.07195,1.07193,1100000,1000000
2020-07-09 14:39:20.660000,1.07194,1.07192,1000000,1870000
2020-07-09 14:39:20.762000,1.07194,1.07191,1970000,20190001
2020-07-09 14:39:21.018000,1.07194,1.07191,1570000,33310001
2020-07-09 14:39:21.283000,1.07194,1.07191,1970000,46439999
2020-07-09 14:39:21.820000,1.07194,1.07191,1570000,70059998
2020-07-09 14:39:21.922000,1.07193,1.07191,1000000,75309998
2020-07-09 14:39:22.190000,1.07191,1.07189,1220000,1000000
2020-07-09 14:39:22.241000,1.0719,1.07187,1950000,92889999
2020-07-09 14:39:22.343000,1.07194,1.07191,2290000,1000000
2020-07-09 14:39:22.444000,1.07194,1.07191,1250000,1620000
2020-07-09 14:39:22.546000,1.07193,1.07191,1100000,1000000
2020-07-09 14:39:22.981000,1.07194,1.07191,3450000,131190002
2020-07-09 14:39:23.285000,1.07194,1.07191,4350000,146940002
2020-07-09 14:39:23.487000,1.07192,1.07189,1200000,159190002
2020-07-09 14:39:23.690000,1.07191,1.07189,2890000,1000000
2020-07-09 14:39:23.741000,1.07189,1.07186,2850000,4690000
2020-07-09 14:39:23.842000,1.07189,1.07185,2890000,9190000
2020-07-09 14:39:23.944000,1.07188,1.07185,3000000,2440000
2020-07-09 14:39:24.572000,1.07187,1.07184,8140000,1000000
2020-07-09 14:39:24.674000,1.07186,1.07184,3000000,2440000
2020-07-09 14:39:24.725000,1.07188,1.07185,3070000,1250000
2020-07-09 14:39:25.233000,1.07187,1.07184,4200000,2440000
2020-07-09 14:39:25.788000,1.07187,1.07185,1000000,1250000
2020-07-09 14:39:27.004000,1.07188,1.07185,1950000,2440000
2020-07-09 14:39:27.851000,1.07188,1.07186,1000000,3000000
2020-07-09 14:39:28.192000,1.07188,1.07185,1000000,3190000
2020-07-09 14:39:28.490000,1.07188,1.07186,1000000,1250000
2020-07-09 14:39:28.743000,1.07189,1.07186,1200000,4690000
2020-07-09 14:39:29.046000,1.07191,1.07187,4160000,2810000
2020-07-09 14:39:29.147000,1.07191,1.07187,3640000,5810000
2020-07-09 14:39:29.349000,1.0719,1.07187,1200000,1690000
2020-07-09 14:39:29.778000,1.07189,1.07187,1000000,1690000
2020-07-09 14:39:29.930000,1.07188,1.07186,1200000,3750000
2020-07-09 14:39:30.031000,1.07188,1.07185,3750000,2440000
2020-07-09 14:39:30.889000,1.07188,1.07186,3750000,1250000
2020-07-09 14:39:31.300000,1.07188,1.07185,3750000,3190000
2020-07-09 14:39:31.438000,1.07188,1.07186,3750000,1250000
2020-07-09 14:39:32.833000,1.0719,1.07187,1250000,1000000
2020-07-09 14:39:32.884000,1.07192,1.0719,2810000,2250000
2020-07-09 14:39:32.986000,1.07194,1.07191,1600000,1690000
2020-07-09 14:39:33.087000,1.07194,1.07191,3750000,1690000
2020-07-09 14:39:33.645000,1.07192,1.07191,1000000,1250000
2020-07-09 14:39:33.746000,1.07192,1.0719,3750000,1250000
2020-07-09 14:39:35.523000,1.07192,1.07191,3000000,1000000
2020-07-09 14:39:36.580000,1.07192,1.0719,3000000,1250000
2020-07-09 14:39:37.849000,1.07192,1.07189,4200000,1250000
2020-07-09 14:39:38.001000,1.07192,1.07189,4950000,1750000
2020-07-09 14:39:38.577000,1.07192,1.07191,3000000,1250000
2020-07-09 14:39:39.647000,1.07193,1.0719,1000000,2500000
2020-07-09 14:39:39.779000,1.07194,1.0719,3450000,2500000
2020-07-09 14:39:40.032000,1.07193,1.0719,3000000,2500000
2020-07-09 14:39:40.134000,1.07192,1.07189,1200000,5500000
2020-07-09 14:39:40.286000,1.07194,1.07193,3000000,1000000
2020-07-09 14:39:40.337000,1.07196,1.07194,1100000,1000000
2020-07-09 14:39:40.438000,1.07196,1.07193,1570000,3190000
2020-07-09 14:39:41.066000,1.07193,1.07191,1000000,1250000
2020-07-09 14:39:41.168000,1.07192,1.07189,1500000,1250000
2020-07-09 14:39:41.420000,1.07192,1.07189,1000000,1750000
2020-07-09 14:39:42.295000,1.07192,1.07189,1200000,1690000
2020-07-09 14:39:42.533000,1.07193,1.07191,3940000,1000000
2020-07-09 14:39:42.700000,1.07193,1.0719,3000000,2440000
2020-07-09 14:39:43.460000,1.07193,1.07191,3000000,1250000
2020-07-09 14:39:44.400000,1.07194,1.07191,1000000,1250000
2020-07-09 14:39:44.515000,1.07194,1.0719,1250000,2510000
2020-07-09 14:39:45.084000,1.07193,1.0719,1000000,2510000
2020-07-09 14:39:45.711000,1.07192,1.07189,4500000,2510000
2020-07-09 14:39:45.863000,1.07189,1.07188,1000000,3000000
2020-07-09 14:39:45.964000,1.0719,1.07186,1000000,4820000
2020-07-09 14:39:46.281000,1.0719,1.07187,1000000,1350000
2020-07-09 14:39:46.753000,1.07188,1.07186,2060000,3000000
2020-07-09 14:39:47.743000,1.07187,1.07185,1000000,1250000
2020-07-09 14:39:47.845000,1.07187,1.07184,3750000,2570000
2020-07-09 14:39:47.997000,1.07187,1.07185,3000000,1350000
2020-07-09 14:39:48.408000,1.07187,1.07184,4120000,2500000
2020-07-09 14:39:48.578000,1.07187,1.07185,3750000,1250000
2020-07-09 14:39:51.340000,1.07188,1.07185,4500000,1750000
2020-07-09 14:39:51.789000,1.07187,1.07185,1000000,1750000
2020-07-09 14:39:51.890000,1.07187,1.07184,1000000,5500000
2020-07-09 14:39:51.941000,1.07189,1.07186,2250000,4690000
2020-07-09 14:39:52.042000,1.0719,1.07187,1500000,5140000
2020-07-09 14:39:52.143000,1.07191,1.07188,4690000,1950000
2020-07-09 14:39:52.245000,1.07191,1.07188,4120000,2500000
2020-07-09 14:39:52.346000,1.07191,1.07188,4870000,1690000
2020-07-09 14:39:52.447000,1.07191,1.07189,4500000,1250000
2020-07-09 14:39:52.649000,1.07193,1.07191,3000000,1250000
2020-07-09 14:39:53.410000,1.07191,1.07188,1000000,1250000
2020-07-09 14:39:53.511000,1.0719,1.07188,1000000,1250000
2020-07-09 14:39:56.535000,1.07189,1.07186,1950000,5440000
2020-07-09 14:39:56.787000,1.07189,1.07187,1500000,1250000
2020-07-09 14:39:57.311000,1.07188,1.07187,4500000,1250000
2020-07-09 14:39:57.412000,1.07188,1.07186,4500000,1250000
2020-07-09 14:39:57.513000,1.07188,1.07185,4500000,1250000
2020-07-09 14:39:57.720000,1.07187,1.07185,3000000,1250000
2020-07-09 14:39:58.329000,1.07187,1.07186,3000000,1250000
2020-07-09 14:39:58.430000,1.07188,1.07186,1000000,5140000
2020-07-09 14:39:58.532000,1.07188,1.07187,1000000,1250000
2020-07-09 14:40:01.889000,1.07187,1.07185,1500000,1250000
2020-07-09 14:40:01.940000,1.07187,1.07184,1500000,1250000
2020-07-09 14:40:02.041000,1.07186,1.07182,4500000,5100000
2020-07-09 14:40:02.143000,1.07186,1.07182,1500000,1950000
2020-07-09 14:40:03.758000,1.07187,1.07185,1000000,1100000
2020-07-09 14:40:03.961000,1.07186,1.07185,1000000,1250000
2020-07-09 14:40:04.820000,1.07187,1.07185,1000000,1250000
2020-07-09 14:40:04.922000,1.07188,1.07186,3750000,1250000
2020-07-09 14:40:07.804000,1.07188,1.07186,1000000,6040000
2020-07-09 14:40:07.906000,1.07189,1.07187,1000000,5700000
2020-07-09 14:40:08.007000,1.07192,1.07189,4500000,1690000
2020-07-09 14:40:08.210000,1.07192,1.0719,1000000,1250000
2020-07-09 14:40:08.311000,1.07192,1.0719,1000000,1250000
2020-07-09 14:40:08.513000,1.07192,1.0719,1000000,1250000
2020-07-09 14:40:08.824000,1.07192,1.07189,2250000,1250000
2020-07-09 14:40:09.077000,1.07192,1.0719,1500000,1250000
2020-07-09 14:40:09.279000,1.07194,1.07191,1870000,3850000
2020-07-09 14:40:09.381000,1.07193,1.07191,1100000,1750000
2020-07-09 14:40:09.485000,1.07194,1.07192,1000000,1250000
2020-07-09 14:40:09.587000,1.07194,1.07192,1000000,4750000
2020-07-09 14:40:09.688000,1.07193,1.07191,1570000,1250000
2020-07-09 14:40:09.740000,1.07193,1.0719,4570000,1690000
2020-07-09 14:40:10.592000,1.07192,1.07189,1000000,5200000
2020-07-09 14:40:11.571000,1.07191,1.07189,1000000,2200000
2020-07-09 14:40:11.925000,1.0719,1.07188,1000000,1250000
2020-07-09 14:40:11.976000,1.0719,1.07187,1000000,3750000
2020-07-09 14:40:12.128000,1.0719,1.07188,1000000,1250000
2020-07-09 14:40:12.450000,1.07191,1.07189,3000000,1500000
2020-07-09 14:40:12.552000,1.07193,1.07192,1000000,1000000
2020-07-09 14:40:12.653000,1.07195,1.07192,3750000,1690000
2020-07-09 14:40:12.704000,1.07195,1.07193,1000000,1250000
2020-07-09 14:40:12.805000,1.07196,1.07194,1000000,1250000
2020-07-09 14:40:12.907000,1.07197,1.07196,1000000,1250000
2020-07-09 14:40:13.665000,1.07198,1.07197,3750000,1250000
2020-07-09 14:40:13.766000,1.07199,1.07197,1200000,1690000
2020-07-09 14:40:13.918000,1.07198,1.07197,1000000,1250000
2020-07-09 14:40:14.019000,1.07198,1.07196,1000000,1250000
2020-07-09 14:40:14.575000,1.07199,1.07197,2700000,1250000
2020-07-09 14:40:14.676000,1.07198,1.07196,1000000,1750000
2020-07-09 14:40:15.456000,1.07199,1.07197,1500000,1250000
2020-07-09 14:40:15.507000,1.07201,1.072,1000000,1000000
2020-07-09 14:40:15.609000,1.07199,1.07198,1000000,3750000
2020-07-09 14:40:15.660000,1.07199,1.07196,4350000,1690000
2020-07-09 14:40:16.249000,1.07198,1.07195,2320000,1250000
2020-07-09 14:40:16.351000,1.07197,1.07195,1000000,1250000
2020-07-09 14:40:16.706000,1.07198,1.07195,1950000,1690000
2020-07-09 14:40:16.808000,1.07198,1.07196,1500000,1250000
2020-07-09 14:40:20.408000,1.07198,1.07197,1000000,1000000
2020-07-09 14:40:20.460000,1.072,1.07197,4200000,2870000
2020-07-09 14:40:20.662000,1.07201,1.07198,3750000,1690000
2020-07-09 14:40:21.042000,1.07199,1.07196,2100000,5620000
2020-07-09 14:40:21.143000,1.07198,1.07195,1200000,5500000
2020-07-09 14:40:27.709000,1.07199,1.07195,4200000,4370000
2020-07-09 14:40:27.861000,1.07199,1.07197,1200000,1250000
2020-07-09 14:40:28.013000,1.07199,1.07197,1000000,1750000
2020-07-09 14:40:28.266000,1.07199,1.07196,2100000,4690000
2020-07-09 14:40:28.418000,1.07199,1.07196,1200000,4690000
2020-07-09 14:40:32.847000,1.072,1.07196,1950000,1690000
2020-07-09 14:40:32.999000,1.072,1.07196,5100000,3940000
2020-07-09 14:40:34.089000,1.07199,1.07196,4200000,1750000
2020-07-09 14:40:35.297000,1.07199,1.07197,3000000,1370000
2020-07-09 14:40:35.398000,1.072,1.07197,4500000,1370000
2020-07-09 14:40:35.572000,1.072,1.07197,5100000,1250000
2020-07-09 14:40:35.673000,1.072,1.07196,2100000,6250000
2020-07-09 14:40:35.774000,1.072,1.07197,1950000,1250000
2020-07-09 14:40:35.977000,1.07201,1.07198,1200000,3190000
2020-07-09 14:40:36.078000,1.072,1.07197,1000000,2500000
2020-07-09 14:40:36.179000,1.072,1.07197,5100000,2500000
2020-07-09 14:40:36.331000,1.072,1.07198,4950000,1250000
2020-07-09 14:40:36.432000,1.07199,1.07196,1000000,7370000
2020-07-09 14:40:36.790000,1.07199,1.07196,1200000,5810000
2020-07-09 14:40:36.841000,1.07199,1.07197,4950000,1250000
2020-07-09 14:40:36.943000,1.07199,1.07196,4950000,2500000
2020-07-09 14:40:37.146000,1.07198,1.07196,1000000,1250000
2020-07-09 14:40:37.247000,1.07198,1.07195,1000000,2500000
2020-07-09 14:40:38.997000,1.07198,1.07197,1500000,1250000
2020-07-09 14:40:39.150000,1.07198,1.07196,1500000,1250000
2020-07-09 14:40:42.188000,1.07198,1.07195,4500000,1690000
2020-07-09 14:40:44.803000,1.07198,1.07196,4500000,1250000
2020-07-09 14:40:45.444000,1.07199,1.07196,4200000,1690000
2020-07-09 14:40:46.064000,1.07199,1.07197,3750000,1250000
2020-07-09 14:40:46.166000,1.07199,1.07196,3750000,1690000
2020-07-09 14:40:46.837000,1.07199,1.07197,1000000,1690000
2020-07-09 14:40:49.165000,1.072,1.07197,2700000,1690000
2020-07-09 14:40:49.802000,1.07199,1.07197,1000000,1690000
2020-07-09 14:40:52.789000,1.072,1.07197,2700000,1690000
2020-07-09 14:40:53.358000,1.07199,1.07197,3000000,1690000
2020-07-09 14:40:53.661000,1.072,1.07197,5700000,1690000
2020-07-09 14:40:53.762000,1.07199,1.07197,3450000,1690000
2020-07-09 14:40:53.864000,1.072,1.07197,4200000,2810000
2020-07-09 14:40:55.295000,1.07201,1.07198,2140000,3750000
2020-07-09 14:40:55.396000,1.07202,1.07199,6410000,1000000
2020-07-09 14:40:55.750000,1.07202,1.07199,1870000,1250000
2020-07-09 14:40:55.852000,1.07202,1.072,3040000,1000000
2020-07-09 14:40:56.054000,1.07202,1.07199,3040000,1500000
2020-07-09 14:40:56.155000,1.07202,1.07199,1950000,4310000
2020-07-09 14:40:56.257000,1.07202,1.07199,1850000,4500000
2020-07-09 14:40:56.560000,1.07202,1.072,3750000,1000000
2020-07-09 14:40:56.713000,1.07201,1.07199,1000000,3750000
2020-07-09 14:40:57.117000,1.07199,1.07197,1950000,1000000
2020-07-09 14:40:57.168000,1.07198,1.07195,3940000,1570000
2020-07-09 14:40:58.030000,1.07198,1.07195,2200000,1000000
2020-07-09 14:40:58.233000,1.07197,1.07195,4750000,1000000
2020-07-09 14:40:58.456000,1.07197,1.07195,3940000,1000000
2020-07-09 14:40:58.620000,1.07196,1.07195,1000000,1000000
2020-07-09 14:40:59.053000,1.07196,1.07194,1500000,1000000
2020-07-09 14:40:59.104000,1.07195,1.07192,1250000,4500000
2020-07-09 14:40:59.407000,1.07196,1.07193,1000000,1000000
2020-07-09 14:40:59.457000,1.07198,1.07195,2890000,1500000
2020-07-09 14:41:01.409000,1.07197,1.07195,4690000,1000000
2020-07-09 14:41:01.780000,1.07198,1.07196,3000000,1000000
2020-07-09 14:41:01.882000,1.07199,1.07196,4760000,1000000
2020-07-09 14:41:01.983000,1.07198,1.07196,3000000,1000000
2020-07-09 14:41:02.930000,1.07199,1.07196,4390000,1000000
2020-07-09 14:41:04.917000,1.07199,1.07198,3000000,1000000
2020-07-09 14:41:05.018000,1.072,1.07197,5100000,3190000
2020-07-09 14:41:05.170000,1.07199,1.07196,1950000,2440000
2020-07-09 14:41:05.524000,1.07199,1.07197,3450000,1000000
2020-07-09 14:41:05.676000,1.07199,1.07196,4950000,1250000
2020-07-09 14:41:06.484000,1.07199,1.07197,3750000,1000000
2020-07-09 14:41:06.585000,1.07199,1.07196,3750000,1250000
2020-07-09 14:41:12.650000,1.07197,1.07195,1000000,3190000
2020-07-09 14:41:12.801000,1.07197,1.07194,1000000,4690000
2020-07-09 14:41:13.003000,1.07196,1.07194,1570000,1250000
2020-07-09 14:41:14.080000,1.07194,1.07193,1000000,1250000
2020-07-09 14:41:14.132000,1.07191,1.0719,1000000,1120000
2020-07-09 14:41:14.233000,1.07192,1.0719,1000000,1690000
2020-07-09 14:41:15.180000,1.07192,1.07191,3000000,1000000
2020-07-09 14:41:15.231000,1.07194,1.07191,1500000,3640000
2020-07-09 14:41:15.333000,1.07193,1.07191,1000000,2440000
2020-07-09 14:41:16.044000,1.07192,1.07191,1000000,1000000
2020-07-09 14:41:16.145000,1.07193,1.07191,1570000,1000000
2020-07-09 14:41:16.933000,1.07193,1.0719,1570000,3940000
2020-07-09 14:41:17.299000,1.07192,1.0719,1000000,3940000
2020-07-09 14:41:17.401000,1.07193,1.0719,1570000,4690000
2020-07-09 14:41:18.214000,1.07192,1.0719,1000000,1250000
2020-07-09 14:41:18.315000,1.07193,1.0719,5320000,1690000
2020-07-09 14:41:19.447000,1.07194,1.07191,3750000,1500000
2020-07-09 14:41:20.527000,1.07193,1.07191,1000000,1500000
2020-07-09 14:41:22.019000,1.07194,1.07191,3750000,2500000
2020-07-09 14:41:24.395000,1.07193,1.07191,1000000,1250000
2020-07-09 14:41:24.648000,1.07194,1.07191,4390000,1000000
2020-07-09 14:41:24.800000,1.07192,1.07191,1000000,1000000
2020-07-09 14:41:24.901000,1.07192,1.0719,3750000,1250000
2020-07-09 14:41:25.003000,1.0719,1.07188,2250000,3000000
2020-07-09 14:41:25.104000,1.07189,1.07187,1100000,1690000
2020-07-09 14:41:25.206000,1.07193,1.0719,4860000,1500000
2020-07-09 14:41:27.879000,1.07192,1.07189,4200000,2060000
2020-07-09 14:41:31.490000,1.07193,1.0719,1000000,6260000
2020-07-09 14:41:31.591000,1.07193,1.07191,1000000,1000000
2020-07-09 14:41:31.920000,1.07192,1.0719,3750000,1690000
2020-07-09 14:41:32.122000,1.07193,1.0719,1000000,3190000
2020-07-09 14:41:32.531000,1.07192,1.0719,1000000,1690000
2020-07-09 14:41:34.899000,1.07193,1.0719,1760000,1000000
2020-07-09 14:41:35.001000,1.07193,1.0719,1570000,1750000
2020-07-09 14:41:36.586000,1.07192,1.0719,3000000,1750000
2020-07-09 14:41:36.777000,1.07193,1.0719,1500000,1750000
2020-07-09 14:41:38.222000,1.07192,1.0719,3000000,2500000
2020-07-09 14:41:41.318000,1.07194,1.07191,5700000,1250000
2020-07-09 14:41:41.961000,1.07194,1.07191,7200000,1250000
2020-07-09 14:41:42.369000,1.07193,1.07191,1200000,1250000
2020-07-09 14:41:42.471000,1.07192,1.07188,5100000,6250000
2020-07-09 14:41:42.572000,1.07192,1.07188,4950000,6700000
2020-07-09 14:41:42.725000,1.07192,1.07191,3000000,1500000
2020-07-09 14:41:42.844000,1.07194,1.07191,1500000,3250000
2020-07-09 14:41:42.958000,1.07195,1.07192,1000000,1250000
2020-07-09 14:41:43.312000,1.07196,1.07192,2250000,2500000
2020-07-09 14:41:43.413000,1.07196,1.07192,2250000,1250000
2020-07-09 14:41:44.078000,1.07196,1.07194,1500000,1250000
2020-07-09 14:41:44.179000,1.07196,1.07192,1500000,2500000
2020-07-09 14:41:45.491000,1.07194,1.07192,1600000,1250000
2020-07-09 14:41:45.643000,1.07195,1.07192,1000000,1250000
2020-07-09 14:41:45.694000,1.07196,1.07194,1500000,1250000
2020-07-09 14:41:45.745000,1.07198,1.07197,1500000,1500000
2020-07-09 14:41:45.846000,1.07199,1.07198,1000000,1000000
2020-07-09 14:41:45.947000,1.07202,1.07199,1200000,1250000
2020-07-09 14:41:46.049000,1.07202,1.07201,1950000,1250000
2020-07-09 14:41:46.251000,1.07202,1.07199,3640000,4500000
