time,ask,bid,ask_volume,bid_volume
2019-11-27 13:25:06.292000,1.09174,1.09172,3260000,1000000
2019-11-27 13:25:08.833000,1.09173,1.09171,1000000,3560000
2019-11-27 13:25:14.930000,1.09174,1.09172,4090000,1000000
2019-11-27 13:25:15.699000,1.09174,1.09172,2890000,1000000
2019-11-27 13:25:15.801000,1.09174,1.09173,1250000,1000000
2019-11-27 13:25:20.826000,1.09175,1.09174,1310000,1000000
2019-11-27 13:25:27.007000,1.09176,1.09174,2960000,1250000
2019-11-27 13:25:31.311000,1.09176,1.09174,1000000,2200000
2019-11-27 13:25:32.345000,1.09177,1.09174,1690000,4570000
2019-11-27 13:25:32.446000,1.09177,1.09174,1500000,5320000
2019-11-27 13:25:33.632000,1.09177,1.09174,2440000,5320000
2019-11-27 13:25:33.734000,1.09174,1.09172,1000000,3820000
2019-11-27 13:25:33.784000,1.09175,1.09173,2810000,1000000
2019-11-27 13:25:35.747000,1.09177,1.09175,1870000,3700000
2019-11-27 13:25:35.899000,1.09176,1.09175,1000000,1250000
2019-11-27 13:25:36.001000,1.09176,1.09174,1500000,2250000
2019-11-27 13:25:36.256000,1.09175,1.09173,2250000,1000000
2019-11-27 13:25:36.357000,1.09175,1.09172,3260000,2060000
2019-11-27 13:25:36.459000,1.09174,1.09172,2440000,1870000
2019-11-27 13:25:36.846000,1.09173,1.09172,1000000,1500000
2019-11-27 13:25:36.947000,1.09173,1.09171,2620000,1310000
2019-11-27 13:25:37.372000,1.09173,1.0917,3340000,1310000
2019-11-27 13:25:37.474000,1.09171,1.09169,2250000,2120000
2019-11-27 13:25:37.676000,1.09172,1.09169,2620000,2870000
2019-11-27 13:25:56.968000,1.0917,1.09169,1250000,1870000
2019-11-27 13:25:57.071000,1.09171,1.09169,1500000,2060000
2019-11-27 13:25:57.172000,1.09171,1.09169,1000000,2120000
2019-11-27 13:25:57.273000,1.09172,1.09169,2620000,2120000
2019-11-27 13:26:01.258000,1.09172,1.0917,1870000,2200000
2019-11-27 13:26:07.218000,1.09174,1.09172,2700000,1370000
2019-11-27 13:26:07.320000,1.09173,1.09171,1000000,3310000
2019-11-27 13:26:07.472000,1.09173,1.09171,1500000,2810000
2019-11-27 13:26:09.854000,1.09174,1.09173,1100000,1250000
2019-11-27 13:26:09.949000,1.09176,1.09174,1500000,2500000
2019-11-27 13:26:10.100000,1.09177,1.09174,1500000,3370000
2019-11-27 13:26:10.529000,1.09176,1.09174,1500000,1870000
2019-11-27 13:26:11.062000,1.09176,1.09174,1000000,6450000
2019-11-27 13:26:11.567000,1.09176,1.09174,2440000,3310000
2019-11-27 13:26:12.376000,1.09176,1.09174,2440000,2440000
2019-11-27 13:26:12.832000,1.09177,1.09175,2440000,2120000
2019-11-27 13:26:12.934000,1.09176,1.09174,2500000,1690000
2019-11-27 13:26:13.036000,1.09175,1.09173,1690000,1310000
2019-11-27 13:26:13.181000,1.09174,1.09172,1000000,4270000
2019-11-27 13:26:14.474000,1.09175,1.09173,1500000,2620000
2019-11-27 13:26:20.134000,1.09175,1.09173,1000000,2810000
2019-11-27 13:26:22.077000,1.09174,1.09173,1500000,1310000
2019-11-27 13:26:23.071000,1.09174,1.09172,1000000,1310000
2019-11-27 13:26:23.369000,1.09174,1.09173,1000000,1000000
2019-11-27 13:26:23.995000,1.09175,1.09174,1000000,1000000
2019-11-27 13:26:27.835000,1.09176,1.09174,2250000,1120000
2019-11-27 13:26:28.025000,1.09175,1.09174,1000000,1120000
2019-11-27 13:26:28.127000,1.09176,1.09174,1000000,4870000
2019-11-27 13:26:28.280000,1.09177,1.09174,2250000,4570000
2019-11-27 13:26:28.647000,1.09176,1.09174,1000000,3010000
2019-11-27 13:26:28.749000,1.09176,1.09174,1500000,2060000
2019-11-27 13:26:33.202000,1.09176,1.09174,1000000,3620000
2019-11-27 13:26:33.405000,1.09176,1.09174,1000000,3560000
2019-11-27 13:26:42.178000,1.09175,1.09174,1000000,1310000
2019-11-27 13:26:42.280000,1.09176,1.09174,1000000,1820000
2019-11-27 13:26:43.784000,1.09175,1.09174,1000000,2440000
2019-11-27 13:26:44.400000,1.09175,1.09174,1000000,2060000
2019-11-27 13:26:44.502000,1.09174,1.09172,1000000,2710000
2019-11-27 13:26:44.618000,1.09173,1.09171,1000000,4210000
2019-11-27 13:26:44.719000,1.09174,1.09172,1690000,1760000
2019-11-27 13:26:45.697000,1.09174,1.09172,1690000,2260000
2019-11-27 13:26:47.816000,1.09175,1.09173,1690000,1310000
2019-11-27 13:26:47.917000,1.09175,1.09174,1690000,1000000
2019-11-27 13:26:49.418000,1.09176,1.09174,1500000,1370000
2019-11-27 13:26:49.469000,1.09174,1.09172,1250000,5640000
2019-11-27 13:26:50.536000,1.09174,1.09172,1000000,2440000
2019-11-27 13:26:52.267000,1.09173,1.09172,1000000,1870000
2019-11-27 13:26:55.392000,1.09172,1.09171,1000000,1690000
2019-11-27 13:26:56.310000,1.09172,1.09171,1000000,1310000
2019-11-27 13:26:58.436000,1.09173,1.09172,1500000,1000000
2019-11-27 13:26:58.650000,1.09172,1.09171,1000000,1310000
2019-11-27 13:27:04.590000,1.09172,1.0917,1000000,2440000
2019-11-27 13:27:06.876000,1.09171,1.09168,1500000,7120000
2019-11-27 13:27:06.978000,1.09169,1.09168,1690000,1000000
2019-11-27 13:27:07.029000,1.09169,1.09167,2440000,2060000
2019-11-27 13:27:07.181000,1.09168,1.09167,1000000,2060000
2019-11-27 13:27:07.333000,1.09169,1.09167,3260000,2560000
2019-11-27 13:27:07.729000,1.09169,1.09167,1690000,2370000
2019-11-27 13:27:09.642000,1.09167,1.09166,1250000,1500000
2019-11-27 13:27:09.693000,1.09166,1.09165,1500000,1000000
2019-11-27 13:27:09.744000,1.09166,1.09163,1250000,2510000
2019-11-27 13:27:09.845000,1.09165,1.09163,1000000,1760000
2019-11-27 13:27:10.836000,1.09166,1.09164,2140000,1000000
2019-11-27 13:27:11.716000,1.09166,1.09164,1010000,1620000
2019-11-27 13:27:11.817000,1.09165,1.09164,1000000,1500000
2019-11-27 13:27:12.754000,1.09165,1.09164,1000000,1500000
2019-11-27 13:27:19.749000,1.09166,1.09164,3190000,1620000
2019-11-27 13:27:20.363000,1.09165,1.09163,2440000,1700000
2019-11-27 13:27:20.464000,1.09164,1.09163,1010000,1500000
2019-11-27 13:27:20.566000,1.09164,1.09162,1250000,6820000
2019-11-27 13:27:20.667000,1.09165,1.09163,1820000,1870000
2019-11-27 13:27:20.801000,1.09165,1.09163,1250000,3620000
2019-11-27 13:27:24.805000,1.09166,1.09164,2320000,1500000
2019-11-27 13:27:27.802000,1.09165,1.09164,1000000,2250000
2019-11-27 13:27:29.913000,1.09166,1.09164,2700000,1500000
2019-11-27 13:27:31.027000,1.09165,1.09164,1000000,2060000
2019-11-27 13:27:31.805000,1.09166,1.09164,2700000,1310000
2019-11-27 13:27:35.753000,1.09165,1.09164,1000000,1310000
2019-11-27 13:27:45.476000,1.09163,1.09161,1690000,1250000
2019-11-27 13:27:45.593000,1.09162,1.0916,1500000,2250000
2019-11-27 13:27:45.695000,1.09161,1.0916,1000000,1000000
2019-11-27 13:27:45.796000,1.09161,1.09159,1690000,2620000
2019-11-27 13:27:45.926000,1.0916,1.09159,1000000,2620000
2019-11-27 13:27:58.958000,1.0916,1.09157,4520000,4060000
2019-11-27 13:28:00.963000,1.09159,1.09157,1690000,2060000
2019-11-27 13:28:01.083000,1.09157,1.09154,3190000,2260000
2019-11-27 13:28:01.184000,1.09157,1.09155,3660000,1000000
2019-11-27 13:28:01.387000,1.09156,1.09153,2440000,2060000
2019-11-27 13:28:02.039000,1.09157,1.09155,5140000,1000000
2019-11-27 13:28:04.144000,1.09157,1.09155,1500000,2620000
2019-11-27 13:28:04.971000,1.09158,1.09156,2440000,2440000
2019-11-27 13:28:05.072000,1.09157,1.09154,3640000,3310000
2019-11-27 13:28:05.174000,1.09155,1.09153,1500000,2370000
2019-11-27 13:28:06.122000,1.09155,1.09153,1500000,2250000
2019-11-27 13:28:07.135000,1.09155,1.09153,1500000,2370000
2019-11-27 13:28:08.126000,1.09155,1.09153,1500000,2250000
2019-11-27 13:28:08.593000,1.09156,1.09153,4760000,2250000
2019-11-27 13:28:08.799000,1.09155,1.09153,1000000,2250000
2019-11-27 13:28:11.138000,1.09155,1.09153,1500000,1620000
2019-11-27 13:28:13.178000,1.09155,1.09153,1500000,1120000
2019-11-27 13:28:15.156000,1.09155,1.09153,1500000,1620000
2019-11-27 13:28:18.185000,1.09155,1.09153,1500000,1500000
2019-11-27 13:28:19.179000,1.09155,1.09153,1500000,1620000
2019-11-27 13:28:26.203000,1.09155,1.09153,1000000,1500000
2019-11-27 13:28:27.204000,1.09155,1.09153,1000000,1620000
2019-11-27 13:28:28.211000,1.09155,1.09153,1000000,1120000
2019-11-27 13:28:28.312000,1.09154,1.09153,1000000,1120000
2019-11-27 13:28:28.554000,1.09155,1.09153,1500000,1120000
2019-11-27 13:28:44.068000,1.09155,1.09154,1500000,1000000
2019-11-27 13:28:44.988000,1.09155,1.09153,1500000,2440000
2019-11-27 13:28:45.647000,1.09155,1.09154,1500000,1000000
2019-11-27 13:29:00.075000,1.09156,1.09155,2250000,1250000
2019-11-27 13:29:00.227000,1.09156,1.09155,1500000,1120000
2019-11-27 13:29:02.051000,1.09156,1.09154,2500000,1950000
2019-11-27 13:29:02.153000,1.09156,1.09153,1200000,2500000
2019-11-27 13:29:02.561000,1.09157,1.09154,3850000,1690000
2019-11-27 13:29:22.749000,1.09157,1.09154,1310000,1370000
2019-11-27 13:29:22.850000,1.09157,1.09154,1370000,2060000
2019-11-27 13:29:29.021000,1.09158,1.09155,4060000,1250000
2019-11-27 13:29:29.122000,1.09158,1.09155,3190000,1250000
2019-11-27 13:29:30.094000,1.09156,1.09155,1000000,2440000
2019-11-27 13:29:30.195000,1.09159,1.09155,1000000,2810000
2019-11-27 13:29:30.370000,1.0916,1.09155,3940000,3560000
2019-11-27 13:29:34.434000,1.09159,1.09155,1500000,1000000
2019-11-27 13:29:35.099000,1.0916,1.09155,2250000,1000000
2019-11-27 13:29:35.803000,1.09159,1.09155,1500000,1000000
2019-11-27 13:29:37.491000,1.09158,1.09155,1500000,1000000
2019-11-27 13:29:38.155000,1.0916,1.09155,2250000,1000000
2019-11-27 13:29:38.307000,1.09159,1.09155,1500000,1000000
2019-11-27 13:29:38.519000,1.0916,1.09155,2250000,1000000
2019-11-27 13:29:40.165000,1.09158,1.09155,1500000,1000000
2019-11-27 13:29:41.392000,1.09159,1.09155,1500000,1000000
2019-11-27 13:29:41.776000,1.09159,1.09154,2250000,1000000
2019-11-27 13:29:42.035000,1.09158,1.09154,1500000,1500000
2019-11-27 13:29:42.938000,1.09159,1.09155,1000000,1000000
2019-11-27 13:29:43.039000,1.09158,1.09154,1500000,1500000
2019-11-27 13:29:44.586000,1.09158,1.09156,1500000,1000000
2019-11-27 13:29:44.687000,1.09158,1.09155,1500000,1000000
2019-11-27 13:29:45.041000,1.09159,1.09155,1000000,1000000
2019-11-27 13:29:45.092000,1.09161,1.09155,4200000,1000000
2019-11-27 13:29:45.214000,1.0916,1.09154,1000000,2250000
2019-11-27 13:29:46.112000,1.0916,1.09158,1500000,1000000
2019-11-27 13:29:46.264000,1.09162,1.09158,2600000,1000000
2019-11-27 13:29:46.315000,1.09163,1.09158,3070000,1500000
2019-11-27 13:29:46.416000,1.09163,1.0916,1000000,1000000
2019-11-27 13:29:46.519000,1.09164,1.0916,1000000,1500000
2019-11-27 13:29:46.639000,1.09163,1.09159,1000000,1000000
2019-11-27 13:29:47.873000,1.09164,1.09159,1570000,1500000
2019-11-27 13:29:48.355000,1.09163,1.09159,1000000,1000000
2019-11-27 13:29:48.661000,1.09163,1.09158,1000000,1000000
2019-11-27 13:29:50.007000,1.09163,1.09156,1000000,2700000
2019-11-27 13:29:50.058000,1.09166,1.09156,2250000,2250000
2019-11-27 13:29:50.159000,1.09167,1.09156,1200000,2250000
2019-11-27 13:29:50.210000,1.09168,1.09159,3000000,1000000
2019-11-27 13:29:50.320000,1.09168,1.09162,3000000,1000000
2019-11-27 13:29:50.528000,1.09169,1.09162,1500000,1870000
2019-11-27 13:29:50.579000,1.09173,1.09162,1000000,1870000
2019-11-27 13:29:54.755000,1.0918,1.09168,1700000,1000000
2019-11-27 13:29:54.856000,1.09179,1.09168,1000000,2250000
2019-11-27 13:29:57.730000,1.09181,1.09168,1500000,3000000
2019-11-27 13:29:57.780000,1.09179,1.09169,1000000,1000000
2019-11-27 13:29:57.882000,1.09179,1.09169,1200000,1000000
2019-11-27 13:29:58.151000,1.09179,1.09169,1000000,1000000
2019-11-27 13:29:58.441000,1.09179,1.09168,1000000,1500000
2019-11-27 13:29:58.980000,1.09181,1.09168,2250000,3000000
2019-11-27 13:29:59.031000,1.09175,1.09168,1500000,2250000
2019-11-27 13:29:59.246000,1.09176,1.09168,1000000,1000000
2019-11-27 13:29:59.507000,1.09174,1.09167,1000000,1500000
2019-11-27 13:29:59.558000,1.09174,1.09162,1200000,3750000
2019-11-27 13:29:59.660000,1.09174,1.09161,1200000,3000000
2019-11-27 13:29:59.762000,1.09174,1.09162,1000000,1500000
2019-11-27 13:30:00.161000,1.09201,1.09186,1000000,1000000
2019-11-27 13:30:00.212000,1.09191,1.09183,1000000,1000000
2019-11-27 13:30:00.313000,1.09197,1.09188,1000000,1000000
2019-11-27 13:30:00.415000,1.09197,1.09185,1000000,1500000
2019-11-27 13:30:00.516000,1.09201,1.09187,1000000,1000000
2019-11-27 13:30:00.622000,1.092,1.09186,1000000,1000000
2019-11-27 13:30:00.673000,1.09195,1.09184,1400000,1000000
2019-11-27 13:30:00.774000,1.09197,1.09185,1000000,2250000
2019-11-27 13:30:00.875000,1.09197,1.09187,1000000,1000000
2019-11-27 13:30:00.977000,1.09199,1.0919,3000000,1000000
2019-11-27 13:30:01.078000,1.09202,1.09189,2360000,1000000
2019-11-27 13:30:01.227000,1.09197,1.09187,1000000,1000000
2019-11-27 13:30:01.278000,1.09196,1.09182,1000000,1500000
2019-11-27 13:30:01.329000,1.09196,1.09186,1000000,1500000
2019-11-27 13:30:01.430000,1.09196,1.09187,1000000,1500000
2019-11-27 13:30:01.481000,1.09198,1.09187,2250000,1500000
2019-11-27 13:30:01.582000,1.09198,1.09186,2250000,1750000
2019-11-27 13:30:01.684000,1.09198,1.09186,2250000,1250000
2019-11-27 13:30:01.735000,1.09198,1.09186,2250000,1250000
2019-11-27 13:30:01.831000,1.09222,1.09206,1000000,1000000
2019-11-27 13:30:01.882000,1.09219,1.09209,2250000,1120000
2019-11-27 13:30:02.139000,1.09214,1.09212,1000000,1000000
2019-11-27 13:30:02.246000,1.09218,1.09208,1000000,1500000
2019-11-27 13:30:02.298000,1.09215,1.09209,1000000,1000000
2019-11-27 13:30:02.399000,1.09217,1.09208,1000000,1500000
2019-11-27 13:30:02.500000,1.09217,1.09207,1000000,1500000
2019-11-27 13:30:02.551000,1.09217,1.09205,1000000,1870000
2019-11-27 13:30:02.602000,1.09217,1.09207,2250000,1000000
2019-11-27 13:30:02.703000,1.09214,1.09204,2250000,1000000
2019-11-27 13:30:02.847000,1.09213,1.09204,1000000,1120000
2019-11-27 13:30:02.948000,1.09215,1.09205,1000000,1120000
2019-11-27 13:30:02.999000,1.09217,1.09207,1000000,1000000
2019-11-27 13:30:03.049000,1.0922,1.09205,2250000,3370000
2019-11-27 13:30:03.100000,1.09215,1.09208,1000000,1000000
2019-11-27 13:30:03.151000,1.09215,1.09205,1000000,4310000
2019-11-27 13:30:03.353000,1.09217,1.09206,1870000,2250000
2019-11-27 13:30:03.480000,1.09215,1.09206,1500000,1000000
2019-11-27 13:30:03.581000,1.09214,1.09205,1500000,1120000
2019-11-27 13:30:03.683000,1.09216,1.09206,1620000,1500000
2019-11-27 13:30:03.785000,1.09214,1.09205,1000000,1120000
2019-11-27 13:30:03.835000,1.09214,1.09208,1000000,1000000
2019-11-27 13:30:03.886000,1.09214,1.09204,2250000,1500000
2019-11-27 13:30:04.404000,1.09213,1.09204,1000000,1500000
2019-11-27 13:30:04.455000,1.09214,1.09202,1400000,3370000
2019-11-27 13:30:04.557000,1.09214,1.09203,1500000,1500000
2019-11-27 13:30:04.608000,1.09214,1.09201,3380000,1000000
2019-11-27 13:30:04.710000,1.09213,1.092,1000000,1500000
2019-11-27 13:30:05.210000,1.09211,1.092,1500000,1000000
2019-11-27 13:30:05.311000,1.09209,1.09199,1500000,1000000
2019-11-27 13:30:05.514000,1.09208,1.09196,1500000,1500000
2019-11-27 13:30:06.116000,1.09207,1.09196,1000000,1000000
2019-11-27 13:30:06.217000,1.09208,1.09196,1000000,1000000
2019-11-27 13:30:06.492000,1.09208,1.09198,1000000,1000000
2019-11-27 13:30:06.593000,1.09209,1.09199,1000000,1500000
2019-11-27 13:30:07.317000,1.09211,1.092,1500000,1000000
2019-11-27 13:30:07.418000,1.09214,1.092,3130000,1500000
2019-11-27 13:30:07.519000,1.09209,1.092,1000000,1500000
2019-11-27 13:30:07.570000,1.09212,1.092,1870000,1500000
2019-11-27 13:30:07.621000,1.09205,1.092,2620000,1500000
2019-11-27 13:30:07.672000,1.09214,1.092,4250000,2250000
2019-11-27 13:30:07.723000,1.09214,1.09202,3500000,1000000
2019-11-27 13:30:08.174000,1.09215,1.09205,1500000,1120000
2019-11-27 13:30:08.276000,1.09217,1.09205,3120000,1120000
2019-11-27 13:30:08.529000,1.09215,1.09208,1000000,1000000
2019-11-27 13:30:08.580000,1.09216,1.09206,1250000,1000000
2019-11-27 13:30:08.681000,1.09215,1.09205,1500000,1120000
2019-11-27 13:30:08.934000,1.09214,1.09205,1000000,1000000
2019-11-27 13:30:08.985000,1.09214,1.09208,1000000,1000000
2019-11-27 13:30:09.087000,1.09215,1.09211,1570000,1120000
2019-11-27 13:30:09.189000,1.09213,1.09204,1950000,1500000
2019-11-27 13:30:09.240000,1.09213,1.09204,3450000,1500000
2019-11-27 13:30:09.567000,1.09212,1.09204,1500000,1500000
2019-11-27 13:30:09.769000,1.09212,1.09204,2850000,1500000
2019-11-27 13:30:10.002000,1.09212,1.09204,2700000,1500000
2019-11-27 13:30:10.225000,1.0921,1.09205,1000000,1000000
2019-11-27 13:30:10.327000,1.09209,1.09203,1000000,1000000
2019-11-27 13:30:10.378000,1.09208,1.09201,1000000,2750000
2019-11-27 13:30:10.529000,1.09209,1.09201,1000000,1500000
2019-11-27 13:30:10.710000,1.09209,1.09202,1000000,1500000
2019-11-27 13:30:10.761000,1.09209,1.09204,1000000,1120000
2019-11-27 13:30:11.275000,1.09209,1.09205,1000000,1000000
2019-11-27 13:30:11.528000,1.0921,1.09205,1600000,1620000
2019-11-27 13:30:11.781000,1.09209,1.09205,1000000,1120000
2019-11-27 13:30:11.984000,1.09207,1.09203,1870000,1000000
2019-11-27 13:30:12.085000,1.09207,1.09202,3120000,1620000
2019-11-27 13:30:12.186000,1.09206,1.09201,3100000,1000000
2019-11-27 13:30:12.287000,1.09204,1.092,1000000,1120000
2019-11-27 13:30:12.660000,1.09205,1.092,1000000,1000000
2019-11-27 13:30:12.762000,1.09205,1.092,1000000,2250000
2019-11-27 13:30:12.863000,1.09205,1.092,1000000,1000000
2019-11-27 13:30:13.480000,1.09207,1.09202,1620000,1500000
2019-11-27 13:30:13.582000,1.0921,1.09206,2400000,1120000
2019-11-27 13:30:13.683000,1.09207,1.09204,1000000,1000000
2019-11-27 13:30:13.785000,1.09209,1.09207,1000000,1000000
2019-11-27 13:30:13.835000,1.09212,1.09207,2820000,1120000
2019-11-27 13:30:14.774000,1.09212,1.09206,1700000,1120000
2019-11-27 13:30:14.966000,1.09212,1.09206,1100000,2000000
2019-11-27 13:30:15.413000,1.09213,1.09207,2070000,2620000
2019-11-27 13:30:15.651000,1.09213,1.09209,1500000,1000000
2019-11-27 13:30:15.752000,1.09213,1.09208,1000000,1870000
2019-11-27 13:30:16.055000,1.09213,1.09208,1090000,1370000
2019-11-27 13:30:16.157000,1.09213,1.09208,1850000,3070000
2019-11-27 13:30:16.258000,1.09213,1.0921,1100000,4120000
2019-11-27 13:30:16.410000,1.09214,1.0921,1250000,4570000
2019-11-27 13:30:16.536000,1.09215,1.09211,2120000,1250000
2019-11-27 13:30:17.092000,1.09216,1.09212,1850000,1370000
2019-11-27 13:30:17.194000,1.09218,1.09214,1760000,1750000
2019-11-27 13:30:17.314000,1.09219,1.09216,2470000,1000000
2019-11-27 13:30:17.365000,1.09219,1.09214,1870000,1120000
2019-11-27 13:30:17.416000,1.09218,1.09214,1250000,1370000
2019-11-27 13:30:17.517000,1.09218,1.09214,1250000,1000000
2019-11-27 13:30:17.568000,1.09219,1.09214,1250000,1820000
2019-11-27 13:30:17.856000,1.09222,1.09218,1850000,1690000
2019-11-27 13:30:17.907000,1.09224,1.09223,1500000,1250000
2019-11-27 13:30:18.009000,1.09226,1.09222,1690000,1950000
2019-11-27 13:30:18.059000,1.09226,1.09223,1000000,2200000
2019-11-27 13:30:18.110000,1.09228,1.09225,2510000,1810000
2019-11-27 13:30:18.309000,1.09227,1.09223,1000000,4600000
2019-11-27 13:30:18.418000,1.09227,1.09223,1690000,2720000
2019-11-27 13:30:18.621000,1.09226,1.09223,3260000,1810000
2019-11-27 13:30:18.723000,1.09226,1.09222,1810000,1820000
2019-11-27 13:30:18.833000,1.09226,1.09221,2620000,2620000
2019-11-27 13:30:18.934000,1.09226,1.09222,1250000,1370000
2019-11-27 13:30:19.036000,1.09226,1.09222,1870000,1760000
2019-11-27 13:30:19.239000,1.09224,1.09221,1250000,1810000
2019-11-27 13:30:19.340000,1.09223,1.0922,1250000,1250000
2019-11-27 13:30:19.442000,1.09224,1.09219,3750000,3620000
2019-11-27 13:30:19.726000,1.09223,1.09219,1750000,1310000
2019-11-27 13:30:19.828000,1.09223,1.0922,1120000,2200000
2019-11-27 13:30:19.930000,1.09224,1.0922,1870000,1570000
2019-11-27 13:30:20.336000,1.09225,1.09223,1500000,1000000
2019-11-27 13:30:20.387000,1.09228,1.09226,3000000,1000000
2019-11-27 13:30:20.493000,1.09229,1.09227,1250000,1120000
2019-11-27 13:30:20.595000,1.09229,1.09227,1250000,1870000
2019-11-27 13:30:20.747000,1.09229,1.09227,1250000,1500000
2019-11-27 13:30:20.848000,1.09231,1.0923,2440000,1000000
2019-11-27 13:30:20.899000,1.0923,1.09229,1250000,1000000
2019-11-27 13:30:21.001000,1.09231,1.09229,1250000,1620000
2019-11-27 13:30:21.051000,1.0923,1.09228,1500000,1000000
2019-11-27 13:30:21.102000,1.09229,1.09226,1370000,1000000
2019-11-27 13:30:21.347000,1.0923,1.09228,1000000,1750000
2019-11-27 13:30:21.448000,1.09231,1.09228,1250000,2120000
2019-11-27 13:30:21.550000,1.0923,1.09227,1000000,1500000
2019-11-27 13:30:21.600000,1.09229,1.09226,1370000,1390000
2019-11-27 13:30:22.063000,1.09228,1.09226,1370000,1000000
2019-11-27 13:30:22.215000,1.09229,1.09226,1870000,1250000
2019-11-27 13:30:22.424000,1.09228,1.09226,2200000,1000000
2019-11-27 13:30:22.740000,1.09227,1.09224,2140000,1690000
2019-11-27 13:30:22.843000,1.09225,1.09223,2870000,1000000
2019-11-27 13:30:22.893000,1.09224,1.09221,4220000,2060000
2019-11-27 13:30:23.193000,1.09222,1.0922,1250000,1000000
2019-11-27 13:30:23.294000,1.09222,1.09219,1390000,1310000
2019-11-27 13:30:23.497000,1.09222,1.09219,1870000,1120000
2019-11-27 13:30:23.548000,1.0922,1.09218,1250000,1000000
2019-11-27 13:30:23.650000,1.09221,1.09218,1870000,1500000
2019-11-27 13:30:23.751000,1.09221,1.09219,1870000,1000000
2019-11-27 13:30:24.038000,1.09222,1.09219,1000000,1370000
2019-11-27 13:30:24.140000,1.09223,1.09219,3000000,1310000
2019-11-27 13:30:24.241000,1.09223,1.09219,3000000,1810000
2019-11-27 13:30:24.342000,1.09222,1.09219,1410000,1310000
2019-11-27 13:30:24.444000,1.09223,1.09219,3450000,1310000
2019-11-27 13:30:24.652000,1.09224,1.09221,1000000,2500000
2019-11-27 13:30:24.753000,1.09224,1.09221,1050000,1000000
2019-11-27 13:30:24.855000,1.09223,1.09219,1410000,1250000
2019-11-27 13:30:24.956000,1.09222,1.09218,1010000,3370000
2019-11-27 13:30:25.158000,1.09223,1.09219,1250000,2500000
2019-11-27 13:30:25.270000,1.09224,1.09219,3670000,2500000
2019-11-27 13:30:25.372000,1.09223,1.09219,2870000,1310000
2019-11-27 13:30:25.524000,1.09224,1.09218,6070000,3750000
2019-11-27 13:30:25.676000,1.09225,1.0922,1550000,3000000
2019-11-27 13:30:25.777000,1.09224,1.0922,1600000,1500000
2019-11-27 13:30:25.929000,1.09226,1.09222,1820000,3690000
2019-11-27 13:30:26.031000,1.09227,1.09225,1250000,1000000
2019-11-27 13:30:26.132000,1.09227,1.09224,1750000,1120000
2019-11-27 13:30:27.006000,1.09228,1.09224,2060000,3000000
2019-11-27 13:30:27.516000,1.09227,1.09223,1370000,4140000
2019-11-27 13:30:27.618000,1.09227,1.09223,1450000,3310000
2019-11-27 13:30:27.719000,1.09228,1.09226,1850000,1000000
2019-11-27 13:30:27.821000,1.09229,1.09226,3250000,1000000
2019-11-27 13:30:27.972000,1.09229,1.09225,3700000,1010000
2019-11-27 13:30:28.225000,1.09229,1.09227,1250000,1000000
2019-11-27 13:30:28.326000,1.09229,1.09226,1370000,1000000
2019-11-27 13:30:28.448000,1.09229,1.09225,2200000,2060000
2019-11-27 13:30:28.752000,1.09229,1.09227,1390000,1000000
2019-11-27 13:30:28.853000,1.09229,1.09227,1250000,1120000
2019-11-27 13:30:29.166000,1.09229,1.09228,1000000,1000000
2019-11-27 13:30:29.268000,1.09229,1.09227,1120000,1250000
2019-11-27 13:30:29.475000,1.0923,1.09228,1080000,2810000
2019-11-27 13:30:29.576000,1.09231,1.09228,2770000,3190000
2019-11-27 13:30:29.677000,1.09231,1.09229,1140000,1250000
2019-11-27 13:30:29.829000,1.09232,1.09229,1310000,1250000
2019-11-27 13:30:30.493000,1.09233,1.09229,1750000,1820000
2019-11-27 13:30:31.170000,1.09233,1.09229,1250000,2950000
2019-11-27 13:30:32.151000,1.09231,1.09229,1890000,2620000
2019-11-27 13:30:32.252000,1.09231,1.09229,1000000,2810000
2019-11-27 13:30:32.357000,1.09231,1.09229,1000000,4200000
2019-11-27 13:30:32.458000,1.09234,1.09231,3020000,1000000
2019-11-27 13:30:32.597000,1.09234,1.0923,3170000,1250000
2019-11-27 13:30:32.699000,1.09233,1.09231,1010000,1500000
2019-11-27 13:30:33.176000,1.09233,1.09231,1450000,1000000
2019-11-27 13:30:33.277000,1.09232,1.09229,1010000,2440000
2019-11-27 13:30:33.379000,1.09232,1.0923,1010000,1000000
2019-11-27 13:30:33.771000,1.09233,1.09229,3450000,1310000
2019-11-27 13:30:33.872000,1.09232,1.09229,1350000,1250000
2019-11-27 13:30:33.973000,1.09233,1.0923,2650000,1500000
2019-11-27 13:30:34.380000,1.09233,1.0923,1390000,1370000
2019-11-27 13:30:36.527000,1.09233,1.0923,1510000,1310000
2019-11-27 13:30:36.629000,1.09233,1.0923,1350000,4000000
2019-11-27 13:30:36.797000,1.09233,1.0923,1010000,4000000
2019-11-27 13:30:37.434000,1.09232,1.0923,1500000,1310000
2019-11-27 13:30:37.586000,1.09233,1.09231,2470000,1000000
2019-11-27 13:30:37.688000,1.09233,1.0923,2320000,1120000
2019-11-27 13:30:38.143000,1.09233,1.09229,3320000,3310000
2019-11-27 13:30:38.245000,1.09233,1.0923,2140000,2870000
2019-11-27 13:30:39.405000,1.09233,1.0923,1120000,1500000
2019-11-27 13:30:40.164000,1.09233,1.0923,1620000,1120000
2019-11-27 13:30:40.554000,1.09233,1.0923,1760000,1370000
2019-11-27 13:30:40.706000,1.09233,1.0923,2500000,1120000
2019-11-27 13:30:40.970000,1.09233,1.09232,1250000,1000000
2019-11-27 13:30:41.071000,1.09234,1.09232,2250000,1120000
2019-11-27 13:30:41.173000,1.09233,1.09231,1310000,1310000
2019-11-27 13:30:42.201000,1.09236,1.09234,1870000,2870000
2019-11-27 13:30:42.657000,1.09237,1.09234,2500000,4620000
2019-11-27 13:30:42.809000,1.09237,1.09234,4820000,3370000
2019-11-27 13:30:42.910000,1.09237,1.09234,4000000,3870000
2019-11-27 13:30:42.961000,1.09235,1.09233,2060000,1570000
2019-11-27 13:30:43.062000,1.09233,1.09232,1000000,1120000
2019-11-27 13:30:43.164000,1.09235,1.09234,1000000,1250000
2019-11-27 13:30:43.267000,1.09236,1.09234,2440000,1500000
2019-11-27 13:30:43.457000,1.09236,1.09234,1120000,1750000
2019-11-27 13:30:44.213000,1.09235,1.09233,2500000,3000000
2019-11-27 13:30:44.336000,1.09234,1.09231,2720000,2560000
2019-11-27 13:30:44.387000,1.09233,1.0923,1510000,2810000
2019-11-27 13:30:44.488000,1.09233,1.0923,1760000,2060000
2019-11-27 13:30:44.833000,1.09233,1.0923,1390000,4370000
2019-11-27 13:30:44.985000,1.09233,1.0923,2700000,2620000
2019-11-27 13:30:45.138000,1.09232,1.0923,2140000,1870000
2019-11-27 13:30:45.566000,1.09232,1.0923,2320000,2120000
2019-11-27 13:30:45.668000,1.09232,1.0923,2440000,1120000
2019-11-27 13:30:45.994000,1.0923,1.09229,1250000,1000000
2019-11-27 13:30:46.096000,1.09229,1.09226,1690000,4200000
2019-11-27 13:30:46.197000,1.09228,1.09226,1250000,3560000
2019-11-27 13:30:46.551000,1.09229,1.09226,1000000,4870000
2019-11-27 13:30:46.893000,1.09229,1.09227,1000000,1500000
2019-11-27 13:30:47.613000,1.09227,1.09226,1250000,1000000
2019-11-27 13:30:47.664000,1.09227,1.09224,1310000,3450000
2019-11-27 13:30:48.428000,1.09227,1.09224,3390000,1320000
2019-11-27 13:30:48.872000,1.09227,1.09224,1690000,1320000
2019-11-27 13:30:48.977000,1.09227,1.09224,2260000,1260000
2019-11-27 13:30:49.079000,1.09229,1.09226,2930000,1310000
2019-11-27 13:30:49.130000,1.09228,1.09226,1120000,1370000
2019-11-27 13:30:49.181000,1.0923,1.09229,3070000,1000000
2019-11-27 13:30:49.283000,1.09232,1.09229,5200000,1000000
2019-11-27 13:30:49.385000,1.09231,1.09228,2260000,2810000
2019-11-27 13:30:49.625000,1.0923,1.09228,2120000,1870000
2019-11-27 13:30:49.676000,1.09228,1.09226,1250000,1390000
2019-11-27 13:30:49.778000,1.09228,1.09226,1750000,1000000
2019-11-27 13:30:50.082000,1.09229,1.09226,1500000,2500000
2019-11-27 13:30:50.266000,1.09231,1.09228,1250000,4140000
2019-11-27 13:30:50.471000,1.09232,1.09229,1390000,1250000
2019-11-27 13:30:50.572000,1.09231,1.09229,1000000,1250000
2019-11-27 13:30:51.001000,1.0923,1.09228,2060000,1120000
2019-11-27 13:30:51.102000,1.09229,1.09226,1120000,3000000
2019-11-27 13:30:51.614000,1.0923,1.09228,1200000,1690000
2019-11-27 13:30:51.715000,1.09231,1.09229,3110000,1000000
2019-11-27 13:30:51.867000,1.09232,1.0923,3340000,1000000
2019-11-27 13:30:51.968000,1.09231,1.09229,1000000,3250000
2019-11-27 13:30:54.557000,1.0923,1.09228,2500000,3370000
2019-11-27 13:30:54.710000,1.09227,1.09225,1000000,3310000
2019-11-27 13:30:54.812000,1.09225,1.09224,1500000,3010000
2019-11-27 13:30:54.964000,1.09224,1.09222,1250000,3560000
2019-11-27 13:30:55.015000,1.09222,1.0922,2250000,1810000
2019-11-27 13:30:55.066000,1.09222,1.09218,6010000,1370000
2019-11-27 13:30:56.033000,1.09221,1.09218,2890000,1310000
2019-11-27 13:30:56.185000,1.09221,1.09218,2540000,1310000
2019-11-27 13:30:56.286000,1.09221,1.09218,3260000,1310000
2019-11-27 13:30:56.497000,1.0922,1.09218,1570000,1310000
2019-11-27 13:30:56.598000,1.09222,1.09221,1690000,1000000
2019-11-27 13:30:56.649000,1.09224,1.09223,1390000,1120000
2019-11-27 13:30:56.751000,1.09223,1.09222,1250000,2700000
2019-11-27 13:30:56.852000,1.09222,1.09221,2440000,2250000
2019-11-27 13:30:56.953000,1.09221,1.09219,1000000,1820000
2019-11-27 13:30:57.468000,1.09221,1.09218,2510000,2560000
2019-11-27 13:30:57.982000,1.09221,1.09218,4760000,1310000
2019-11-27 13:30:58.289000,1.09221,1.09218,4040000,1370000
2019-11-27 13:30:58.390000,1.09221,1.09218,1690000,1310000
2019-11-27 13:30:58.491000,1.09221,1.09218,1890000,1310000
2019-11-27 13:30:58.592000,1.09221,1.09218,2890000,1310000
2019-11-27 13:30:58.783000,1.09219,1.09217,1250000,1890000
2019-11-27 13:30:58.930000,1.09219,1.09217,1250000,1310000
2019-11-27 13:30:59.032000,1.09219,1.09217,1000000,1370000
2019-11-27 13:30:59.133000,1.09219,1.09217,1000000,1120000
2019-11-27 13:30:59.970000,1.09218,1.09217,1000000,1120000
2019-11-27 13:31:00.122000,1.09218,1.09216,1250000,3940000
2019-11-27 13:31:00.223000,1.09219,1.09217,3070000,1000000
2019-11-27 13:31:00.324000,1.0922,1.09217,2890000,3190000
2019-11-27 13:31:00.439000,1.0922,1.09217,3400000,3190000
2019-11-27 13:31:00.643000,1.09217,1.09216,1690000,1000000
2019-11-27 13:31:00.694000,1.09217,1.09214,1690000,3760000
2019-11-27 13:31:00.796000,1.09216,1.09214,1000000,3310000
2019-11-27 13:31:00.898000,1.09217,1.09216,1100000,1310000
2019-11-27 13:31:01.093000,1.09215,1.09213,1000000,1870000
2019-11-27 13:31:02.011000,1.09216,1.09214,1200000,3620000
2019-11-27 13:31:02.113000,1.09215,1.09213,1000000,1690000
2019-11-27 13:31:02.457000,1.09214,1.09212,1690000,1310000
2019-11-27 13:31:02.559000,1.09215,1.09212,3640000,2060000
2019-11-27 13:31:02.660000,1.09215,1.09213,3640000,1000000
2019-11-27 13:31:02.774000,1.09215,1.09212,2890000,2060000
2019-11-27 13:31:02.825000,1.09215,1.09214,1570000,1250000
2019-11-27 13:31:02.977000,1.09215,1.09213,1250000,1870000
2019-11-27 13:31:03.078000,1.09215,1.09214,1000000,1000000
2019-11-27 13:31:03.333000,1.09217,1.09216,1500000,1250000
2019-11-27 13:31:03.436000,1.09217,1.09215,2060000,1120000
2019-11-27 13:31:03.487000,1.09216,1.09213,1250000,2060000
2019-11-27 13:31:03.588000,1.09217,1.09215,4840000,1000000
2019-11-27 13:31:03.689000,1.09216,1.09214,1760000,1000000
2019-11-27 13:31:03.891000,1.09216,1.09213,1760000,2060000
2019-11-27 13:31:05.259000,1.09216,1.09213,3790000,1310000
2019-11-27 13:31:05.361000,1.09216,1.09213,4010000,1310000
2019-11-27 13:31:06.029000,1.09216,1.09212,4850000,1810000
2019-11-27 13:31:06.131000,1.09214,1.09212,1250000,1500000
2019-11-27 13:31:06.182000,1.09216,1.09214,3570000,1000000
2019-11-27 13:31:06.285000,1.09216,1.09214,1000000,1870000
2019-11-27 13:31:06.391000,1.09217,1.09215,1390000,2440000
2019-11-27 13:31:06.493000,1.09218,1.09216,1950000,2440000
2019-11-27 13:31:06.594000,1.09218,1.09217,1000000,1000000
2019-11-27 13:31:06.949000,1.09219,1.09217,1000000,1370000
2019-11-27 13:31:07.282000,1.0922,1.09219,1010000,1000000
2019-11-27 13:31:07.333000,1.09222,1.0922,5020000,1000000
2019-11-27 13:31:07.384000,1.09224,1.09222,1500000,1750000
2019-11-27 13:31:07.435000,1.09225,1.09224,1100000,1250000
2019-11-27 13:31:07.586000,1.09226,1.09224,1250000,1620000
2019-11-27 13:31:07.688000,1.09226,1.09224,1990000,1000000
2019-11-27 13:31:07.997000,1.09226,1.09223,2590000,1310000
2019-11-27 13:31:08.353000,1.09225,1.09223,1120000,1310000
2019-11-27 13:31:08.455000,1.09225,1.09222,4150000,1310000
2019-11-27 13:31:08.607000,1.09224,1.09223,1000000,1120000
2019-11-27 13:31:08.708000,1.09226,1.09223,3260000,2810000
2019-11-27 13:31:09.593000,1.09226,1.09223,1690000,3690000
2019-11-27 13:31:10.146000,1.09226,1.09225,1000000,1690000
2019-11-27 13:31:10.197000,1.0923,1.09229,1000000,1310000
2019-11-27 13:31:10.475000,1.09231,1.09229,1200000,1750000
2019-11-27 13:31:10.627000,1.09231,1.09229,1570000,1120000
2019-11-27 13:31:10.830000,1.09231,1.09228,2070000,3310000
2019-11-27 13:31:10.935000,1.09231,1.09228,1950000,5940000
2019-11-27 13:31:11.301000,1.0923,1.09229,1000000,1120000
2019-11-27 13:31:11.542000,1.09228,1.09226,1000000,2620000
2019-11-27 13:31:11.593000,1.0923,1.09228,2320000,1250000
2019-11-27 13:31:11.644000,1.09229,1.09226,4270000,4310000
2019-11-27 13:31:11.746000,1.09228,1.09225,2770000,2120000
2019-11-27 13:31:11.898000,1.09227,1.09224,1690000,1310000
2019-11-27 13:31:12.051000,1.09227,1.09226,1000000,1250000
2019-11-27 13:31:12.152000,1.09228,1.09226,1200000,1750000
2019-11-27 13:31:12.577000,1.09227,1.09224,1690000,5660000
2019-11-27 13:31:12.678000,1.09227,1.09224,2440000,3560000
2019-11-27 13:31:12.882000,1.09226,1.09224,1000000,2810000
2019-11-27 13:31:13.192000,1.09226,1.09223,1690000,3560000
2019-11-27 13:31:13.244000,1.09222,1.09221,1000000,5250000
2019-11-27 13:31:13.337000,1.09221,1.09218,1310000,5890000
2019-11-27 13:31:13.439000,1.0922,1.09218,1000000,2810000
2019-11-27 13:31:13.743000,1.09222,1.09219,1950000,1250000
2019-11-27 13:31:13.794000,1.09221,1.09218,2440000,1690000
2019-11-27 13:31:13.895000,1.09221,1.09217,2940000,2950000
2019-11-27 13:31:14.175000,1.09221,1.09217,3190000,3320000
2019-11-27 13:31:14.277000,1.09222,1.09219,1500000,2500000
2019-11-27 13:31:14.328000,1.09221,1.09218,2190000,1510000
2019-11-27 13:31:14.429000,1.09221,1.09217,2940000,4570000
2019-11-27 13:31:14.532000,1.09221,1.09217,3190000,4200000
2019-11-27 13:31:14.633000,1.09221,1.09219,2440000,1000000
2019-11-27 13:31:14.734000,1.09221,1.09218,3190000,1310000
2019-11-27 13:31:15.460000,1.09222,1.0922,2250000,1250000
2019-11-27 13:31:15.561000,1.09221,1.09219,1000000,1120000
2019-11-27 13:31:17.424000,1.09222,1.09221,1200000,1000000
2019-11-27 13:31:17.475000,1.09224,1.09222,2140000,1000000
2019-11-27 13:31:17.576000,1.09224,1.09223,1250000,1500000
2019-11-27 13:31:17.677000,1.09225,1.09223,1760000,1500000
2019-11-27 13:31:17.779000,1.09226,1.09224,1690000,1000000
2019-11-27 13:31:18.032000,1.09224,1.09223,1250000,1120000
2019-11-27 13:31:18.133000,1.09225,1.09223,3250000,1120000
2019-11-27 13:31:18.366000,1.09225,1.09223,1000000,1250000
2019-11-27 13:31:18.471000,1.09226,1.09223,3940000,1250000
2019-11-27 13:31:19.297000,1.09226,1.09223,3190000,2560000
2019-11-27 13:31:20.264000,1.09226,1.09223,1690000,1310000
2019-11-27 13:31:20.386000,1.09226,1.09223,1250000,3310000
2019-11-27 13:31:23.117000,1.0923,1.09228,5290000,1500000
2019-11-27 13:31:23.219000,1.09231,1.09229,1000000,3620000
2019-11-27 13:31:24.038000,1.09232,1.0923,1310000,1310000
2019-11-27 13:31:25.753000,1.09231,1.09229,1000000,1750000
2019-11-27 13:31:26.768000,1.09232,1.09229,1500000,3000000
2019-11-27 13:31:26.920000,1.0923,1.09228,1000000,3820000
2019-11-27 13:31:27.021000,1.09226,1.09224,1870000,3100000
2019-11-27 13:31:27.274000,1.09226,1.09224,2500000,1390000
2019-11-27 13:31:27.426000,1.09225,1.09224,1000000,1120000
2019-11-27 13:31:28.037000,1.09225,1.09223,1000000,2810000
2019-11-27 13:31:28.239000,1.09225,1.09223,1000000,4060000
2019-11-27 13:31:28.391000,1.09225,1.09223,1000000,3560000
2019-11-27 13:31:28.543000,1.09225,1.09224,1000000,1000000
2019-11-27 13:31:28.644000,1.09225,1.09223,1000000,2810000
2019-11-27 13:31:28.856000,1.09224,1.09222,2250000,3250000
2019-11-27 13:31:28.957000,1.09224,1.09222,1000000,4310000
2019-11-27 13:31:29.060000,1.09224,1.09222,1000000,4750000
2019-11-27 13:31:29.162000,1.09223,1.09221,2060000,1250000
2019-11-27 13:31:29.263000,1.09221,1.0922,1000000,1250000
2019-11-27 13:31:29.364000,1.09222,1.0922,1200000,1750000
2019-11-27 13:31:29.617000,1.09223,1.09222,1200000,1000000
2019-11-27 13:31:29.759000,1.09225,1.09223,1910000,1500000
2019-11-27 13:31:30.656000,1.09228,1.09226,10310000,2390000
2019-11-27 13:31:30.736000,1.0923,1.09229,1250000,1000000
2019-11-27 13:31:30.838000,1.09231,1.09229,2250000,1000000
2019-11-27 13:31:31.040000,1.09229,1.09228,2440000,2700000
2019-11-27 13:31:31.142000,1.09227,1.09226,1500000,1250000
2019-11-27 13:31:31.831000,1.09226,1.09225,1120000,1250000
2019-11-27 13:31:32.084000,1.09226,1.09224,2660000,1120000
2019-11-27 13:31:32.185000,1.09223,1.09221,2250000,2250000
2019-11-27 13:31:32.241000,1.09221,1.09219,1500000,1570000
2019-11-27 13:31:32.393000,1.09221,1.0922,1690000,1000000
2019-11-27 13:31:32.495000,1.09221,1.09219,1690000,1100000
2019-11-27 13:31:33.198000,1.0922,1.09219,1000000,2320000
2019-11-27 13:31:33.504000,1.09221,1.0922,1310000,1000000
2019-11-27 13:31:33.764000,1.09221,1.0922,1000000,1250000
2019-11-27 13:31:33.865000,1.09221,1.0922,2440000,1000000
2019-11-27 13:31:34.036000,1.0922,1.09219,1000000,1000000
2019-11-27 13:31:34.391000,1.09221,1.09219,4390000,1000000
2019-11-27 13:31:34.492000,1.0922,1.09219,1690000,1000000
2019-11-27 13:31:35.783000,1.0922,1.09218,1690000,1500000
2019-11-27 13:31:35.949000,1.0922,1.09219,1690000,1000000
2019-11-27 13:31:37.700000,1.0922,1.09218,2870000,1000000
2019-11-27 13:31:37.802000,1.09221,1.09219,1200000,1690000
2019-11-27 13:31:41.232000,1.09221,1.09219,2810000,1000000
2019-11-27 13:31:41.817000,1.09221,1.09219,2810000,1000000
2019-11-27 13:31:43.728000,1.09221,1.09218,3560000,1250000
2019-11-27 13:31:43.890000,1.09221,1.09219,3560000,1000000
2019-11-27 13:31:43.992000,1.09221,1.09218,3560000,1250000
2019-11-27 13:31:44.737000,1.09218,1.09217,1690000,1100000
2019-11-27 13:31:44.788000,1.09217,1.09216,3000000,1250000
2019-11-27 13:31:44.890000,1.09217,1.09216,2250000,1000000
2019-11-27 13:31:45.149000,1.09216,1.09215,1000000,1120000
2019-11-27 13:31:45.253000,1.09216,1.09214,1500000,1250000
2019-11-27 13:31:45.456000,1.09216,1.09213,3940000,2060000
2019-11-27 13:31:45.608000,1.09216,1.09213,4000000,1870000
2019-11-27 13:31:45.799000,1.09216,1.09214,4000000,1000000
2019-11-27 13:31:45.900000,1.09216,1.09213,4820000,1500000
2019-11-27 13:31:46.204000,1.09217,1.09216,4200000,1690000
2019-11-27 13:31:46.255000,1.09219,1.09217,2440000,2810000
2019-11-27 13:31:46.357000,1.0922,1.09218,1000000,1310000
2019-11-27 13:31:47.264000,1.09222,1.0922,3450000,1250000
2019-11-27 13:31:47.317000,1.09226,1.09223,2540000,2120000
2019-11-27 13:31:47.418000,1.09226,1.09223,1310000,2120000
2019-11-27 13:31:51.006000,1.09227,1.09225,4270000,1250000
2019-11-27 13:31:51.057000,1.09228,1.09226,3940000,1450000
2019-11-27 13:31:51.206000,1.09232,1.09229,4450000,1200000
2019-11-27 13:31:51.409000,1.09231,1.09228,3420000,1970000
2019-11-27 13:31:51.511000,1.09229,1.09227,1250000,1950000
2019-11-27 13:31:51.663000,1.09228,1.09225,1690000,4450000
2019-11-27 13:31:52.418000,1.09227,1.09225,1000000,2120000
2019-11-27 13:31:52.949000,1.09228,1.09227,1000000,1000000
2019-11-27 13:31:53.050000,1.09228,1.09226,1500000,1000000
2019-11-27 13:31:53.152000,1.09228,1.09225,1500000,2620000
2019-11-27 13:31:54.960000,1.09227,1.09225,1000000,1000000
2019-11-27 13:31:55.618000,1.09227,1.09224,1120000,2770000
2019-11-27 13:31:55.931000,1.09227,1.09224,1310000,3770000
2019-11-27 13:31:56.972000,1.09227,1.09225,1870000,1250000
2019-11-27 13:31:59.024000,1.09228,1.09225,3470000,1760000
2019-11-27 13:31:59.177000,1.09228,1.09227,1500000,1500000
2019-11-27 13:31:59.325000,1.09227,1.09224,2620000,2720000
2019-11-27 13:31:59.427000,1.09226,1.09223,1000000,2140000
2019-11-27 13:31:59.730000,1.09227,1.09223,2620000,2510000
2019-11-27 13:31:59.831000,1.09227,1.09223,2620000,3290000
2019-11-27 13:31:59.932000,1.09227,1.09223,2620000,2510000
2019-11-27 13:32:00.153000,1.09225,1.09223,2500000,1000000
2019-11-27 13:32:01.355000,1.09224,1.09222,1250000,1690000
2019-11-27 13:32:01.456000,1.09223,1.09222,1500000,5250000
2019-11-27 13:32:01.558000,1.09223,1.09221,3000000,1500000
2019-11-27 13:32:01.779000,1.09222,1.09221,1000000,1000000
2019-11-27 13:32:01.982000,1.09224,1.09222,3760000,2250000
2019-11-27 13:32:02.083000,1.09224,1.09223,1310000,1000000
2019-11-27 13:32:02.185000,1.09225,1.09223,1500000,1500000
2019-11-27 13:32:02.637000,1.09226,1.09223,3750000,2250000
2019-11-27 13:32:04.478000,1.09226,1.09224,2250000,1000000
2019-11-27 13:32:04.529000,1.09228,1.09227,1500000,1250000
2019-11-27 13:32:04.648000,1.09229,1.09228,1000000,1120000
2019-11-27 13:32:04.700000,1.09231,1.09228,2890000,5190000
2019-11-27 13:32:04.751000,1.09229,1.09228,1250000,1000000
2019-11-27 13:32:04.852000,1.09228,1.09226,1000000,1370000
2019-11-27 13:32:05.389000,1.09228,1.09226,2060000,1000000
2019-11-27 13:32:05.490000,1.09227,1.09225,2250000,1250000
2019-11-27 13:32:05.975000,1.09226,1.09225,1000000,1000000
2019-11-27 13:32:08.616000,1.09228,1.09226,1010000,1690000
2019-11-27 13:32:11.206000,1.09228,1.09227,1690000,1000000
2019-11-27 13:32:11.381000,1.09227,1.09226,1500000,1250000
2019-11-27 13:32:11.482000,1.09226,1.09225,1690000,1000000
2019-11-27 13:32:11.622000,1.09226,1.09224,1690000,1500000
2019-11-27 13:32:11.977000,1.09227,1.09225,4760000,1000000
2019-11-27 13:32:12.028000,1.09226,1.09224,1250000,1500000
2019-11-27 13:32:12.079000,1.09227,1.09226,1500000,1250000
2019-11-27 13:32:12.182000,1.09228,1.09226,1690000,2440000
2019-11-27 13:32:13.524000,1.09227,1.09226,1500000,1690000
2019-11-27 13:32:13.626000,1.09228,1.09226,1760000,1690000
2019-11-27 13:32:14.071000,1.09229,1.09227,1870000,2500000
2019-11-27 13:32:14.173000,1.09228,1.09226,2250000,2500000
2019-11-27 13:32:14.274000,1.09227,1.09225,1500000,2870000
2019-11-27 13:32:14.852000,1.09229,1.09227,2700000,1750000
2019-11-27 13:32:14.988000,1.0923,1.09228,2440000,3750000
2019-11-27 13:32:15.039000,1.09229,1.09227,2500000,1120000
2019-11-27 13:32:15.141000,1.09228,1.09226,1250000,4390000
2019-11-27 13:32:15.242000,1.09229,1.09228,1250000,1000000
2019-11-27 13:32:15.344000,1.0923,1.09229,3000000,1000000
2019-11-27 13:32:15.447000,1.09229,1.09228,1500000,1000000
2019-11-27 13:32:15.549000,1.09229,1.09227,2500000,1000000
2019-11-27 13:32:15.702000,1.09229,1.09227,2250000,1500000
2019-11-27 13:32:15.803000,1.09228,1.09226,1250000,2890000
2019-11-27 13:32:17.146000,1.09231,1.09229,3070000,1000000
2019-11-27 13:32:17.248000,1.09231,1.09228,2250000,6370000
2019-11-27 13:32:17.350000,1.09231,1.0923,2250000,1000000
2019-11-27 13:32:17.473000,1.09231,1.09228,2250000,4500000
2019-11-27 13:32:18.305000,1.09231,1.0923,1500000,1000000
2019-11-27 13:32:18.407000,1.09231,1.09229,1500000,1250000
2019-11-27 13:32:18.509000,1.09231,1.0923,1000000,1000000
2019-11-27 13:32:18.812000,1.09232,1.0923,3190000,1000000
2019-11-27 13:32:19.443000,1.09232,1.09229,3560000,2810000
2019-11-27 13:32:19.595000,1.09231,1.09229,1000000,2440000
2019-11-27 13:32:21.338000,1.09232,1.0923,2250000,1250000
2019-11-27 13:32:21.440000,1.09231,1.0923,1000000,1000000
2019-11-27 13:32:22.085000,1.09232,1.0923,2250000,1250000
2019-11-27 13:32:22.187000,1.09231,1.0923,1000000,1000000
2019-11-27 13:32:22.238000,1.09233,1.09232,1010000,1000000
2019-11-27 13:32:22.340000,1.09235,1.09233,1950000,1250000
2019-11-27 13:32:22.483000,1.09236,1.09234,1250000,3870000
2019-11-27 13:32:22.585000,1.09233,1.09232,1500000,3110000
2019-11-27 13:32:22.762000,1.09233,1.09231,2500000,2060000
2019-11-27 13:32:22.863000,1.09232,1.0923,1000000,1310000
2019-11-27 13:32:22.965000,1.09234,1.09232,4390000,1000000
2019-11-27 13:32:23.027000,1.09234,1.09233,3820000,1690000
2019-11-27 13:32:23.129000,1.09235,1.09234,1270000,2440000
2019-11-27 13:32:23.235000,1.09236,1.09235,1640000,1250000
2019-11-27 13:32:23.337000,1.09236,1.09235,1000000,1250000
2019-11-27 13:32:23.877000,1.09237,1.09236,1500000,1250000
2019-11-27 13:32:26.606000,1.09238,1.09236,1000000,2810000
2019-11-27 13:32:26.757000,1.09239,1.09236,5440000,5140000
2019-11-27 13:32:26.858000,1.09238,1.09236,1000000,2890000
2019-11-27 13:32:27.628000,1.09236,1.09235,1000000,1120000
2019-11-27 13:32:27.729000,1.09236,1.09235,1000000,1000000
2019-11-27 13:32:28.177000,1.09237,1.09235,2810000,1000000
2019-11-27 13:32:28.325000,1.09236,1.09235,1000000,1000000
2019-11-27 13:32:30.707000,1.09237,1.09235,1250000,1120000
2019-11-27 13:32:31.165000,1.09237,1.09235,2500000,1120000
2019-11-27 13:32:31.267000,1.09234,1.09233,2440000,1500000
2019-11-27 13:32:31.318000,1.09234,1.09232,1000000,1310000
2019-11-27 13:32:31.741000,1.09234,1.09232,3700000,1120000
2019-11-27 13:32:31.873000,1.09233,1.09231,2140000,1310000
2019-11-27 13:32:32.177000,1.09233,1.09232,1200000,1000000
2019-11-27 13:32:32.380000,1.09233,1.09231,1250000,2810000
2019-11-27 13:32:32.481000,1.09234,1.09232,4160000,1000000
2019-11-27 13:32:32.620000,1.09234,1.09232,4010000,1000000
2019-11-27 13:32:33.191000,1.09234,1.09232,2540000,1000000
2019-11-27 13:32:33.658000,1.09233,1.09231,2140000,1310000
2019-11-27 13:32:34.353000,1.09233,1.09232,2140000,1000000
2019-11-27 13:32:34.505000,1.09233,1.09231,2440000,2060000
2019-11-27 13:32:34.656000,1.09232,1.09231,1500000,2060000
2019-11-27 13:32:34.798000,1.09233,1.09231,1000000,2120000
2019-11-27 13:32:34.949000,1.09234,1.09231,3260000,5680000
2019-11-27 13:32:35.298000,1.09233,1.09231,1000000,4180000
2019-11-27 13:32:35.673000,1.09234,1.09232,3640000,1310000
2019-11-27 13:32:36.371000,1.09233,1.09231,1000000,4180000
2019-11-27 13:32:37.172000,1.09234,1.09233,3940000,1000000
2019-11-27 13:32:37.324000,1.09234,1.09233,1000000,1500000
2019-11-27 13:32:37.426000,1.09235,1.09234,1310000,1000000
2019-11-27 13:32:37.530000,1.09235,1.09233,1250000,1120000
2019-11-27 13:32:38.147000,1.09234,1.09232,2570000,1120000
2019-11-27 13:32:38.401000,1.09233,1.09231,2140000,1310000
2019-11-27 13:32:40.910000,1.09233,1.09231,2060000,2260000
2019-11-27 13:32:41.063000,1.09234,1.09232,1120000,1740000
2019-11-27 13:32:41.555000,1.09234,1.09233,1000000,1000000
2019-11-27 13:32:41.757000,1.09234,1.09232,1000000,1740000
2019-11-27 13:32:41.859000,1.09234,1.09233,1000000,1000000
2019-11-27 13:32:41.968000,1.09236,1.09234,1690000,3800000
2019-11-27 13:32:42.070000,1.09236,1.09235,1000000,1000000
2019-11-27 13:32:42.323000,1.09236,1.09234,1000000,4740000
2019-11-27 13:32:42.525000,1.09236,1.09233,3370000,2380000
2019-11-27 13:32:42.634000,1.09236,1.09233,4370000,2300000
2019-11-27 13:32:43.552000,1.09234,1.09232,1250000,2680000
2019-11-27 13:32:43.704000,1.09235,1.09232,3700000,1870000
2019-11-27 13:32:43.907000,1.09233,1.09232,1250000,1120000
2019-11-27 13:32:44.008000,1.09233,1.09231,1250000,3990000
2019-11-27 13:32:44.417000,1.09232,1.09231,1000000,1250000
2019-11-27 13:32:48.332000,1.09231,1.0923,1250000,1570000
2019-11-27 13:32:48.383000,1.09229,1.09227,2440000,2660000
2019-11-27 13:32:48.484000,1.09229,1.09226,3700000,5510000
2019-11-27 13:32:49.719000,1.0923,1.09228,2500000,1950000
2019-11-27 13:32:49.821000,1.0923,1.09229,1000000,2140000
2019-11-27 13:32:50.228000,1.09231,1.0923,1870000,1000000
2019-11-27 13:32:50.329000,1.09232,1.0923,1950000,2200000
2019-11-27 13:32:50.970000,1.09233,1.09232,1950000,1500000
2019-11-27 13:32:51.125000,1.09233,1.09231,1690000,3640000
2019-11-27 13:32:52.088000,1.09233,1.09232,1010000,1000000
2019-11-27 13:32:53.014000,1.09233,1.09231,2510000,2440000
2019-11-27 13:32:54.024000,1.09234,1.09233,2440000,1200000
2019-11-27 13:32:54.125000,1.09235,1.09234,1250000,2700000
2019-11-27 13:32:54.817000,1.09236,1.09234,1000000,5320000
2019-11-27 13:32:54.968000,1.09236,1.09234,1000000,6600000
2019-11-27 13:32:55.070000,1.09236,1.09234,1500000,5770000
2019-11-27 13:32:55.171000,1.09236,1.09235,1000000,1120000
2019-11-27 13:32:55.635000,1.09235,1.09234,1500000,1000000
2019-11-27 13:32:55.736000,1.09235,1.09233,1500000,3010000
2019-11-27 13:32:56.763000,1.09235,1.09233,1690000,2320000
2019-11-27 13:32:57.181000,1.09234,1.09232,2440000,2140000
2019-11-27 13:32:58.189000,1.09234,1.09232,1000000,3760000
2019-11-27 13:32:58.291000,1.09234,1.09232,2440000,2140000
2019-11-27 13:32:59.476000,1.09233,1.09231,1000000,4200000
2019-11-27 13:33:00.183000,1.09232,1.0923,1500000,1950000
2019-11-27 13:33:00.285000,1.09236,1.09234,1250000,1950000
2019-11-27 13:33:00.401000,1.09236,1.09234,1500000,3700000
2019-11-27 13:33:00.757000,1.09237,1.09235,1000000,1370000
2019-11-27 13:33:00.877000,1.09237,1.09235,1120000,1760000
2019-11-27 13:33:01.424000,1.09237,1.09235,1120000,2570000
2019-11-27 13:33:03.098000,1.09238,1.09236,1690000,1310000
2019-11-27 13:33:03.302000,1.0924,1.09239,1570000,1500000
2019-11-27 13:33:03.404000,1.09242,1.0924,1120000,2950000
2019-11-27 13:33:03.505000,1.09241,1.09239,1500000,4670000
2019-11-27 13:33:03.606000,1.0924,1.09239,1120000,1120000
2019-11-27 13:33:04.185000,1.09242,1.0924,1000000,2200000
2019-11-27 13:33:04.287000,1.09243,1.0924,4690000,4570000
2019-11-27 13:33:04.423000,1.09242,1.0924,1000000,4570000
2019-11-27 13:33:04.524000,1.09243,1.0924,3560000,5060000
2019-11-27 13:33:04.625000,1.09242,1.0924,1000000,3560000
2019-11-27 13:33:04.777000,1.09241,1.09239,1000000,2810000
2019-11-27 13:33:04.979000,1.09241,1.0924,1000000,1000000
2019-11-27 13:33:05.336000,1.09241,1.09239,2060000,1120000
2019-11-27 13:33:05.438000,1.0924,1.09238,1000000,2890000
2019-11-27 13:33:05.693000,1.09239,1.09237,1690000,1810000
2019-11-27 13:33:05.794000,1.0924,1.09238,1000000,3250000
2019-11-27 13:33:05.946000,1.09239,1.09238,1250000,1200000
2019-11-27 13:33:06.047000,1.09238,1.09236,1500000,2650000
2019-11-27 13:33:08.273000,1.09237,1.09235,1000000,2200000
2019-11-27 13:33:08.375000,1.09238,1.09235,3750000,2200000
2019-11-27 13:33:09.038000,1.09237,1.09235,1250000,1390000
2019-11-27 13:33:09.140000,1.09236,1.09235,1120000,1120000
2019-11-27 13:33:09.241000,1.09238,1.09237,1390000,1500000
2019-11-27 13:33:09.343000,1.09238,1.09236,1250000,2140000
2019-11-27 13:33:09.524000,1.09237,1.09236,1000000,1120000
2019-11-27 13:33:09.625000,1.09237,1.09234,1500000,6760000
2019-11-27 13:33:11.527000,1.09238,1.09236,3820000,1250000
2019-11-27 13:33:11.628000,1.09237,1.09236,1000000,1100000
2019-11-27 13:33:13.406000,1.09238,1.09236,2890000,1870000
2019-11-27 13:33:14.861000,1.09238,1.09237,1250000,1000000
2019-11-27 13:33:15.114000,1.09239,1.09237,3190000,1570000
2019-11-27 13:33:15.653000,1.09242,1.0924,4760000,1570000
2019-11-27 13:33:15.755000,1.09242,1.0924,1950000,6500000
2019-11-27 13:33:16.240000,1.09243,1.0924,3450000,2950000
2019-11-27 13:33:16.341000,1.09242,1.0924,1000000,4540000
2019-11-27 13:33:19.426000,1.09243,1.09241,1500000,3640000
2019-11-27 13:33:22.665000,1.09244,1.09243,3000000,1250000
2019-11-27 13:33:22.717000,1.09247,1.09245,4950000,1570000
2019-11-27 13:33:22.819000,1.09245,1.09244,1250000,2620000
2019-11-27 13:33:22.920000,1.09247,1.09245,1950000,3250000
2019-11-27 13:33:23.079000,1.09246,1.09245,3000000,1000000
2019-11-27 13:33:23.180000,1.09246,1.09244,4370000,1500000
2019-11-27 13:33:23.534000,1.09245,1.09243,1750000,3450000
2019-11-27 13:33:24.047000,1.09244,1.09242,1250000,3640000
2019-11-27 13:33:25.596000,1.09245,1.09243,3620000,1000000
2019-11-27 13:33:26.740000,1.09245,1.09242,2870000,2140000
2019-11-27 13:33:26.943000,1.09245,1.09242,1120000,1820000
2019-11-27 13:33:27.044000,1.09246,1.09243,2810000,2060000
2019-11-27 13:33:27.095000,1.09246,1.09245,4200000,1250000
2019-11-27 13:33:27.197000,1.09246,1.09245,1000000,1310000
2019-11-27 13:33:27.308000,1.09246,1.09245,1000000,1310000
2019-11-27 13:33:27.512000,1.09246,1.09244,1500000,2810000
2019-11-27 13:33:28.384000,1.09245,1.09242,2440000,3840000
2019-11-27 13:33:28.536000,1.09245,1.09242,2810000,2890000
2019-11-27 13:33:29.122000,1.09245,1.09243,3620000,1000000
2019-11-27 13:33:29.223000,1.09245,1.09243,1000000,2890000
2019-11-27 13:33:29.325000,1.09246,1.09244,4390000,1750000
2019-11-27 13:33:29.477000,1.09246,1.09244,1870000,1750000
2019-11-27 13:33:29.578000,1.09246,1.09244,2810000,1250000
2019-11-27 13:33:29.743000,1.09246,1.09244,2620000,1250000
2019-11-27 13:33:29.846000,1.09246,1.09243,2810000,4070000
2019-11-27 13:33:30.274000,1.09246,1.09244,3000000,2120000
2019-11-27 13:33:30.376000,1.09246,1.09243,3190000,6070000
2019-11-27 13:33:30.713000,1.09246,1.09244,1500000,1370000
2019-11-27 13:33:31.216000,1.09246,1.09243,3190000,5320000
2019-11-27 13:33:31.317000,1.09244,1.09242,1250000,2640000
2019-11-27 13:33:31.418000,1.09244,1.09242,1690000,1760000
2019-11-27 13:33:34.605000,1.09243,1.09242,1000000,1250000
2019-11-27 13:33:34.824000,1.09243,1.09242,1000000,1250000
2019-11-27 13:33:35.216000,1.09244,1.09242,2060000,1250000
2019-11-27 13:33:37.703000,1.09242,1.0924,1500000,2870000
2019-11-27 13:33:37.805000,1.09243,1.09242,1500000,1000000
2019-11-27 13:33:40.902000,1.09242,1.0924,1690000,1250000
2019-11-27 13:33:41.003000,1.09241,1.09239,2060000,1250000
2019-11-27 13:33:41.104000,1.09243,1.09241,3640000,1000000
2019-11-27 13:33:41.206000,1.09243,1.09241,1120000,1750000
2019-11-27 13:33:41.307000,1.09243,1.09241,2810000,1250000
2019-11-27 13:33:41.460000,1.09242,1.09241,1000000,1250000
2019-11-27 13:33:41.633000,1.09243,1.09241,2810000,1250000
2019-11-27 13:33:41.734000,1.09243,1.09241,1870000,1750000
2019-11-27 13:33:42.395000,1.09243,1.09241,1690000,1250000
2019-11-27 13:33:43.412000,1.09241,1.0924,1000000,1310000
2019-11-27 13:33:43.463000,1.0924,1.09239,1690000,3070000
2019-11-27 13:33:43.560000,1.09239,1.09237,3260000,1000000
2019-11-27 13:33:43.661000,1.09237,1.09236,1000000,1250000
2019-11-27 13:33:43.762000,1.09237,1.09235,1500000,1690000
2019-11-27 13:33:43.914000,1.09237,1.09235,1000000,2570000
2019-11-27 13:33:44.015000,1.09238,1.09235,3190000,3320000
2019-11-27 13:33:44.117000,1.09238,1.09235,3190000,2440000
2019-11-27 13:33:44.218000,1.09237,1.09235,1500000,1690000
2019-11-27 13:33:45.097000,1.09236,1.09234,1000000,2810000
2019-11-27 13:33:45.546000,1.09236,1.09235,1000000,1000000
2019-11-27 13:33:47.245000,1.09236,1.09234,1000000,4760000
2019-11-27 13:33:47.347000,1.09236,1.09235,1000000,1000000
2019-11-27 13:33:47.877000,1.09236,1.09234,2320000,1690000
2019-11-27 13:33:47.928000,1.09234,1.09232,1250000,5290000
2019-11-27 13:33:48.030000,1.09233,1.09231,1690000,5890000
2019-11-27 13:33:49.033000,1.09231,1.09229,1000000,3000000
2019-11-27 13:33:49.135000,1.09232,1.09229,2620000,3620000
2019-11-27 13:33:50.461000,1.09233,1.0923,4810000,1750000
2019-11-27 13:33:50.607000,1.0923,1.09229,1250000,1120000
2019-11-27 13:33:50.708000,1.09231,1.09228,3700000,3560000
2019-11-27 13:33:50.910000,1.09231,1.09229,2950000,1000000
2019-11-27 13:33:51.098000,1.09231,1.09228,2950000,5810000
2019-11-27 13:33:51.199000,1.09231,1.09229,2950000,1000000
2019-11-27 13:33:51.472000,1.09231,1.09228,2950000,5060000
2019-11-27 13:33:51.937000,1.0923,1.09229,1000000,1690000
2019-11-27 13:33:52.038000,1.09231,1.09229,1570000,3060000
2019-11-27 13:33:52.140000,1.0923,1.09229,1000000,1310000
2019-11-27 13:33:52.241000,1.09231,1.09229,2250000,1370000
2019-11-27 13:33:52.992000,1.09231,1.09229,1500000,2950000
2019-11-27 13:33:54.808000,1.09232,1.0923,1690000,1250000
2019-11-27 13:33:55.182000,1.09231,1.0923,1500000,1250000
2019-11-27 13:33:56.400000,1.09232,1.0923,2440000,1250000
2019-11-27 13:33:56.502000,1.09231,1.0923,1000000,1250000
2019-11-27 13:33:56.905000,1.09233,1.09231,4570000,2140000
2019-11-27 13:33:57.715000,1.09233,1.09232,2060000,1000000
2019-11-27 13:33:57.766000,1.09235,1.09233,3490000,1000000
2019-11-27 13:33:57.868000,1.09235,1.09234,2440000,1500000
2019-11-27 13:33:58.291000,1.09237,1.09234,7120000,1500000
2019-11-27 13:33:58.747000,1.09235,1.09234,1120000,1120000
2019-11-27 13:33:58.849000,1.09234,1.09233,1500000,1000000
2019-11-27 13:33:58.899000,1.09233,1.09231,2440000,2890000
2019-11-27 13:33:59.674000,1.09232,1.0923,1000000,1690000
2019-11-27 13:34:00.102000,1.09233,1.09231,2440000,3750000
2019-11-27 13:34:00.153000,1.09234,1.09233,1100000,1000000
2019-11-27 13:34:00.204000,1.09237,1.09236,1500000,1690000
2019-11-27 13:34:00.255000,1.09239,1.09238,1690000,1000000
2019-11-27 13:34:00.356000,1.0924,1.09239,1250000,1000000
2019-11-27 13:34:00.546000,1.09242,1.09241,2320000,1250000
2019-11-27 13:34:00.698000,1.09242,1.0924,3250000,3000000
2019-11-27 13:34:01.053000,1.09242,1.09241,1000000,1000000
2019-11-27 13:34:01.572000,1.09242,1.0924,1000000,2060000
2019-11-27 13:34:01.673000,1.0924,1.09239,1000000,1000000
2019-11-27 13:34:01.961000,1.0924,1.09239,1000000,1000000
2019-11-27 13:34:04.382000,1.09241,1.09239,3940000,1000000
2019-11-27 13:34:04.739000,1.0924,1.09239,1000000,1100000
2019-11-27 13:34:04.840000,1.09242,1.09239,4690000,2890000
2019-11-27 13:34:06.102000,1.09242,1.0924,3560000,1000000
2019-11-27 13:34:06.205000,1.09242,1.0924,3620000,1200000
2019-11-27 13:34:14.126000,1.09242,1.0924,1010000,2320000
2019-11-27 13:34:14.402000,1.09242,1.0924,2870000,1500000
2019-11-27 13:34:15.320000,1.09242,1.0924,2060000,1500000
2019-11-27 13:34:15.421000,1.09241,1.0924,1000000,1500000
2019-11-27 13:34:17.880000,1.09243,1.09241,4370000,1100000
2019-11-27 13:34:17.981000,1.09243,1.09241,3190000,1120000
2019-11-27 13:34:18.032000,1.09242,1.0924,1500000,1200000
2019-11-27 13:34:18.133000,1.09242,1.0924,1870000,1000000
2019-11-27 13:34:19.194000,1.09239,1.09237,3190000,6410000
2019-11-27 13:34:19.347000,1.0924,1.09238,2810000,1500000
2019-11-27 13:34:20.958000,1.09242,1.09239,3750000,3720000
2019-11-27 13:34:21.008000,1.09241,1.09239,1120000,2810000
2019-11-27 13:34:22.025000,1.09241,1.0924,1000000,1000000
2019-11-27 13:34:22.126000,1.09242,1.0924,2060000,1000000
2019-11-27 13:34:25.241000,1.09242,1.09239,2810000,3260000
2019-11-27 13:34:25.365000,1.09242,1.0924,2060000,1000000
2019-11-27 13:34:26.200000,1.09242,1.09239,2810000,3260000
2019-11-27 13:34:26.459000,1.09241,1.09239,1000000,3260000
2019-11-27 13:34:27.698000,1.09241,1.09239,4810000,1500000
2019-11-27 13:34:27.850000,1.0924,1.09238,1870000,2250000
2019-11-27 13:34:28.054000,1.0924,1.09238,3870000,2250000
2019-11-27 13:34:28.155000,1.09238,1.09237,1000000,1250000
2019-11-27 13:34:28.307000,1.09238,1.09237,1000000,1010000
2019-11-27 13:34:29.195000,1.09239,1.09236,3560000,2950000
2019-11-27 13:34:29.698000,1.09239,1.09238,2440000,1000000
2019-11-27 13:34:29.800000,1.0924,1.09239,2250000,2250000
2019-11-27 13:34:29.947000,1.09242,1.0924,1690000,1000000
2019-11-27 13:34:30.099000,1.09242,1.0924,1690000,1000000
2019-11-27 13:34:30.704000,1.09241,1.0924,1000000,1000000
2019-11-27 13:34:30.914000,1.09242,1.0924,1690000,1000000
2019-11-27 13:34:32.177000,1.09241,1.0924,1000000,1000000
2019-11-27 13:34:32.297000,1.09242,1.0924,1250000,1000000
2019-11-27 13:34:32.399000,1.0924,1.09239,1000000,3000000
2019-11-27 13:34:32.652000,1.0924,1.09239,1000000,1000000
2019-11-27 13:34:32.753000,1.09239,1.09238,1250000,3450000
2019-11-27 13:34:32.855000,1.09239,1.09238,1690000,2620000
2019-11-27 13:34:35.387000,1.09238,1.09237,1000000,1690000
2019-11-27 13:34:37.056000,1.09239,1.09237,2810000,1690000
2019-11-27 13:34:37.627000,1.09238,1.09237,1000000,1250000
2019-11-27 13:34:38.027000,1.09237,1.09235,1750000,2320000
2019-11-27 13:34:38.129000,1.09236,1.09234,1690000,1310000
2019-11-27 13:34:39.049000,1.09235,1.09233,2950000,3450000
2019-11-27 13:34:39.101000,1.09234,1.09232,3250000,2620000
2019-11-27 13:34:39.203000,1.09235,1.09234,1310000,1000000
2019-11-27 13:34:40.324000,1.09234,1.09233,1250000,2320000
2019-11-27 13:34:40.426000,1.09235,1.09233,2810000,2250000
2019-11-27 13:34:41.490000,1.09235,1.09233,2810000,1000000
2019-11-27 13:34:42.286000,1.09234,1.09233,1000000,3450000
2019-11-27 13:34:43.533000,1.09233,1.09232,1120000,2060000
2019-11-27 13:34:43.635000,1.09233,1.09232,1690000,1500000
2019-11-27 13:34:43.838000,1.09232,1.09231,1000000,1100000
2019-11-27 13:34:44.313000,1.09233,1.09232,3190000,1000000
2019-11-27 13:34:44.465000,1.09233,1.09231,2810000,1000000
2019-11-27 13:34:44.566000,1.09233,1.09231,4370000,1000000
2019-11-27 13:34:45.187000,1.09233,1.09231,3560000,1000000
2019-11-27 13:34:45.396000,1.09233,1.09231,4060000,1000000
2019-11-27 13:34:45.773000,1.09232,1.0923,1120000,2140000
2019-11-27 13:34:54.874000,1.09234,1.09233,4390000,2250000
2019-11-27 13:34:55.144000,1.09234,1.09233,1250000,1000000
2019-11-27 13:34:55.195000,1.09236,1.09234,2700000,3250000
2019-11-27 13:34:55.347000,1.09236,1.09235,1500000,1120000
2019-11-27 13:34:55.783000,1.09237,1.09235,1250000,1870000
2019-11-27 13:34:57.556000,1.09236,1.09235,1000000,1870000
2019-11-27 13:34:57.708000,1.09235,1.09234,1310000,1870000
2019-11-27 13:34:58.114000,1.09234,1.09233,1250000,1500000
2019-11-27 13:34:58.216000,1.09235,1.09233,2060000,1000000
2019-11-27 13:34:59.305000,1.09235,1.09233,1000000,3310000
2019-11-27 13:35:00.542000,1.09235,1.09233,1000000,5210000
2019-11-27 13:35:01.708000,1.09236,1.09235,1000000,1200000
2019-11-27 13:35:02.014000,1.09239,1.09237,5320000,1500000
2019-11-27 13:35:04.590000,1.09238,1.09236,1750000,2620000
2019-11-27 13:35:04.691000,1.09238,1.09237,1000000,1500000
2019-11-27 13:35:08.842000,1.09238,1.09236,1750000,2700000
2019-11-27 13:35:08.947000,1.09238,1.09236,1750000,1950000
2019-11-27 13:35:09.049000,1.09238,1.09236,1250000,1390000
2019-11-27 13:35:11.148000,1.09238,1.09236,4370000,1950000
2019-11-27 13:35:12.128000,1.09236,1.09235,1000000,1120000
2019-11-27 13:35:12.973000,1.09237,1.09236,2440000,1000000
2019-11-27 13:35:14.252000,1.09234,1.09233,1000000,2440000
2019-11-27 13:35:14.354000,1.09235,1.09232,3560000,3070000
2019-11-27 13:35:14.455000,1.09234,1.09232,1250000,2320000
2019-11-27 13:35:15.190000,1.09235,1.09233,3620000,1000000
2019-11-27 13:35:15.461000,1.09236,1.09235,3190000,1000000
2019-11-27 13:35:15.513000,1.09238,1.09236,4440000,1000000
2019-11-27 13:35:15.668000,1.09238,1.09236,1910000,2060000
2019-11-27 13:35:16.927000,1.09238,1.09236,1750000,3070000
2019-11-27 13:35:17.043000,1.09238,1.09236,1250000,3260000
2019-11-27 13:35:17.219000,1.09238,1.09236,1750000,3070000
2019-11-27 13:35:17.372000,1.09238,1.09236,1250000,3260000
2019-11-27 13:35:17.716000,1.09238,1.09236,3250000,2320000
2019-11-27 13:35:17.868000,1.09238,1.09236,2440000,1390000
2019-11-27 13:35:22.990000,1.09237,1.09235,1250000,3450000
2019-11-27 13:35:23.099000,1.09236,1.09235,13950000,1000000
2019-11-27 13:35:23.150000,1.09235,1.09233,4060000,1250000
2019-11-27 13:35:23.454000,1.09233,1.09232,1250000,1500000
2019-11-27 13:35:23.656000,1.09233,1.09231,2140000,1690000
2019-11-27 13:35:23.758000,1.09233,1.09231,3700000,1000000
2019-11-27 13:35:23.910000,1.09233,1.09231,2140000,1690000
2019-11-27 13:35:24.621000,1.09234,1.09232,3450000,1000000
2019-11-27 13:35:24.954000,1.09234,1.09232,2140000,3190000
2019-11-27 13:35:25.005000,1.09235,1.09233,1500000,3250000
2019-11-27 13:35:25.106000,1.09234,1.09233,2440000,1870000
2019-11-27 13:35:25.310000,1.09235,1.09233,2440000,1870000
2019-11-27 13:35:27.485000,1.09235,1.09233,3070000,1500000
2019-11-27 13:35:27.819000,1.09236,1.09235,1100000,1250000
2019-11-27 13:35:28.277000,1.09237,1.09235,1000000,2060000
2019-11-27 13:35:29.853000,1.09236,1.09235,1000000,1310000
2019-11-27 13:35:34.603000,1.09237,1.09235,1500000,1310000
2019-11-27 13:35:39.075000,1.09237,1.09236,1250000,1000000
2019-11-27 13:35:39.328000,1.09237,1.09235,1690000,1870000
2019-11-27 13:35:39.430000,1.09235,1.09232,1750000,4650000
2019-11-27 13:35:39.531000,1.09235,1.09232,1250000,3450000
2019-11-27 13:35:40.904000,1.09234,1.09232,1690000,3560000
2019-11-27 13:35:41.157000,1.09234,1.09233,1500000,1120000
2019-11-27 13:35:41.838000,1.09236,1.09235,1000000,1250000
2019-11-27 13:35:41.939000,1.09237,1.09235,3070000,1310000
2019-11-27 13:35:42.744000,1.09237,1.09235,1500000,2700000
2019-11-27 13:35:43.809000,1.09237,1.09235,1500000,2060000
2019-11-27 13:35:46.059000,1.09237,1.09235,1870000,2120000
2019-11-27 13:35:46.819000,1.09239,1.09237,1250000,3370000
2019-11-27 13:35:46.921000,1.0924,1.09239,1120000,1000000
2019-11-27 13:35:47.022000,1.0924,1.09238,2120000,3000000
2019-11-27 13:35:47.174000,1.0924,1.09239,1310000,1000000
2019-11-27 13:35:47.894000,1.09239,1.09238,1000000,3000000
2019-11-27 13:35:47.945000,1.09239,1.09237,2440000,1310000
2019-11-27 13:35:48.047000,1.09238,1.09237,1000000,1310000
2019-11-27 13:35:48.150000,1.09239,1.09237,2440000,1310000
2019-11-27 13:35:48.251000,1.09238,1.09236,1000000,4120000
2019-11-27 13:35:49.818000,1.09238,1.09236,1500000,1500000
2019-11-27 13:35:49.919000,1.09238,1.09235,2060000,4690000
2019-11-27 13:35:49.970000,1.09237,1.09235,1000000,3190000
2019-11-27 13:36:11.389000,1.09237,1.09235,1500000,1620000
2019-11-27 13:36:12.356000,1.09238,1.09237,1100000,1000000
2019-11-27 13:36:12.457000,1.09239,1.09238,1690000,1120000
2019-11-27 13:36:12.559000,1.09239,1.09237,1000000,4690000
2019-11-27 13:36:12.891000,1.0924,1.09239,1570000,1500000
2019-11-27 13:36:13.144000,1.09239,1.09238,1000000,1870000
2019-11-27 13:36:14.934000,1.09239,1.09237,1000000,5440000
2019-11-27 13:36:15.086000,1.09239,1.09237,1690000,5190000
2019-11-27 13:36:16.229000,1.09238,1.09237,1690000,1500000
2019-11-27 13:36:16.331000,1.09237,1.09236,1000000,1690000
2019-11-27 13:36:16.483000,1.0924,1.09237,3100000,2250000
2019-11-27 13:36:16.584000,1.09241,1.09239,3450000,2500000
2019-11-27 13:36:16.841000,1.09242,1.09241,1250000,1500000
2019-11-27 13:36:17.065000,1.09242,1.09241,1000000,1250000
2019-11-27 13:36:24.805000,1.09243,1.09242,1950000,1000000
2019-11-27 13:36:24.856000,1.09249,1.09248,2440000,1000000
2019-11-27 13:36:24.907000,1.0925,1.09249,1000000,1500000
2019-11-27 13:36:25.009000,1.09247,1.09245,1000000,3640000
2019-11-27 13:36:25.110000,1.09249,1.09248,1250000,1000000
2019-11-27 13:36:25.262000,1.09248,1.09247,1000000,1870000
2019-11-27 13:36:25.363000,1.09249,1.09247,2620000,2370000
2019-11-27 13:36:25.482000,1.09249,1.09247,1250000,3120000
2019-11-27 13:36:25.584000,1.0925,1.09248,1690000,1870000
2019-11-27 13:36:26.143000,1.09251,1.09249,3820000,1000000
2019-11-27 13:36:26.336000,1.09251,1.09249,2440000,1500000
2019-11-27 13:36:26.538000,1.09251,1.09248,2950000,2370000
2019-11-27 13:36:27.246000,1.0925,1.09248,1250000,1870000
2019-11-27 13:36:28.141000,1.09251,1.09249,1790000,1000000
2019-11-27 13:36:29.239000,1.09251,1.09248,2200000,3750000
2019-11-27 13:36:32.268000,1.09249,1.09248,1250000,1120000
2019-11-27 13:36:32.369000,1.09249,1.09247,2440000,1690000
2019-11-27 13:36:32.471000,1.0925,1.09248,1100000,1750000
2019-11-27 13:36:32.572000,1.0925,1.09248,1010000,1000000
2019-11-27 13:36:33.896000,1.09249,1.09247,1690000,2060000
2019-11-27 13:36:34.049000,1.09249,1.09247,1000000,3310000
2019-11-27 13:36:34.408000,1.09249,1.09247,1690000,1310000
2019-11-27 13:36:34.509000,1.09249,1.09248,1000000,1000000
2019-11-27 13:36:34.611000,1.0925,1.09248,1250000,2620000
2019-11-27 13:36:35.887000,1.0925,1.09249,1250000,1000000
2019-11-27 13:36:37.241000,1.0925,1.09248,1690000,2250000
2019-11-27 13:36:39.554000,1.09251,1.09249,4750000,1000000
2019-11-27 13:36:39.713000,1.09251,1.09248,3940000,2440000
2019-11-27 13:36:39.896000,1.09251,1.09248,4750000,2250000
2019-11-27 13:36:39.997000,1.09251,1.09249,4000000,1000000
2019-11-27 13:36:40.099000,1.09251,1.09249,2440000,1000000
2019-11-27 13:36:40.877000,1.09252,1.09251,2250000,1250000
2019-11-27 13:36:41.086000,1.09253,1.09252,3940000,1000000
2019-11-27 13:36:41.187000,1.09254,1.09252,4760000,1000000
2019-11-27 13:36:41.289000,1.09252,1.09251,1000000,1250000
2019-11-27 13:36:41.390000,1.09252,1.09251,3940000,1000000
2019-11-27 13:36:41.592000,1.09251,1.0925,1000000,1000000
2019-11-27 13:36:41.694000,1.09251,1.09249,1000000,2440000
2019-11-27 13:36:41.962000,1.0925,1.09249,1000000,2250000
2019-11-27 13:36:42.289000,1.0925,1.09248,1000000,2810000
2019-11-27 13:36:42.588000,1.09252,1.09249,4410000,4810000
2019-11-27 13:36:42.689000,1.09251,1.09249,1690000,2250000
2019-11-27 13:36:42.790000,1.09251,1.09248,2440000,3560000
2019-11-27 13:36:42.892000,1.0925,1.09248,1000000,3560000
2019-11-27 13:36:43.046000,1.09251,1.09248,2440000,3560000
2019-11-27 13:36:43.198000,1.09251,1.09249,1690000,1000000
2019-11-27 13:36:44.527000,1.09252,1.09251,2250000,1250000
2019-11-27 13:36:44.646000,1.09254,1.09251,3790000,4370000
2019-11-27 13:36:44.747000,1.09254,1.09252,3190000,1250000
2019-11-27 13:36:44.849000,1.09253,1.09251,1000000,4450000
2019-11-27 13:36:44.950000,1.09254,1.09252,2290000,1760000
2019-11-27 13:36:45.052000,1.09253,1.09252,1000000,1760000
2019-11-27 13:36:45.411000,1.09253,1.09251,2440000,1690000
2019-11-27 13:36:45.602000,1.09252,1.09251,1000000,1840000
2019-11-27 13:36:45.805000,1.09253,1.09251,2440000,1690000
2019-11-27 13:36:47.148000,1.09252,1.09251,1250000,1200000
2019-11-27 13:36:47.199000,1.09251,1.09249,1000000,1760000
2019-11-27 13:36:47.300000,1.09252,1.0925,2620000,1450000
2019-11-27 13:36:48.042000,1.09253,1.09251,1000000,2870000
2019-11-27 13:36:48.214000,1.09252,1.09251,2250000,1310000
2019-11-27 13:36:48.841000,1.09251,1.0925,1690000,1000000
2019-11-27 13:36:49.007000,1.09251,1.09249,2440000,2400000
2019-11-27 13:36:49.108000,1.0925,1.09249,1000000,2400000
2019-11-27 13:36:50.255000,1.0925,1.09248,1000000,2210000
2019-11-27 13:36:51.501000,1.09249,1.09248,1690000,1270000
2019-11-27 13:36:51.602000,1.09248,1.09247,2250000,1310000
2019-11-27 13:36:51.853000,1.09249,1.09247,3710000,1690000
2019-11-27 13:36:52.005000,1.09248,1.09247,1000000,1690000
2019-11-27 13:36:52.536000,1.09247,1.09246,1000000,1310000
2019-11-27 13:36:53.020000,1.09248,1.09247,3560000,1000000
2019-11-27 13:36:55.104000,1.09251,1.09249,1750000,1100000
2019-11-27 13:36:55.251000,1.09249,1.09248,1000000,2250000
2019-11-27 13:36:55.353000,1.0925,1.09248,1840000,1000000
2019-11-27 13:36:55.656000,1.09249,1.09248,1690000,1000000
2019-11-27 13:36:55.808000,1.0925,1.09249,1760000,1000000
2019-11-27 13:36:55.959000,1.0925,1.09248,1310000,1500000
2019-11-27 13:37:00.002000,1.09251,1.09249,4090000,1500000
2019-11-27 13:37:01.273000,1.09252,1.09251,2020000,1690000
2019-11-27 13:37:01.323000,1.09254,1.09253,1300000,1250000
2019-11-27 13:37:01.425000,1.09254,1.09252,1090000,1250000
2019-11-27 13:37:01.576000,1.09255,1.09252,3090000,1750000
2019-11-27 13:37:01.678000,1.09254,1.09252,1090000,1690000
2019-11-27 13:37:04.231000,1.09254,1.09253,1840000,1000000
2019-11-27 13:37:04.332000,1.09254,1.09252,1690000,1260000
2019-11-27 13:37:04.736000,1.09253,1.09252,1000000,1260000
2019-11-27 13:37:04.931000,1.09254,1.09253,1090000,1000000
2019-11-27 13:37:05.033000,1.09253,1.09252,1000000,1260000
2019-11-27 13:37:05.134000,1.09254,1.09252,2440000,1260000
2019-11-27 13:37:05.337000,1.09253,1.09252,1000000,1260000
2019-11-27 13:37:05.439000,1.09254,1.09252,2440000,1260000
2019-11-27 13:37:05.540000,1.09253,1.09252,1000000,1260000
2019-11-27 13:37:05.702000,1.09254,1.09252,2440000,1260000
2019-11-27 13:37:05.905000,1.09253,1.09252,1000000,1260000
2019-11-27 13:37:05.956000,1.09251,1.09249,2440000,1760000
2019-11-27 13:37:06.058000,1.0925,1.09248,1000000,2120000
2019-11-27 13:37:06.367000,1.0925,1.09248,1250000,1690000
2019-11-27 13:37:08.219000,1.09249,1.09248,1000000,1690000
2019-11-27 13:37:08.321000,1.0925,1.09248,1760000,2440000
2019-11-27 13:37:08.922000,1.09249,1.09248,2440000,1000000
2019-11-27 13:37:09.074000,1.0925,1.09249,2250000,1250000
2019-11-27 13:37:09.175000,1.09251,1.09249,3190000,1500000
2019-11-27 13:37:10.582000,1.09252,1.09251,2250000,1250000
2019-11-27 13:37:10.735000,1.09253,1.09252,1000000,1250000
2019-11-27 13:37:10.865000,1.09254,1.09252,3190000,2440000
2019-11-27 13:37:10.967000,1.09254,1.09252,1500000,2870000
2019-11-27 13:37:12.274000,1.09255,1.09253,3940000,1250000
2019-11-27 13:37:14.263000,1.09254,1.09253,1690000,1000000
2019-11-27 13:37:16.286000,1.09255,1.09252,3190000,2130000
2019-11-27 13:37:17.692000,1.09254,1.09253,1000000,1250000
2019-11-27 13:37:19.932000,1.09255,1.09253,3190000,1250000
2019-11-27 13:37:21.909000,1.09254,1.09253,1250000,1000000
2019-11-27 13:37:24.743000,1.09254,1.09252,2810000,1690000
2019-11-27 13:37:24.875000,1.09254,1.09252,2620000,1750000
2019-11-27 13:37:25.768000,1.09254,1.09252,4500000,1500000
2019-11-27 13:37:25.978000,1.09255,1.09252,3070000,1750000
2019-11-27 13:37:26.230000,1.09254,1.09252,1500000,1750000
2019-11-27 13:37:26.382000,1.09255,1.09252,5320000,2500000
2019-11-27 13:37:27.137000,1.09254,1.09252,2250000,1750000
2019-11-27 13:37:28.652000,1.09255,1.09252,5320000,2120000
2019-11-27 13:37:28.905000,1.09253,1.09252,1000000,2060000
2019-11-27 13:37:29.015000,1.09254,1.09252,1500000,2060000
2019-11-27 13:37:29.117000,1.09254,1.09253,1500000,1000000
2019-11-27 13:37:29.218000,1.09254,1.09252,2250000,2810000
2019-11-27 13:37:29.778000,1.09255,1.09252,4950000,2120000
2019-11-27 13:37:30.878000,1.09254,1.09252,1500000,2120000
2019-11-27 13:37:31.486000,1.09253,1.09252,1000000,2060000
2019-11-27 13:37:31.587000,1.09254,1.09252,1500000,2870000
2019-11-27 13:37:31.689000,1.09255,1.09252,4950000,2120000
2019-11-27 13:37:33.081000,1.09254,1.09252,3750000,2120000
2019-11-27 13:37:33.897000,1.09251,1.0925,1500000,2320000
2019-11-27 13:37:34.002000,1.09253,1.09251,6070000,1250000
2019-11-27 13:37:34.154000,1.09252,1.0925,1000000,1750000
2019-11-27 13:37:34.255000,1.09251,1.0925,1000000,2060000
2019-11-27 13:37:34.407000,1.09252,1.0925,1500000,2120000
2019-11-27 13:37:34.457000,1.0925,1.09248,1000000,3940000
2019-11-27 13:37:34.559000,1.09249,1.09248,1500000,1690000
2019-11-27 13:37:34.660000,1.0925,1.09249,1500000,1000000
2019-11-27 13:37:34.862000,1.0925,1.09248,3750000,1690000
2019-11-27 13:37:35.064000,1.09249,1.09248,1000000,1690000
2019-11-27 13:37:35.216000,1.0925,1.09248,4460000,2060000
2019-11-27 13:37:35.318000,1.0925,1.09249,1000000,1000000
2019-11-27 13:37:35.419000,1.0925,1.09248,1500000,1690000
2019-11-27 13:37:37.537000,1.09251,1.0925,1120000,1000000
2019-11-27 13:37:37.588000,1.09252,1.09251,1120000,1690000
2019-11-27 13:37:37.691000,1.09252,1.09251,2250000,1120000
2019-11-27 13:37:37.843000,1.0925,1.09249,1000000,1500000
2019-11-27 13:37:37.944000,1.0925,1.09249,1000000,1120000
2019-11-27 13:37:38.192000,1.09252,1.0925,5250000,1250000
2019-11-27 13:37:38.293000,1.0925,1.09248,1000000,3560000
2019-11-27 13:37:38.395000,1.0925,1.09249,1000000,1000000
2019-11-27 13:37:38.847000,1.0925,1.09248,3000000,2810000
2019-11-27 13:37:41.308000,1.09249,1.09247,1250000,1250000
2019-11-27 13:37:41.460000,1.09249,1.09248,1500000,1250000
2019-11-27 13:37:41.698000,1.0925,1.09248,1690000,2250000
2019-11-27 13:37:43.381000,1.09249,1.09248,1250000,1000000
2019-11-27 13:37:43.483000,1.0925,1.09248,1000000,1690000
2019-11-27 13:37:53.635000,1.09252,1.0925,2250000,1750000
2019-11-27 13:37:53.737000,1.09251,1.09249,3000000,1120000
2019-11-27 13:37:53.917000,1.09251,1.09249,2250000,1870000
2019-11-27 13:38:01.184000,1.0925,1.09249,1000000,1500000
2019-11-27 13:38:05.338000,1.0925,1.09248,1100000,1870000
2019-11-27 13:38:08.699000,1.09249,1.09248,1000000,1870000
2019-11-27 13:38:09.489000,1.09248,1.09247,3190000,1120000
2019-11-27 13:38:09.591000,1.09249,1.09247,1570000,2140000
2019-11-27 13:38:09.693000,1.0925,1.09247,3220000,3320000
2019-11-27 13:38:09.795000,1.0925,1.09248,1870000,1250000
2019-11-27 13:38:10.663000,1.0925,1.09249,1000000,1000000
2019-11-27 13:38:18.951000,1.09251,1.09249,2810000,1000000
2019-11-27 13:38:19.217000,1.09251,1.0925,1500000,1010000
2019-11-27 13:38:19.318000,1.09252,1.0925,1870000,1760000
2019-11-27 13:38:19.420000,1.09251,1.09249,2500000,3450000
2019-11-27 13:38:19.521000,1.0925,1.09248,1250000,3120000
2019-11-27 13:38:19.673000,1.0925,1.09248,1250000,2620000
2019-11-27 13:38:25.229000,1.09249,1.09248,1000000,1870000
2019-11-27 13:38:36.351000,1.09249,1.09247,1000000,2510000
2019-11-27 13:38:36.719000,1.09249,1.09247,1000000,2640000
2019-11-27 13:38:37.115000,1.09249,1.09247,1690000,1760000
2019-11-27 13:38:40.117000,1.09248,1.09247,1000000,1690000
2019-11-27 13:38:40.614000,1.09249,1.09248,3370000,1250000
2019-11-27 13:38:41.812000,1.0925,1.09249,1500000,1000000
2019-11-27 13:38:41.913000,1.09249,1.09248,1000000,1310000
2019-11-27 13:38:42.015000,1.0925,1.09249,1500000,1000000
2019-11-27 13:38:42.468000,1.09251,1.09249,1000000,4220000
2019-11-27 13:38:42.569000,1.09251,1.09249,3000000,1760000
2019-11-27 13:38:42.671000,1.0925,1.09249,2250000,1000000
2019-11-27 13:38:43.421000,1.0925,1.09248,1000000,2060000
2019-11-27 13:38:43.522000,1.09249,1.09248,1000000,1120000
2019-11-27 13:38:46.213000,1.09253,1.09251,6600000,1000000
2019-11-27 13:38:46.324000,1.0925,1.09248,1250000,4320000
2019-11-27 13:38:46.426000,1.0925,1.09247,1760000,1890000
2019-11-27 13:38:47.589000,1.09253,1.09251,2440000,1250000
2019-11-27 13:38:47.691000,1.09254,1.09253,1000000,1250000
2019-11-27 13:38:47.843000,1.09256,1.09254,2700000,1810000
2019-11-27 13:38:47.995000,1.09255,1.09254,1500000,1250000
2019-11-27 13:38:48.413000,1.09255,1.09253,3260000,1310000
2019-11-27 13:38:48.837000,1.09255,1.09253,2700000,1370000
2019-11-27 13:38:49.177000,1.09254,1.09252,1000000,4120000
2019-11-27 13:38:49.228000,1.09253,1.09252,1000000,1310000
2019-11-27 13:38:49.279000,1.09251,1.09249,1690000,2540000
2019-11-27 13:38:49.380000,1.0925,1.09248,1500000,2120000
2019-11-27 13:38:49.532000,1.0925,1.09248,1690000,2060000
2019-11-27 13:38:50.357000,1.0925,1.09248,1570000,1370000
2019-11-27 13:38:52.899000,1.0925,1.09248,1000000,2140000
2019-11-27 13:38:53.051000,1.09251,1.09249,1200000,2200000
2019-11-27 13:38:53.101000,1.09253,1.09251,1500000,1500000
2019-11-27 13:38:53.203000,1.09253,1.09252,1500000,1690000
2019-11-27 13:38:53.305000,1.09253,1.09251,1000000,2440000
2019-11-27 13:38:53.456000,1.09253,1.09251,1500000,2870000
2019-11-27 13:38:53.558000,1.09254,1.09252,4760000,1250000
2019-11-27 13:38:53.710000,1.09254,1.09253,1690000,1000000
2019-11-27 13:38:53.761000,1.09254,1.09252,3940000,2440000
2019-11-27 13:38:54.636000,1.09254,1.09252,4200000,1250000
2019-11-27 13:38:54.737000,1.09254,1.09252,3450000,1000000
2019-11-27 13:38:54.788000,1.09252,1.09251,1000000,1250000
2019-11-27 13:38:54.889000,1.09252,1.0925,1690000,1250000
2019-11-27 13:38:54.991000,1.09251,1.09249,1000000,3620000
2019-11-27 13:38:55.142000,1.09252,1.09249,1760000,2120000
2019-11-27 13:38:55.304000,1.09251,1.09249,1000000,2120000
2019-11-27 13:38:55.507000,1.09251,1.09248,1250000,3320000
2019-11-27 13:38:55.659000,1.09252,1.09248,4570000,4070000
2019-11-27 13:38:56.147000,1.09251,1.09248,2890000,3260000
2019-11-27 13:38:56.249000,1.09251,1.09249,1000000,1750000
2019-11-27 13:38:57.735000,1.09252,1.09251,1100000,1000000
2019-11-27 13:38:57.786000,1.09254,1.09253,1500000,1250000
2019-11-27 13:38:57.888000,1.09254,1.09252,1500000,2700000
2019-11-27 13:38:57.989000,1.09254,1.09252,1000000,2440000
2019-11-27 13:38:58.090000,1.09254,1.09252,2440000,2560000
2019-11-27 13:38:59.011000,1.09254,1.09252,1690000,1690000
2019-11-27 13:39:03.876000,1.09254,1.09252,1950000,2120000
2019-11-27 13:39:04.407000,1.09253,1.09252,1250000,1120000
2019-11-27 13:39:04.458000,1.09251,1.0925,1000000,1250000
2019-11-27 13:39:04.579000,1.09251,1.09249,1100000,2650000
2019-11-27 13:39:05.061000,1.09253,1.09251,1570000,3700000
2019-11-27 13:39:05.112000,1.09254,1.09252,1000000,1450000
2019-11-27 13:39:05.321000,1.09253,1.09252,1000000,1000000
2019-11-27 13:39:05.423000,1.09254,1.09252,2320000,1120000
2019-11-27 13:39:05.586000,1.09254,1.09252,1000000,1370000
2019-11-27 13:39:05.790000,1.09254,1.09252,2510000,1310000
2019-11-27 13:39:05.891000,1.09254,1.09252,3450000,2120000
2019-11-27 13:39:05.992000,1.09254,1.09252,4390000,1310000
2019-11-27 13:39:07.728000,1.09254,1.09252,1200000,2120000
2019-11-27 13:39:08.109000,1.09254,1.09252,3190000,1310000
2019-11-27 13:39:08.463000,1.09252,1.09251,1000000,4130000
2019-11-27 13:39:08.565000,1.09251,1.09249,1000000,3480000
2019-11-27 13:39:08.667000,1.09251,1.09249,1000000,1790000
2019-11-27 13:39:08.768000,1.0925,1.09249,1000000,1230000
2019-11-27 13:39:09.196000,1.09251,1.09248,2810000,4200000
2019-11-27 13:39:09.638000,1.09252,1.09249,4950000,3430000
2019-11-27 13:39:09.739000,1.09251,1.09249,1690000,1730000
2019-11-27 13:39:09.844000,1.09251,1.09249,1500000,1600000
2019-11-27 13:39:11.041000,1.09252,1.0925,2250000,2120000
2019-11-27 13:39:11.589000,1.09252,1.0925,1000000,1120000
2019-11-27 13:39:11.958000,1.09252,1.0925,1000000,1370000
2019-11-27 13:39:12.101000,1.09252,1.0925,1250000,1310000
2019-11-27 13:39:12.203000,1.0925,1.09248,3750000,1150000
2019-11-27 13:39:12.297000,1.0925,1.09247,3190000,2890000
2019-11-27 13:39:13.198000,1.0925,1.09247,3190000,3310000
2019-11-27 13:39:15.326000,1.09249,1.09247,1570000,1810000
2019-11-27 13:39:15.427000,1.09249,1.09246,3640000,2870000
2019-11-27 13:39:18.261000,1.09248,1.09247,1000000,1250000
2019-11-27 13:39:18.957000,1.09249,1.09247,5140000,1250000
2019-11-27 13:39:24.801000,1.09248,1.09247,1000000,1250000
2019-11-27 13:39:33.313000,1.09249,1.09248,1690000,1000000
2019-11-27 13:39:33.415000,1.09248,1.09247,1000000,2060000
2019-11-27 13:39:35.688000,1.09249,1.09248,1000000,1310000
2019-11-27 13:39:35.738000,1.09251,1.09249,3640000,1250000
2019-11-27 13:39:35.840000,1.0925,1.09249,1000000,1310000
2019-11-27 13:39:35.992000,1.0925,1.09248,3000000,2060000
2019-11-27 13:39:41.381000,1.0925,1.09249,1500000,1000000
2019-11-27 13:39:41.773000,1.0925,1.09248,1500000,1310000
2019-11-27 13:39:42.639000,1.0925,1.09247,4070000,2810000
2019-11-27 13:39:42.740000,1.0925,1.09248,2620000,1000000
2019-11-27 13:39:42.842000,1.09249,1.09247,1250000,2810000
2019-11-27 13:39:42.943000,1.0925,1.09248,4070000,1000000
2019-11-27 13:39:43.044000,1.0925,1.09247,3260000,2950000
2019-11-27 13:39:43.146000,1.09249,1.09248,1010000,1000000
2019-11-27 13:39:43.247000,1.0925,1.09248,2140000,1250000
2019-11-27 13:39:43.461000,1.09249,1.09248,1000000,1250000
2019-11-27 13:39:43.681000,1.0925,1.09248,1760000,1250000
2019-11-27 13:39:50.347000,1.09249,1.09248,1000000,1120000
2019-11-27 13:39:51.625000,1.0925,1.09248,3450000,1120000
2019-11-27 13:39:51.891000,1.09249,1.09247,1250000,2060000
2019-11-27 13:39:53.751000,1.09248,1.09246,1000000,2870000
2019-11-27 13:39:54.115000,1.09248,1.09247,1000000,1690000
2019-11-27 13:39:54.216000,1.09249,1.09247,2510000,1750000
2019-11-27 13:39:55.815000,1.09248,1.09246,4450000,2250000
2019-11-27 13:39:55.866000,1.09244,1.09242,2690000,2440000
2019-11-27 13:39:55.967000,1.09243,1.0924,3820000,6320000
2019-11-27 13:39:56.018000,1.09242,1.0924,1870000,3000000
2019-11-27 13:39:56.120000,1.09241,1.0924,1500000,2870000
2019-11-27 13:39:56.222000,1.09242,1.0924,1000000,2810000
2019-11-27 13:39:56.374000,1.09243,1.09241,3450000,1000000
2019-11-27 13:39:56.475000,1.09243,1.09241,2700000,1250000
2019-11-27 13:39:59.514000,1.09242,1.0924,1000000,4690000
2019-11-27 13:39:59.565000,1.09238,1.09237,1500000,1120000
2019-11-27 13:39:59.667000,1.09238,1.09236,3000000,1250000
2019-11-27 13:40:00.020000,1.09237,1.09235,1500000,4370000
2019-11-27 13:40:00.122000,1.09238,1.09236,2250000,1250000
2019-11-27 13:40:01.823000,1.09238,1.09237,1000000,1000000
2019-11-27 13:40:01.975000,1.09238,1.09236,2320000,2440000
2019-11-27 13:40:04.994000,1.09239,1.09238,1200000,1000000
2019-11-27 13:40:05.045000,1.09242,1.0924,6450000,2500000
2019-11-27 13:40:05.146000,1.09241,1.09239,1000000,3510000
2019-11-27 13:40:05.247000,1.09242,1.09239,2250000,3950000
2019-11-27 13:40:05.349000,1.09241,1.09239,1000000,2810000
2019-11-27 13:40:05.708000,1.09242,1.09239,2440000,2810000
2019-11-27 13:40:06.116000,1.09242,1.0924,2250000,1250000
2019-11-27 13:40:06.217000,1.09241,1.09239,1000000,2120000
2019-11-27 13:40:06.318000,1.09241,1.09239,1000000,1690000
2019-11-27 13:40:07.136000,1.09239,1.09237,1250000,2140000
2019-11-27 13:40:07.238000,1.09238,1.09236,1500000,5140000
2019-11-27 13:40:12.619000,1.09237,1.09236,1000000,1250000
2019-11-27 13:40:14.952000,1.09237,1.09235,1500000,1310000
2019-11-27 13:40:15.053000,1.09236,1.09235,1000000,1250000
2019-11-27 13:40:16.294000,1.09234,1.09233,1690000,1100000
2019-11-27 13:40:16.395000,1.09233,1.09231,1690000,2060000
2019-11-27 13:40:16.496000,1.09231,1.09229,1000000,3250000
2019-11-27 13:40:16.982000,1.09231,1.09229,2250000,2440000
2019-11-27 13:40:19.665000,1.0923,1.09229,1690000,1500000
2019-11-27 13:40:19.766000,1.0923,1.09228,1690000,2810000
2019-11-27 13:40:19.868000,1.0923,1.09228,1500000,2870000
2019-11-27 13:40:19.970000,1.09231,1.09229,3190000,1250000
2019-11-27 13:40:20.284000,1.09231,1.09229,1000000,2870000
2019-11-27 13:40:21.277000,1.09235,1.09234,1690000,1500000
2019-11-27 13:40:21.440000,1.09234,1.09232,1000000,2770000
2019-11-27 13:40:21.592000,1.09233,1.09232,1000000,1500000
2019-11-27 13:40:21.744000,1.09233,1.09231,2250000,1690000
2019-11-27 13:40:21.846000,1.09232,1.09229,1870000,4450000
2019-11-27 13:40:26.216000,1.09232,1.09229,1690000,1750000
2019-11-27 13:40:27.096000,1.09231,1.09229,1000000,2500000
2019-11-27 13:40:27.298000,1.09229,1.09227,1000000,2140000
2019-11-27 13:40:27.399000,1.09227,1.09225,2620000,1750000
2019-11-27 13:40:27.501000,1.09227,1.09225,3370000,1250000
2019-11-27 13:40:27.633000,1.09226,1.09224,1000000,1250000
2019-11-27 13:40:27.735000,1.09225,1.09223,2620000,2700000
2019-11-27 13:40:28.190000,1.09224,1.09222,2310000,3260000
2019-11-27 13:40:28.291000,1.09223,1.09221,1690000,3940000
2019-11-27 13:40:28.495000,1.09223,1.09222,1250000,1000000
2019-11-27 13:40:28.648000,1.09223,1.09221,1690000,3190000
2019-11-27 13:40:28.749000,1.09222,1.09221,1000000,1250000
2019-11-27 13:40:28.852000,1.09221,1.09219,1000000,6070000
2019-11-27 13:40:29.004000,1.09222,1.0922,1500000,1310000
2019-11-27 13:40:29.106000,1.09221,1.0922,1000000,1310000
2019-11-27 13:40:29.207000,1.09222,1.0922,1500000,2060000
2019-11-27 13:40:29.755000,1.09222,1.09221,1000000,1250000
2019-11-27 13:40:29.908000,1.09223,1.09221,1950000,1690000
2019-11-27 13:40:30.010000,1.09226,1.09224,3750000,1250000
2019-11-27 13:40:30.783000,1.09225,1.09223,2250000,1750000
2019-11-27 13:40:30.885000,1.09225,1.09223,1500000,2500000
2019-11-27 13:40:32.450000,1.09226,1.09224,3190000,1690000
2019-11-27 13:40:33.460000,1.09227,1.09224,3000000,2810000
2019-11-27 13:40:33.868000,1.09226,1.09224,1000000,2060000
2019-11-27 13:40:36.686000,1.09227,1.09224,3000000,2810000
2019-11-27 13:40:37.151000,1.09226,1.09224,1000000,2060000
2019-11-27 13:40:41.601000,1.09228,1.09226,3640000,1690000
2019-11-27 13:40:41.702000,1.09229,1.09228,2060000,1000000
2019-11-27 13:40:41.803000,1.09229,1.09227,2060000,1690000
2019-11-27 13:40:42.695000,1.09229,1.09227,3250000,1000000
2019-11-27 13:40:45.377000,1.09227,1.09225,1250000,3410000
2019-11-27 13:40:45.531000,1.09226,1.09225,1690000,1000000
2019-11-27 13:40:46.109000,1.09226,1.09224,2440000,1000000
2019-11-27 13:40:46.161000,1.09224,1.09222,3190000,4010000
2019-11-27 13:40:46.262000,1.09226,1.09223,3190000,3250000
2019-11-27 13:40:48.497000,1.09223,1.09222,2440000,2700000
2019-11-27 13:40:48.548000,1.09221,1.09219,1000000,2060000
2019-11-27 13:40:48.650000,1.09221,1.09218,4060000,2660000
2019-11-27 13:40:49.610000,1.09221,1.09218,3260000,1250000
2019-11-27 13:40:51.562000,1.0922,1.09218,1000000,2060000
2019-11-27 13:40:51.970000,1.0922,1.09218,2120000,1000000
2019-11-27 13:40:52.072000,1.0922,1.09218,1120000,1500000
2019-11-27 13:40:54.574000,1.0922,1.09217,3620000,4310000
2019-11-27 13:40:56.257000,1.09217,1.09216,1000000,2810000
2019-11-27 13:40:56.308000,1.09215,1.09213,3190000,1250000
2019-11-27 13:40:56.463000,1.09215,1.09213,2810000,1250000
2019-11-27 13:40:57.105000,1.09215,1.09212,2810000,3640000
2019-11-27 13:40:57.427000,1.09215,1.09212,2440000,4140000
2019-11-27 13:40:57.528000,1.09214,1.09212,1000000,3390000
2019-11-27 13:40:58.226000,1.09216,1.09215,1500000,1500000
2019-11-27 13:40:58.277000,1.09219,1.09217,2250000,3250000
2019-11-27 13:40:58.429000,1.0922,1.09217,2440000,4570000
2019-11-27 13:40:58.582000,1.09219,1.09217,1000000,6110000
2019-11-27 13:40:59.157000,1.0922,1.09217,1500000,6090000
2019-11-27 13:40:59.259000,1.09221,1.09219,1690000,1000000
2019-11-27 13:40:59.745000,1.09221,1.09218,1690000,3640000
2019-11-27 13:41:00.200000,1.09221,1.09218,1690000,3760000
2019-11-27 13:41:00.532000,1.09222,1.09221,3190000,1000000
2019-11-27 13:41:00.633000,1.09223,1.09222,1000000,1000000
2019-11-27 13:41:00.936000,1.09223,1.09221,2250000,2450000
2019-11-27 13:41:03.091000,1.09224,1.09222,2440000,1120000
2019-11-27 13:41:03.192000,1.09225,1.09223,1100000,3000000
2019-11-27 13:41:03.294000,1.09225,1.09224,1000000,1310000
2019-11-27 13:41:03.395000,1.09226,1.09224,1250000,1870000
2019-11-27 13:41:03.683000,1.09227,1.09225,3250000,1000000
2019-11-27 13:41:03.885000,1.09227,1.09225,2440000,1000000
2019-11-27 13:41:04.590000,1.09225,1.09223,1250000,2320000
2019-11-27 13:41:04.829000,1.09225,1.09222,3250000,3120000
2019-11-27 13:41:05.797000,1.09225,1.09222,3250000,2250000
2019-11-27 13:41:06.581000,1.09226,1.09224,1760000,1570000
2019-11-27 13:41:06.682000,1.09226,1.09225,1000000,1100000
2019-11-27 13:41:07.099000,1.09228,1.09226,1690000,2890000
2019-11-27 13:41:07.200000,1.09229,1.09227,4000000,1000000
2019-11-27 13:41:07.301000,1.09229,1.09227,1690000,2140000
2019-11-27 13:41:07.646000,1.09229,1.09228,1000000,1000000
2019-11-27 13:41:07.747000,1.0923,1.09228,2250000,1200000
2019-11-27 13:41:07.874000,1.09229,1.09227,3250000,3070000
2019-11-27 13:41:07.976000,1.09228,1.09226,2440000,1810000
2019-11-27 13:41:08.904000,1.09228,1.09226,2440000,1690000
2019-11-27 13:41:09.358000,1.09229,1.09227,2250000,2950000
2019-11-27 13:41:09.460000,1.09229,1.09227,1500000,2950000
2019-11-27 13:41:09.970000,1.09229,1.09227,2500000,1950000
2019-11-27 13:41:10.803000,1.0923,1.09228,1690000,1390000
2019-11-27 13:41:11.207000,1.09229,1.09227,1000000,4700000
2019-11-27 13:41:11.468000,1.0923,1.09228,1690000,1310000
2019-11-27 13:41:12.162000,1.09231,1.09229,1500000,1310000
2019-11-27 13:41:12.869000,1.09231,1.0923,1000000,1000000
2019-11-27 13:41:14.488000,1.09232,1.0923,1500000,2620000
2019-11-27 13:41:15.749000,1.09233,1.0923,2440000,3370000
2019-11-27 13:41:15.902000,1.09232,1.0923,1000000,1870000
2019-11-27 13:41:16.117000,1.09233,1.0923,3190000,2620000
2019-11-27 13:41:17.435000,1.09232,1.0923,3000000,2120000
2019-11-27 13:41:17.622000,1.09232,1.0923,1500000,2440000
2019-11-27 13:41:17.724000,1.09232,1.0923,2250000,3250000
2019-11-27 13:41:19.843000,1.09231,1.0923,1250000,1000000
2019-11-27 13:41:20.140000,1.09232,1.09231,1000000,1250000
2019-11-27 13:41:20.717000,1.09233,1.09231,2060000,1250000
2019-11-27 13:41:21.020000,1.09234,1.09232,2190000,1570000
2019-11-27 13:41:21.139000,1.09234,1.09233,1000000,1120000
2019-11-27 13:41:21.912000,1.09235,1.09232,3190000,4140000
2019-11-27 13:41:22.013000,1.09236,1.09235,3000000,1000000
2019-11-27 13:41:22.137000,1.09237,1.09236,1000000,1250000
2019-11-27 13:41:22.239000,1.09237,1.09236,1000000,2060000
2019-11-27 13:41:25.788000,1.09237,1.09235,2690000,1120000
2019-11-27 13:41:25.890000,1.09236,1.09234,2440000,1500000
2019-11-27 13:41:26.041000,1.09235,1.09234,1000000,1000000
2019-11-27 13:41:26.626000,1.09235,1.09233,1000000,3940000
2019-11-27 13:41:27.683000,1.09234,1.09232,1000000,2640000
2019-11-27 13:41:27.835000,1.09235,1.09232,3940000,2560000
2019-11-27 13:41:27.936000,1.09234,1.09232,1000000,2560000
2019-11-27 13:41:28.189000,1.09234,1.09232,1000000,2440000
2019-11-27 13:41:28.290000,1.09234,1.09231,1750000,2810000
2019-11-27 13:41:29.390000,1.09233,1.09232,1250000,1120000
2019-11-27 13:41:29.441000,1.09235,1.09234,1200000,1000000
2019-11-27 13:41:29.544000,1.09236,1.09234,1000000,1870000
2019-11-27 13:41:29.647000,1.09236,1.09234,1500000,2370000
2019-11-27 13:41:30.478000,1.09236,1.09234,1690000,1870000
2019-11-27 13:41:32.193000,1.09235,1.09233,1000000,3310000
2019-11-27 13:41:32.512000,1.09235,1.09233,1000000,2810000
2019-11-27 13:41:33.475000,1.09235,1.09233,1000000,3310000
2019-11-27 13:41:35.036000,1.09235,1.09233,1750000,2250000
2019-11-27 13:41:35.145000,1.09233,1.09232,1250000,1100000
2019-11-27 13:41:35.247000,1.09233,1.09231,2440000,3190000
2019-11-27 13:41:37.754000,1.09232,1.09231,1250000,1120000
2019-11-27 13:41:40.693000,1.09233,1.09231,3190000,1250000
2019-11-27 13:41:56.765000,1.09233,1.09231,3250000,1870000
2019-11-27 13:41:56.917000,1.09233,1.09231,3190000,2060000
2019-11-27 13:41:57.749000,1.09233,1.09231,3250000,1870000
2019-11-27 13:41:57.869000,1.09233,1.09231,2250000,1870000
2019-11-27 13:42:00.096000,1.09233,1.09231,2500000,1500000
2019-11-27 13:42:02.318000,1.09234,1.09232,2500000,2320000
2019-11-27 13:42:02.470000,1.09235,1.09234,2250000,1250000
2019-11-27 13:42:02.572000,1.09237,1.09235,4160000,1000000
2019-11-27 13:42:02.673000,1.09238,1.09236,2440000,2140000
2019-11-27 13:42:02.793000,1.09239,1.09237,2870000,1500000
2019-11-27 13:42:03.762000,1.09238,1.09236,1250000,3260000
2019-11-27 13:42:13.046000,1.09238,1.09237,1000000,1000000
2019-11-27 13:42:13.750000,1.09239,1.09237,4310000,1000000
2019-11-27 13:42:15.525000,1.09241,1.09239,2700000,3190000
2019-11-27 13:42:15.626000,1.09241,1.09239,2250000,2500000
2019-11-27 13:42:15.677000,1.0924,1.09238,1250000,2250000
2019-11-27 13:42:15.930000,1.09239,1.09238,1250000,1000000
2019-11-27 13:42:17.831000,1.09241,1.0924,1690000,1000000
2019-11-27 13:42:17.932000,1.09242,1.0924,1120000,1250000
2019-11-27 13:42:18.451000,1.09241,1.0924,1000000,1250000
2019-11-27 13:42:18.502000,1.09243,1.09241,4310000,1250000
2019-11-27 13:42:18.603000,1.09243,1.09241,4070000,1000000
2019-11-27 13:42:18.804000,1.09241,1.0924,1000000,1120000
2019-11-27 13:42:20.376000,1.09242,1.09241,2440000,1000000
2019-11-27 13:42:20.478000,1.09241,1.0924,1000000,1100000
2019-11-27 13:42:21.071000,1.09242,1.0924,2810000,1000000
2019-11-27 13:42:21.492000,1.09243,1.09242,1120000,1250000
2019-11-27 13:42:21.645000,1.09241,1.0924,1000000,2060000
2019-11-27 13:42:21.766000,1.09242,1.0924,1500000,1310000
2019-11-27 13:42:22.604000,1.09242,1.09241,1000000,1000000
2019-11-27 13:42:22.714000,1.09242,1.0924,1000000,2060000
2019-11-27 13:42:22.963000,1.09244,1.09242,2850000,1690000
2019-11-27 13:42:23.065000,1.09244,1.09243,1120000,1000000
2019-11-27 13:42:24.330000,1.09245,1.09243,2060000,1000000
2019-11-27 13:42:24.432000,1.09245,1.09244,1690000,1000000
2019-11-27 13:42:25.291000,1.09247,1.09245,2620000,2250000
2019-11-27 13:42:25.393000,1.09249,1.09246,3040000,4960000
2019-11-27 13:42:25.494000,1.09251,1.09248,5140000,3310000
2019-11-27 13:42:25.595000,1.09249,1.09247,2500000,1950000
2019-11-27 13:42:25.747000,1.09246,1.09244,1250000,3660000
2019-11-27 13:42:26.059000,1.09246,1.09244,2810000,1690000
2019-11-27 13:42:26.638000,1.09245,1.09244,1000000,1000000
2019-11-27 13:42:28.136000,1.09245,1.09243,2870000,2400000
2019-11-27 13:42:28.237000,1.09244,1.09243,2810000,1000000
2019-11-27 13:42:28.492000,1.09243,1.09242,1000000,1250000
2019-11-27 13:42:28.594000,1.09244,1.09242,1690000,1890000
2019-11-27 13:42:28.695000,1.09244,1.09242,2060000,1840000
2019-11-27 13:42:30.316000,1.09243,1.09241,3190000,2370000
2019-11-27 13:42:30.367000,1.09242,1.0924,2250000,2890000
2019-11-27 13:42:30.519000,1.09241,1.09239,3940000,2310000
2019-11-27 13:42:30.620000,1.0924,1.09239,1250000,1000000
2019-11-27 13:42:30.823000,1.09242,1.09241,1000000,1250000
2019-11-27 13:42:30.924000,1.09244,1.09242,2810000,1690000
2019-11-27 13:42:31.084000,1.09245,1.09243,1000000,2060000
2019-11-27 13:42:31.186000,1.09245,1.09243,1000000,3310000
2019-11-27 13:42:32.294000,1.09245,1.09243,1000000,3190000
2019-11-27 13:42:32.698000,1.09245,1.09244,1000000,1000000
2019-11-27 13:42:37.160000,1.09245,1.09243,1000000,3190000
2019-11-27 13:42:37.600000,1.09245,1.09244,1000000,1000000
2019-11-27 13:42:37.701000,1.09245,1.09243,1000000,3190000
2019-11-27 13:42:38.019000,1.09245,1.09244,1000000,1000000
2019-11-27 13:42:38.632000,1.09245,1.09243,1000000,3190000
2019-11-27 13:42:40.265000,1.09245,1.09243,4000000,2250000
2019-11-27 13:42:40.988000,1.09244,1.09242,2440000,2140000
2019-11-27 13:42:50.935000,1.09245,1.09243,2060000,1250000
2019-11-27 13:43:00.718000,1.09245,1.09244,1000000,1000000
2019-11-27 13:43:03.802000,1.09246,1.09244,3560000,1000000
2019-11-27 13:43:07.398000,1.09245,1.09243,1750000,1870000
2019-11-27 13:43:08.057000,1.09244,1.09243,2440000,1000000
2019-11-27 13:43:08.191000,1.09242,1.09241,1000000,2440000
2019-11-27 13:43:08.293000,1.0924,1.09239,1000000,1000000
2019-11-27 13:43:08.395000,1.09241,1.0924,2620000,1690000
2019-11-27 13:43:08.648000,1.09242,1.0924,5640000,2510000
2019-11-27 13:43:08.749000,1.09242,1.0924,3560000,3260000
2019-11-27 13:43:09.003000,1.09241,1.0924,1500000,1000000
2019-11-27 13:43:09.085000,1.09241,1.09238,3560000,3260000
2019-11-27 13:43:09.626000,1.0924,1.09238,1000000,3190000
2019-11-27 13:43:10.144000,1.0924,1.09238,2950000,1500000
2019-11-27 13:43:10.296000,1.0924,1.09238,1870000,2440000
2019-11-27 13:43:11.106000,1.09241,1.09239,3120000,1250000
2019-11-27 13:43:11.208000,1.09242,1.09241,1200000,1000000
2019-11-27 13:43:11.349000,1.09243,1.09242,1000000,2440000
2019-11-27 13:43:11.450000,1.09244,1.09242,1500000,2200000
2019-11-27 13:43:11.504000,1.09245,1.09244,1720000,1250000
2019-11-27 13:43:14.402000,1.09245,1.09243,1000000,1310000
2019-11-27 13:43:14.503000,1.09244,1.09242,1250000,2890000
2019-11-27 13:43:15.648000,1.09243,1.09242,1000000,1250000
2019-11-27 13:43:15.750000,1.09242,1.0924,2320000,1250000
2019-11-27 13:43:15.902000,1.09241,1.0924,1000000,1250000
2019-11-27 13:43:16.172000,1.09242,1.09239,2320000,3620000
2019-11-27 13:43:16.223000,1.09247,1.09245,2020000,1000000
2019-11-27 13:43:16.354000,1.09247,1.09245,1690000,1870000
2019-11-27 13:43:18.098000,1.09246,1.09245,1000000,1000000
2019-11-27 13:43:19.623000,1.09246,1.09244,2810000,1500000
2019-11-27 13:43:19.725000,1.09245,1.09244,2440000,1000000
2019-11-27 13:43:22.309000,1.09244,1.09243,2440000,1000000
2019-11-27 13:43:22.410000,1.09244,1.09242,3190000,1310000
2019-11-27 13:43:22.562000,1.09243,1.09241,1000000,3310000
2019-11-27 13:43:22.664000,1.0924,1.09239,1000000,1950000
2019-11-27 13:43:24.952000,1.0924,1.09237,3250000,4060000
2019-11-27 13:43:25.053000,1.09239,1.09237,1250000,2060000
2019-11-27 13:43:26.885000,1.0924,1.09238,1370000,1500000
2019-11-27 13:43:29.288000,1.0924,1.09237,1370000,2060000
2019-11-27 13:43:29.452000,1.0924,1.09237,1250000,2560000
2019-11-27 13:43:31.473000,1.0924,1.09239,1310000,1000000
2019-11-27 13:43:31.653000,1.0924,1.09239,1250000,1000000
2019-11-27 13:43:31.754000,1.09241,1.09239,1690000,1000000
2019-11-27 13:43:34.259000,1.0924,1.09238,2500000,3070000
2019-11-27 13:43:35.454000,1.09241,1.0924,2060000,1000000
2019-11-27 13:43:35.505000,1.09242,1.0924,1570000,2440000
2019-11-27 13:43:35.606000,1.09243,1.09241,1390000,1120000
2019-11-27 13:43:35.707000,1.09243,1.09242,1000000,1000000
2019-11-27 13:43:35.809000,1.09244,1.09242,3560000,1000000
2019-11-27 13:43:36.630000,1.09244,1.09241,2060000,1310000
2019-11-27 13:43:36.731000,1.09245,1.09243,2060000,1870000
2019-11-27 13:43:38.936000,1.09244,1.09243,1250000,1000000
2019-11-27 13:43:39.039000,1.09242,1.0924,2440000,2890000
2019-11-27 13:43:39.140000,1.09241,1.0924,1250000,1000000
2019-11-27 13:43:39.393000,1.09241,1.09239,1250000,2320000
2019-11-27 13:43:39.738000,1.0924,1.09239,1250000,1000000
2019-11-27 13:43:41.554000,1.09241,1.09239,2810000,1690000
2019-11-27 13:43:41.656000,1.09241,1.09239,2870000,1000000
2019-11-27 13:43:42.029000,1.09241,1.09238,2120000,3260000
2019-11-27 13:43:42.130000,1.09241,1.09238,1870000,4010000
2019-11-27 13:43:42.232000,1.09241,1.09239,2620000,1000000
2019-11-27 13:43:42.333000,1.09241,1.09238,3620000,2890000
2019-11-27 13:43:43.107000,1.09241,1.09239,1870000,1000000
2019-11-27 13:43:44.815000,1.0924,1.09238,1250000,4010000
2019-11-27 13:43:45.807000,1.0924,1.09238,2870000,1950000
2019-11-27 13:43:48.958000,1.09239,1.09237,2440000,1570000
2019-11-27 13:43:49.059000,1.09238,1.09237,2440000,1100000
2019-11-27 13:43:49.181000,1.09238,1.09236,3440000,2320000
2019-11-27 13:43:49.441000,1.09234,1.09232,1000000,1390000
2019-11-27 13:43:49.745000,1.09233,1.09231,1870000,4840000
2019-11-27 13:43:49.846000,1.09233,1.09232,1120000,1000000
2019-11-27 13:43:51.095000,1.09233,1.09231,1690000,2510000
2019-11-27 13:43:51.197000,1.09234,1.09231,3370000,3710000
2019-11-27 13:43:52.076000,1.09233,1.09231,1000000,4460000
2019-11-27 13:43:52.745000,1.09233,1.09232,1000000,1000000
2019-11-27 13:43:54.718000,1.09233,1.09231,1000000,5210000
2019-11-27 13:43:57.464000,1.09231,1.0923,1000000,2810000
2019-11-27 13:43:57.566000,1.09231,1.09229,1000000,4010000
2019-11-27 13:43:57.668000,1.09231,1.0923,1000000,1000000
2019-11-27 13:44:01.498000,1.09232,1.0923,1120000,2950000
2019-11-27 13:44:01.993000,1.09231,1.0923,1000000,1010000
2019-11-27 13:44:02.044000,1.09229,1.09227,1000000,5440000
2019-11-27 13:44:02.146000,1.09229,1.09227,1250000,2960000
2019-11-27 13:44:03.126000,1.09229,1.09227,1690000,3460000
2019-11-27 13:44:03.379000,1.0923,1.09228,1000000,5770000
2019-11-27 13:44:03.480000,1.09232,1.0923,1250000,2210000
2019-11-27 13:44:06.662000,1.09231,1.09229,1000000,4760000
2019-11-27 13:44:08.150000,1.09233,1.0923,3560000,2210000
